3706 5962
487 228 680 293 naturantis
697 231 740 294 Ilss
753 233 955 296 casulatus.
1388 228 1395 239 ’
1510 232 1564 297 ull

76 352 157 426 ncipit,
172 368 224 409 nae
238 353 347 421 desinit,
361 354 408 427 qui
421 362 482 411 anta
497 357 589 412 mundi
604 358 709 415 consti·
725 376 749 455 fl
765 360 909 417 viventium
923 359 1110 433 uuusquisque
1125 356 1256 416 beneficio
1277 356 1416 414 charitatis
1439 357 1561 416 omnium

76 439 141 515 tegit
152 455 203 499 nos
214 442 240 496 in
255 442 352 499 dilecto
362 443 430 499 Filio
445 458 495 498 sun
507 447 617 518 (pres.
634 463 653 513 r,
666 448 706 518 ‘ll
769 448 928 506 beatitudini
941 447 1102 505 coexsultat.
1547 488 1550 493 -

76 529 169 603 u'ptum
179 538 230 597 est,
241 531 433 591 Misericordia
445 535 506 604 ejus
523 531 557 589 ab
568 538 676 593 reteroo
686 542 714 593 et
805 541 866 595 lui.
881 535 1068 596 Ocommuuio
1082 535 1233 605 charitatis,
1248 551 1265 593 o
1279 535 1396 593 dulcedo
1422 536 1531 607 amona,
1546 551 1564 594 o

76 622 279 693 toruumsuper
289 621 643 692 timentescumlProt.cu,
657 627 713 696 ll).
767 626 908 694 securitas,
921 641 938 684 ο
952 626 1068 700 requies,
1088 622 1261 682 osabbuturu
1278 624 1435 692 delicatum,
1450 639 1467 680 o
1482 634 1563 680 ater·

80 709 278 780 usestarnpla,
295 719 321 767 et
349 718 469 774 extensa,
498 719 525 765 rt
558 711 656 766 diffusa
685 713 712 767 iu
766 731 807 772 ota
825 713 959 773 felicitatis
973 712 1110 781 introitus,
1126 729 1207 785 quam
1227 711 1415 781 pretiosiorem
1436 710 1562 768 omnibus

76 797 230 852 perolentiae
244 799 365 855 modurn.
376 799 437 869 lpse
450 799 520 855 enirn
539 800 595 855 vult
618 816 712 857 ornnes
763 803 906 871 rbasamis,
921 800 1170 860 desiderabiliorem
1180 801 1308 858 omnibus
1327 799 1438 869 divitiis,
1454 799 1563 874 elegan-

76 884 145 942 tluus
173 884 231 940 tieri
245 902 294 957 per
315 886 424 959 ipsum(
438 887 508 945 Tim.
537 902 568 957 11,
585 891 621 960 l).
642 893 711 945 Pro·
765 895 858 952 liorem
884 893 1012 950 omuibus
1032 892 1124 966 regnis
1148 899 1278 964 operatur
1294 889 1413 947 charitas
1438 889 1473 944 de
1491 905 1562 962 puro

76 974 202 1030 filiosuo
211 990 268 1030 non
285 977 421 1048 pepercit,
435 976 483 1034 sed
490 993 545 1050 pro
562 977 709 1035 uobbom-
762 983 853 1050 corde,
863 981 1153 1052 etbonaoonscientia,
1168 979 1259 1037 etfide
1273 996 1329 1035 non
1345 975 1421 1034 fistal
1447 978 1473 1048 ll
1489 977 1560 1036 lim.

76 1061 154 1121 tdidit
178 1064 286 1132 illum,
316 1063 457 1135 ipsumque
481 1065 561 1120 uobis
591 1065 706 1132 donans,
762 1088 782 1141 r,
799 1073 840 1143 3.)
855 1070 923 1142 Quis
935 1070 1001 1127 mihi
1014 1071 1089 1127 dabit
1102 1071 1153 1127 hoc
1166 1067 1297 1124 muatorio
1309 1065 1406 1137 poculo
1420 1064 1560 1129 inebriari.

76 1152 148 1218 ttolo,
164 1150 243 1207 nobis
265 1152 383 1210 donauit
407 1153 545 1209 corniola
564 1170 595 1211 co
615 1155 705 1224 (nrm.
764 1163 815 1218 boc
827 1161 948 1232 lethargo
962 1158 1057 1232 sopiri,
1081 1169 1112 1216 ut
1124 1165 1227 1215 lotusa
1246 1156 1327 1212 eorde
1344 1169 1405 1211 meo
1421 1161 1556 1220 mortuus,

763 1259 834 1306 totus
846 1265 863 1305 a
875 1264 920 1304 me
933 1247 1078 1305 uenustus
1091 1247 1119 1302 in
1130 1261 1250 1302 amorem
1260 1244 1309 1301 Del
1329 1250 1357 1300 et
1371 1243 1499 1316 proximi,
1517 1242 1562 1297 in·

87 1326 167 1385 etlam
184 1329 241 1399 pari
255 1329 443 1386 uicissitudine
457 1329 576 1388 charitas
590 1330 710 1388 hominis
763 1345 805 1395 ter
818 1339 867 1393 has
888 1337 956 1393 durs
974 1345 1071 1402 sortes,
1098 1336 1124 1391 in
1140 1350 1205 1405 pace
1233 1334 1259 1390 in
1287 1332 1405 1405 idipsum
1427 1331 1561 1388 dormiam

76 1416 188 1473 illaillali
202 1418 333 1474 conformi
349 1419 483 1475 divisione
503 1428 621 1491 coaptat.
648 1420 711 1476 Alia
763 1420 1566 1498 etrequiescammpml,1v‚9,lQuigmmpctaeilljpom.

76 1513 188 1562 sternant
207 1505 325 1562 coelcstie
340 1508 552 1580 contemplatur.
569 1505 711 1563 Profunda
765 1515 889 1571 munioni
902 1512 1048 1582 adscribet,
1063 1513 1110 1570 ubi
1123 1509 1458 1583 jucunditastlngelurum
1473 1517 1562 1564 traus-

76 1593 208 1650 >nomine
220 1595 419 1665 propnruenm
433 1596 524 1651 vilitas
542 1602 569 1651 et
587 1595 707 1665 abiectio
765 1602 1039 1669 anticuissima,
1050 1596 1563 1661 ersbomntbnsretnndernrtnusum,

80 1682 173 1754 [οΠΒῆ
196 1691 247 1748 ⁰⁹²»
263 1682 325 1738 dum
341 1682 456 1739 finam&
479 1692 644 1756 liemlffl'll·
661 1684 707 1740 Fi·
726 1667 868 1764 fieritque
881 1692 952 1747 Deus
965 1690 1056 1745 omnia
1078 1688 1105 1743 iu
1119 1688 1247 1744 omuibus
1265 1687 1290 1755 (l
1306 1688 1370 1744 Cor.
1394 1702 1442 1751 xv,
1461 1685 1516 1756 28).
1532 1688 1563 1739 ut

76 1777 85 1826 l
104 1786 167 1842 spes
182 1778 262 1842 afflue
283 1771 405 1836 witulfi.
427 1779 454 1828 el
468 1780 566 1829 tueleta
588 1787 706 1828 evaeus·
760 1781 796 1836 sit
810 1780 870 1850 ipse
884 1777 1016 1835 uniuersis
1029 1776 1208 1850 diligentibus
1220 1790 1280 1830 euru
1296 1790 1382 1840 amor,
1408 1774 1473 1839 rita,
1498 1790 1559 1843 pax,

76 1860 167 1915 raritas
192 1868 280 1915 autern
301 1876 438 1932 uunquam
466 1861 572 1918 excidet
598 1861 706 1933 (10ον.
759 1865 843 1926 sm
855 1865 994 1939 gaudium,
1009 1864 1097 1938 quies,
1112 1863 1228 1929 claritas,
1245 1863 1386 1928 securitas,
1413 1861 1559 1933 otjubila-

76 1951 112 2002 tta
131 1957 182 2015 est,
198 1949 259 2020 quia
274 1948 333 2003 laeta
348 1957 399 2016 est,
414 1951 523 2022 quaudo
547 1950 575 2005 in
588 1949 706 2006 delecta-
763 1957 811 2025 tio,
830 1954 938 2012 udatus
961 1955 1082 2009 omniurn
1107 1951 1313 2020 desideriorum,
1330 1960 1430 2007 aeterna
1445 1959 1472 2006 et
1496 1965 1562 2007 cort·

76 2034 180 2111 liacor
206 2037 321 2092 bominis
344 2038 480 2094 dilatatur.
495 2037 558 2094 Lata
572 2045 630 2105 est,
645 2053 705 2093 cum
762 2049 897 2100 summale
909 2041 1004 2112 glorias
1018 2040 1164 2095 beatitudo.
1183 2037 1280 2094 Amen.

78 2137 176 2179 senon
190 2122 276 2177 solum
291 2123 421 2178 adbeum
434 2134 464 2179 et
479 2125 646 2196 proximum
659 2124 707 2180 sed
1029 2126 1141 2184 CAPUT
1163 2125 1294 2182 xxxiv.

76 2224 113 2265 ΤΘ
128 2209 172 2280 Ρῑθ
195 2211 363 2280 θῐΰΡῙθῢῑῑῑῦῑ
390 2211 539 2268 inimicum·
567 2212 631 2268 1:22⁸
653 2220 707 2277 ⁰⁸1,
781 2221 890 2278 Animo
908 2219 997 2274 Deum
1018 2215 1144 2271 omentis
1167 2218 1197 2269 et
1220 2211 1383 2270 subeuntis
1406 2214 1544 2271 continuo

76 2296 159 2352 iatum
176 2298 259 2352 latum
276 2306 326 2365 est,
342 2299 450 2356 dicente
464 2300 599 2372 propheta
616 2317 622 2356 :
641 2301 708 2356 om-
1092 2300 1232 2375 suspirio.

76 2385 309 2443 amaricabitur
324 2388 421 2459 finem,
435 2390 528 2446 latum
539 2388 709 2447 mundatum
801 2398 861 2452 103,
877 2396 906 2450 ln
928 2405 1047 2466 perrona
1061 2387 1201 2461 diligentis
1215 2397 1241 2444 et
1255 2387 1417 2460 suspirantis
1441 2395 1468 2444 et
1486 2387 1563 2444 desi-

76 2475 201 2547 iilPtfll·
211 2491 308 2543 ΜΠ,
321 2480 377 2548 96).
387 2476 410 2534 Ο
420 2478 474 2533 lota
488 2486 513 2534 et
522 2478 639 2533 dilutms
651 2478 710 2533 clm·
762 2481 881 2541 derantis
894 2479 992 2536 animm
1007 2478 1068 2533 dicit
1080 2475 1212 2532 ieremias
1227 2475 1405 2532 :Diuisioncs
1420 2491 1561 2549 nouorum

76 2579 86 2616 ι
103 2579 201 2637 magua
215 2573 254 2619 cst
269 2567 367 2620 domus
387 2572 441 2631 tua,
466 2566 603 2639 elingens
630 2565 707 2621 locus
764 2571 882 2630 muris
897 2569 1080 2627 oculurmeur
1098 2562 1213 2636 (fieren.
1238 2577 1281 2635 tu,
1292 2565 1347 2633 tu).
1361 2564 1422 2621 Duo
1439 2571 1501 2619 sunt
1513 2579 1563 2636 ga-

76 2653 169 2706 210ae!
183 2652 314 2722 (Bamb-
326 2655 518 2724 'usti-hujus
539 2653 709 2710 lllillldissssm
765 2658 1052 2733 neracompuuctiunis
1066 2655 1252 2729 principaliter
1269 2654 1351 2729 ;quia
1366 2654 1457 2710 Deum
1470 2654 1564 2711 sitiens

77 2738 158 2803 inens,
175 2740 384 2796 claritudinem
403 2751 429 2796 el
446 2741 610 2812 protundum
633 2757 710 2798 cnn-
764 2750 855 2809 anime
879 2748 953 2821 prins
976 2749 1073 2802 tinore
1099 2743 1306 2815 compungitur,
1335 2750 1432 2813 poster
1456 2758 1562 2800 rmore.

76 2829 193 2896 tenneli,
213 2836 279 2885 utet
293 2845 342 2885 nos
356 2831 384 2886 in
398 2833 493 2889 eadem
504 2848 608 2903 sagena
626 2832 713 2888 chari·
769 2844 845 2897 Prius
858 2838 929 2896 enim
945 2852 976 2893 se
1000 2837 1028 2893 in
1044 2833 1170 2907 lacrymis
1193 2831 1285 2889 aflicit.
1306 2830 1376 2901 Quia
1389 2832 1452 2888 dum
1468 2833 1562 2887 multi-

76 2932 130 2972 mus
155 2917 253 2989 pariter
267 2919 470 2989 comprehendi.
492 2920 592 2976 Dilatat
617 2919 710 2991 itaque
765 2928 883 2984 tudinem
911 2924 1168 2980 ma!orumsuorum
1183 2919 1297 2994 cogitat,
1318 2935 1366 2989 pro
1389 2918 1434 2976 his
1458 2920 1561 2991 perpeti

89 3005 190 3061 mactis
214 3007 354 3063 tentorium
371 3024 463 3073 suum,
477 3017 507 3063 ut
534 3008 557 3062 si
573 3008 659 3064 Deum
682 3019 709 3065 et
764 3024 865 3072 reterns
879 3011 1012 3086 supplicia
1028 3009 1203 3084 pertimescit.
1219 3008 1285 3063 Cum
1301 3023 1368 3066 raro
1384 3008 1467 3082 longo
1483 3006 1564 3064 fuerit

79 3092 261 3164 dilexerimus,
279 3096 441 3167 recipiamur
461 3098 487 3151 iu
508 3097 644 3154 communi
660 3113 710 3152 ex·
765 3118 882 3160 moeroro
898 3101 1001 3158 doloris
1027 3106 1197 3168 consumpta,
1221 3097 1343 3169 quadam
1370 3097 1427 3166 jam
1443 3097 1477 3151 de
1492 3111 1563 3165 pm.

79 3190 241 3240 muctomrn.
764 3189 917 3261 sumptione
930 3186 1015 3244 venite
1030 3185 1162 3242 securitas
1178 3186 1307 3254 nubitur,
1322 3191 1349 3239 et
1364 3184 1391 3238 in
1401 3197 1497 3239 amore
1507 3198 1563 3238 coe-

76 3270 159 3329 ocirca
175 3288 228 3329 noo
242 3280 417 3344 angustemur
439 3273 467 3329 in
485 3273 635 3330 visceribus
661 3288 710 3330 no·
764 3279 870 3336 lestium
898 3275 1060 3348 gaudiorum
1090 3274 1199 3329 animus
1216 3272 1424 3328 inflammatur:
1451 3279 1479 3326 et
1502 3285 1563 3342 quse

76 3366 235 3416 coarctemur
260 3361 327 3416 iutra
351 3361 449 3418 limites
466 3363 709 3434 quantulaecunque
763 3367 839 3437 prins
857 3365 948 3429 tiebat,
978 3377 1011 3417 ne
1038 3360 1184 3417 duceretur
1207 3359 1239 3414 ud
1268 3357 1443 3430 supplicium,
1469 3366 1564 3428 postea

76 3459 125 3505 trae
140 3466 147 3506 2
163 3450 305 3504 credemus
320 3450 345 3502 in
361 3449 491 3519 Spiritum
507 3460 709 3514 sanctumsau·
763 3453 935 3509 amarissime
948 3450 1005 3515 flet,
1018 3447 1083 3520 quia
1102 3447 1245 3503 irroolatnm
1259 3461 1339 3502 suum
1354 3445 1381 3500 in
1396 3445 1447 3500 bac
1457 3445 1511 3499 vita
1526 3444 1564 3499 ri·

77 3537 153 3594 licam
178 3537 336 3606 Ecclesiam,
359 3546 512 3592 sanctorum
541 3537 707 3593 communio·
762 3541 808 3596 det
822 3538 1019 3611 prolongatum.
1044 3535 1139 3591 Nonne
1165 3534 1223 3589 haec
1237 3542 1277 3588 est
1302 3531 1415 3587 mutatio
1441 3530 1564 3597 dexterae

76 3626 222 3698 perfectum
238 3636 358 3682 nostrum
372 3625 479 3680 rideant
489 3626 560 3683 oculi
571 3626 608 3681 tui
619 3627 708 3695 terat.
763 3626 889 3685 Excelsi?
904 3625 994 3695 (Paul.
1019 3637 1116 3688 anxur,
1139 3621 1196 3693 tt.)
1211 3621 1244 3677 Et
1258 3629 1328 3678 carte
1340 3635 1393 3676 uon
1408 3627 1449 3675 est
1464 3618 1562 3675 mirum

80 3718 118 3785 n).
131 3717 206 3778 lesu.
222 3724 249 3771 et
264 3717 290 3771 in
303 3715 471 3789 beneplacito
486 3723 542 3786 tuo,
554 3723 708 3771 sanctorum
763 3717 786 3772 si
806 3716 851 3772 flet
862 3723 889 3772 et
899 3712 975 3771 dolet
1000 3725 1103 3768 suessa
1116 3710 1143 3765 in
1163 3710 1215 3768 hoe
1230 3708 1334 3776 exsilio,
1351 3723 1412 3763 curn
1439 3713 1563 3764 conmm-

76 3819 113 3875 re,
143 3815 235 3860 nostra
265 3804 445 3862 insufficentia
481 3805 646 3876 suppleatur.
680 3802 709 3858 Si
763 3806 852 3878 piatur
865 3800 912 3876 qui
927 3811 955 3858 et
968 3801 1063 3874 quales
1078 3799 1132 3856 sint
1154 3798 1322 3871 Angelorum
1335 3797 1411 3854 chod
1435 3796 1563 3869 pulchar·

76 3893 141 3949 nctis
154 3894 329 3950 dilexerimus
343 3896 439 3963 Deum,
458 3903 484 3951 rt
502 3894 555 3965 ipsi
574 3909 625 3966 pro
641 3909 708 3949 sno·
763 3895 834 3966 rimi,
850 3908 912 3964 quae
929 3891 976 3948 illa
989 3891 1106 3946 societas
1125 3887 1259 3946 bonorum
1278 3887 1432 3958 spirituum,
1447 3900 1509 3960 quse
1520 3886 1565 3954 ju·

76 3983 116 4036 tia
130 3983 285 4039 meritorum
301 3984 379 4039 nobis
394 3982 632 4039 communicabunt
642 3982 709 4039 bea·
762 3982 886 4040 cundilas
908 3987 1017 4036 aeternae
1035 3976 1151 4033 visionis
1176 3976 1227 4032 Dei
1243 3994 1249 4031 :
1266 3981 1294 4033 el
1309 3983 1412 4047 septem
1435 3975 1488 4031 alia
1503 3986 1564 4044 qnae

76 4067 146 4135 apud
161 4067 257 4124 Deum.
273 4071 324 4126 Ubi
339 4071 411 4127 enim
438 4071 466 4126 iu
480 4072 570 4127 madio
588 4070 708 4147 diligen·
763 4071 829 4128 illud
846 4071 925 4128 dulos
942 4068 1094 4129 conuiuium
1110 4066 1263 4138 perficiunt,
1278 4066 1429 4123 elbertum
1445 4062 1562 4125 faciunt;

76 4152 100 4208 it
112 4152 185 4208 Deus
200 4156 290 4211 omnia
304 4160 330 4211 in
346 4159 481 4227 omuibus,
492 4175 606 4216 necesse
620 4167 662 4215 est
679 4167 708 4216 ut
763 4178 824 4235 quse
839 4168 902 4218 sunt
914 4157 968 4215 loci
981 4156 1134 4223 amoenitas,
1154 4155 1340 4210 ministrorum
1357 4152 1486 4224 dignitas,
1503 4152 1565 4223 pul·

76 4258 197 4298 mmunes
211 4244 373 4316 gaudiorum
388 4248 540 4303 communio
554 4248 707 4304 comitetur.
726 4233 888 4310 {lebritudo
911 4245 1154 4311 discumbentium,
1180 4243 1362 4315 multiplicitas
1390 4242 1562 4306 ferculorum,

76 4350 80 4384 ι
107 4331 197 4402 itaque
216 4332 340 4403 proximi,
357 4335 402 4389 sed
420 4341 475 4388 tota
490 4335 589 4392 Christi
616 4337 706 4392 beati-
763 4339 934 4396 conuiuarum
961 4334 1094 4390 securitas
1113 4371 1121 4397 ‚
1135 4331 1213 4400 jubili
1253 4329 1413 4392 assiduitas.
1449 4327 1564 4384 convivii

76 4420 202 4477 munione
230 4421 329 4478 amoris
357 4429 384 4478 et
413 4423 599 4492 exsulationis,
628 4430 709 4496 atque
763 4426 912 4483 aeternitas.
931 4421 992 4477 fstis
1014 4418 1203 4482 consideratis,
1230 4417 1350 4488 amplius
1368 4416 1415 4471 tlet
1439 4424 1466 4471 et
1489 4416 1565 4472 dolet

75 4509 209 4580 cipatione
224 4512 327 4585 gaudii,
350 4519 442 4568 nostra
456 4510 517 4567 erit.
539 4511 617 4581 Quod
644 4528 710 4586 ergo
763 4523 844 4588 atque
859 4509 971 4585 plangit,
984 4507 1056 4580 quod
1072 4522 1087 4562 e
1101 4505 1183 4560 tantis
1198 4505 1275 4560 bonis
1288 4505 1375 4569 deest,
1391 4519 1472 4574 quam
1490 4503 1565 4577 pius

76 4597 194 4655 titudinis
207 4600 234 4656 in
249 4616 292 4655 me
308 4599 450 4658 habiturus
465 4617 537 4665 sum,
550 4602 583 4657 de
597 4601 710 4657 bertitu·
765 4602 841 4658 fleret
865 4614 926 4655 cum
941 4604 1042 4652 telerna
1067 4600 1199 4650 tormenta
1220 4600 1365 4658 metueret;
1386 4589 1478 4663 sieque
1493 4592 1566 4648 litut

76 4687 235 4761 tsupplebc.
255 4689 357 4744 Bonum
373 4689 443 4746 enim
462 4690 537 4763 quod
554 4691 578 4746 in
591 4691 649 4746 Deo
665 4690 709 4746 vel
765 4688 880 4760 perfecta
903 4683 1076 4754 compunctio
1090 4681 1254 4752 formidinis,
1271 4683 1355 4737 trahat
1379 4682 1413 4736 ad
1433 4696 1565 4751 compun-

76 4790 93 4832 o
116 4775 237 4849 diligam,
261 4776 400 4848 diligendo
428 4777 525 4834 faciam
555 4793 663 4843 menum
680 4787 710 4835 ut
763 4780 879 4837 ctionem
893 4773 1047 4833 dilectionis
1063 4794 1069 4831 :
1088 4785 1143 4844 quo
1156 4787 1217 4828 curu
1231 4781 1391 4842 perventum
1405 4769 1494 4837 fuerit,
1510 4787 1564 4843 po·

78 4864 150 4921 audii
165 4867 244 4921 alieni
254 4882 346 4921 mcum
361 4868 487 4939 supplent
501 4867 646 4923 delectum.
659 4867 709 4923 Vis
763 4876 814 4925 test
830 4867 947 4923 curuare
965 4878 997 4921 cx
1017 4860 1129 4919 ardenti.
1143 4859 1297 4927 desiderio,
1324 4870 1351 4915 et
1376 4859 1475 4926 dicere,
1501 4859 1563 4926 Fac,

76 4953 222 5021 lexeruplo
238 4956 274 5008 rei
291 4955 485 5024 injusticiam
501 4955 609 5013 fidem?
629 4955 709 5013 Videt
764 4955 885 5018 Domine,
901 4966 1000 5024 sponse
1021 4949 1059 5006 mi
1081 4950 1145 5008 lesu
1170 4948 1286 5013 Christe,
1316 4963 1359 5005 me
1381 4955 1488 5020 ausura
1518 4962 1566 5016 per

76 5058 97 5094 m
114 5057 204 5108 suum,
220 5058 297 5112 quern
311 5059 393 5112 super
407 5042 497 5101 omnia
511 5043 610 5116 diligit,
623 5045 709 5117 regali
763 5058 901 5114 amorem,
925 5038 999 5115 quud
1022 5047 1103 5112 gustu
1127 5037 1324 5111 aliquantulum
1353 5051 1402 5107 per
1428 5033 1564 5105 cognitio·

76 5143 99 5184 ιι
120 5129 271 5186 diademate
294 5131 430 5203 imperiali
452 5139 613 5205 sceptroque
627 5143 655 5191 et
668 5135 709 5192 in·
764 5149 836 5190 nrm.
859 5131 941 5189 Fama
968 5129 1068 5185 amoris
1083 5127 1122 5184 tui
1137 5127 1249 5201 languet
1263 5125 1359 5180 misera
1382 5123 1471 5176 anima
1486 5137 1563 5192 mea,

77 5216 175 5274 talibus
197 5218 371 5289 insignitum
388 5228 489 5291 quauta
503 5228 541 5275 est
556 5223 650 5279 matris
672 5224 710 5279 di·
763 5220 883 5279 refocilla
896 5234 966 5286 earn,
982 5217 1060 5282 lesu,
1085 5221 1113 5270 et
1136 5223 1215 5269 sanet
1234 5227 1295 5268 eam
1309 5209 1421 5267 dilectio
1437 5215 1494 5281 lua,
1510 5209 1564 5264 im-

76 5314 149 5362 aest
173 5305 318 5363 exsultatio
340 5309 409 5378 ejus,
430 5315 458 5361 et
471 5305 520 5362 lilii
535 5308 663 5366 bonorem
683 5320 710 5368 et
763 5310 876 5383 pinguet
889 5319 948 5364 eam
971 5303 1088 5361 affectus
1103 5307 1175 5365 tuus,
1200 5299 1311 5372 impleat
1338 5313 1397 5354 eam
1412 5305 1476 5356 tuus
1489 5312 1565 5356 amor

89 5404 170 5467 atque
199 5396 344 5468 populares
364 5394 520 5466 applausus,
531 5396 707 5469 omniumque
760 5398 914 5468 mellifluus,
929 5402 956 5452 et
979 5388 1095 5448 inebriet
1119 5386 1272 5445 aemilia?
1288 5401 1330 5442 um
1349 5386 1446 5444 anima
1467 5394 1494 5442 te
1508 5403 1563 5446 uon

76 5482 174 5541 tionem
184 5484 234 5540 sibi
246 5493 329 5541 mater
339 5484 499 5557 appropriat
519 5502 526 5540 ε
542 5484 582 5542 sic
597 5485 624 5542 in
635 5493 707 5545 terra
764 5484 894 5559 querenti
908 5490 935 5540 et
946 5490 974 5538 ta
988 5494 1041 5536 non
1051 5476 1165 5535 amantil
1182 5474 1298 5542 radlia
1319 5473 1442 5545 Domina,
1459 5475 1506 5551 qui
1518 5475 1560 5547 di·
