3706 5962
59 212 106 272 ῃ,
681 207 711 265 ut
733 207 868 268 caurien
886 208 992 268 suasu
1011 210 1104 271 ιιιιιι.
1661 218 1715 282 aas

58 334 225 404 columbam,
256 331 456 388 immaculatam
480 331 580 387 audivit
609 331 708 387 vocari.
733 332 901 426 contem-fl
920 351 1010 405 nune;
1027 336 1076 393 sed
1105 335 1180 408 aperi
1209 335 1285 407 mihi,
1301 343 1330 392 ut
1358 337 1473 408 amplius
1496 340 1607 400 intrem.
1630 344 1715 418 Aperi

58 425 130 497 plara
145 424 173 479 si
187 423 249 478 baec
263 421 292 476 in
312 429 339 477 te
353 421 425 476 sint:
443 421 508 477 etsi
523 420 861 494 sint,verereneperdas;
918 425 994 482 mihi.
1014 425 1074 480 lam
1100 424 1177 497 quasi
1201 439 1288 481 novus
1310 425 1420 493 accedo,
1445 434 1472 483 ct
1496 431 1599 486 recenti
1617 446 1715 490 rorans

58 514 76 569 si
88 527 150 569 non
166 516 245 580 snut,
261 509 349 582 magis
362 524 460 566 verere
478 524 514 564 ue
532 524 587 565 non
606 508 732 581 accipias.
748 510 863 566 attende
917 512 1028 569 allecta.
1044 512 1079 568 Ut
1092 528 1138 568 ros
1153 512 1201 568 tibi
1224 511 1290 569 lluet
1310 512 1448 585 eloquium
1462 532 1562 586 meum,
1578 534 1639 576 cum
1652 520 1714 577 dei·

57 608 114 675 post
130 607 204 673 qnot
220 606 249 656 et
268 598 445 655 invitationes
463 605 491 654 et
504 597 755 655 commendationes
773 600 811 655 sic
825 598 863 654 di·
917 602 978 656 tatis
992 618 1060 659 meae
1083 602 1131 657 tibi
1152 601 1287 658 instillabo
1306 619 1415 659 arcana.
1434 604 1521 677 Caput
1542 622 1632 664 meum
1652 625 1714 667 rore

56 692 107 748 eit:
127 691 261 749 surrexi
272 691 306 745 ul
317 689 459 762 operirem
471 687 571 746 dilecto
580 703 650 745 meo.
662 689 697 742 Et
706 687 754 744 tibi
763 704 863 744 vanum
917 692 1045 758 abundat,
1061 698 1088 747 et
1104 692 1296 762 contemplatio
1316 692 1416 749 divinas
1429 693 1456 749 iu
1471 711 1515 749 me
1530 703 1634 753 naturae
1648 697 1715 754 sub·

56 781 85 836 sit
102 795 229 854 surgere
241 787 389 849 antequam
403 776 518 846 voceris,
532 777 579 849 qui
593 775 780 834 delectationis
793 777 863 832 illius
918 778 978 834 tiles
993 787 1020 834 et
1035 776 1166 835 fecundos
1181 780 1298 851 parturit
1315 794 1422 837 sensus.
1445 781 1515 850 Quid
1530 782 1603 840 circa
1617 785 1715 841 buma-

56 876 162 923 sanctae
183 881 285 938 panem
309 864 466 932 manducas,
492 872 521 920 et
538 864 608 919 bibis
631 864 733 931 vinum,
753 864 788 921 de
807 878 862 938 quo
916 867 1009 923 nitatis
1023 868 1151 940 mysteria
1169 868 1259 925 solum
1278 869 1415 925 moraris?
1439 870 1504 943 quid
1525 871 1629 928 tamdiu
1642 873 1717 932 solos

56 973 138 1028 supra
150 955 271 1012 dicitnr:
288 954 532 1025 comoditacmici
542 953 862 1022 mei,elbillle;etinc-
916 955 950 1011 ad
975 957 1060 1028 pedes
1084 956 1209 1015 resides?
1229 959 1329 1033 Surge,
1359 959 1477 1016 ascende
1505 961 1539 1017 ad
1568 971 1659 1033 caput,
1679 962 1717 1018 illi
1822 953 1824 957 ’

56 1047 208 1112 lamini,
235 1043 409 1102 clarissimi.
430 1041 547 1110 Vanum,
573 1043 629 1099 imo
653 1043 802 1100 verendum
829 1043 864 1099 sit
917 1046 1002 1116 aperi.
1018 1046 1099 1117 Aperi
1113 1045 1179 1103 mibi
1194 1047 1221 1102 in
1236 1046 1297 1112 boc,
1310 1050 1375 1120 quic
1389 1053 1477 1120 ceput
1490 1065 1586 1106 mom
1597 1053 1717 1122 plenum
1816 1056 1818 1060 '

57 1135 115 1201 tibi,
142 1133 198 1189 nisi
223 1149 285 1189 cum
307 1131 420 1189 invitale
448 1131 496 1198 sis,
518 1147 644 1205 surgere,
668 1148 729 1189 cum
762 1131 864 1189 dormis
918 1138 961 1189 est
983 1149 1057 1190 rore.
1083 1135 1239 1191 Humanitas
1267 1135 1383 1207 gratiam
1411 1145 1561 1208 comparat,
1591 1137 1718 1196 diviuitas

57 1238 185 1279 murnum
209 1221 329 1291 dulcem,
345 1221 433 1277 donec
455 1220 504 1276 tibi
533 1220 605 1276 dicat
626 1220 763 1278 dilectus:
780 1221 865 1294 Aperi
918 1222 1023 1279 confert
1039 1238 1045 1278 :
1064 1223 1217 1280 humanitas
1237 1222 1305 1279 ludit
1319 1240 1456 1292 cruorem,
1472 1225 1601 1284 divinitas
1621 1225 1718 1284 iniun-

59 1313 141 1370 milti.
160 1312 225 1367 Non
240 1309 404 1375 ambitionis,
419 1325 474 1366 non
488 1309 619 1377 avaritiae,
635 1308 865 1382 noninquietudi-
919 1311 958 1366 dit
981 1327 1113 1369 amorem.
1133 1312 1221 1384 Caput
1244 1328 1336 1369 meum
1355 1313 1467 1386 plenum
1493 1322 1545 1374 est.
1570 1319 1661 1388 ipsum
1676 1323 1718 1373 est

59 1401 106 1467 nis,
124 1416 185 1457 non
201 1399 331 1456 elationis
348 1414 401 1455 vox
415 1407 523 1455 moveat
539 1399 669 1466 animum,
686 1415 740 1457 non
760 1397 865 1455 demnl-
924 1399 1005 1456 ur
1036 1416 1080 1457 ros
1099 1401 1168 1473 ipse.
1193 1401 1315 1459 lllabitur
1336 1403 1443 1471 animae,
1466 1414 1494 1461 ct
1509 1405 1568 1477 ejus
1581 1405 1718 1475 ,medullas

57 1498 116 1547 seat
131 1488 330 1545 blandimento
346 1485 445 1544 fallaci.
463 1488 527 1543 istae
540 1486 865 1559 tibiignotaesintvoces,
919 1487 1022 1560 irrigat.
1051 1489 1144 1561 Usque
1164 1490 1327 1563 ad‘aliquid
1351 1491 1491 1564 ingressus
1519 1509 1578 1548 sum
1609 1508 1616 1548 :
1640 1492 1716 1564 aperi

57 1594 109 1634 non
125 1577 180 1634 tibi
194 1577 254 1634 istae
268 1592 338 1649 opus
354 1576 455 1632 bonum
474 1575 620 1643 suadeant;
641 1576 691 1632 sed
712 1582 817 1633 tantum
831 1575 866 1630 ad
920 1576 995 1643 mibi,
1024 1585 1053 1634 ut
1075 1578 1230 1650 pertingam
1247 1580 1282 1634 ad
1305 1578 1407 1648 intima,
1432 1587 1461 1637 ut
1476 1580 1625 1637 divinitatis
1647 1596 1716 1638 meae

56 1666 153 1724 dilecti
167 1667 207 1723 tui
221 1682 320 1724 vocem
333 1681 456 1740 assurge,
467 1665 514 1736 qui
528 1664 594 1722 vivit
609 1673 637 1722 et
651 1674 758 1740 regnat,
775 1672 829 1722 etc.
883 1667 905 1743 Β
921 1665 1005 1721 dulcis
1030 1666 1127 1722 notitia
1145 1667 1248 1734 iolluat,
1273 1673 1302 1723 et
1320 1665 1424 1725 inliciat
1439 1675 1527 1725 totum
1542 1669 1615 1741 qnod
1633 1676 1677 1725 est
1688 1667 1717 1723 in

350 1770 469 1829 ggfflqo
483 1771 579 1829 xpm,
921 1753 1097 1810 interioribus
1118 1755 1180 1813 tuis.
1211 1755 1296 1826 Aperi
1321 1756 1397 1827 mihi,
1425 1764 1455 1812 ut
1483 1756 1632 1813 divinitatis
1649 1771 1718 1813 meaa

920 1843 1028 1899 subtilis
1052 1859 1098 1901 ros
1121 1843 1211 1900 cordis
1231 1844 1283 1900 tuis
1298 1845 1543 1914 terraminlundat,
1560 1853 1588 1901 et
1601 1844 1720 1901 inebriet

57 1883 143 1954 ipen·
157 1881 243 1948 mili,
252 1895 330 1936 soror
338 1895 412 1945 mec,
421 1887 474 1935 etc.
488 1880 580 1953 Capul
589 1895 684 1937 meum
696 1879 815 1953 plenam
825 1885 867 1934 cst

90 1967 172 2008 rore.
189 1952 268 2007 licui
280 1966 325 2006 rue
337 1954 445 2017 tauma,
479 1951 598 2010 conredo
613 1951 782 2007 induerillc
792 1948 866 2007 ietc.

94 1966 867 2095 Hanamsaommisitperjorcmcmetc.(Cacl.v,2,l.)

89 2116 118 2168 l.
135 2111 289 2182 Superiora
299 2125 426 2167 serinoue
440 2111 512 2167 hunc
526 2112 616 2167 locum
631 2111 666 2165 ita
681 2109 866 2179 duscissimus,

56 2200 257 2256 ntdiceremus
267 2198 474 2270 lesumsponsae
483 2214 539 2254 sua
552 2197 710 2270 implorasse
720 2196 867 2253 solatiaad·

56 2303 155 2345 versus
168 2287 311 2344 molestias
325 2302 419 2344 corum
429 2287 475 2359 qui
491 2286 554 2343 fidei
566 2293 667 2343 nostrae
682 2286 866 2343 sinceritatem

57 2378 186 2434 bumana
200 2384 230 2433 ει
243 2375 356 2448 perfida
370 2377 500 2432 doctrinae
507 2376 660 2447 corruptela
675 2381 783 2435 tenant
802 2372 866 2430 infi-

56 2481 133 2534 cere,
155 2474 184 2522 et
208 2464 347 2522 subtilium
374 2465 583 2538 persuasionum
604 2464 781 2520 immadidare
804 2478 865 2520 rore

920 1948 991 1988 earn.
1008 1933 1044 1989 Et
1060 1947 1156 1990 revera
1171 1933 1209 1988 sic
1222 1941 1274 1999 est,
1293 1933 1402 1991 iratres.
1424 1934 1477 1990 Ubi
1490 1933 1518 1989 in
1532 1934 1645 1991 materia
1662 1949 1719 1988 ma-

920 2021 966 2090 jor
979 2029 1021 2077 est
1042 2021 1138 2096 gloria,
1156 2021 1193 2076 ibi
1212 2021 1240 2076 in
1263 2022 1442 2080 meditatione
1464 2025 1553 2095 major
1567 2031 1608 2080 est
1621 2023 1718 2096 gratia.

920 2106 998 2177 Quod
1023 2109 1084 2181 plus
1098 2110 1181 2167 habet
1199 2110 1379 2181 excellentiae,
1395 2112 1456 2184 plus
1470 2112 1520 2167 sibi
1534 2110 1619 2183 exigit
1636 2128 1718 2169 reve-

921 2198 1027 2266 rentiae,
1051 2199 1113 2272 plus
1136 2199 1255 2256 reiuudit
1269 2209 1297 2257 et
1310 2200 1415 2276 gratiae.
1432 2200 1511 2270 Quod
1524 2199 1643 2272 quodam
1666 2215 1718 2255 na-

921 2296 989 2343 turae
1003 2304 1061 2344 suae
1080 2289 1178 2345 merito
1200 2297 1348 2363 praerogat,
1365 2290 1503 2361 perceptio
1522 2290 1582 2361 ejus
1599 2287 1720 2346 oblecta·

921 2377 1001 2432 tionis
1016 2377 1075 2448 plus
1097 2387 1204 2451 erogat.
1232 2378 1294 2436 Plus
1308 2379 1435 2437 omnihus
1456 2380 1554 2452 placet,
1570 2378 1644 2452 quod
1656 2395 1719 2436 om·

920 2467 1000 2522 nibus
1015 2474 1137 2538 praestat.
1157 2468 1295 2538 Singulari
1314 2467 1435 2525 materiae
1448 2468 1591 2539 peculiaris
1603 2468 1720 2525 debatur

56 2562 206 2625 nocturno,
224 2570 306 2627 quern
321 2553 450 2626 princeps
459 2555 643 2626 tenebrarum,
654 2554 780 2626 princeps
794 2552 867 2610 aeris
920 2557 1051 2613 cernendi
1075 2556 1183 2613 modus.
1209 2556 1270 2613 Non
1290 2564 1333 2613 est
1355 2557 1465 2613 humaui
1483 2558 1575 2628 J'uris:
1600 2571 1655 2613 non
1676 2564 1719 2613 est

57 2645 152 2717 bojas,
166 2644 286 2700 latenter
297 2651 325 2699 et
339 2641 442 2700 leniter
456 2643 580 2700 instillat.
597 2643 665 2698 Nam
676 2651 704 2700 ει
717 2643 770 2698 alio
780 2641 867 2713 Scrip-
921 2644 993 2701 enim
1012 2645 1097 2700 moris
1117 2644 1238 2702 humani.
1268 2645 1374 2713 Quietae
1401 2654 1428 2701 et
1455 2644 1580 2717 pervigili
1602 2644 1720 2701 donatur

59 2742 128 2790 tnrae
142 2733 204 2790 loco
216 2732 423 2805 queriturquod
434 2749 512 2804 aquae
521 2731 713 2790 inundaverint
726 2747 811 2804 super
821 2746 866 2788 ca-
922 2737 1017 2802 meuti,
1037 2750 1092 2791 non
1115 2742 1206 2790 tamen
1220 2734 1255 2788 ad
1269 2741 1372 2804 votum,
1393 2733 1442 2790 sed
1465 2748 1526 2788 cnm
1541 2731 1601 2804 ipse
1615 2731 1673 2790 vult
1691 2733 1720 2788 el

59 2835 109 2895 put
126 2838 208 2878 suum
222 2822 341 2891 (Tbrea.
358 2837 400 2887 111,
416 2821 472 2893 ul).
490 2822 555 2878 lieri
570 2837 638 2894 crgo
656 2821 781 2878 inductus
795 2828 866 2876 esta
921 2822 985 2877 dicit
1001 2842 1007 2878 ε
1025 2823 1109 2895 Aperi
1123 2821 1207 2879 anibi.
1219 2821 1290 2891 Quid
1304 2830 1346 2877 est
1360 2820 1462 2891 dicere,
1473 2821 1558 2893 Aperi
1572 2820 1655 2891 milti,
1666 2819 1719 2876 nisi

60 2911 142 2967 nobis
157 2911 292 2967 Dominus
305 2911 385 2968 lesus
400 2910 539 2967 molestias
554 2911 678 2983 lugiens,
691 2909 772 2968 bodie
787 2909 865 2965 indu·
921 2912 1042 2985 quodam
1056 2910 1243 2967 blandimento
1258 2909 1386 2967 adiectum
1400 2909 1512 2977 illicere,
1527 2923 1638 2967 movere
1652 2923 1718 2965 con·

60 3007 140 3057 cetur
159 2999 262 3075 gaudia
276 2998 378 3057 ferens.
399 3000 464 3056 Heri
486 3000 616 3057 inductus
637 3008 680 3055 est
703 2998 799 3055 solatia
813 2998 867 3052 im·
884 2991 905 3069 c
922 2999 1127 3072 cupiscentiam,
1154 3007 1183 3056 ut
1205 3015 1283 3056 mens
1304 3015 1341 3056 ex
1364 3005 1442 3071 parte
1458 3005 1528 3054 taeta
1552 3005 1635 3053 tantae
1651 2997 1720 3053 lucis

60 3091 192 3162 piorans3
213 3088 305 3156 bodie,
321 3104 415 3145 secum
427 3088 522 3144 solatia
537 3095 667 3161 portans:
683 3088 753 3157 beri,
770 3086 868 3159 plenus
922 3105 1047 3159 corusco,
1061 3088 1095 3144 ad
1105 3088 1258 3162 pleniorem
1272 3088 1476 3160 perceptionem
1490 3103 1520 3144 se
1535 3092 1646 3160 praestet
1658 3101 1720 3158 pur·

63 3178 181 3250 injuriis,
198 3177 290 3247 bodie,
305 3177 410 3249 gratiis.
428 3176 475 3232 llla
487 3177 677 3250 interpretatio
691 3192 766 3233 raras
779 3164 867 3247 respi·
922 3178 1030 3253 gatam‘t
1048 3177 1093 3235 Sic
1109 3177 1154 3233 lux
1174 3177 1250 3249 quasi
1264 3177 1344 3233 oculo
1357 3177 1423 3233 dicit
1438 3191 1445 3231 ε
1467 3176 1550 3248 Aperi
1563 3175 1643 3243 mihi;
1658 3188 1720 3249 quae

62 3267 108 3337 cit,
124 3267 179 3323 ista
197 3266 317 3322 refertur
330 3266 365 3321 ad
380 3266 482 3337 plures.
499 3266 559 3324 Non
577 3282 672 3323 omnes
685 3266 720 3321 ad
738 3264 869 3338 pradica-
923 3284 956 3324 ex
986 3266 1095 3322 modica
1123 3265 1300 3338 perceptione
1326 3264 1361 3320 ad
1380 3266 1469 3335 majus
1483 3263 1655 3338 participium
1679 3263 1720 3319 sni

66 3357 150 3413 bonis
159 3372 229 3428 opus
242 3355 287 3414 vel
302 3356 412 3412 idoueae
425 3362 498 3426 sunt,
508 3355 553 3414 vel
567 3355 710 3430 delegatas.
721 3356 782 3411 Non
796 3353 869 3410 enim
923 3354 1070 3428 quamdam
1085 3355 1240 3411 aviditatem
1254 3360 1437 3427 progenerat.

64 3461 161 3503 omncs
177 3444 351 3518 corruptelas
368 3444 432 3500 fidei
451 3445 586 3517 repellere
599 3444 643 3502 vel
663 3443 809 3514 sufficiunt,
824 3441 870 3498 vel
960 3450 986 3503 3.
1002 3445 1088 3516 Aperi
1113 3444 1198 3511 milti,
1215 3459 1295 3499 soror
1308 3459 1380 3497 meo.
1396 3441 1467 3511 Quid
1483 3448 1534 3509 ast,
1557 3441 1621 3497 lesu
1635 3440 1718 3506 boue,

64 3535 128 3591 huic
141 3536 249 3591 muneri
268 3533 466 3606 praeiiciuntur.
488 3535 550 3590 Non
564 3542 680 3606 possunt
698 3547 793 3590 omnes
808 3545 869 3588 esse
923 3534 996 3606 quod
1012 3548 1094 3603 rogas
1114 3531 1234 3604 aperiri?
1254 3532 1295 3587 Tu
1315 3531 1374 3601 ipse
1389 3529 1475 3585 babes
1488 3527 1591 3584 clavem
1607 3527 1693 3583 David
1711 3546 1718 3583 ι

66 3632 168 3680 mames
177 3631 206 3679 ει
217 3638 328 3696 sponsae
338 3641 345 3678 :
357 3638 454 3679 omnes
471 3630 586 3696 possunt
596 3637 704 3678 sorores
715 3627 868 3692 etsponsae.
924 3621 1023 3694 aperis,
1039 3628 1067 3678 ει
1081 3636 1162 3677 nemo
1177 3620 1279 3677 claudit
1292 3620 1387 3691 (ipos.
1408 3633 1450 3686 ιιι,
1465 3617 1505 3689 7).
1523 3616 1661 3688 apparitio
1676 3622 1722 3671 tua

65 3715 126 3770 lion
140 3728 238 3771 omnes
258 3719 373 3785 possunt
386 3720 479 3784 partus
496 3712 632 3768 sustinere
647 3709 774 3782 iniuriam
790 3727 798 3765 x
813 3726 871 3766 om·
924 3712 1029 3784 apertio
1044 3717 1095 3767 est.
1122 3713 1241 3782 appare,
1266 3716 1294 3765 el
1309 3723 1390 3764 nemo
1415 3705 1462 3762 tibi
1485 3704 1596 3762 claudit.
1619 3704 1669 3762 Cui
1688 3720 1721 3761 ex

66 3819 117 3859 nes
139 3802 245 3858 debent
269 3801 410 3874 amplexus
437 3801 564 3874 gratiam.
593 3801 694 3857 Fuerat
721 3798 871 3857 secundum
925 3800 1039 3856 minima
1056 3807 1134 3873 parte
1150 3798 1300 3871 majestatis
1316 3803 1368 3854 tuae
1391 3795 1504 3868 coeperit
1517 3794 1604 3867 gloria
1617 3793 1722 3855 scintil-

68 3893 224 3949 bcsternam
239 3889 493 3962 interpretationem
509 3889 578 3946 roris
591 3889 663 3945 illius
687 3888 815 3945 nocturni
835 3888 869 3942 li·
925 3890 993 3961 lare,
1004 3890 1124 3945 animum
1139 3889 1217 3945 adse
1232 3887 1327 3944 subito
1336 3885 1471 3944 convertit
1480 3892 1508 3942 et
1522 3885 1601 3957 rapit.
1613 3884 1674 3939 Non
1687 3881 1725 3937 si·

69 3997 137 4054 quor
150 3979 307 4049 molestns;
334 3979 480 4037 hodiernus
497 3980 549 4036 iste
565 3980 599 4036 sit
612 3986 714 4052 gratus.
730 3977 770 4034 Ibi
783 3977 871 4050 loqui-
926 3979 966 4036 nit
980 3979 1031 4035 sibi
1052 3978 1151 4045 ciendi,
1171 3978 1235 4034 dnm
1258 3977 1316 4049 ipsa
1334 3983 1468 4033 coruscat.
1486 3973 1539 4031 Cor
1552 3971 1626 4046 quod
1639 3986 1725 4044 pene·

70 4078 113 4126 tur
127 4071 209 4127 lesus
224 4069 351 4142 querelas
365 4069 516 4142 deponens,
532 4068 575 4125 bic
589 4067 708 4140 loquitur
725 4065 872 4122 blanditias
927 4076 993 4136 tras,
1013 4068 1105 4141 aperis
1129 4065 1178 4122 tibi
1194 4083 1201 4126 :
1224 4074 1350 4140 apertum
1365 4075 1453 4132 tenes,
1467 4063 1533 4119 dum
1549 4070 1575 4120 te
1589 4075 1645 4119 non
1657 4060 1725 4116 snb-

71 4169 233 4231 suggerens.
254 4157 294 4213 lbi
306 4155 376 4229 fugit
389 4156 515 4226 iniestos,
530 4156 574 4212 bic
587 4155 675 4211 solnm
693 4153 728 4209 ad
742 4167 872 4226 sponsam
928 4156 1021 4213 trahis.
1041 4158 1078 4212 Et
1105 4156 1175 4214 iorte
1199 4163 1314 4229 utraque
1328 4152 1482 4211 necessaria
1496 4159 1548 4223 est,
1564 4160 1591 4208 ει
1603 4157 1727 4222 cognatas

71 4245 188 4304 iestiuat.
928 4254 992 4302 suut
1006 4246 1058 4301 sibi
1072 4245 1177 4319 apertio
1201 4244 1295 4317 sponsi
1309 4252 1336 4301 et
1359 4242 1464 4317 apertio
1478 4256 1596 4314 sponsae.
1614 4238 1728 4311 apertio

104 4339 132 4392 2.
148 4337 237 4410 Aperi
244 4336 327 4405 mibi,
338 4352 417 4394 soror
425 4352 500 4403 meo,
514 4335 647 4406 proximo
658 4350 731 4392 mco.
747 4330 871 4403 Discipli-
889 4327 912 4404 Q
929 4335 1023 4407 sponsi
1038 4334 1171 4410 apparitio
1180 4336 1241 4405 eius
1255 4342 1315 4390 est:
1332 4332 1438 4404 apertio
1447 4344 1566 4404 sponsae,
1582 4333 1727 4400 apparatus
1753 4393 1758 4403 Ι

72 4441 134 4481 nam
148 4426 193 4481 bic
217 4425 328 4481 attende
352 4424 490 4492 custodiae,
512 4423 558 4478 ubi
579 4424 663 4493 janua
688 4422 789 4494 passim
818 4437 873 4478 non
930 4426 991 4496 ejus
1006 4432 1034 4482 ει
1048 4424 1183 4497 coaptatio
1198 4423 1232 4477 ad
1254 4431 1309 4478 tam
1329 4420 1422 4478 dulces
1436 4434 1512 4476 usus.
1530 4419 1619 4490 capot
1631 4431 1727 4472 meum

73 4524 156 4586 patet.
173 4514 240 4584 Quis
253 4514 316 4570 illuc
331 4513 443 4569 intrabit
452 4513 487 4568 ad
500 4513 652 4578 arbitrium,
667 4512 714 4568 uhi
726 4510 874 4568 lesussiuc
930 4516 1048 4587 plenum
1058 4517 1101 4568 erl
1110 4528 1186 4582 rore,
1196 4517 1224 4567 ει
1236 4508 1431 4568 cinciaaimei
1440 4503 1729 4580 paltisooctimw·

74 4602 297 4677 interpellatione
312 4618 367 4658 non
381 4603 464 4657 intrat
479 4619 486 4671 ;
505 4618 557 4658 nec
572 4601 625 4656 nisi
639 4617 701 4657 cum
719 4600 801 4657 luerit
824 4615 873 4656 au·
932 4609 981 4674 put
989 4601 1101 4675 plenum
1114 4608 1165 4670 est,
1176 4608 1203 4656 et
1214 4615 1247 4657 eo
1257 4598 1368 4654 madent
1378 4596 1425 4669 qui
1435 4589 1730 4652 adbaerentilli.Delco·

76 4692 131 4749 dita
143 4701 173 4749 ει
187 4703 253 4748 nota
268 4706 321 4750 vox
338 4692 422 4763 ejus?
437 4691 461 4747 0
475 4707 519 4747 me
533 4689 650 4760 felicem,
666 4690 689 4744 si
703 4689 739 4747 de
753 4688 876 4745 meadici
932 4691 1021 4748 tabilis
1036 4698 1078 4748 est
1090 4691 1165 4746 Deus
1177 4689 1207 4744 iu
1222 4705 1263 4760 se,
1284 4696 1313 4745 et
1326 4684 1493 4744 delectabilis
1506 4683 1536 4740 in
1549 4682 1649 4742 sancds
1661 4681 1729 4751 suis,

80 4782 164 4838 amma
179 4788 285 4854 queat:
306 4781 387 4836 Porta
401 4782 460 4836 baec
474 4780 566 4836 clausa
581 4787 634 4847 oet,
650 4788 678 4835 ει
690 4796 739 4852 per
751 4794 811 4835 eam
825 4793 876 4834 nec

77 4870 165 4926 furtim
180 4887 233 4927 nec
253 4870 365 4927 fortuito
389 4868 605 4942 indisciplinatus
634 4867 749 4925 allectus
775 4867 876 4923 immit-

76 4960 156 5015 titur!
172 4959 228 5017 Soli
242 4958 357 5032 principi
371 4966 457 5032 patet,
474 4960 497 5014 si
521 4975 621 5032 ponam
637 4959 677 5015 ori
691 4974 753 5015 meo
781 4966 873 5014 custo·

933 4779 979 4852 qni
993 4779 1028 4835 de
1045 4779 1104 4852 ipso
1120 4794 1169 4851 per
1182 4778 1298 4852 gratiam
1309 4775 1444 4845 oriuntur,
1456 4782 1484 4831 et
1496 4771 1667 4832 ordinatione
1681 4785 1731 4827 sua

932 4868 1011 4940 quasi
1035 4868 1145 4941 quidam
1170 4867 1289 4924 distincti
1312 4865 1432 4925 cincinni
1450 4869 1629 4937 perseverant
1642 4859 1670 4914 in
1685 4872 1730 4918 eo.

934 4958 1047 5013 Pulchra
1071 4966 1186 5031 utraque
1207 4955 1411 5030 contemplatio,
1437 4954 1480 5011 vel
1502 4951 1651 5026 gratiarum
1669 4960 1730 5020 quae

936 5047 1089 5119 procedunt
1111 5047 1146 5103 de
1170 5061 1213 5104 eo.
1231 5046 1382 5102 Divisiones
1405 5042 1478 5099 enim
1500 5039 1646 5112 gratiarum
1668 5041 1732 5092 sunt

933 5138 957 5208 (l
991 5138 1052 5193 Cor.
1078 5153 1127 5204 ιιι,
1147 5136 1185 5209 l),
1201 5152 1233 5191 ac
1252 5134 1276 5190 si
1299 5133 1422 5206 quaedam
1437 5128 1571 5185 distinctio
1589 5123 1732 5182 ducinno-

78 5048 161 5116 diaur,
180 5058 209 5105 ut
230 5048 281 5106 soli
295 5048 410 5121 principi
425 5055 525 5120 pateat,
544 5065 606 5105 cum
625 5048 727 5104 assistit
740 5047 776 5103 ad
799 5047 874 5105 illud.

75 5138 158 5212 Aperi
184 5137 250 5194 mihi
274 5149 379 5211 portam
402 5138 514 5208 justitia
529 5155 536 5194 :
553 5145 580 5193 ει
603 5137 743 5214 ingressus
766 5137 794 5192 in
818 5153 878 5194 eam

78 5227 246 5285 convivabor
273 5234 375 5293 ιεειιιιι,
395 5227 536 5284 comedam
552 5225 587 5281 fin
610 5243 652 5298 ea,
677 5234 706 5283 ει
728 5226 829 5297 bibam,
851 5231 880 5283 ει
934 5241 1005 5281 ιιιιιι.
1026 5224 1176 5283 invisibilia
1198 5225 1272 5279 enim
1287 5221 1372 5294 ipsius
1385 5216 1530 5292 quamdam
1543 5213 1674 5286 preferre
1693 5211 1733 5269 di·

76 5314 387 5386 inebriabor3denique
401 5323 494 5388 elego
507 5313 649 5371 inebriabo
664 5321 691 5370 te
705 5313 787 5387 guttis
801 5313 877 5370 meis.
939 5313 1114 5371 stinctionem
1136 5313 1272 5380 videntur,
1295 5310 1330 5365 ad
1352 5313 1453 5365 nostra
1471 5313 1562 5362 tamen
1576 5303 1734 5376 capacitatis

78 5405 143 5463 Non
160 5403 263 5463 acoedo
276 5403 386 5472 sterilis,
401 5403 450 5460 sed
470 5402 585 5460 madens
607 5400 727 5460 suaviter
748 5400 879 5459 illabente
945 5417 1112 5460 mensuram.
1144 5400 1212 5455 Nam
1240 5396 1373 5455 distinctis
1399 5394 1484 5469 signis
1508 5402 1536 5452 ει
1562 5393 1734 5453 sermonibus

84 5509 151 5553 rore
172 5491 335 5567 gratiarum.
356 5492 441 5564 aperi
467 5490 542 5549 mibi.
570 5491 648 5549 Intus
671 5491 729 5564 ism
750 5489 799 5550 tibi
819 5505 880 5553 sum
941 5492 1014 5551 aliud
1038 5500 1067 5549 ει
1085 5489 1159 5550 aliud
1186 5487 1338 5566 significare
1361 5486 1607 5562 carentibusque
1628 5483 1734 5561 inipso
