3706 5962
107 198 140 258 l't
751 197 785 258 111
804 195 944 259 Ghlll'ltlh
962 193 1069 256 81111110
1087 195 1121 257 11.
1728 208 1762 271 vg

104 320 203 391 diligit
218 322 321 376 animo
335 335 408 377 mco.
419 321 518 393 llagua
528 330 603 378 certe
612 321 745 379 semeonis
756 323 836 394 hujus
845 338 909 398 gra·
925 336 949 417 Α
966 319 1086 420 dilatatio
1100 321 1127 377 in
1141 321 1273 393 probrum
1289 322 1427 378 vertitur?
1441 326 1588 394 llilcstcti,
1604 328 1691 402 inquit
1707 333 1759 389 Do·

104 411 150 465 tia.
162 412 223 466 Nec
238 410 339 465 mirum
347 409 370 466 si
382 409 572 483 frequentatur
582 411 609 466 in
619 426 678 478 ore,
696 413 768 486 quod
782 413 810 468 in
825 414 909 472 corde

103 498 203 554 fervet.
230 500 298 555 ldeo
322 507 349 555 et
373 499 490 555 animam
514 508 722 557 commemorat.
746 501 806 557 Nou
833 502 908 558 enim

101 589 189 643 rerbo
205 595 315 645 tantum
329 587 428 660 diligit,
454 587 502 644 sed
524 597 588 645 voto
606 603 612 642 :
629 605 681 645 nec
694 590 753 645 solo
768 599 840 656 actu,
858 590 907 647 sed

102 676 192 747 magis
205 677 318 733 affectu.
331 675 400 745 Quid
409 691 476 732 vero
486 677 537 732 sibi
547 678 604 734 vult
614 679 687 750 quod
707 678 835 749 animam,
851 696 906 735 nou

101 765 229 836 spiritum
245 765 331 822 dicit?
342 765 423 821 Forte
439 765 502 838 qnia
516 765 614 822 dilecto
629 783 710 839 quem
725 768 814 824 adhuc
830 784 906 840 qure-

101 854 192 919 rebat,
211 855 332 910 nondum
353 854 511 911 adhaerebat
534 869 541 909 :
564 855 609 928 qui
632 856 703 911 euim
717 856 838 912 adhaeret
852 859 907 912 Do·

101 943 187 1008 mino,
209 959 282 998 unus
306 949 348 998 est
363 943 472 1015 spiritus
491 943 519 1015 (l
531 944 593 1001 Cor.
617 959 657 1011 vr,
676 945 731 1014 11).
747 946 781 1000 Et
794 945 905 1017 quidem

100 1048 241 1103 nusquam
258 1030 286 1086 in
301 1038 357 1087 toto
372 1031 425 1087 boc
434 1031 539 1087 cantico
548 1030 672 1104 spiritum
682 1033 802 1088 nominat
818 1050 825 1088 :
843 1032 902 1102 sed,

102 1121 209 1176 Animo
223 1135 286 1176 mcc
301 1120 457 1193 liquefacta
470 1124 513 1176 cst
526 1120 650 1190 (Cuntic.
663 1136 690 1189 v,
705 1122 743 1192 6),
759 1129 787 1176 et
801 1123 904 1179 Anima

102 1226 167 1265 meo
183 1208 419 1266 conturbavitmc
438 1210 560 1279 (tentio.
575 1225 613 1279 vr,
631 1211 692 1278 ll),
707 1218 735 1265 et
749 1211 802 1266 hoc
815 1211 904 1282 ipsum

102 1298 275 1369 frequenter,
305 1299 389 1367 onem
413 1298 509 1370 diligit
532 1300 629 1356 anima
652 1315 724 1355 mec.
745 1300 775 1354 ld
795 1316 904 1372 quoqne

102 1387 162 1442 fere
176 1401 322 1459 nusquam,
336 1386 390 1442 nisi
399 1402 461 1442 cum
470 1387 613 1443 absentem
623 1387 729 1459 quaerit,
746 1388 789 1445 vel
804 1389 902 1444 abessa

963 426 1053 464 minus
1068 425 1118 482 per
1126 409 1298 481 prophetam,
1313 415 1439 468 stratam
1453 416 1546 480 tcum,
1555 416 1644 486 jueta
1655 435 1700 476 me
1709 436 1755 477 rac

963 498 1079 571 accpisti
1092 499 1257 557 adulteram
1266 501 1331 570 (lac.
1343 515 1410 570 uvir,
1423 500 1461 573 8).
1474 500 1556 558 Vides
1565 507 1701 575 quomodo
1711 509 1760 565 ob-

961 587 1096 658 jurgaudo
1115 595 1143 643 et
1166 588 1356 660 exprobrando
1380 589 1457 644 strati
1481 588 1602 647 dilatatio
1627 592 1756 662 objicitur

962 675 1060 730 animm
1075 674 1216 733 adultcrae.
1237 676 1341 730 Bonum
1356 684 1399 732 est
1413 692 1479 748 ergo
1496 692 1552 733 aon
1566 678 1692 747 dilatare,
1709 681 1755 737 sed

960 763 1048 836 magis
1061 765 1222 819 contrahere
1237 771 1350 819 stratum
1363 764 1544 839 cogitationis,
1561 774 1588 823 et
1606 767 1697 823 cordis
1718 767 1759 826 le·

960 853 1073 907 ctulum.
1088 853 1153 908 Ideo
1167 868 1268 922 sponsa
1282 854 1343 922 jure
1362 854 1413 908 sibi
1433 855 1572 926 applaudit
1594 854 1628 912 de
1643 856 1754 916 lectulo.

961 941 1182 1013 Coangutfctnm
1196 945 1249 1008 est,
1264 941 1351 1013 inquit
1361 943 1504 1014 propbeta,
1516 949 1651 1011 atratum,
1668 947 1712 1003 ita
1722 949 1756 1002 att

959 1028 1033 1085 alter
1052 1030 1165 1086 decidat
1181 1049 1191 1086 .·
1205 1033 1234 1086 et
1245 1032 1371 1102 pultium
1385 1031 1463 1089 breve
1478 1036 1631 1106 utrumque
1646 1035 1757 1107 operire

958 1132 1014 1172 non
1024 1117 1185 1190 potcst(lsc.
1196 1133 1292 1183 xxvnr,
1307 1122 1360 1187 20).
1371 1122 1532 1193 Utrumque,
1540 1120 1568 1175 id
1578 1129 1619 1177 est
1629 1121 1716 1179 virum
1727 1130 1756 1181 et

958 1205 1121 1261 adulterum.
1138 1207 1223 1264 Breve
1238 1207 1311 1262 enim
1326 1215 1353 1263 et
1367 1216 1513 1281 augustum
1524 1217 1567 1266 est
1580 1225 1628 1267 cor
1638 1211 1756 1267 hominia

957 1294 992 1349 ad
1007 1294 1198 1366 concipiendas
1213 1296 1262 1350 Dei
1278 1296 1352 1351 verbi
1362 1297 1484 1366 delicias,
1498 1299 1579 1354 etiam
1590 1315 1652 1355 cum
1667 1298 1694 1354 in
1710 1298 1756 1356 illa

957 1387 1043 1436 totum
1065 1383 1229 1439 extenditur.
1250 1383 1394 1452 Quomodo
1417 1402 1471 1442 uon
1488 1387 1573 1444 multo
1592 1387 1712 1453 brevius,
1730 1388 1754 1444 si

103 1474 240 1546 queritur.
265 1473 358 1530 Solent
381 1474 424 1529 his
443 1474 598 1531 nominihus
616 1476 718 1547 gradus
738 1477 849 1549 quidam
864 1477 904 1532 di·
955 1470 1037 1526 luerit
1050 1472 1085 1526 ad
1095 1472 1458 1530 aliadistentumtsmhciat
1472 1475 1572 1531 dilecto
1584 1485 1629 1532 tuo
1640 1475 1682 1533 vel
1692 1477 1754 1532 bre-

103 1561 208 1632 stingui
223 1562 320 1617 animae
333 1561 514 1633 perfectioris,
527 1569 555 1618 et
568 1561 656 1617 miuus
671 1562 810 1634 perfecte.
829 1566 902 1634 apc-
954 1558 1092 1617 vitasista.
1103 1559 1164 1616 Noli
1179 1561 1253 1615 illam
1266 1560 1357 1632 magis
1373 1562 1510 1627 breviare,
1533 1562 1663 1619 lectulum
1678 1581 1753 1621 com-

103 1650 195 1705 stolus
205 1649 292 1705 dicit:
312 1650 456 1706 Animalia
476 1651 555 1707 bomo
578 1666 635 1706 nort
657 1653 779 1724 percipit
793 1669 827 1709 ca
841 1670 902 1724 qum
955 1647 1119 1704 municaudo
1133 1648 1224 1703 alteri.
1239 1651 1315 1704 Bona
1325 1648 1434 1720 quidem
1445 1651 1503 1707 haec
1513 1649 1631 1706 brevitas
1646 1652 1752 1718 lectuli,

103 1744 177 1794 xant
187 1740 308 1810 spiritua
317 1740 367 1795 Dei
376 1738 404 1808 (1
413 1740 474 1796 Cor.
485 1754 513 1804 ιι,
529 1736 775 1811 li).Egoanimam
786 1742 855 1797 hanc
864 1741 903 1796 ita
917 1718 940 1797 Β
956 1754 1017 1809 quae
1036 1737 1125 1793 nescit
1148 1737 1202 1792 nisi
1221 1737 1352 1793 dilectum
1376 1753 1464 1803 suum,
1482 1738 1510 1794 id
1533 1747 1576 1795 est
1603 1739 1753 1808 Christum,

102 1833 242 1882 amantem
266 1834 293 1882 et
315 1834 487 1895 estuantem,
503 1827 656 1884 ferventem
675 1836 702 1883 et
721 1838 899 1901 querentem,
956 1824 1105 1897 suscipere.
1122 1826 1170 1880 Est
1185 1824 1258 1880 enim
1273 1824 1402 1892 brevitas,
1415 1842 1476 1898 quae
1491 1824 1599 1881 nonnisi
1610 1825 1685 1882 illum
1697 1844 1755 1883 sus·

102 1930 245 1986 nunquam
259 1930 313 1970 non
329 1915 495 1985 spiritualem
507 1915 640 1972 dixerim:
652 1916 823 1990 quippequae
837 1919 902 1975 licet
955 1913 1047 1984 cipere
1060 1913 1148 1979 novit;
1161 1921 1189 1969 et
1203 1922 1243 1970 est
1257 1913 1388 1980 brevitas,
1402 1932 1464 1985 quae
1478 1913 1554 1969 illum
1570 1916 1650 1986 plene
1665 1915 1753 1973 susci-

102 2003 224 2058 nondum
245 2004 327 2076 plena
347 2004 462 2071 visione,
478 2014 540 2061 voto
561 2011 651 2061 tamen
666 2007 843 2078 propensiore
864 2006 901 2063 illi
954 2019 1022 2074 pere
1035 2002 1138 2075 nequit.
1160 2000 1209 2058 llla
1233 2001 1372 2059 charitatis
1389 2010 1430 2058 est
1449 2011 1477 2058 et
1497 2002 1668 2074 disciplinae;
1695 2005 1754 2061 haeo

103 2091 270 2156 adherebat,
295 2108 375 2165 quem
394 2093 569 2148 vehementer
592 2093 730 2164 diligebat.
754 2095 901 2151 Possumus
953 2107 1030 2160 vero,
1047 2091 1211 2150 infirmitatis
1227 2099 1253 2147 et
1272 2100 1386 2148 natura.
1403 2094 1524 2164 Utraque
1542 2092 1662 2148 brevitas
1676 2093 1755 2149 intel-

103 2187 266 2237 autemnon
286 2180 510 2238 inconvenienter
533 2183 603 2238 sicut
617 2182 645 2237 in
659 2183 756 2253 spiritu
774 2184 900 2242 subtilem
953 2179 1001 2255 ligi
1017 2186 1107 2250 potest
1121 2180 1150 2235 in
1163 2180 1274 2247 lectulo,
1289 2181 1333 2237 vel
1347 2196 1402 2251 qua
1416 2196 1478 2236 cum
1493 2180 1585 2252 plures
1607 2196 1661 2236 non
1688 2181 1755 2237 dile·

104 2276 129 2324 et
143 2276 314 2325 attenuatum
339 2268 516 2335 intellectum,
542 2269 622 2326 sicin
639 2271 729 2326 anima
747 2288 858 2328 suavem
873 2281 901 2328 et
953 2278 998 2324 cto
1013 2267 1137 2341 suscipit,
1161 2269 1203 2324 vel
1225 2284 1279 2341 qua
1294 2284 1344 2326 nec
1365 2268 1439 2324 illum
1454 2269 1546 2340 plene.
1562 2270 1661 2343 Magna
1676 2277 1753 2327 certe

104 2365 227 2414 tenerum
245 2357 375 2414 affectum
398 2357 532 2429 accipere.
556 2361 607 2415 Per
620 2360 780 2431 prophetam
795 2361 821 2415 in
837 2379 901 2432 prc-
954 2356 1076 2429 voluptas
1099 2355 1263 2423 lectuli,'sed
1279 2373 1380 2432 magua
1395 2358 1515 2414 brevitas
1531 2372 1538 2413 t
1555 2366 1583 2415 et
1597 2358 1660 2415 ideo
1675 2359 1748 2416 bene

103 2447 231 2502 passione
256 2446 391 2502 Dominus
416 2445 502 2502 dicit:
518 2447 591 2503 Dabo
609 2448 684 2503 vobis
703 2463 751 2505 cor
763 2466 899 2506 carneum

108 2535 214 2603 (Erech.
237 2551 279 2602 xx,
304 2536 360 2604 aa).
376 2534 405 2588 Si
420 2549 486 2605 ergo
500 2535 590 2589 camis
604 2551 703 2592 nomen
718 2536 746 2592 in
767 2539 840 2593 bono
855 2538 900 2593 ali-

103 2621 163 2678 eubi
178 2622 323 2694 accipitur,
343 2637 394 2677 cur
408 2637 462 2676 non
481 2624 570 2697 magis
584 2622 701 2679 animas?
719 2625 775 2694 ligo
790 2626 899 2680 beatam

102 2714 169 2768 banc
184 2711 305 2766 animam
326 2717 357 2764 ut
370 2710 484 2766 licenter
502 2711 608 2782 loquar,
625 2727 679 2767 non
702 2710 835 2783 lapideam
850 2714 899 2769 sed

100 2815 227 2854 carneam
246 2799 335 2872 magis
347 2799 527 2869 judicaverim
544 2805 572 2855 et
587 2799 653 2855 nihil
666 2800 812 2858 habentem
826 2803 854 2856 in
868 2819 898 2858 se

99 2888 197 2960 rigoris
211 2889 257 2945 vel
273 2888 392 2953 duritiae;
414 2888 463 2944 scd
482 2887 599 2957 mollem,
622 2896 755 2958 teneram,
773 2892 898 2947 tractabi-

98 2977 159 3043 lem,
183 2984 215 3032 et
228 2976 384 3033 sensibilem
404 2977 437 3031 ad
461 2976 582 3050 singulos
595 2976 677 3034 divini
692 2979 768 3036 verbi
783 2979 809 3036 5
830 2997 898 3037 acu-

953 2445 1068 2501 lectulus
1084 2445 1172 2518 magis
1195 2462 1276 2519 quam
1300 2447 1387 2503 lectus
1411 2447 1519 2505 dicitur.

989 2536 1015 2586 2.
1033 2531 1206 2588 Delectabilis
1220 2532 1336 2588 lectulus
1349 2543 1391 2589 est
1400 2534 1435 2590 de
1446 2551 1500 2606 quc
1512 2536 1584 2607 legis
1599 2535 1627 2590 iu
1642 2536 1752 2593 Prover-

952 2618 1004 2674 biis
1020 2637 1026 2673 :
1043 2620 1147 2676 Securo
1161 2635 1241 2676 meaa
1255 2623 1336 2692 quasi
1342 2623 1411 2692 juge
1426 2622 1586 2678 convivium
1596 2623 1690 2693 (Proo.
1704 2640 1751 2690 xv,

953 2709 1008 2775 15).
1028 2706 1105 2763 Foris
1119 2722 1182 2774 nox,
1195 2707 1259 2762 foris
1270 2707 1397 2774 turbatio,
1415 2708 1463 2763 sed
1479 2709 1662 2780 tranquillitas
1677 2709 1752 2766 intus

953 2795 1029 2868 quasi
1044 2795 1141 2867 quietis
1161 2795 1276 2850 lectulus
1292 2796 1412 2868 quidam,
1434 2796 1495 2853 Non
1510 2804 1551 2851 est
1565 2797 1608 2854 hic
1629 2797 1694 2853 illud
1710 2798 1750 2853 la·

952 2883 1097 2939 mentabile
1108 2883 1198 2939 dicere
1225 2884 1324 2941 :Foris
1339 2884 1478 2955 interficit
1492 2885 1615 2957 gladius,
1631 2891 1659 2943 ct
1673 2887 1751 2943 domi

952 2989 1027 3030 mora
1039 2972 1142 3029 similia
1152 2977 1196 3029 cst
1211 2972 1324 3041 (Three.
1337 2988 1356 3039 ι,
1375 2974 1431 3042 10).
1453 2974 1510 3029 lmo
1520 2973 1542 3028 si
1554 2973 1620 3031 foris
1641 2974 1750 3050 gladius

97 3066 162 3121 leos.
182 3064 308 3138 Denique
317 3082 377 3138 quae
387 3065 459 3122 dicat
472 3080 478 3119 :
490 3066 583 3138 Neque
593 3081 659 3123 caro
673 3083 735 3123 mea
744 3084 821 3125 aenea
835 3078 895 3125 est:
912 3101 935 3181 Β
951 3068 1001 3128 est,
1018 3061 1090 3116 intus
1104 3060 1242 3134 gaudium.
1260 3062 1321 3133 Spc,
1333 3059 1430 3134 inquit,
1439 3062 1599 3134 gaudenter,
1611 3066 1643 3119 in
1655 3065 1747 3120 triba·

99 3155 146 3210 sed
167 3170 252 3227 quam
277 3154 425 3226 spiritualis
443 3162 615 3227 pertranseat
629 3156 745 3231 gladius,
771 3166 798 3214 et
811 3158 899 3214 chari·
952 3150 1058 3205 ²⁰le
1069 3147 1213 3220 pallentes
1228 3149 1319 3220 (Bm
1343 3163 1395 3214 ΧΠ,
1413 3151 1467 3219 12).
1484 3149 1524 3204 Ad
1539 3158 1648 3206 ὓθθῑθῐῦ
1663 3151 1747 3207 tribu·

99 3251 156 3299 tate
169 3258 201 3298 se
210 3242 384 3298 vulneratam
394 3244 521 3316 gaudeat.
534 3245 599 3299 lure
610 3260 677 3316 ergo
686 3245 806 3301 animam
820 3264 897 3303 suam
950 3237 1014 3293 latio
1028 3237 1155 3306 refertur,
1180 3236 1214 3292 ad
1233 3237 1362 3294 lectulum
1376 3253 1440 3309 spes
1457 3246 1485 3293 et
1504 3238 1644 3312 gaudium.
1668 3239 1749 3298 Forte

98 3332 216 3403 diligere
232 3331 306 3397 dicit,
329 3332 482 3402 exprimere
502 3332 595 3388 voleus
617 3332 737 3389 intimam
752 3336 896 3407 quamdam
950 3333 1063 3398 propiet
1092 3325 1144 3381 l¹0⁰
1168 3340 1222 3380 11⁰ss
1247 3326 1357 3391 lectum,
1385 3326 1433 3382 sed
1459 3326 1588 3384 lectulum
1617 3330 1745 3402 appellat·

98 3429 126 3476 et
140 3420 259 3475 vividam
279 3428 308 3476 et
320 3419 468 3476 animatam
491 3421 666 3478 affectionem
681 3438 747 3499 erga
768 3424 897 3480 dilectum
951 3432 1034 3487 parco
1050 3415 1092 3477 (id
1107 3421 1148 3473 cri
1162 3414 1333 3487 diminutivo)
1352 3417 1500 3482 vocabulo;
1517 3417 1646 3491 quoniam
1662 3426 1752 3501 tolum,

96 3523 179 3562 snum
194 3508 287 3563 lesum
302 3507 438 3564 Christum
453 3509 607 3578 Dominum,
619 3509 664 3583 qui
679 3510 745 3568 vivit
759 3521 787 3568 et
801 3520 898 3585 regnat
950 3505 1079 3578 gaudium
1099 3512 1220 3560 nostrum
1236 3503 1293 3559 fera
1304 3504 1331 3557 in
1345 3520 1394 3574 spe
1407 3513 1449 3560 est
1463 3505 1553 3560 adbuc
1568 3514 1642 3561 etex
1657 3515 1734 3576 parte

96 3596 123 3650 in
139 3595 246 3652 saecula
258 3596 428 3654 sacellorum.
444 3600 542 3654 Arnen.
950 3595 1041 3648 Bonus
1059 3608 1127 3664 ergo
1141 3592 1254 3648 lectulus
1267 3590 1451 3657 conscientie,
1470 3591 1548 3663 quies
1563 3599 1590 3647 et
1603 3591 1745 3649 munditia.

950 3682 1004 3738 Cor
1025 3679 1102 3753 impii
1121 3678 1198 3752 quasi
1213 3694 1287 3735 mare
1307 3678 1427 3747 fervens,
1443 3679 1516 3752 quod
1531 3678 1674 3753 quiescere
1688 3697 1747 3738 uon

412 3739 530 3798 SERMO
548 3740 582 3800 Π·
950 3776 1048 3841 potest,
1070 3768 1117 3825 sed
1133 3766 1285 3823 redundant
1300 3766 1398 3824 fluctus
1422 3766 1450 3823 in
1469 3768 1703 3826 conculcationem
1719 3777 1748 3826 et

97 3865 128 3921 ln
142 3861 249 3920 tectulo
277 3877 339 3919 meo
363 3879 415 3936 per
436 3867 531 3922 metes
554 3863 674 3938 quesivi
696 3880 778 3940 quem
800 3869 897 3941 difiqit
949 3856 1042 3913 lutum.
1075 3855 1123 3911 Est
1146 3872 1213 3929 ergo
1232 3872 1280 3912 cor
1301 3855 1381 3927 impii
1408 3857 1604 3926 turbulentum,
1631 3864 1659 3914 et
1678 3857 1748 3914 tabi·

295 3935 397 3990 anima
409 3936 639 4007 moereantur,
657 3936 695 4007 1).
949 3942 1023 4008 dum,
1040 3951 1069 3999 et
1086 3943 1215 4009 lutosum,
1232 3950 1260 3999 et
1282 3959 1376 4000 secum
1391 3960 1503 4016 semper
1522 3945 1684 4001 colluctans.
1700 3945 1746 4004 si-

131 4041 157 4096 1.
175 4042 268 4113 Super
286 4041 415 4096 hesterno
438 4040 554 4113 capitulo
577 4041 738 4099 hodiernum
752 4044 829 4100 vobis
852 4046 895 4101 in·
948 4033 1059 4105 ί1ιιίᾱθιῃ
1073 4048 1128 4089 ¹¹0⁰
1143 4040 1184 4088 ⁰⁸l
1198 4049 1251 4105 Pii
1273 4033 1362 4104 111111118
1375 4034 1441 4106 (1⁸11-
1464 4049 1529 4102 nvn,
1546 4038 1589 4102 2⁰.
1615 4035 1661 4103 ΞΙ)
1678 4052 1684 4090 ²
1701 4051 1746 4092 re·

100 4137 251 4186 stauramus
275 4129 440 4187 convivium.
471 4130 530 4187 Nec
552 4130 624 4186 enim
647 4131 684 4186 ibi
703 4140 801 4189 cuncta
823 4135 896 4191 dicta
947 4138 1034 4195 gnum
1049 4121 1341 4191 lemnii]ustitiaest
1357 4130 1384 4180 θῑ
1399 4125 1550 4195 1811110111·
1563 4139 1623 4189 W·
1639 4127 1693 4196 Π)
1713 4127 1745 4180 1²²

99 4226 164 4272 sunt
175 4218 362 4291 quaedicenda
372 4225 519 4276 occurrunt
531 4233 537 4273 :
550 4219 673 4291 quaedam
683 4236 808 4278 veronec
823 4229 895 4277 tacta
945 4229 1026 4286 pace,
1042 4210 1138 4283 inquil,
1155 4211 1186 4265 5⁷2
1203 4211 1327 4285 idipsum
1351 4213 1491 4269 dormiam
1514 4219 1540 4271 et
1560 4215 1746 4303 requiescam,

99 4306 208 4377 quidem
224 4315 300 4363 sunt.
322 4306 370 4361 llla
392 4308 444 4364 boc
459 4323 585 4363 sermone
599 4307 768 4365 discuheuda
783 4310 895 4380 suscipi·
949 4309 1082 4383 quoniam
1094 4307 1746 4382 tu,Domiac,ainqnlor·iterinapecortstr'tuirti

98 4412 167 4461 mus,
183 4396 211 4451 id
231 4405 274 4452 est
289 4411 339 4451 cur
352 4396 434 4463 dicat,
450 4399 483 4453 ln
499 4397 618 4463 lectule·
630 4405 657 4453 et
671 4413 737 4465 uon,
754 4398 783 4454 ln
799 4397 870 4455 lecto
886 4418 893 4452 ι
949 4413 995 4453 me
1013 4396 1101 4465 (Paul.
1118 4412 1156 4462 ιι,
1183 4399 1209 4463 9,
1233 4399 1290 4466 10).
1313 4398 1466 4470 Utrumque
1481 4397 1672 4468 complectitur
1686 4397 1746 4469 spei

97 4494 123 4539 rt
137 4501 198 4550 cur,
217 4488 248 4541 fn
264 4485 370 4541 lectulo
384 4501 457 4541 meo.
472 4485 540 4540 Nam
556 4486 620 4542 alibi
630 4486 758 4543 lectulum
773 4496 896 4545 nostrum
911 4476 934 4555 ὓ
951 4500 1063 4552 nomen,
1078 4490 1106 4539 et
1126 4483 1255 4540 lectulum
1277 4491 1304 4540 et
1327 4486 1476 4558 gaudium:
1492 4484 1556 4557 quia
1572 4484 1599 4539 in
1615 4501 1663 4556 spe
1677 4500 1746 4556 gau-

96 4574 187 4629 dicere
208 4573 352 4628 consuevit
372 4573 468 4645 (Cant.
488 4590 508 4637 r,
526 4575 582 4643 16).
607 4576 669 4630 llaec
686 4584 806 4646 reputate
821 4578 898 4633 vobis
951 4574 1060 4639 demus,
1075 4571 1143 4628 etin
1158 4588 1207 4644 spe
1222 4572 1430 4643 requiescimus.
1448 4572 1502 4628 Sed
1517 4573 1588 4626 unde
1603 4588 1675 4644 spes,
1692 4572 1746 4627 nisi
1784 4580 1788 4587 '

97 4661 123 4717 in
137 4670 252 4718 sortem¹
266 4661 295 4718 Si
314 4661 379 4734 quid
402 4670 490 4717 autem
515 4679 592 4718 novae
606 4664 797 4735 disputationis
816 4682 898 4736 super
952 4662 988 4717 de
1008 4661 1152 4717 securitate
1175 4659 1367 4716 conscientie?
1389 4661 1454 4715 lure
1480 4659 1610 4717 lectulum
1631 4661 1747 4718 dixerim

98 4750 129 4804 iis
141 4768 206 4822 quai
220 4752 277 4821 jam
301 4750 427 4806 discussa
448 4759 512 4806 sunt
526 4751 665 4822 adjecero,
689 4753 717 4808 in
732 4754 802 4810 lucri
816 4756 897 4810 ratio·
951 4755 1072 4805 mentem
1084 4763 1207 4804 securam
1223 4755 1250 4804 et
1264 4747 1378 4804 liberam
1397 4762 1402 4802 :
1419 4764 1545 4805 securam
1559 4757 1672 4821 propter
1686 4766 1748 4808 cou-

100 4855 166 4893 uem
183 4842 226 4901 (ut
243 4839 285 4896 sic
308 4839 409 4910 dicam)
434 4839 545 4896 referte.
571 4840 642 4908 Quid
666 4843 764 4912 putatis
778 4841 898 4914 mysterii
951 4837 1072 4894 scientiae
1085 4836 1208 4901 bonum3
1229 4835 1341 4893 liberem
1356 4845 1447 4892 autem
1468 4852 1483 4891 a
1504 4840 1662 4907 tentatione,
1679 4837 1747 4893 libe·

98 4926 193 4999 signat
213 4929 265 4986 boc
289 4929 379 5000 ipsum
394 4928 466 5001 quod
480 4927 555 4998 dicit,
582 4929 613 4985 ln
636 4929 760 4986 metato?
774 4929 898 4987 laudisne
953 4943 1009 4981 ram
1024 4926 1058 4980 ab
1074 4925 1209 4982 exteriore
1229 4925 1418 4998 occupatione,
1434 4926 1547 4983 liberam
1567 4926 1647 4984 alevi
1666 4926 1745 4999 cogi·
1822 4964 1825 4969 ·

93 5001 212 5088 'aliquod
236 5019 350 5075 occulte
375 5017 505 5083 continet,
533 5031 568 5073 an
596 5017 816 5092 suggillationis?
839 5019 899 5074 Etsi
952 5015 1064 5072 tatiane.
1080 5013 1185 5084 Quanta
1205 5022 1297 5072 tamen
1316 5032 1377 5073 esse
1395 5023 1487 5089 potest
1505 5017 1532 5072 in
1554 5018 1606 5072 hoc
1631 5029 1746 5084 corpore

96 5116 247 5180 utrumque
270 5114 369 5179 potest,
385 5105 513 5162 libentius
536 5113 628 5162 tamen
642 5106 686 5163 hic
707 5107 815 5163 laudem
831 5108 900 5165 acci·

97 5196 144 5268 pio
161 5213 168 5250 :
185 5202 215 5251 et
235 5195 297 5251 ideo
321 5193 447 5267 primitus
460 5195 488 5250 in
508 5195 580 5250 hunc
599 5210 710 5250 sensum
729 5195 900 5254 inflectamus

96 5299 267 5341 sermonem.
287 5284 344 5356 Ego
370 5282 451 5354 plane
473 5281 502 5337 in
519 5282 573 5338 hoc
590 5282 676 5338 verbo
690 5283 899 5341 coarctationem

96 5371 247 5446 quamdam
270 5371 405 5449 intelligo,
431 5377 461 5426 ut
479 5369 530 5427 soli
551 5385 646 5427 aecum
660 5370 759 5427 dilecto
773 5371 898 5429 sufficiat.

953 5105 1029 5178 quies
1040 5111 1068 5160 et
1081 5104 1193 5160 libertas
1208 5105 1327 5161 mentis?
1341 5106 1434 5161 Brevis
1445 5113 1472 5161 et
1486 5105 1595 5179 exigua,
1608 5109 1635 5158 et
1647 5102 1746 5159 lectulo

954 5194 1049 5249 similis
1062 5201 1190 5268 angusto.
1208 5195 1319 5250 llultum
1333 5195 1396 5251 inde
1411 5194 1533 5266 decerpit
1548 5190 1687 5247 reficiendi
1702 5208 1748 5249 ue·

954 5283 1066 5340 cessitas
1082 5284 1215 5356 cqrporis,
1232 5284 1346 5340 multum
1356 5281 1534 5353 conquirendi
1546 5297 1605 5353 quae
1619 5297 1746 5338 necessa·

954 5373 993 5430 ria
1013 5381 1075 5429 suut
1099 5389 1176 5438 cura,
1200 5374 1312 5428 multum
1331 5368 1508 5427 consumendi
1533 5372 1610 5439 bora,
1632 5371 1747 5428 multam

955 5461 1052 5520 animae
1062 5479 1142 5520 casus
1156 5461 1309 5529 imminens,
1323 5459 1436 5516 multum
1446 5459 1633 5517 causalateus.
1647 5459 1749 5519 Gloria
