3706 5962
105 199 158 261 989

568 200 676 262 suado
695 201 747 260 bd.
759 200 988 276 exctttthrtx
1002 202 1047 261 SS.
1067 200 1286 263 stchtttttttrt.

1702 216 1757 276 aad

106 338 205 401 partes,
220 345 253 385 ex
268 327 366 401 quibus
384 334 476 383 totum'
492 343 591 399 corpus
606 336 720 385 constat.
748 331 808 386 Una
837 343 902 401 pars
919 345 942 423 Α
960 334 1011 399 uis,
1035 331 1171 388 veritatem
1200 329 1298 399 carnis,
1322 329 1448 389 virtutem
1471 335 1566 406 gratie
1593 341 1758 413 spiritualis,

106 420 193 487 ipsum
208 427 296 488 eaput.
318 418 402 489 Caput
421 417 492 474 enim
508 426 536 473 et
556 426 637 491 eaput
650 426 702 486 est,
718 427 745 474 et
760 434 822 491 pars
836 434 899 475 eor·
956 429 1049 498 usque
1064 423 1097 476 ad
1112 421 1232 492 speciem
1246 421 1321 493 panis
1336 436 1433 479 seusus
1456 425 1587 501 pertingit
1615 431 1731 488 exterior
1747 451 1755 493 t

106 509 179 578 poris
202 507 336 562 similiter.
362 508 455 578 ltaque
476 515 556 579 caput
578 507 667 578 ipsum
689 523 755 578 pars
777 505 900 578 corporis

105 614 157 653 uua
172 606 222 652 est.
238 598 333 664 Caput,
351 596 470 668 inquam,
489 596 561 667 quod
572 598 627 666 jam
642 595 793 652 immortale
809 602 836 651 et
850 595 900 651 im·

105 685 235 758 passibile
264 685 420 753 resurrexit,
443 701 496 740 uon
522 684 684 742 moriturum
698 701 787 756 neque
801 702 898 756 passu·

105 790 164 829 rum
178 775 303 844 amplius.
320 775 412 830 Altera
430 790 494 845 pars
512 776 635 846 corporis
662 782 705 831 est
727 775 755 830 iu
769 773 900 828 membris

104 862 166 933 illis,
185 878 244 931 quae
264 864 320 932 jam
331 880 390 917 curu
405 863 493 932 capite
508 879 557 919 suo
570 863 648 935 quasi
664 863 690 918 iu
705 864 818 918 sabbato
834 862 897 934 qui·

103 961 199 1006 escunt
212 950 238 1004 iu
253 955 341 1006 arrium
361 969 366 1009 :
384 951 595 1007 immortalitatis
621 968 702 1008 uuam
718 951 812 1008 stolam
831 966 896 1021 pos·

103 1039 222 1096 sidentes
245 1049 375 1110 quantum
398 1041 430 1096 ad
449 1043 553 1096 animas
572 1042 600 1096 in
628 1042 709 1097 coelo.
725 1041 766 1097 De
801 1040 898 1095 talibus

102 1128 220 1186 dicitur:
239 1129 391 1185 «Gaudent
419 1131 448 1183 iu
471 1129 547 1186 eoelis
570 1129 666 1185 animae
690 1139 842 1186 sanctorum
857 1127 897 1198 (iu

104 1218 182 1288 Offic.
197 1219 269 1276 Erel,
283 1219 315 1275 dc
331 1219 520 1291 lllnrtpribns).
535 1237 547 1268 s
562 1219 722 1289 Suutigitur
733 1219 794 1273 duae
809 1224 898 1288 partes

102 1307 161 1360 istae
175 1306 252 1360 simul
271 1325 276 1360 z
294 1315 376 1378 eaput
386 1308 488 1363 scilieet
503 1308 529 1361 id
548 1315 590 1362 est
616 1306 737 1362 Christus
750 1326 756 1374 3
770 1319 797 1363 et
812 1307 898 1363 altera

103 1411 165 1464 pars
179 1395 310 1465 corporis,
327 1396 353 1449 id
368 1406 410 1451 est
424 1395 489 1451 honi
503 1396 634 1463 defuncti,
647 1412 764 1467 quorum
781 1411 898 1467 corpora

102 1484 275 1555 requiescunt
299 1484 326 1538 iu
357 1485 499 1555 sepulcris,
527 1493 554 1540 et
579 1484 675 1540 animur
703 1501 765 1541 cum
789 1487 896 1542 Christo

102 1581 174 1629 suut.
199 1575 345 1641 Propterea
364 1573 391 1627 iu
414 1572 492 1628 altari
512 1573 572 1628 duae
599 1584 690 1644 partes
726 1579 896 1628 reservantur

954 519 988 574 ad
1004 513 1143 571 veritatem
1157 510 1255 579 caruis,
1271 510 1339 566 fides
1352 511 1463 567 interior
1479 531 1486 567 z
1503 515 1536 568 ad
1551 515 1679 576 virtutem
1694 537 1756 593 gra·

955 602 1163 676 tiaespiritualis,
1180 600 1297 657 charitas
1312 601 1447 671 superior.
1473 602 1598 674 Speciem
1616 609 1693 678 partis
1713 625 1756 667 ro·

953 699 993 754 dit
1008 692 1154 767 aliquando
1169 706 1248 747 sorex
1262 690 1456 762 parvissimus:
1472 690 1634 748 christianus
1650 695 1753 771 [suppl.

952 781 1104 854 veritatem]
1118 779 1216 852 recipit
1231 779 1314 834 etiarn
1334 779 1470 850 pessimus
1486 794 1492 832 :
1508 779 1638 835 virtutem
1656 782 1751 853 gratiae

953 871 1100 944 spiritualis
1112 867 1222 925 nonnisi
1245 867 1453 939 predestinatus
1478 869 1582 939 recipit.
1605 868 1684 938 Quod
1701 872 1750 927 ita·

953 977 1006 1033 que
1019 960 1152 1027 videmus,
1167 959 1272 1028 species
1289 966 1329 1013 est
1345 958 1420 1029 panis
1439 965 1466 1014 et
1488 958 1553 1014 viui.
1570 958 1648 1028 Quod
1663 967 1752 1015 autem

951 1051 1004 1106 sub
1018 1047 1107 1120 speeie
1121 1046 1165 1102 illa
1179 1045 1325 1108 credimus,
1341 1061 1434 1102 verum
1448 1062 1547 1117 corpus
1561 1054 1601 1103 est
1620 1054 1648 1104 et
1671 1064 1753 1105 verus

952 1137 1050 1194 Christi
1061 1133 1183 1206 sanguis,
1193 1133 1267 1206 quod
1282 1132 1411 1204 pependit
1425 1132 1453 1187 in
1468 1148 1558 1202 cruce,
1574 1143 1602 1190 et
1617 1135 1663 1206 qui
1678 1135 1757 1192 lluxit

952 1227 986 1281 do
1002 1228 1093 1281 latere.
1111 1222 1243 1280 Comestio
1272 1222 1360 1292 itaque
1384 1222 1599 1291 sacramentalis,
1625 1232 1754 1294 quantum

952 1317 985 1371 ad
998 1314 1130 1372 visibilem
1145 1312 1272 1384 speciem,
1288 1320 1314 1367 et
1325 1319 1458 1383 quantum
1478 1312 1511 1366 ad
1526 1313 1649 1384 corperis
1664 1312 1756 1369 Chris·

952 1405 986 1460 sti
1000 1404 1153 1469 veritatem,
1170 1402 1296 1457 convenit
1313 1400 1392 1457 bouis
1417 1407 1444 1455 et
1459 1401 1537 1455 malis
1561 1403 1750 1459 communiter.

951 1496 1002 1552 Sed
1019 1504 1060 1550 est
1073 1494 1125 1549 alia
1139 1491 1278 1558 comestio,
1302 1492 1372 1548 sicut
1383 1492 1438 1561 jam
1463 1490 1599 1563 diximus,
1616 1494 1751 1549 bonorum

951 1582 1135 1647 solummodo,
1151 1597 1212 1651 quae
1241 1596 1289 1650 per
1302 1580 1351 1635 Dei
1365 1579 1491 1651 gratiam,
1507 1590 1534 1637 et
1551 1596 1601 1650 per
1613 1580 1696 1637 tinem
1717 1597 1749 1638 ex

98 1660 894 1734 elilacalissssmstllllslssxlfflP⁸⁸⁵i⁰1¹01ssitlt¹i³b0⁸lij³m
914 1648 936 1723 Β
953 1671 1095 1727 dilectione
1114 1677 1270 1740 operantem
1294 1670 1356 1725 vitta
1377 1667 1503 1722 meritum
1527 1666 1619 1740 eflicit,
1640 1678 1668 1724 et
1682 1669 1753 1726 aile-

99 1749 204 1804 nullum
219 1752 336 1806 sentiunt
350 1750 481 1816 dolorem,
508 1751 633 1822 quoniam
648 1753 698 1806 hac
713 1749 805 1823 priora
824 1759 898 1807 tran·

100 1839 212 1896 sierunt.
225 1839 315 1895 Tertia
329 1839 428 1909 portio,
445 1854 526 1910 quam
540 1840 568 1894 iu
583 1840 744 1912 sanguinem
760 1838 896 1911 ponimus,

99 1926 172 1981 illum
188 1933 288 1996 partem
312 1928 441 1985 Ecclesiae
462 1928 604 1998 siguificat,
629 1944 690 2002 ιιι
719 1928 829 1986 calicem
844 1931 899 1986 Do·

100 2014 167 2070 mini
181 2013 258 2080 bibit,
275 2017 301 2071 id
316 2025 358 2071 est
370 2016 470 2072 Christi
486 2017 640 2088 passionem
654 2016 785 2073 imitatur.
796 2017 847 2074 Cui
869 2017 897 2074 in

98 2103 237 2177 Apostolis
251 2105 392 2161 abomiuo
403 2106 505 2162 dictum
520 2115 580 2163 est:
595 2108 625 2161 ln
635 2123 680 2163 ute
688 2122 791 2179 pacem
800 2106 899 2166 haheo·

102 2194 311 2264 tis;ierrtarrdo
325 2211 488 2266 pressuram
503 2194 738 2266 habebitirllentr.
759 2211 813 2260 xvv,
839 2198 896 2266 33).

138 2285 182 2338 tt.
210 2282 294 2351 Odor,
310 2284 425 2355 speeies,
447 2299 538 2354 sapor,
564 2283 671 2356 pondus
694 2292 834 2349 remanent
861 2284 897 2339 ad

100 2372 219 2442 mysterii
234 2375 325 2441 ritum,
343 2382 369 2428 et
383 2373 416 2426 ad
431 2380 528 2442 gustus
554 2371 728 2444 suffragium,
753 2379 783 2427 ut
797 2373 895 2429 ltorror

100 2459 207 2530 penitus
230 2461 347 2527 tollatur,
381 2469 408 2516 ιι
430 2460 553 2518 meritum
573 2461 713 2518 sortiatur.
738 2461 843 2516 Etenim
863 2477 897 2517 ne

99 2551 217 2605 humana
232 2548 372 2606 infirmitas
386 2566 463 2606 esum
483 2549 574 2607 carnis
595 2558 622 2606 et
637 2557 730 2621 potum
755 2548 896 2621 sanguinis

100 2639 127 2694 in
146 2640 300 2710 sumptione
327 2639 458 2705 horreret,
485 2638 608 2695 Christus
627 2637 710 2696 velari
737 2647 764 2694 et
792 2636 894 2710 palliari

100 2728 144 2783 illa
159 2727 214 2782 duo
232 2728 319 2783 voluit
333 2727 478 2799 speciebus
500 2728 579 2799 panis
608 2727 719 2793 etvini,
741 2743 803 2798 quae
826 2726 895 2783 inter

99 2815 208 2871 humani
224 2818 334 2890 generis
348 2816 476 2873 victualia
493 2816 692 2888 quodammodo
709 2821 801 2872 tenent
820 2816 894 2884 prin·

953 1767 1012 1815 ctus
1025 1759 1155 1814 mentium
1180 1757 1208 1812 in
1222 1757 1352 1813 cordibus
1385 1756 1592 1827 percipientium
1612 1757 1656 1814 vel
1676 1758 1756 1812 mini·

954 1847 1108 1917 strandum,
1130 1845 1313 1902 intercedente
1334 1843 1467 1914 spirituali
1482 1851 1509 1899 et
1523 1843 1656 1901 subtiliori
1686 1862 1755 1916 qua·

953 1940 1015 1991 dam
1028 1936 1128 1992 unione
1141 1935 1237 2006 capitis
1251 1938 1278 1988 et
1306 1932 1499 1988 membrorum.
1511 1931 1589 1990 Unde
1607 1940 1649 1989 est
1664 1933 1732 1990 illud
1747 1948 1754 1990 :

951 2047 967 2080 a
986 2025 1020 2081 Ut
1035 2023 1115 2080 nobis
1128 2022 1174 2078 hat
1192 2037 1292 2091 corpus
1307 2030 1334 2078 et
1349 2020 1462 2091 sanguis
1478 2020 1539 2076 Filii
1555 2019 1604 2088 tui,
1621 2021 1746 2091 »Nobis

952 2113 1049 2185 inquit,
1066 2111 1123 2168 liat.
1144 2110 1186 2167 Fit
1214 2111 1287 2166 euim
1311 2110 1404 2180 procul
1427 2108 1512 2166 dnbio
1528 2125 1628 2180 corpus
1646 2109 1755 2168 Domini

951 2201 980 2257 iu
996 2217 1091 2257 mensa
1105 2200 1197 2255 altaris
1207 2214 1326 2270 semper,
1339 2213 1401 2254 cum
1414 2196 1538 2254 solemne
1553 2197 1619 2253 illud
1629 2199 1752 2255 celebra·

952 2299 995 2347 tur
1009 2288 1168 2360 mysterium
1181 2286 1349 2345 ritudebito:
1364 2286 1410 2342 sed
1421 2301 1475 2342 uon
1481 2302 1587 2360 semper
1602 2287 1642 2342 eis
1653 2286 1692 2354 lit,
1704 2304 1754 2358 per

951 2394 1019 2450 quos
1034 2377 1072 2432 lit.
1087 2375 1163 2432 Unde
1176 2375 1242 2430 illud
1259 2376 1323 2431 item
1332 2374 1360 2429 iu
1375 2374 1482 2430 Canoue
1496 2393 1503 2429 ε
1518 2374 1577 2430 «ιιι
1590 2387 1711 2447 quoquot
1719 2391 1752 2432 ex

952 2468 1001 2523 hac
1035 2465 1126 2522 altaris
1154 2463 1355 2535 participatione
1384 2464 1588 2520 Sacramentum
1623 2463 1683 2520 Filii
1709 2464 1748 2519 tui

951 2554 1159 2627 sumpserimus,
1183 2552 1257 2611 omni
1284 2551 1473 2608 benedictione
1489 2552 1594 2609 coelesti
1621 2559 1648 2608 et
1663 2552 1752 2625 gratia

950 2648 1101 2716 repleamur
1114 2656 1158 2711 tex
1175 2645 1287 2701 Conone
1312 2643 1448 2713 deant.»
1477 2641 1535 2698 Nou
1558 2641 1631 2698 enirn
1654 2657 1750 2699 omues

949 2734 995 2807 qui
1014 2749 1115 2807 corpus
1133 2732 1240 2789 homiui
1255 2738 1366 2787 sumunt
1380 2746 1412 2787 ex
1427 2731 1635 2802 participatione
1645 2731 1749 2801 altaris,

949 2822 1124 2893 spiritualiter
1143 2821 1190 2877 illa
1211 2820 1399 2878 benedictione
1426 2820 1528 2876 coelesti
1542 2826 1571 2875 et
1599 2821 1687 2891 gratia
1703 2834 1747 2875 re·

99 2904 229 2977 cipetum.
245 2906 315 2960 Num
331 2906 363 2961 ad
379 2905 494 2961 litteram
514 2905 624 2979 quidem
638 2921 695 2976 prae
713 2904 781 2962 cibis
802 2903 893 2961 omni·
912 2916 933 2996 c
951 2910 1075 2981 plentur:
1092 2910 1169 2966 Unde
1186 2918 1227 2967 est
1238 2909 1315 2975 illud,
1326 2930 1337 2961 ι
1350 2907 1660 2980 thuodtemporaliter
1673 2908 1750 2981 geri-

99 2994 150 3049 bus
160 3009 206 3050 cor
221 2994 339 3050 hominis
362 2992 503 3052 coufirmat
528 2995 617 3065 panis,
637 3001 664 3049 ct
686 2993 778 3050 vinum
807 2992 895 3049 laetili-
949 3015 1020 3070 mus,
1032 2999 1140 3056 aeternis
1150 2999 1257 3071 gaudiis
1270 3013 1488 3069 consequamur:
1506 3018 1517 3049 ι
1530 2998 1604 3065 item,
1619 2999 1676 3054 «Ut
1687 3011 1748 3069 quae

99 3089 152 3141 cat.
167 3083 212 3137 Sic
227 3082 317 3156 itaque
332 3099 430 3155 eorpus
444 3092 471 3140 ιι
489 3083 646 3159 sanguinem
661 3099 740 3139 suum
763 3082 895 3138 sumenda
952 3087 1103 3143 visibilibus
1129 3085 1264 3158 mysteriis
1284 3074 1420 3142 sumenda
1447 3084 1629 3159 percepimus,
1655 3085 1747 3143 invisi·

99 3172 250 3243 proposuit,
262 3180 291 3228 ut
306 3189 402 3229 seusus
415 3173 443 3229 in
454 3188 508 3229 uuo
520 3172 657 3229 levaretur
667 3189 675 3240 ;
687 3171 714 3227 in
728 3173 811 3228 altero
826 3171 895 3226 fides
950 3177 996 3232 bili
1034 3191 1233 3248 consequamur
1255 3174 1355 3232 ellectu
1379 3175 1418 3247 (in
1443 3177 1519 3234 Orat.
1536 3191 1668 3232 commun
1683 3173 1693 3246 )
1710 3188 1716 3228 ;
1735 3195 1747 3224 s

98 3260 286 3319 aedificaretur.
299 3262 417 3319 Fovetnr
434 3263 505 3317 enim
531 3278 629 3318 seusus
645 3263 673 3317 in
688 3277 752 3330 ιιι,
767 3261 831 3316 dum
847 3277 894 3317 ιι·
950 3275 976 3321 ιι
991 3264 1075 3321 multa
1093 3265 1121 3320 in
1137 3267 1210 3320 hunc
1224 3264 1344 3320 modum.

97 3350 256 3408 litatantum
275 3360 302 3408 et
317 3359 445 3408 consueta
457 3351 587 3422 prospicit
602 3370 608 3405 :
625 3350 774 3405 aedificatur
792 3348 895 3404 didesia
987 3352 1210 3424 tenaciterque
1238 3351 1441 3407 Sacramentum
1470 3350 1504 3406 ab
1523 3354 1625 3406 eterna
1644 3348 1745 3419 reposi-

97 3443 192 3507 altero,
210 3442 275 3496 dum
286 3441 464 3498 oculocaruis
475 3440 582 3497 vidente
596 3439 670 3494 aliud
685 3437 815 3502 exterius,
826 3451 895 3493 ocu·
951 3447 1016 3510 tunt,
1032 3440 1141 3496 diabolo
1156 3440 1279 3498 celatum.
1303 3438 1446 3511 Prophetis
1464 3438 1623 3508 revelatum,
1647 3436 1747 3493 sollici·

99 3531 141 3587 lus
155 3532 244 3586 cordis
259 3529 328 3585 aliud
355 3527 442 3586 sensit
458 3536 485 3583 et
499 3535 639 3584 reveretur
667 3527 788 3582 interius.
812 3524 894 3580 Aliud
951 3528 1036 3586 tudini
1051 3527 1302 3594 vestraecreditum,
1316 3526 1409 3583 debita
1424 3534 1466 3582 est
1480 3525 1626 3599 gratiarum
1638 3523 1744 3580 actione

98 3620 169 3676 enim
190 3620 263 3689 latet,
276 3619 348 3674 aliud
363 3626 447 3691 patet.
464 3615 558 3675 Posuit
572 3616 643 3672 onim
660 3614 784 3671 tenebras
797 3613 896 3670 latibu·
951 3617 1177 3689 prosequendum.
1200 3616 1224 3673 Ο
1248 3627 1362 3682 sacrum,
1382 3630 1398 3672 o
1429 3615 1541 3673 coeleste
1568 3613 1745 3670 ministerium

98 3709 151 3764 lum
185 3725 261 3763 suum
278 3708 364 3781 (Paul.
384 3724 452 3780 ιιι,
492 3707 547 3779 lt).
577 3703 810 3774 Quemadmodum
824 3701 896 3759 enim
951 3703 1746 3780 vestrum,laudabiledesiderium,insiguespoctaenlum

97 3798 203 3870 species
214 3798 269 3853 illic
285 3799 418 3863 virleutur,
438 3812 555 3871 quorum
569 3812 613 3853 res
627 3794 671 3852 vel
686 3794 844 3850 substantiae
856 3791 894 3848 ibi
950 3797 1072 3854 solemne
1083 3797 1243 3853 miraculum
1258 3794 1264 3850 l
1279 3798 1354 3852 Deus
1378 3794 1424 3868 qui
1439 3794 1569 3851 mirabilis
1582 3800 1622 3850 est
1638 3792 1665 3848 in
1685 3808 1746 3847 om·

97 3902 218 3944 essenon
227 3885 398 3956 'creduntur3
414 3887 453 3944 sic
475 3903 518 3944 res
532 3885 665 3944 veraciter
689 3893 716 3940 et
731 3884 893 3939 substautia-
949 3887 1037 3957 uibus,
1062 3902 1092 3943 se
1115 3886 1174 3958 ipso
1203 3895 1276 3943 certe
1302 3883 1452 3943 mirabilior
1480 3890 1609 3956 quantum
1637 3881 1671 3936 ad
1698 3896 1748 3937 vos

98 3975 158 4029 liter
173 3975 301 4042 ereditur,
316 3976 397 4044 cujus
415 3976 520 4046 speeies
541 3990 596 4032 nou
622 3973 752 4031 cernitur.
780 3971 895 4029 Videtur
949 3975 1111 4047 ostenditur,
1125 3976 1191 4033 dum
1206 3974 1373 4032 mirabiliora
1389 3990 1437 4047 per
1448 3989 1496 4030 vos
1519 3982 1656 4045 operatur.
1673 3968 1747 4040 Quid

97 4064 171 4118 enirn
186 4064 291 4132 species
310 4063 388 4134 panis
402 4071 429 4119 et
449 4064 520 4134 vini;
551 4069 579 4119 et
606 4061 757 4121 substantia
772 4061 853 4133 ponis
868 4064 895 4115 et
948 4065 1282 4138 pturatsaeerdotesbei,
1295 4063 1582 4131 benediciteDomino‚
1594 4063 1677 4136 digua
1690 4062 1747 4118 Deo

99 4151 152 4206 vini
169 4165 222 4206 uon
247 4151 376 4207 ereditur.
401 4151 526 4207 Creditur
549 4161 637 4209 autem
659 4150 809 4209 substantia
834 4164 894 4205 eor·
911 4191 935 4269 u
952 4164 1112 4228 satagentes,
1129 4172 1163 4210 ue
1187 4155 1265 4212 vobis
1279 4153 1325 4209 liat
1339 4155 1367 4210 in
1382 4153 1501 4220 ruinam,
1515 4154 1588 4222 quod
1601 4151 1684 4220 digne
1698 4167 1747 4205 su-

98 4239 172 4311 peris
187 4247 213 4295 et
235 4237 375 4312 sanguinis
392 4238 507 4306 Christi3
540 4247 567 4295 et
589 4246 681 4296 tanam
708 4240 811 4311 species
840 4253 894 4294 nou
952 4245 1088 4300 mentibus
1103 4242 1240 4314 provisum
1259 4250 1301 4298 est
1316 4241 1348 4296 ad
1365 4239 1506 4296 medelam.
1524 4239 1685 4295 Sacerdotes
1700 4238 1751 4294 Dei

97 4329 226 4386 Gemitus·
243 4328 406 4399 PP⁰P0¹¹Uur
419 4327 502 4399 igliur
526 4327 632 4400 Sl)ieies
650 4327 728 4399 panis
741 4335 769 4383 el
783 4325 848 4392 Vini,
866 4333 895 4381 ιιι
951 4344 1004 4387 ιιι
1018 4330 1155 4386 immerito
1171 4346 1218 4385 ros
1233 4328 1359 4399 dixerim,
1376 4329 1398 4383 si
1410 4324 1530 4383 vixeritis
1544 4324 1752 4383 sacerdotaliter

97 4421 222 4475 doceatur
238 4417 318 4489 plena
332 4426 359 4474 ιι
374 4417 491 4490 perlecta
506 4415 685 4473 essereiectio
698 4417 726 4471 iu
739 4416 896 4485 sumptione
950 4419 977 4474 in
991 4419 1073 4473 domo
1088 4410 1276 4474 hemintllou
1292 4415 1364 4470 euim
1377 4415 1505 4486 provenit
1518 4413 1639 4486 dignitas
1655 4414 1682 4468 iu
1697 4413 1749 4468 hoc

96 4506 355 4581 ssncot'pOPisei
374 4506 515 4581 sauguinis
539 4504 646 4574 ChrisiI,
675 4505 756 4576 plena
784 4499 896 4557 l'eit‘clio
949 4507 1071 4576 nomine,
1088 4507 1160 4576 quod
1173 4513 1214 4560 est
1229 4503 1375 4559 Sacerdos,
1390 4503 1463 4573 Non,
1490 4502 1612 4573 inquam,
1646 4518 1679 4558 01
1705 4517 1751 4557 tto·

96 4597 147 4653 cibi
163 4605 188 4652 et
204 4604 294 4668 potus.
311 4597 369 4653 cibi
384 4606 473 4653 autem
490 4601 515 4652 ιι
529 4603 610 4667 potus
624 4590 784 4652 substantia
800 4589 896 4662 princi·
949 4594 1035 4660 mine,
1050 4595 1096 4649 sed
1116 4608 1148 4649 ex
1166 4592 1264 4649 virtute
1279 4608 1287 4660 ;
1316 4587 1546 4656 couversatione,
1561 4605 1615 4646 non
1639 4588 1750 4657 olficio;

97 4688 168 4758 pales
181 4695 243 4743 srmt
255 4687 333 4759 panis
353 4696 379 4743 et
393 4687 495 4744 viuum.
950 4681 1058 4749 merito,
1083 4695 1137 4737 nou
1160 4677 1293 4737 vocabulo
1308 4696 1316 4747 ;
1332 4678 1491 4747 sanctitate,
1507 4694 1562 4736 uon
1586 4677 1746 4738 ministerio.

133 4780 176 4832 td.
193 4776 264 4832 Cum
284 4783 372 4833 autern
386 4792 471 4834 unum
493 4776 528 4832 sit
546 4774 760 4838 Sacramentum,
785 4773 837 4831 tria
857 4776 895 4832 ibi
948 4770 1026 4829 Unde
1057 4769 1190 4841 scriptura
1210 4769 1294 4825 dicit:
1313 4790 1324 4821 ι
1342 4768 1529 4825 Sacerdotalcs
1551 4767 1626 4826 viros
1647 4767 1747 4841 quaeri·

95 4864 213 4921 discreta
228 4874 428 4938 proponuntur,
443 4862 660 4935 scilicctspeoies
677 4861 805 4932 visibilis,
821 4865 891 4921 veri·
948 4876 1019 4930 mus,
1035 4858 1081 4932 qui
1105 4860 1198 4931 plures
1213 4858 1343 4915 babemus
1366 4858 1534 4914 sacerdotes.
1552 4878 1563 4910 ι
1581 4857 1687 4924 Ριιιιι,
1702 4855 1747 4911 in·

95 4961 135 5009 tas
149 4954 281 5025 eorporis,
300 4960 326 5007 ιι
346 4954 430 5010 virtus
457 4953 549 5025 gratita
577 4951 738 5023 spiritualis.
754 4952 836 5010 Aliud
852 4962 893 5010 est
949 4965 1041 5021 quarn,
1062 4965 1185 5016 numero,
1209 4965 1263 5006 non
1279 4947 1390 5018 urerito;
1412 4947 1595 5019 simulatione,
1609 4960 1664 5002 non
1683 4944 1747 5014 lide,

95 5034 331 5114 speciesvisibills,
345 5059 405 5113 epure
420 5042 560 5098 visibiliter
583 5041 724 5096 cernitur:
748 5040 822 5097 aliud
844 5060 893 5100 ve·
949 5039 1048 5111 specie,
1066 5055 1119 5097 uon
1133 5040 1248 5109 virtute3
1260 5038 1450 5096 commixtione
1459 5037 1605 5109 corporali,
1622 5051 1676 5093 non
1686 5034 1749 5091 vin·

95 5132 298 5204 ritascorporis
329 5147 390 5204 quas
418 5133 470 5188 sub
494 5130 701 5201 visibilispecie
724 5130 895 5192 invisibiliter
948 5129 1174 5201 culospirituali;
1190 5129 1279 5187 caruis
1298 5128 1482 5199 adjunctione,
1507 5142 1562 5183 uon
1580 5124 1748 5182 eordisuni-
1782 5123 1786 5128 ’

95 5220 231 5277 creditur:
247 5227 328 5291 atque
351 5218 422 5273 aliud
445 5218 532 5291 gratia
556 5218 719 5291 spiritualis,
748 5234 810 5290 quae
830 5233 892 5276 cum
948 5225 1012 5276 tate.
1028 5220 1097 5277 Sunt
1110 5220 1183 5276 euim
1199 5218 1260 5275 lotis
1280 5218 1417 5288 manibus,
1443 5225 1534 5272 tamen
1558 5215 1641 5272 illotis
1655 5215 1746 5289 operi·

93 5323 208 5379 corpore
219 5318 246 5364 et
260 5309 390 5380 sanguine
413 5308 556 5364 visibiliter
578 5314 606 5363 ιι
634 5307 808 5376 spiritualiter
829 5323 893 5382 per·-
948 5309 1001 5366 hus
1016 5317 1127 5366 cruenta
1141 5305 1308 5365 conscientia
1333 5307 1368 5362 ad
1394 5305 1484 5365 diviua
1511 5305 1641 5371 accedunt
1656 5305 1744 5362 saeri-

93 5397 195 5470 cipitur
208 5414 224 5453 a
238 5397 301 5453 solis
315 5398 396 5468 digne
425 5395 699 5456 communicantibus.
715 5396 780 5453 Tria
794 5398 894 5470 quippe
947 5396 1010 5455 licia
1026 5416 1033 5455 :
1052 5395 1199 5454 comedunt
1213 5396 1271 5452 siue
1283 5395 1379 5451 timore
1403 5402 1431 5451 et
1444 5393 1505 5452 sine
1514 5395 1667 5452 reverentia
1681 5411 1742 5452 car·

93 5487 121 5543 in
134 5488 307 5546 sacramento
321 5486 412 5544 altaris
432 5486 570 5546 attendere
586 5485 670 5544 debes
684 5498 693 5544 :
707 5484 829 5559 speciem
840 5503 893 5561 pa·
946 5503 997 5547 nes
1005 5488 1085 5561 Agri,
1097 5486 1143 5560 qni
1153 5483 1281 5560 presidet
1289 5487 1317 5543 in
1330 5483 1409 5554 coelo,
1420 5482 1491 5544 sieut
1499 5499 1596 5545 carues
1608 5502 1668 5562 quae
1679 5499 1741 5545 ven·
