3706 5962
164 193 217 256 319
683 188 685 193 ’
781 191 934 253 ambolus
955 187 1206 251 clafubsuusts
1304 202 1307 207 ’
1369 210 1372 215 ’
1756 183 1813 246 320

164 320 227 376 tiam
243 319 317 381 vicit,
336 316 457 390 quandiu
478 327 571 373 tamen
594 315 650 372 veri
666 317 731 372 boni
753 294 1316 404 6616666666-61161661161666616
1344 313 1399 368 vult
1426 311 1518 366 doceri
1548 326 1610 365 cum
1645 308 1809 371 bumilitate.

163 408 304 480 piscantia,
321 407 364 463 161
388 407 477 474 major
501 405 646 461 delectatio
673 412 794 462 mentem
817 406 878 474 ejus
902 419 955 460 non
1013 403 1097 474 qnaeri
1112 420 1172 458 cum
1200 403 1304 466 labore,
1330 400 1423 456 baberi
1443 415 1504 454 cum
1528 412 1632 452 amore.
1652 398 1723 451 Nam
1746 413 1808 452 eum

163 495 319 561 obtinuerit,
335 509 398 550 oum
413 508 495 549 exosa
509 494 626 565 6661166
640 493 789 564 voluptate,
804 500 954 566 gestorum,
1011 490 1139 546 omnibus
1157 489 1200 546 his
1214 490 1298 563 digna
1321 489 1369 554 sit;
1393 503 1444 543 nec
1464 486 1551 554 611166,
1578 484 1620 540 rel
1644 483 1751 553 doceri,
1768 484 1810 539 vel

163 585 281 640 visorum
298 581 341 638 vel
355 583 508 638 auditorum
520 582 621 652 patitur
634 580 844 655 imaginationes
859 599 866 635 ε
882 580 955 636 unde
1010 579 1104 649 qoaeri,
1120 579 1161 635 vel
1176 578 1271 634 baberi
1290 585 1389 649 potest.

162 682 190 725 tn
205 679 321 742 utroque
336 669 421 726 lumbi
435 668 519 727 9oe
533 670 681 741 implentur
694 669 864 724 illusionibus
882 669 956 724 dele·
1311 683 1425 740 666166
1444 682 1503 738 vn,

163 759 328 826 stationum,
352 767 380 815 et
402 760 436 814 ad
454 759 601 832 cogitanda
623 758 715 814 diviua
741 758 783 814 vel
808 757 956 828 spiritualia
1011 775 1167 846 3025qu
1177 771 1462 837 mmmmm&
1476 770 1670 841 cremum
1681 771 1808 842 prmum

163 847 255 903 lumen
269 861 378 904 suorum
393 847 543 914 oculorum,
558 856 585 902 et
601 848 687 919 ipsum
703 863 757 903 non
779 853 820 901 est
834 861 926 902 secum
949 861 955 897 :
1331 843 1480 898 doeendus.

164 935 209 1004 qui
223 951 285 989 cum
299 942 403 1007 pugnat
416 945 511 991 contra
526 935 771 1006 concupiscentias,
788 935 887 1005 patitur
903 948 958 989 mo
1048 936 1089 987 ta.
1108 933 1225 987 Primum
1241 933 1332 1001 itaque
1346 929 1487 985 docendus
1498 938 1526 983 et
1539 928 1616 983 rudis
1635 928 1722 983 incola
1743 944 1806 983 ere·

165 1019 955 1095 Ι661166;661611666666611666666661616161166616-
1010 1021 1057 1085 mi,
1083 1021 1232 1075 secundum
1257 1018 1432 1089 apostolicam
1455 1016 1530 1072 Pauli
1552 1015 1809 1083 1661116116666,61

163 1119 235 1166 ctum
250 1110 419 1167 affectiones.
434 1111 486 1179 Qui
501 1126 565 1166 vero
585 1111 640 1178 jam
660 1110 693 1164 ad
712 1109 867 1165 libertatern
882 1107 956 1179 aspi·
1010 1109 1135 1164 exhibeat
1154 1123 1253 1179 corpus
1269 1123 1347 1162 suum
1362 1106 1484 1162 1611166
1499 1105 1648 1169 uiuentem,
1664 1110 1804 1169 1666166,

165 1207 215 1265 rat,
231 1208 391 1256 excuteres
405 1214 434 1254 se
448 1215 503 1255 non
518 1206 610 1270 potest
628 1197 800 1252 affectionum
821 1196 956 1268 imagina-
1010 1200 1069 1256 Deo
1080 1198 1252 1270 placentem,
1278 1195 1449 1253 rationabile
1469 1194 1633 1266 obsequium
1646 1209 1735 1249 suum.
1754 1192 1807 1263 Qui

165 1288 263 1353 tiones,
278 1295 306 1343 et
325 1288 420 1343 noxias
434 1287 477 1342 vel
500 1285 687 1355 occupatorias
710 1285 752 1340 vel
768 1285 879 1350 otiosas,
896 1301 958 1356 6666
1012 1287 1092 1342 61166
1106 1302 1285 1358 compescens
1298 1285 1326 1340 in
1341 1283 1442 1339 novitio
1462 1283 1569 1338 fervore
1584 1280 1709 1337 66166116
1722 1281 1808 1337 borni-

164 1375 263 1431 exinde
276 1376 377 1446 passim
393 1376 526 1439 oriuntur,
543 1375 734 1448 cogitationes.
750 1374 818 1429 Hine
836 1374 862 1428 in
885 1382 957 1427 tem-
1012 1375 1065 1444 nis,
1094 1373 1140 1446 qni
1163 1372 1283 1428 nondum
1308 1371 1425 1444 percipit
1440 1386 1472 1426 66
1487 1385 1548 1441 666
1573 1368 1623 1424 1161
1642 1368 1804 1433 sunt‚circa

165 1479 231 1533 pore
245 1465 401 1535 psalmodiae
416 1464 458 1519 vel
472 1464 613 1527 orationis,
627 1470 841 1535 caeterorumque
855 1463 958 1519 exerci-
1012 1462 1161 1534 spiritualia
1171 1461 1302 1516 acdirina
1311 1473 1515 1532 praeproperam
1529 1465 1556 1513 et
1569 1457 1706 1514 curiosam
1717 1458 1806 1528 inqui·

165 1551 261 1605 tiorum
276 1550 470 1623 spiritualium,
487 1551 514 1604 in
532 1550 615 1606 corde
637 1549 709 1605 servi
720 1549 791 1614 1161,
810 1551 891 1605 etiam
906 1564 957 1604 no·
1012 1548 1148 1619 sitionem,
1165 1548 1305 1618 subjunxit
1319 1547 1433 1603 dicens:
1449 1548 1515 1602 Dico
1530 1545 1610 1601 enim
1622 1563 1675 1617 per
1682 1545 1807 1616 qratiam

165 1638 245 1692 lentis
272 1647 300 1693 et
324 1638 490 1702 reluctantis,
520 1638 727 1708 imaginationes
753 1637 907 1702 volvuntur,
931 1647 959 1692 et
1013 1637 1062 1694 Dei
1076 1654 1137 1709 quoe
1146 1638 1215 1692 dota
1230 1640 1271 1693 est
1286 1636 1366 1703 mibi,
1382 1637 1510 1693 omnibus
1520 1635 1568 1706 qui
1581 1639 1650 1690 suut
1658 1635 1735 1689 inter
1749 1650 1806 1696 uns,

165 1728 353 1795 phantasmata
366 1727 561 1797 cogitationum
578 1735 720 1782 versantur
735 1744 742 1779 :
759 1727 896 1798 aquibus,
912 1742 958 1781 ve·
974 1696 997 1773 Β
1014 1742 1069 1781 666
1081 1727 1252 1796 plussnpere
1262 1741 1348 1796 quom
1358 1728 1468 1793 oportet
1479 1738 1586 1795 sapere,
1601 1721 1808 1794 6611666661

165 1814 203 1867 lut
217 1814 251 1868 ab
267 1814 362 1869 avibus
375 1813 521 1870 immundis
532 1814 722 1870 insidentibus
742 1814 785 1869 vel
803 1814 957 1870 circumvo—
1012 1813 1193 1869 sobrietatem
1211 1814 1301 1881 (Rom.
1320 1828 1368 1877 111,
1386 1817 1411 1878 1,
1432 1811 1557 1881 310616
1576 1810 1649 1864 enim
1663 1809 1752 1865 omnis
1766 1809 1807 1863 161

165 1900 292 1968 lantibus,
308 1902 471 1958 sacrificium
491 1901 641 1958 devotionis
663 1901 706 1956 vel
726 1903 836 1958 omnino
856 1903 960 1974 rapitur
1013 1901 1150 1973 praecipue
1175 1899 1298 1956 animalis
1321 1899 1437 1955 bominis
1462 1898 1594 1954 institutio
1617 1897 1690 1953 circa
1707 1913 1807 1968 corpus

164 1989 198 2044 de
213 2005 294 2045 mauu
320 1989 448 2058 tenentis,
469 1989 511 2044 vel
526 2005 600 2060 saepe
622 1988 751 2059 polluitur
766 2005 852 2060 usque
871 1991 904 2042 611
921 1989 959 2044 la·
1013 1998 1100 2045 estet
1123 1988 1266 2045 exterioris
1281 1988 1397 2044 bominis
1419 1986 1652 2060 compositionem,
1668 1984 1807 2042 ducendus

164 2093 272 2148 crymas
287 2077 439 2133 offerentis.
456 2078 550 2149 Fitque
570 2076 732 2133 miserabilis
746 2085 772 2132 61
795 2077 889 2151 161666
906 2078 958 2131 mi·
1013 2087 1056 2135 est
1070 2076 1267 2134 rationabiliter
1280 2076 1445 2133 mortificare
1464 2090 1564 2147 corpus
1578 2091 1668 2139 suum,
1683 2083 1712 2130 61
1725 2090 1807 2130 mem·

163 2181 233 2221 serae
247 2165 345 2221 animae
364 2165 479 2234 divisi03
496 2164 592 2237 spiritu
615 2175 644 2221 et
666 2168 770 2223 ratione
793 2167 959 2223 voluntatem
1013 2168 1063 2223 bra
1077 2182 1136 2231 sua,
1153 2183 1214 2238 quae
1225 2174 1288 2221 sunt
1302 2181 1383 2236 super
1398 2174 1509 2233 terram,
1525 2172 1552 2221 et
1568 2165 1637 2220 iuter
1651 2179 1761 2220 carnem
1775 2177 1807 2216 ae

164 2253 254 2308 cordis
275 2262 303 2308 et
327 2254 522 2320 intentionem,
537 2263 565 2309 61
587 2256 710 2324 corporis
732 2256 784 2311 sibi
805 2262 959 2326 promptum
1014 2252 1357 2327 66161166,66661661666
1377 2253 1481 2327 jugiter
1495 2252 1636 2308 adversum
1652 2268 1682 2308 se
1702 2266 1806 2308 concu-

164 2342 324 2414 obsequium
349 2343 516 2398 defendente
533 2360 540 2396 6
564 2343 673 2398 animali
696 2360 761 2401 vero
785 2344 960 2415 improbitate
1012 2344 1130 2415 piseunt,
1141 2343 1244 2412 justum
1259 2341 1372 2396 rationis
1385 2357 1417 2396 ac
1431 2340 1604 2397 discretionis
1619 2341 1720 2395 babere
1732 2338 1806 2410 judi·

165 2429 217 2482 sibi
231 2430 359 2485 affectum
374 2431 549 2502 praeripiente
563 2439 591 2486 et
605 2429 782 2500 intellectum,
798 2440 890 2487 mente
904 2447 959 2486 66-
1012 2430 1093 2497 6166,
1110 2446 1161 2486 666
1174 2429 1290 2499 alicujus
1304 2445 1398 2485 eorum
1417 2429 1445 2483 in
1458 2428 1560 2500 judicio
1575 2426 1667 2485 Μ
1679 2427 1805 2499 accipere

164 2518 223 2587 pins
244 2518 303 2573 sine
328 2518 418 2573 166616
432 2528 601 2575 remanente.
622 2520 691 2576 ilinc
710 2518 738 2575 in
759 2520 857 2575 animis
880 2519 959 2574 infir-
1014 2535 1168 2591 personam.
1192 2519 1337 2574 1166661166
1358 2528 1401 2573 661
1416 2519 1455 2574 616
1478 2518 1580 2573 habere
1602 2532 1702 2588 corpus
1716 2531 1804 2581 snum,

164 2605 303 2670 mioribus,
319 2613 346 2660 61
360 2606 387 2660 16
403 2606 501 2678 quibus
519 2607 748 2679 concupiscentiae
764 2607 959 2663 6666166166-
1012 2609 1081 2664 sicut
1103 2616 1235 2681 egrotum
1257 2606 1488 2673 commandatum,
1513 2606 1557 2662 cui
1584 2606 1666 2661 etiam
1693 2605 1806 2659 multum

163 2693 217 2747 culi
232 2695 348 2749 necdum
364 2695 485 2764 perfecte
498 2693 668 2751 mortificatae
686 2704 764 2760 sunt,
780 2695 844 2751 vitia
858 2696 958 2767 passim
1013 2695 1114 2751 volenti
1129 2695 1234 2750 inutilia
1248 2703 1311 2750 suut
1325 2694 1463 2769 neganda,
1479 2695 1555 2750 utilia
1573 2709 1639 2749 vero
1657 2692 1739 2749 61166
1754 2708 1806 2747 no-

163 2779 328 2834 curicsitatis
338 2780 481 2835 ebulliunt.
493 2781 562 2836 ilinc
571 2781 725 2838 solitudinis
735 2791 763 2837 61
773 2782 873 2838 61166111
884 2800 958 2855 qua·
1012 2783 1079 2838 lenti
1092 2783 1252 2856 ingerenda.
1271 2783 1316 2838 Sic
1331 2783 1365 2838 de
1380 2799 1414 2838 66
1428 2797 1524 2856 agere,
1540 2782 1611 2839 sicut
1623 2782 1659 2836 de
1674 2798 1728 2836 nou
1745 2796 1804 2843 suo,

164 2875 259 2922 rnntur
278 2866 446 2934 inordinate,
462 2880 489 2923 et
503 2869 643 2940 proposito
656 2870 774 2926 inimicae
792 2870 957 2927 consolatio·
1012 2870 1060 2926 sed
1075 2870 1164 2940 ejusa
1180 2886 1234 2942 quo
1248 2871 1336 2942 pretio
1350 2886 1450 2945 magno
1465 2870 1550 2942 empti
1561 2886 1663 2935 sumus,
1684 2876 1713 2923 ut
1726 2868 1807 2942 glori-

164 2971 223 3023 nes,
239 2955 266 3009 in
280 2956 323 3010 via
342 2956 418 3028 regia
440 2958 623 3013 communium
637 2959 835 3014 institutionum
859 2960 957 3015 1661116
1012 2958 1124 3014 boemus
1134 2974 1197 3014 euru
1210 2959 1239 3014 iu
1252 2974 1367 3030 corpore
1381 2967 1475 3016 666166
1489 2961 1519 3025 (f
1533 2960 1594 3015 Cor.
1611 2975 1649 3023 11,
1665 2962 1721 3027 ab).
1738 2958 1808 3013 liur-

164 3043 280 3113 propriu
301 3042 445 3099 1616616116
465 3044 631 3110 diverticula,
648 3047 787 3103 solitorum
807 3046 954 3116 fastidium,
972 3054 993 3131 c
1011 3062 1124 3119 sumque
1135 3047 1275 3102 docendus
1289 3057 1330 3103 est
1341 3063 1448 3114 cavere,
1466 3048 1541 3121 quod
1556 3046 1691 3118 peccatori
1706 3045 1807 3118 populo

163 3131 340 3202 praesumptio
363 3133 538 3190 novimum:
563 3135 758 3206 6666611166
783 3136 847 3207 aegri
873 3137 955 3192 animi

164 3218 297 3288 pruritum
312 3226 340 3274 61
355 3218 473 3282 taedium,
489 3221 565 3292 66661
580 3222 765 3286 confricando,
783 3223 955 3278 videaturad

165 3307 258 3361 boram
282 3305 388 3377 lenire;
408 3308 457 3362 sed
480 3308 641 3365 calefaciunt
660 3319 688 3365 et
707 3311 870 3378 accendunt,
885 3321 912 3366 61
927 3321 955 3367 61

163 3403 259 3465 postea
273 3397 388 3468 nequius
401 3396 515 3461 ferveat,
526 3405 553 3453 61
569 3399 683 3470 amplius
698 3400 811 3470 pruriat,
824 3399 955 3456 efficiunt.

162 3483 231 3540 ilinc
245 3484 365 3555 quotidie
380 3484 449 3541 fiunt
465 3501 543 3542 nove
556 3487 760 3559 occupationes,
776 3503 853 3543 6616
868 3489 956 3544 aetio-

162 3588 227 3626 uum
251 3581 280 3627 et
303 3573 427 3628 laborum
443 3574 664 3642 adinventiones,
681 3575 814 3631 lectiones
827 3577 954 3646 diversae,

163 3674 217 3713 uon
229 3659 263 3712 ad
277 3660 464 3715 aedificandum
479 3663 609 3731 animum,
623 3664 672 3717 sed
689 3665 721 3717 ad
737 3664 884 3721 fallendum
900 3674 956 3720 tar·

162 3745 250 3800 dantis
265 3746 318 3801 diei
339 3747 470 3802 taedium:
494 3759 523 3804 ut
544 3766 605 3805 cum
630 3750 798 3805 damnaverit
821 3753 956 3809 solitarius

162 3835 254 3887 omnia
269 3842 372 3898 vetera,
388 3836 477 3890 omnia
493 3838 582 3898 661116,
599 3845 626 3890 61
640 3838 791 3894 defecerint
806 3856 883 3905 6616,
902 3859 956 3896 non

162 3930 248 3975 restet
263 3920 313 3975 nisi
329 3923 418 3977 661166
434 3924 521 3989 cellae,
537 3933 565 3979 et
580 3926 643 3995 fuga
658 3935 771 3981 matura.

200 4010 242 4062 11.
259 4008 373 4080 Propter
383 4011 455 4081 quod
470 4012 514 4080 pia
528 4012 695 4084 simplicitas,
707 4023 734 4069 et
748 4016 775 4069 in
787 4017 954 4086 professione

163 4093 302 4170 religionis
321 4106 348 4152 61
362 4098 513 4155 solitudinis
535 4115 621 4156 novus
635 4103 727 4168 homo,
742 4105 788 4173 qui
804 4121 858 4160 non
873 4108 956 4163 babet

161 4184 204 4240 161
219 4184 352 4241 rationem
362 4188 516 4253 ducentem,
532 4191 575 4245 vel
590 4189 719 4246 affectum
733 4195 896 4255 trahentem,
913 4197 954 4251 vel

161 4272 356 4330 discretionem
371 4276 568 4344 moderantem,
584 4279 633 4333 sed
649 4280 673 4333 ri
692 4281 809 4350 quadam
823 4284 906 4337 utitur
928 4285 952 4338 in

161 4361 337 4434 semetipsum
354 4372 509 4437 tunquama
523 4367 606 4439 bgulo
621 4367 797 4441 figmentum
812 4368 953 4444 1666666-

161 4449 223 4504 dam
238 4450 424 4508 mandatorum
441 4455 588 4527 1161,66661
602 4456 727 4511 manibus
740 4457 835 4512 alienis
849 4459 951 4514 facien-

161 4536 212 4591 dus
226 4547 278 4604 est,
293 4548 320 4594 et
334 4540 491 4597 formandus
504 4543 532 4598 in
551 4544 624 4599 omni
644 4545 782 4616 patientia,
801 4555 830 4602 61
853 4547 879 4601 in
896 4558 954 4603 rota

161 4625 288 4680 volubilis
309 4628 481 4695 obedientie,
506 4640 533 4686 et
560 4633 588 4686 iu
609 4632 672 4706 igne
695 4635 863 4704 probationis
885 4653 952 4706 suae,

159 4709 331 4781 plasmatoris
349 4726 377 4770 et
401 4717 555 4774 formatoris
579 4720 621 4775 sui
642 4721 773 4778 voluntati
792 4735 820 4780 et
843 4727 953 4782 arbitrio

159 4799 327 4858 subdendus.
342 4803 410 4859 liam
425 4806 476 4860 etsi
491 4808 571 4863 callet
583 4809 702 4882 iugenio,
718 4812 741 4864 si
755 4811 830 4884 viget
844 4823 914 4879 arte,
930 4815 951 4869 si

158 4889 317 4959 pmeminet
331 4891 480 4960 intellectu,
497 4895 674 4953 instrumenta
688 4909 750 4954 sunt
765 4901 823 4956 baec
844 4911 898 4957 tam
913 4905 952 4957 vi-

159 4975 256 5032 tiorum
266 4994 347 5050 quam
362 4982 500 5038 virtutum.
512 4985 573 5040 Non
587 5001 656 5059 ergo
670 4987 789 5060 refugiat
798 4990 901 5057 doceri,
913 4992 951 5045 uti

157 5083 192 5124 66
201 5068 228 5122 16
239 5069 323 5134 bono,
338 5085 393 5141 666
403 5084 431 5127 61
445 5072 471 5127 16
486 5074 607 5131 6616611
618 5085 717 5146 potest,
728 5077 800 5148 quod
811 5082 951 5150 proprium

156 5155 262 5212 61616116
275 5173 344 5231 opus
359 5167 411 5217 661.
429 5163 569 5233 ingenium
584 5179 685 5234 corpus
702 5163 822 5235 adaptet,
837 5181 883 5220 ars
898 5185 950 5222 na-

157 5249 243 5297 turam
259 5246 397 5314 iuformet,
412 5257 440 5305 et
455 5250 607 5309 intellectus
621 5268 674 5308 non
689 5253 790 5309 elatum
805 5253 951 5311 166161661-

157 5344 241 5394 mum.
256 5335 305 5389 sed
319 5338 476 5396 decibilem.
488 5342 628 5413 Ingenium
647 5342 759 5414 quippe,
770 5358 825 5407 ars,
839 5342 949 5400 intelle-

155 5424 268 5486 616661
288 5421 340 5477 alia
363 5428 517 5496 hujusmodi
540 5429 657 5500 gratuito
681 5431 844 5487 habentor:
871 5430 949 5488 aliter

1013 3135 1142 3192 Dominus
1152 3151 1203 3207 per
1211 3136 1372 3206 prophetam
1382 3136 1564 3208 improperat:
1578 3135 1739 3208 ijecistis
1750 3151 1805 3199 me,

1011 3224 1146 3297 inquiens,
1169 3227 1231 3296 post
1247 3229 1356 3296 terqum
1368 3230 1492 3282 6661666
1511 3225 1540 3295 (f
1551 3226 1614 3294 lfeq.
1626 3241 1652 3287 6,
1670 3225 1725 3293 rb).
1738 3222 1806 3277 1161-

1012 3322 1121 3384 tumque
1145 3329 1206 3369 esse
1229 3312 1392 3380 cavendum,
1413 3329 1448 3369 ue
1471 3328 1521 3384 pro
1546 3310 1709 3368 necessariis
1723 3312 1804 3381 liujus

1010 3402 1070 3458 ritae
1078 3401 1122 3457 vel
1136 3401 1296 3467 commodis,
1307 3419 1323 3456 a
1337 3402 1468 3473 propositi
1479 3401 1652 3464 rectitudine,
1663 3399 1706 3455 161
1715 3399 1804 3473 digni-

1011 3497 1195 3554 1616661666,
1218 3490 1245 3545 in
1261 3507 1383 3548 amorem
1406 3491 1449 3546 vel
1470 3491 1611 3567 bonorem·
1625 3487 1748 3558 corporis
1761 3488 1803 3542 sui

1010 3577 1081 3632 sinat
1096 3578 1124 3633 in
1139 3578 1231 3650 aliquo
1250 3579 1420 3652 degenerare
1439 3578 1562 3650 spiritum
1578 3594 1668 3632 suum.
1684 3577 1803 3648 ideoque

1009 3666 1103 3722 durius
1119 3665 1289 3723 tractandum
1304 3675 1346 3723 est
1359 3682 1470 3737 corpus,
1486 3682 1521 3722 ne
1536 3665 1659 3731 rebellet,
1680 3681 1715 3719 ne
1730 3666 1804 3720 insu

1009 3755 1093 3809 lescat
1110 3768 1116 3806 :
1132 3754 1173 3810 sio
1186 3762 1287 3819 tamen,
1308 3763 1337 3810 ut
1351 3755 1453 3810 servire
1472 3753 1601 3821 sufficiam
1617 3755 1680 3827 quia
1695 3753 1729 3808 ad
1743 3769 1803 3808 ser·

1010 3840 1137 3897 viandum
1151 3841 1256 3912 spiritui
1272 3842 1429 3898 datumest.
1454 3844 1513 3898 Nec
1536 3842 1577 3899 sic
1591 3842 1745 3898 babendum
1760 3848 1804 3897 est

1010 3939 1137 4002 tanquam
1159 3939 1271 4000 propter
1286 3931 1352 3985 illud
1376 3931 1511 3996 vivamus3
1532 3931 1580 3985 sed
1596 3938 1725 4002 tanquam
1743 3931 1803 3987 sine

1009 4035 1063 4092 quo
1076 4020 1166 4075 vivere
1182 4035 1235 4076 non
1249 4037 1406 4091 possumus.
1431 4022 1528 4077 Foedus
1542 4021 1613 4074 enim
1628 4021 1701 4092 quod
1716 4022 1802 4076 lrabe-

1010 4123 1070 4162 mus
1092 4122 1154 4163 enm
1177 4123 1303 4179 corpore,
1333 4125 1386 4166 non
1421 4110 1638 4182 quandocunque
1666 4109 1802 4172 volumus,

1009 4209 1153 4265 66666666
1162 4195 1342 4267 abrumpere;
1357 4197 1406 4253 sed
1421 4197 1569 4270 legitimam
1584 4198 1645 4268 ejus
1656 4198 1802 4252 resolutio-

1009 4300 1072 4341 nem
1092 4285 1226 4355 patienter
1247 4301 1297 4341 nos
1316 4294 1474 4356 exspectare
1497 4294 1613 4358 oportet,
1639 4295 1667 4340 et
1694 4286 1801 4340 interim

1009 4390 1070 4447 quae
1084 4373 1197 4446 legitimi
1212 4373 1320 4428 loederis
1333 4380 1395 4426 sunt
1412 4373 1569 4429 observare.

1045 4467 1090 4518 19.
1105 4462 1151 4520 816
1170 4477 1238 4534 ergo
1252 4462 1330 4517 nobis
1344 4469 1386 4515 est
1408 4477 1468 4516 cum
1483 4476 1517 4516 66
1535 4461 1744 4524 convivendum,
1760 4463 1802 4515 vel

1007 4551 1235 4616 conveniendum,
1251 4550 1329 4624 quasi
1342 4566 1396 4604 uon
1411 4549 1457 4604 diu
1467 4549 1546 4605 nobis
1561 4549 1594 4603 sit
1609 4565 1672 4604 eum
1687 4565 1720 4603 eo
1731 4565 1803 4604 com

1009 4641 1194 4697 irrorandum:
1218 4640 1312 4712 sicque
1327 4648 1355 4693 61
1379 4638 1400 4693 61
1423 4636 1503 4693 aliter
1524 4637 1657 4702 evenerit,
1673 4653 1728 4692 non
1752 4655 1803 4693 ur·

1007 4746 1122 4803 666666
1135 4729 1170 4784 ad
1185 4728 1347 4785 exeundum.
1365 4727 1394 4781 ln
1405 4743 1459 4798 quo
1474 4726 1584 4782 multum
1600 4733 1628 4781 61
1642 4726 1802 4797 scrupulose

1008 4818 1193 4886 laborandum,
1215 4824 1243 4871 et
1262 4816 1415 4886 periculose
1434 4832 1506 4887 saepe
1531 4816 1619 4871 lucrm
1643 4816 1800 4877 errandum.

1007 4905 1057 4960 uisi
1068 4905 1112 4960 lex
1125 4904 1286 4962 obedientie
1301 4913 1328 4959 et
1342 4904 1418 4961 cellae
1433 4906 1539 4976 plenam
1554 4903 1707 4960 communis
1721 4902 1801 4957 insti-

1007 4995 1117 5050 tutionis
1131 4994 1242 5049 iormam
1263 4995 1348 5049 semel
1365 4995 1483 5063 tradens,
1499 4993 1663 5066 ingredienti
1677 4993 1712 5047 de
1727 4993 1800 5048 11616

1006 5092 1033 5138 61
1051 5082 1160 5138 vestitu.
1174 5082 1209 5137 de
1224 5083 1318 5137 labore
1333 5090 1360 5136 et
1375 5083 1477 5155 quiete,
1492 5082 1528 5139 de
1543 5082 1651 5139 silentio
1669 5090 1696 5137 et
1711 5080 1802 5138 solitu-

1006 5171 1078 5234 ·line,
1093 5178 1121 5226 et
1131 5170 1257 5226 omuibus
1270 5188 1331 5244 6616
1345 5171 1379 5225 ad
1399 5172 1543 5227 exterioris
1557 5171 1673 5227 hominis
1686 5171 1800 5239 cultum,

1004 5260 1048 5315 vel
1072 5260 1259 5317 necessitatem
1279 5269 1415 5332 spectant,
1437 5261 1549 5316 fratrem
1568 5258 1757 5325 obedientem,
1773 5270 1800 5316 et

1003 5347 1161 5419 patientem,
1184 5356 1212 5404 et
1230 5350 1363 5421 quietum,
1377 5349 1405 5404 in
1428 5350 1562 5421 reliquum
1577 5357 1686 5404 cautum
1702 5350 1801 5406 redde·

1003 5445 1046 5492 ret
1059 5445 1086 5491 et
1099 5453 1236 5495 securum.
1252 5439 1281 5492 ln
1295 5439 1397 5510 quibus
1409 5439 1449 5493 sic
1463 5438 1548 5493 semel
1562 5437 1722 5495 circumcisa
1737 5449 1798 5496 sunt
