3706 5962
37 230 108 292 1129

484 215 596 280 stallo
614 215 648 277 tu
663 210 777 280 ,must
796 207 975 273 mauseuli
989 211 1079 271 acca
1092 210 1168 283 uoS,
1182 207 1256 270 atu.

1615 209 1684 276 trau

37 366 178 432 sequatur.
192 353 226 410 lit
239 351 348 426 quidem
362 349 456 404 beatus
471 344 518 418 qui
532 343 573 401 sic
588 341 713 414 relinquit
727 337 829 405 omnia,
846 351 874 431 q·
884 336 1083 408 compassione,
1095 351 1176 408 supra
1188 342 1238 392 est.
1254 335 1337 403 Citra,
1349 332 1568 408 diabolus'intra,
1583 336 1678 405 bomo:

38 458 67 503 ut
86 462 149 504 eum
163 452 291 516 sequatur
305 444 396 511 inquo
409 441 473 492 sunt
489 431 588 489 omnia.
609 431 657 487 liis
671 428 718 502 qui
736 428 832 484 volunt
886 442 978 497 supra,
990 427 1071 482 Deus.
1085 425 1191 482 Avarus
1207 426 1297 497 itaque
1316 425 1379 498 quia
1392 426 1489 493 nescit,
1506 428 1639 496 misereri,
1653 443 1684 483 ac

39 536 175 592 Christum
194 530 319 603 expedita
339 527 416 599 sequi
439 530 539 590 mente,
566 521 616 576 tria
640 517 834 589 impedimenta

40 634 103 680 sunt
118 620 285 683 deserenda,
310 614 436 671 vilelicet
449 608 571 674 avaritia,
588 606 725 678 snperbia,
755 604 834 659 luxu·

40 714 81 766 ria
98 729 105 767 :
122 707 234 766 arantis
250 702 351 769 mundi,
368 699 495 772 superbia
511 696 612 761 cordis,
637 692 745 750 luxuria
772 706 834 746 car-

42 800 94 854 nis.
112 798 176 852 llaec
188 810 250 851 esse
282 790 419 863 praecipne
438 784 614 857 relinquenda
632 780 756 852 exemplo
785 792 836 834 sno

43 904 93 944 nos
107 886 202 942 edocet
216 883 322 938 Petrus.
334 877 452 949 Reliquit
466 889 582 946 namque
599 872 677 938 retia,
698 867 789 926 navim
810 873 836 922 et

42 973 210 1046 conjugium.
228 972 304 1036 ιιιιι,
317 966 390 1040 quod
401 965 492 1036 pisces
502 967 634 1035 aggregat
648 966 676 1015 et
691 955 837 1022 concludit,

44 1064 216 1134 cupiditatem
231 1059 363 1130 designat,
375 1071 428 1127 qua
435 1053 591 1108 indecenter
600 1049 731 1105 ιιιιιιιιιιι
745 1047 838 1112 homo,

45 1156 156 1209 domum
171 1150 324 1206 addomum
335 1144 436 1218 iungit,
454 1157 551 1214 agrum
564 1154 632 1212 agro
652 1137 769 1206 copulat.
784 1136 840 1190 Na·

46 1243 87 1298 ris
100 1256 162 1313 quae
182 1236 350 1309 superfertur
364 1234 454 1296 undis,
475 1228 629 1300 superbiam
644 1228 764 1290 denotat,
787 1237 856 1294 qua-

48 1333 129 1387 bomo
144 1344 174 1385 se
197 1327 301 1384 ceteris
315 1322 434 1396 praefert.
455 1322 529 1379 Uxor
546 1316 672 1390 exprimit
703 1313 843 1370 carnalem

48 1419 223 1474 uoluntatem.
240 1415 302 1470 llaec
311 1415 361 1468 tria
370 1411 473 1480 juncta,
497 1405 641 1462 bominise
662 1402 750 1474 ipsum
764 1399 844 1455 aule·

50 1513 122 1563 runt.
138 1507 187 1560 Per
196 1502 336 1559 auaritiam
347 1509 424 1554 extra
438 1513 467 1552 aa
485 1500 611 1570 vagatur,
627 1508 674 1563 per
688 1488 843 1561 superbiam

49 1609 176 1666 suprase
203 1593 316 1658 levatur,
344 1605 391 1658 per
418 1585 549 1652 luxuriam
577 1583 645 1637 intra
664 1597 692 1637 se
717 1579 843 1636 loedatur.

51 1686 170 1756 Vagatur
183 1679 374 1743 sollicitudine,
390 1678 493 1732 leuatur
514 1674 556 1729 sui
582 1672 769 1736 estimatione,
790 1667 844 1722 ιιι-

50 1774 129 1828 datur
142 1768 316 1825 immunditie
330 1765 515 1822 delectatione.
541 1764 624 1818 Extra
654 1759 739 1825 timet,
765 1770 847 1825 supra

52 1867 147 1924 tumet,
162 1858 232 1914 intra
245 1857 319 1913 ietet.
330 1855 418 1910 Timet
431 1851 561 1923 acquisita
575 1848 679 1915 minui;
697 1848 772 1902 timet
785 1857 848 1917 quae

52 1950 200 2012 desiderat,
217 1962 269 2003 non
287 1960 365 2016 posse
385 1942 513 2013 adipisci3
535 1946 618 1996 tumet
637 1935 779 1992 inferiores
798 1933 849 1988 de-

53 2037 179 2109 spiciens,
196 2033 305 2105 paribus
324 2048 354 2088 sc
374 2029 539 2104 praelerens,
555 2025 742 2099 superioribus
757 2038 786 2077 se
803 2038 849 2078 co-

54 2140 176 2198 aequans.
195 2122 267 2177 Fetet
295 2121 469 2191 cogitatione,
491 2118 555 2172 letet
569 2114 683 2180 actione,
706 2111 769 2169 letet
784 2125 851 2166 coa·

55 2213 208 2271 suetudine.
242 2209 363 2266 Avaritia
387 2206 524 2262 bominem
555 2202 654 2259 alienat
688 2219 703 2257 a
728 2198 852 2271 proximo

57 2301 186 2373 superbia
200 2300 294 2362 abeo.
309 2297 413 2352 luxuria
427 2294 537 2368 projicit
551 2309 567 2349 a
581 2307 611 2347 se
625 2292 696 2362 ipso.

97 2394 123 2446 ι.
139 2390 187 2444 llis
201 2388 284 2444 tribus
299 2385 369 2443 vitiis
392 2383 486 2439 intenti
501 2393 528 2438 et
550 2381 649 2436 detenti
666 2389 719 2435 tres
739 2376 777 2432 illi
801 2375 853 2431 mi·

61 2477 181 2546 serrimi,
194 2477 229 2531 de
245 2474 345 2547 quibus
363 2471 483 2544 loquitur
503 2468 676 2541 euangelista,
696 2468 729 2522 ad
751 2479 854 2521 coenam

61 2565 263 2623 Patrislamilias
277 2561 368 2618 uenire
379 2565 543 2617 recusarunt
552 2559 630 2629 (Luc.
648 2555 717 2627 xre).
740 2554 854 2619 Primus,

63 2663 94 2712 ut
117 2656 201 2710 bores
225 2651 375 2724 probaret:
401 2648 546 2715 secundus,
571 2657 601 2703 ut
624 2645 713 2702 uillam
739 2651 857 2712 emptam

61 2744 164 2802 videret
175 2760 183 2796 ι
195 2742 296 2807 tertius,
314 2751 343 2796 ut
357 2753 471 2794 uxorem
482 2737 604 2794 duceret.
621 2734 747 2790 Probauo
762 2731 856 2796 boum,

63 2834 154 2888 cultus
181 2840 372 2887 terrenorum:
401 2826 466 2884 uilla
490 2825 598 2890 emitur,
622 2837 683 2879 cum
703 2815 858 2876 dominandi

64 2921 179 2978 facultas
194 2919 331 2990 appetitur
348 2935 355 2972 :
371 2930 481 2972 uxorem
501 2913 584 2981 ducit,
603 2911 650 2984 qui
678 2908 767 2966 carnis
786 2904 860 2961 desi·

887 531 936 586 per
949 515 1001 571 hoc
1015 530 1066 571 aee
1079 514 1293 571 misericordiam
1303 515 1445 588 consequi,
1461 516 1528 572 citra
1540 525 1598 583 esl;
1614 515 1685 586 judi-

888 603 960 659 cium
974 603 1046 660 euim
1066 603 1124 660 sine
1145 603 1330 660 misericordia
1350 605 1397 660 liet
1415 605 1455 660 illi
1473 606 1519 677 qui
1542 619 1597 662 non
1623 604 1686 661 fecit

888 692 1098 748 misericordiam
1115 693 1184 760 (lac.
1201 709 1231 758 ιι,
1248 694 1303 764 la).

928 813 1013 873 169
1025 818 1052 872 ι.
1068 816 1173 872 Deinde
1188 818 1308 890 sequitur
1323 818 1396 889 quod
1410 820 1543 890 superbus
1561 820 1688 874 transmi-

891 913 950 979 grat
970 906 1004 960 ad
1028 905 1194 977 aquilonem.
1219 906 1254 962 Ut
1278 908 1362 963 sancu
1389 907 1515 965 doctores
1534 909 1688 981 perbibent,

892 994 982 1065 aquilo
996 992 1130 1069 significat
1148 995 1282 1065 superbiae
1306 1005 1448 1053 tumorem.
1464 998 1540 1054 Sicut
1562 999 1634 1055 enim
1656 997 1690 1056 ab

893 1083 1027 1156 aquilone
1041 1082 1181 1156 panditur
1195 1099 1277 1139 omne
1291 1085 1550 1156 malurn(ler.1,li
1565 1095 1592 1141 et
1601 1103 1639 1151 rr,
1651 1089 1690 1155 6).

895 1172 933 1228 ιιι
954 1171 1074 1228 initium
1089 1175 1181 1229 omnis
1194 1172 1305 1244 peccati
1323 1173 1455 1246 superbia
1470 1174 1572 1244 (Eccli.
1586 1190 1617 1243 x,
1635 1175 1690 1248 ln),

896 1259 929 1315 Et
944 1259 1018 1328 item,
1030 1258 1057 1315 in
1071 1259 1130 1329 ipsa
1144 1260 1260 1331 sumpsit
1274 1261 1379 1316 initium
1391 1261 1478 1317 oannis
1493 1263 1693 1332 perditio.lude

897 1355 939 1405 est
957 1348 1029 1419 quod
1044 1349 1161 1422 angelus
1183 1359 1303 1420 apostata
1320 1350 1385 1406 dicit
1408 1351 1436 1404 iu
1450 1352 1532 1407 corde
1551 1366 1616 1410 suo:
1643 1350 1693 1408 Sc-

899 1435 964 1493 debo
984 1435 1017 1491 in
1036 1439 1132 1495 monle
1152 1439 1329 1506 testamenti,
1348 1440 1379 1494 in
1396 1437 1534 1495 luteribus
1553 1441 1695 1512 aquilonis

898 1526 1030 1595 (leuna,
1040 1526 1095 1590 ι3).
1109 1525 1247 1597 Superbus
1258 1527 1350 1597 itaque
1366 1528 1538 1600 transmigrat
1547 1529 1581 1583 ad
1591 1529 1696 1600 aquilo-

862 1619 974 1700 Bn'em,
988 1615 1051 1686 quia
1067 1614 1228 1685 superbiens
1251 1617 1351 1673 recedit
1371 1633 1385 1671 a
1406 1619 1472 1684 Deo,
1495 1617 1542 1689 qui
1568 1616 1697 1689 superbis

902 1703 1017 1770 resistit3
1031 1710 1058 1759 et
1071 1704 1193 1774 sequitur
1203 1704 1349 1771 diabolum,
1366 1707 1411 1778 qui
1425 1712 1466 1761 est
1480 1721 1528 1761 rer
1543 1722 1624 1776 super
1635 1722 1697 1762 om-

899 1807 949 1849 nes
963 1788 1034 1847 fllios
1047 1792 1190 1861 superbiae.

937 1910 964 1963 5.
980 1907 1084 1962 Deinde
1102 1907 1225 1978 sequitur
1238 1908 1310 1978 qnod
1325 1907 1446 1964 lubricus
1460 1919 1533 1966 natat
1547 1910 1574 1965 in
1589 1909 1699 1966 flumine

903 1996 1058 2068 babylonis.
1078 1996 1189 2051 Flumen
1204 1995 1348 2067 Babylonis
1366 2004 1408 2053 est
1421 1997 1511 2054 lluxns
1526 1998 1653 2055 libidinis.
1670 1999 1701 2054 In

905 2173 933 2226 iu
947 2187 978 2226 ea
997 2187 1045 2241 per
1069 2171 1292 2227 cousuetudinem
1316 2171 1459 2232 volutatur.
1486 2176 1548 2230 Ηιιι
1571 2175 1621 2229 tria
1638 2175 1704 2230 uitia

906 2259 1061 2317 bominibus
1075 2259 1201 2316 diabolus
1215 2260 1346 2335 suggerit.
1361 2261 1489 2318 Diabolus
1501 2279 1550 2335 per
1564 2264 1703 2319 avaritiam

908 2348 1044 2405 hominem
1068 2359 1191 2418 occupat,
1208 2349 1271 2419 quia
1285 2349 1330 2422 qui
1347 2350 1440 2407 volunt
1454 2351 1550 2409 divites
1574 2351 1643 2421 lieri,
1660 2355 1704 2407 in-

909 2438 1005 2495 cidunt
1024 2437 1051 2492 in
1068 2440 1243 2492 tentationem
1257 2447 1284 2494 ιι
1297 2438 1325 2494 in
1338 2438 1464 2512 laqueum
1479 2439 1578 2497 diaboli
1593 2442 1620 2511 (l
1635 2443 1704 2498 Tim.

909 2542 947 2593 rt,
963 2529 1002 2598 9).
1019 2527 1084 2581 lnde
1097 2525 1196 2598 legitur
1211 2527 1283 2596 quod
1298 2528 1312 2582 J
1316 2529 1383 2584 udas
1395 2543 1457 2584 curu
1469 2545 1573 2588 veneno
1587 2530 1707 2586 avaritiae

911 2615 1059 2671 inebriatus
1073 2615 1211 2672 Christum
1225 2614 1327 2672 ludaeis
1341 2617 1486 2673 traditurus
1500 2625 1581 2682 esset,
1597 2626 1709 2689 accepta

912 2706 946 2760 ab
960 2703 1000 2760 eis
1013 2705 1209 2775 pecuniamne
1223 2705 1344 2763 introivit
1354 2705 1381 2760 in
1396 2706 1470 2762 illum
1487 2707 1599 2764 Satanas
1614 2709 1707 2778 (loun.

914 2793 987 2864 ιιιιι).
1004 2793 1121 2849 Arantia
1146 2793 1297 2865 largitatem
1321 2794 1450 2864 excludit,
1465 2796 1593 2869 pietatem
1611 2798 1708 2864 nescit,

878 2882 1123 2980 emisericordiam
1148 2882 1306 2938 detestatur.
1323 2885 1455 2954 Superbia
1478 2886 1575 2940 solium
1598 2896 1639 2941 est
1657 2885 1710 2941 ini·

66 3006 147 3064 dcriis
162 3004 298 3061 satisfacit.
314 3004 393 3060 Tales
408 3001 460 3057 nisi
479 2998 603 3058 conversi
620 2996 730 3064 fuerint,
753 3008 802 3050 nec
824 2991 859 3048 ed
913 2969 1030 3040 ‘lumb
1058 2969 1151 3024 Vitium
1178 2972 1305 3038 hminis·
1319 2973 1435 3042 pefdi²i⁰
1450 2973 1561 3031 difflli·
1577 2973 1712 3044 ευΡθὼίι

66 3109 172 3153 coeuam
192 3091 393 3149 Patrislamilias
417 3088 522 3156 uenire,
551 3103 602 3143 nec
625 3085 755 3142 christun
782 3079 860 3153 sequi

67 3192 190 3257 possunt.
211 3183 317 3237 Primus
335 3182 407 3236 enim
419 3181 487 3235 citra
513 3177 657 3234 Jordanem
685 3178 859 3230 remoratur:

69 3272 205 3330 secundus
224 3267 395 3340 transmigrat
418 3267 451 3320 ad
475 3267 632 3335 aquilonem
647 3285 653 3317 ;
671 3263 766 3316 tertius
790 3264 863 3311 natat

69 3363 98 3417 in
108 3359 218 3415 llumine
233 3355 387 3427 Babylonis.
402 3353 471 3408 Cum
481 3360 585 3407 caeterae
602 3349 687 3405 tribus
708 3351 735 3402 in
765 3357 864 3401 terram

69 3447 259 3523 promissionis
283 3443 499 3516 ingrederentur,
514 3440 610 3494 Ruben
626 3444 652 3493 et
675 3435 736 3491 Gad
765 3442 791 3489 et
818 3432 865 3486 di-

71 3541 154 3596 midia
169 3538 257 3594 tribus
271 3535 393 3588 Manasse
412 3529 543 3584 habentes
564 3540 661 3598 pecora
676 3524 770 3586 multa,
799 3520 867 3576 citra

71 3628 218 3685 Jordauem
238 3627 425 3678 remanserunt
444 3619 510 3688 llos.
535 3616 622 3686 xxrr);
650 3614 709 3668 illos
735 3607 866 3682 prefigu-

73 3723 175 3782 ranles,
190 3713 237 3785 qui
254 3727 330 3767 more
348 3723 474 3782 pecorum
491 3704 607 3762 terrenis
633 3701 726 3757 intenti
749 3696 870 3756 coelestia

74 3810 213 3880 spernunt.
244 3800 370 3857 iordanis
403 3796 552 3853 ἀιιιιιιιιιι
569 3792 678 3849 dicitur.
716 3792 871 3845 Descensus

76 3893 145 3948 alius
158 3892 258 3958 bonus,
273 3897 302 3943 et
316 3886 385 3941 alius
408 3882 507 3938 malus.
522 3880 608 3936 llalus
627 3885 669 3933 est
682 3877 715 3932 de
728 3890 783 3948 quo
807 3872 873 3929 dicit

914 3059 1022 3116 odibilis
1037 3060 1105 3125 Deo,
1121 3058 1226 3131 angelis
1241 3060 1337 3123 inuisa,
1352 3061 1509 3118 bominibus
1524 3060 1710 3118 intolerabilis.

917 3147 1051 3220 Superbia
1065 3147 1144 3223 origo
1159 3149 1272 3219 peccati,
1287 3157 1373 3205 mater
1387 3149 1538 3217 discordie,
1556 3158 1582 3207 ct
1596 3166 1715 3208 conom-

917 3238 969 3294 diae
997 3252 1132 3294 nouerca:
1149 3239 1276 3308 superbia
1305 3240 1429 3295 vitiorum
1463 3239 1626 3308 subsidium,
1655 3256 1719 3295 suc·

919 3321 1018 3377 cidium
1033 3322 1170 3377 virtutum.
1189 3322 1235 3377 Sic
1249 3338 1299 3392 per
1313 3322 1466 3393 snperbiam
1482 3323 1610 3379 diabolus
1624 3324 1652 3379 in
1667 3325 1716 3379 bo·

920 3409 1021 3464 minem
1042 3418 1147 3481 regnat,
1178 3424 1225 3478 per
1245 3411 1377 3464 luxuriam
1397 3410 1426 3466 in
1445 3426 1477 3466 eo
1504 3419 1615 3482 pausat3
1643 3410 1716 3483 quia,

920 3498 990 3551 sicut
1003 3493 1129 3568 legimus,
1149 3494 1249 3549 dormit
1263 3495 1290 3548 in
1305 3494 1371 3550 locis
1392 3495 1565 3550 humentibus
1578 3495 1648 3566 (lob.
1668 3511 1717 3560 ιιι,

923 3583 979 3655 lo),
994 3581 1022 3637 id
1048 3592 1089 3637 est
1116 3584 1142 3636 iu
1172 3583 1302 3637 cordibus
1330 3583 1442 3638 luxuriae
1465 3583 1589 3640 subditis.
1602 3583 1720 3640 Luxuria

924 3687 1031 3727 carnem
1045 3669 1178 3736 dissuluit,
1191 3678 1310 3726 mentem
1324 3670 1416 3736 allicit,
1440 3681 1467 3727 et
1481 3679 1568 3728 tolum
1583 3672 1721 3728 bominem

924 3760 952 3815 in
962 3761 1065 3816 luctum
1079 3759 1220 3816 conuertit.
1236 3760 1349 3815 Luxuria
1360 3768 1465 3817 stercus
1479 3760 1721 3826 immunditiarum,

927 3849 1055 3906 vitiorum
1069 3849 1209 3921 spurcitia,
1225 3848 1276 3906 laex
1290 3850 1468 3921 voluptatum.

76 3981 159 4038 isaias
180 3997 186 4033 ι
204 3980 236 4034 ln
250 3976 401 4047 AEgppturn
420 3968 563 4031 ἀιιιιιιιιιι
574 3968 695 4042 populus
709 3980 790 4023 meur
804 3964 871 4036 (isa.
963 3966 989 4018 6.
1006 3963 1035 4020 Si
1050 3964 1148 4035 placet,
1160 3965 1364 4023 consideremus
1378 3967 1467 4023 adbuc
1485 3967 1623 4034 attentius,
1639 3980 1725 4037 quam

77 4085 124 4135 ιιι,
141 4069 183 4135 ι);
200 4074 226 4120 ιι
241 4063 269 4117 in
279 4059 446 4133 Evangelio:
465 4062 548 4116 Homo
560 4055 678 4129 quidum
692 4051 874 4112 descendebat
928 4052 1017 4108 uiliter
1035 4053 1117 4109 bomo
1144 4070 1194 4125 per
1217 4055 1267 4111 tria
1289 4054 1402 4126 praelata
1425 4054 1490 4113 vitia
1512 4062 1651 4112 tractetur.
1676 4056 1728 4110 Per

76 4157 110 4213 ab
124 4154 288 4211 Jerusalem
303 4153 335 4211 tir
350 4149 460 4204 laricino
483 4148 564 4218 (Luc.
586 4161 614 4210 x,
634 4144 692 4216 30).
718 4143 808 4199 Bonus
822 4141 874 4195 de·
890 4171 913 4249 n
929 4142 1067 4198 arantium
1080 4143 1152 4198 euim
1166 4154 1291 4214 caecatur,
1308 4161 1358 4216 per
1377 4143 1534 4214 superbiam
1553 4143 1663 4214 pendet,
1678 4158 1727 4215 por

80 4238 347 4312 sceususaliquando
361 4236 391 4292 ln
418 4251 465 4306 per
494 4231 682 4296 humilitatem,
717 4231 875 4301 plerumque
922 4229 1062 4287 luxuriam
1077 4231 1220 4303 putrescit.
1239 4234 1288 4287 Per
1307 4230 1449 4285 avaritiam
1463 4240 1589 4296 meatur,
1606 4238 1635 4285 ut
1658 4227 1729 4301 legi·

80 4353 129 4409 per
144 4328 375 4404 compassionem.
400 4324 452 4379 Per
466 4320 655 4386 bumilitatem,
676 4320 746 4377 sicut
760 4334 808 4389 per
822 4318 876 4372 ιιι·
931 4335 1002 4374 mus.
1027 4317 1094 4372 Cum
1116 4319 1189 4374 enim
1218 4317 1364 4389 praedictns
1391 4319 1474 4374 ludas
1497 4319 1609 4375 avaritia
1632 4318 1731 4373 ductus

81 4429 190 4482 beccam
221 4419 308 4476 lactus
326 4423 377 4483 est,
403 4428 463 4487 quae
493 4410 586 4467 videus
608 4410 692 4474 lsaac,
715 4405 749 4461 de
776 4403 879 4462 camelo
932 4405 1077 4463 Dominum
1090 4405 1235 4462 traditurus
1249 4421 1266 4461 a
1280 4404 1394 4478 collegio
1410 4405 1604 4478 discipulorum
1620 4407 1730 4470 exisset,

83 4510 221 4570 descendit
231 4508 312 4582 (Gen.
323 4519 402 4575 xxxv,
419 4501 474 4573 bl),
492 4500 565 4555 illam
579 4497 725 4570 designans
735 4493 779 4550 rel
792 4501 882 4564 aperta
934 4493 1090 4549 interiorem
1114 4496 1173 4564 ejus
1193 4494 1343 4550 caecitatem
1366 4497 1461 4552 rolens
1493 4497 1637 4552 ostendere
1665 4493 1734 4550 dixit

84 4601 230 4675 perhibens
258 4593 418 4652 numilitatis
447 4588 654 4660 subjectionem,
692 4598 773 4656 quam
801 4583 883 4638 debet
935 4581 1114 4655 evangelista:
1132 4586 1201 4639 Erat
1226 4588 1322 4639 autem
1344 4600 1403 4642 uox
1417 4585 1509 4655 (loun.
1524 4599 1588 4650 1111,
1604 4587 1658 4653 30).
1683 4584 1734 4639 Per

85 4706 186 4765 sponsa
214 4701 327 4761 sponso,
357 4682 478 4739 Ecclesia
501 4675 713 4742 Christo,anima
745 4672 813 4728 Deo.
841 4669 883 4726 Fit

85 4783 229 4836 descensus
239 4793 288 4848 per
302 4771 528 4845 compassionem,
543 4769 613 4824 sicut
628 4764 656 4820 in
671 4761 800 4834 Symbola
820 4757 884 4816 fidei

86 4871 228 4939 babemus,
243 4863 318 4937 quod
332 4862 454 4918 Christus
471 4882 482 4910 ι
502 4864 613 4928 propter
631 4860 750 4910 nostram
766 4847 884 4907 salutem

87 4956 270 5014 deseenditde
285 4952 402 5008 coelis.»
432 4952 512 5004 turta
536 4942 665 5000 moralem
687 4956 807 5006 sensum,
836 4952 885 5009 per

86 5047 231 5103 Iordanem
255 5056 400 5114 possumus
422 5036 578 5108 intelligere
593 5033 753 5088 descensum
779 5026 886 5085 miseri·

88 5134 198 5202 cordiae,
214 5148 267 5205 qua
285 5132 385 5186 ductus
400 5127 482 5181 horno
492 5119 654 5190 compatitur
670 5118 802 5189 proximo.

124 5227 151 5278 3.
181 5219 327 5276 Sciendum
355 5230 419 5270 sero
446 5212 518 5284 quod
538 5210 609 5268 alius
636 5210 702 5264 citra
724 5206 884 5273 lurdanenr,

88 5311 158 5369 nlius
172 5311 252 5372 intra,
267 5306 437 5374 aliussupra.
453 5301 504 5369 Qui
517 5299 586 5354 nulli
600 5305 627 5353 et
641 5297 684 5352 cui
699 5294 792 5350 nullus
806 5308 884 5349 com·

90 5402 203 5476 patitur,
218 5396 285 5454 citra
300 5402 353 5460 est;
369 5392 416 5465 qui
441 5390 554 5446 alterius
577 5394 604 5444 ιι
627 5373 671 5442 ιιι
692 5384 760 5441 alter
776 5384 886 5439 miserc-

91 5494 145 5565 lur,
161 5489 230 5546 intra
245 5493 309 5553 est;
326 5483 372 5554 qni
390 5480 451 5538 aliis
472 5477 636 5562 compatitur
658 5481 685 5532 el
713 5472 813 5530 nullius
827 5479 890 5542 eget

235 5584 356 5640 Parnon.
381 5576 554 5636 dlxxxiv.

936 4670 1075 4727 avaritiam
1106 4679 1224 4728 caecatur
1252 4672 1343 4738 bomo,
1367 4689 1415 4744 per
1438 4675 1592 4745 superbiam
1620 4674 1731 4746 pendet,

937 4759 1010 4831 quia,
1026 4760 1093 4816 dum
1107 4777 1136 4816 se
1151 4761 1210 4816 aliis
1234 4760 1358 4818 ditiorem
1374 4763 1497 4834 attendit,
1513 4781 1567 4821 nou
1591 4763 1733 4821 attendens

938 4848 1119 4921 equalitatem
1133 4850 1306 4918 conditionis,
1318 4852 1366 4908 sed
1381 4852 1505 4924 gloriam,
1520 4853 1548 4908 in
1564 4851 1736 4909 multitudine

938 4937 1103 5007 divitiarum,
1128 4942 1230 4996 inlerna
1257 4940 1421 5013 cogitatione
1442 4959 1524 5013 super
1546 4952 1659 4999 caeteros
1687 4958 1736 4996 ιιι-

939 5026 1049 5088 ιοιιιιιιι.
1068 5028 1132 5085 lndc
1147 5030 1260 5102 legimus
1273 5030 1345 5101 quod
1356 5030 1417 5086 duae
1432 5031 1568 5096 mulieres,
1584 5047 1653 5104 quas
1667 5031 1738 5085 bea·

940 5126 982 5171 tus
1001 5117 1153 5189 Gregorius
1168 5119 1235 5174 dicit
1258 5119 1413 5192 snperbiam
1436 5127 1462 5175 et
1481 5122 1589 5176 inanem
1612 5118 1737 5193 gloriam,

940 5206 1008 5261 inter
1036 5208 1135 5263 coelum
1158 5215 1185 5263 ιι
1213 5216 1310 5263 terram
1338 5210 1511 5277 amphoram,
1530 5224 1593 5280 {pute
1614 5207 1741 5281 designat

940 5295 1090 5364 avaritiam,
1109 5297 1266 5353 leuauerunt
1280 5296 1375 5368 (Ζαιιι.
1390 5313 1417 5362 ιι,
1433 5300 1471 5362 9,.
1489 5296 1569 5365 Quod
1583 5296 1637 5353 nisi
1651 5296 1740 5364 derat,

942 5398 1114 5456 nequaquam
1128 5384 1240 5442 dixisset
1251 5386 1416 5458 Apostolus:
1434 5388 1578 5459 Praecipue
1601 5386 1745 5444 diuitibus

945 5469 1031 5545 liujus
1046 5475 1146 5533 seculi
1167 5491 1225 5532 nort
1248 5474 1364 5548 superbe
1377 5491 1485 5548 rupere,
1500 5491 1552 5533 nec
1577 5492 1692 5550 sperma
1710 5475 1744 5530 ier

1585 5578 1620 5632 36
