3706 5962
181 185 251 250 atat
268 229 273 237 -
617 185 731 250 81111110
749 186 793 247 Dll
812 186 986 250 00001801
1006 189 1169 252 CORPORIS
1186 188 1395 255 mutabilia.
1754 188 1820 250 1101

179 320 233 379 nat,
249 309 434 382 spiritualibus
452 310 590 383 mysteriis
608 312 751 369 redundat.
766 311 811 370 Ait
824 329 942 387 namque
959 329 966 371 :
984 329 1007 410 g
1023 316 1068 383 vit,
1080 319 1215 391 jussitque
1225 333 1278 375 nou
1299 323 1403 373 tantum
1418 313 1525 372 lumbos
1539 314 1628 371 earnis
1648 313 1820 388 succingere,

179 402 244 463 Stat
260 401 348 458 lambi
368 400 455 459 vestri
468 403 629 474 praecineti.
645 401 673 458 Si
687 401 766 458 istum
789 403 900 459 Domini
914 421 969 460 ser·
1023 405 1050 460 id
1061 417 1102 463 est
1110 408 1244 464 luxuriem
1258 407 1293 463 ab
1306 405 1402 463 ellectu
1412 404 1550 461 refrenare
1562 424 1569 474 3
1585 403 1633 459 sed
1653 404 1737 460 etiam
1751 404 1819 460 lum·

176 508 299 558 monem,
322 490 456 563 quamde
479 490 577 544 lumbis
591 491 791 563 praecingendis
815 493 967 565 proposuit,
1022 497 1072 552 bos
1087 498 1184 554 mentis
1207 497 1335 569 pracepit
1350 496 1520 567 succingere,
1544 492 1572 549 id
1592 502 1635 549 est
1648 493 1719 549 hano
1740 493 1820 551 etiam

178 585 328 645 secundnm
353 585 469 640 litteram
487 584 602 640 velimus
626 587 761 658 accipere,
782 585 849 640 nihil
878 586 905 642 in
936 602 969 644 eo
1023 586 1219 661 acogitatione
1242 585 1415 659 restringere.
1435 584 1504 639 llinc
1531 591 1573 639 est
1606 583 1678 656 quod
1701 583 1821 640 loannes

175 673 309 732 commodi
333 671 478 743 spiritualis
515 672 665 743 poterimus
701 673 832 729 invenire.
871 675 968 730 Parum
1022 676 1197 750 evangelista,
1224 691 1284 733 oum
1305 681 1415 748 propter
1442 671 1651 743 insuperabilem
1677 673 1820 747 euangeli-

175 765 249 821 enim
264 761 406 836 proliceret
421 761 456 817 ad
470 770 595 817 aternam
624 761 720 817 animae
735 760 857 830 salntem,
870 762 892 818 si
908 764 969 836 quis
1022 763 1100 820 randi
1118 765 1294 822 consentiam
1319 763 1347 818 in
1361 763 1487 818 Pathmos
1507 760 1623 818 insulam
1644 762 1725 818 exsul
1748 761 1820 819 rela-

175 853 220 910 vel
246 850 422 923 corporaliter
442 850 548 905 lumbos
576 849 735 922 praecingat,
765 851 806 905 vel
831 849 968 906 ardentem
1022 860 1192 926 gatusesset,
1213 853 1397 910 intarcaetera
1421 866 1481 923 qua
1504 850 1581 918 vidit,
1606 849 1820 921 Redemptorem

178 941 314 998 lucernam
330 938 454 994 manibus
467 938 600 1010 praeierat.
613 937 692 994 Unde
706 938 759 993 alie
772 937 799 993 id
813 939 969 1012 praecinctis
1022 951 1144 998 nostrum
1168 944 1202 999 ad
1225 942 1387 997 mammillas
1408 939 1584 1011 praecinctum
1599 937 1744 996 annuntiat
1775 940 1819 996 di·

173 1029 274 1090 lumbis
289 1036 315 1084 et
329 1026 447 1084 lucernis
460 1027 618 1083 ardentibus
631 1027 776 1099 quaerenda
799 1037 842 1084 est
873 1028 969 1084 intelli·
1021 1046 1098 1087 aeus:
1110 1033 1146 1088 lit
1153 1047 1302 1090 convertur
1311 1029 1371 1089 uidi
1380 1033 1487 1102 septem
1496 1026 1667 1087 candelabra
1677 1044 1783 1098 aurco,·
1793 1033 1822 1086 ct

173 1125 265 1200 gentia
278 1122 439 1194 spiritualis,
450 1139 510 1195 quae
525 1120 617 1181 divino
630 1129 768 1193 precepto
780 1120 814 1176 sit
823 1121 966 1195 condigna,
1021 1121 1054 1176 in
1064 1118 1154 1178 taedio
1164 1126 1270 1194 reptem
1283 1118 1515 1178 candelabrorum
1526 1133 1683 1176 aureorum
1694 1116 1821 1175 01001100

171 1228 233 1283 quae
248 1217 347 1266 nostra
361 1211 441 1266 saluti
459 1226 580 1286 congrua
602 1210 751 1282 reperiatur
769 1222 797 1267 et
814 1213 965 1269 commoda.
1021 1208 1095 1266 Filio
1114 1209 1245 1275 bominis,
1261 1209 1397 1268 vestitam
1410 1208 1557 1280 poteraut
1572 1207 1770 1280 praetactum
1786 1205 1821 1264 att

171 1300 265 1371 Neque
293 1299 368 1354 enim
396 1299 431 1354 de
450 1299 633 1372 corporalium
660 1298 813 1356 lumborum
832 1300 967 1358 eicttone
1019 1295 1819 1370 mammeammaaoorea(tpoe.r‚ta,ta).r0oesgreoe‚

172 1387 319 1464 spiritualis
351 1385 491 1462 magister,
515 1390 591 1458 cujus
609 1388 693 1446 verba
715 1388 827 1460 spiritus
854 1398 881 1445 et
907 1390 964 1447 vita
1017 1383 1099 1444 latine
1113 1390 1196 1462 pedes
1218 1389 1367 1446 dicuntur:
1393 1388 1464 1443 unde
1483 1385 1593 1457 poderis
1615 1385 1701 1442 restis
1730 1385 1821 1442 talaris

170 1485 243 1546 sunt,
268 1485 407 1549 tantopere
424 1493 474 1533 nos
500 1477 633 1533 instruere
652 1484 768 1534 curaret.
781 1477 879 1536 Lumbi
895 1496 965 1551 quos
1017 1478 1129 1547 dicitur;
1146 1479 1172 1533 id
1196 1487 1238 1534 est
1252 1478 1409 1551 pertingens
1424 1491 1509 1549 usque
1523 1475 1556 1530 ad
1579 1474 1661 1541 talos,
1690 1490 1725 1532 eo
1743 1476 1815 1547 quod

168 1566 197 1624 10
216 1566 297 1623 nobis
312 1566 443 1622 Dominus
468 1566 546 1636 jubet
566 1566 705 1640 precingi,
721 1573 784 1622 aunt
802 1569 888 1624 nostri
910 1585 961 1640 ap·
981 1566 1121 1679 Bmedios
1135 1567 1219 1639 pedes
1233 1566 1379 1639 continget.
1409 1563 1480 1634 Quid
1494 1579 1561 1636 ergo
1585 1580 1634 1636 per
1648 1577 1814 1635 00001000-

170 1656 274 1728 petitus
298 1654 393 1720 illiciti,
416 1669 485 1725 quos
505 1655 532 1709 in
558 1655 638 1711 nobis
668 1657 798 1727 praecingi
817 1655 962 1724 desiderat,
1017 1657 1108 1727 cteris,
1120 1657 1172 1713 nisi
1186 1653 1538 1714 cohibitioluxuriaecordis
1551 1653 1735 1728 designatur
1750 1652 1817 1720 Quia

170 1744 234 1816 quia
248 1743 355 1799 illicitos
373 1741 462 1797 carnis
476 1747 565 1798 matus
584 1743 611 1798 in
632 1744 711 1800 nobis
725 1744 814 1799 sedari
837 1754 959 1818 exoptat.
1018 1746 1103 1819 igitur
1127 1747 1153 1801 in
1169 1746 1251 1818 priori
1269 1746 1443 1803 Testamenta
1457 1742 1620 1799 adulterium
1641 1742 1817 1800 solummodo

169 1831 289 1888 bumbos
302 1845 367 1904 ergo
380 1829 579 1901 praecingimus,
595 1846 657 1886 curn
680 1832 708 1886 in
723 1832 799 1888 nobis
821 1836 963 1907 concupis-
1017 1832 1560 1908 corporaleperlegemcohiberividetur,
1570 1831 1674 1888 idcirco
1684 1833 1817 1903 propheta

169 1920 271 1977 renuas
285 1919 406 1976 carnales
421 1919 618 1992 restringimus.
634 1920 709 1976 Tunc
725 1920 831 1978 lumbos
845 1925 963 1995 000010-
1015 1922 1044 1979 10
1054 1923 1164 1978 renibus
1176 1923 1279 1980 cinctus
1293 1923 1452 1981 ostenditur.
1469 1923 1501 1977 Et
1517 1921 1580 1992 quia
1592 1920 1764 1977 Testamenti
1778 1936 1821 1977 se·

168 2010 266 2086 gimus,
282 2023 343 2064 curn
358 2009 429 2063 mala
448 2007 581 2063 desideria
609 2017 636 2065 et
648 2025 730 2081 prava
744 2025 826 2081 opera
837 2012 962 2080 ritamus,
1017 2013 1110 2084 quenti
1123 2013 1255 2069 munditia
1268 2012 1360 2076 cordis
1372 2012 1452 2068 etiam
1470 2009 1604 2066 luxuriam
1628 2008 1731 2081 frenat,
1752 2024 1816 2080 pro·

167 2098 233 2153 dum
249 2095 353 2152 libidini
368 2095 468 2152 resistit
481 2096 599 2167 animus,
619 2097 683 2153 dum
711 2097 824 2155 luxurie
844 2104 962 2172 denega·
979 2106 983 2113 '
1016 2109 1108 2173 pterea
1118 2102 1284 2174 Redemptor
1293 2109 1387 2156 noster
1400 2099 1429 2155 in
1440 2107 1553 2171 pectore
1563 2097 1672 2155 cinctus
1681 2098 1816 2169 apparuit

168 2198 212 2243 tur
225 2185 347 2257 ellectus,
362 2186 427 2240 dum
441 2185 559 2242 calcatur
572 2186 689 2255 luxuria,
706 2185 784 2244 151
804 2188 870 2244 dum
895 2194 962 2247 sub·
1052 2193 1078 2245 3.
1100 2191 1168 2246 Cum
1185 2203 1276 2246 autem
1287 2192 1381 2246 haeret
1395 2189 1447 2244 alia
1462 2186 1580 2244 multain
1593 2188 1817 2260 utroqueTeata·

167 2277 250 2352 agitur
265 2276 446 2336 immunditia.
464 2276 540 2333 Tunc
554 2274 661 2333 lumbos
674 2277 876 2351 praecingimus,
901 2297 961 2338 cum
1016 2285 1106 2334 mento
1134 2278 1167 2334 de
1186 2277 1357 2334 immunditia
1382 2277 1492 2335 vitanda
1519 2275 1639 2332 existant
1668 2283 1813 2347 praecepta,

166 2365 320 2424 carnalibus
348 2364 491 2421 desideriis
513 2380 569 2421 non
592 2366 802 2439 acquiescimus
817 2383 879 2425 cum
902 2370 962 2440 ejus
1017 2367 1141 2423 homines
1156 2366 1279 2423 tamenin
1290 2367 1342 2423 hoc
1354 2371 1475 2436 ternpore
1488 2363 1580 2438 gratiae
1598 2364 1639 2419 ita
1654 2363 1751 2419 carnis
1767 2378 1815 2420 ro·

164 2453 349 2526 aotnputttms
362 2452 535 2510 reluctamur.
1015 2455 1110 2528 luptati
1126 2463 1152 2512 et
1162 2456 1279 2528 propriae
1294 2455 1396 2510 libidini
1412 2453 1571 2522 inserviunt,
1587 2468 1620 2509 ac
1635 2453 1659 2508 si
1674 2453 1752 2509 nulla
1766 2469 1814 2508 un-

203 2547 231 2600 2.
246 2543 399 2598 Notandum
416 2550 517 2611 autem,
532 2543 603 2614 quod
617 2559 649 2599 ea
665 2560 726 2617 000
741 2546 872 2602 Dominus
894 2564 962 2619 pro-
1016 2561 1097 2617 quam
1111 2546 1221 2614 Christi,
1236 2544 1279 2603 vel
1297 2554 1453 2600 sanctorum
1478 2542 1586 2615 eiusde
1610 2541 1656 2598 lais
1682 2552 1816 2613 praecepta

167 2633 257 2705 posuit
274 2632 479 2703 perseipsum,
494 2632 651 2701 jamdudum
668 2633 795 2706 dignatus
809 2644 962 2708 estpropo-
1016 2636 1170 2692 audissent:
1195 2635 1351 2708 ignorantes
1377 2632 1450 2705 quod
1478 2633 1549 2689 nulla
1573 2638 1637 2686 ante
1650 2630 1706 2686 Dei
1724 2630 1817 2688 acidos

167 2737 233 2778 nere
243 2735 295 2795 per
309 2719 445 2774 famulum.
460 2720 569 2792 Moyses
580 2720 653 2776 enim
677 2721 748 2778 iuter
775 2735 872 2779 catera
900 2739 962 2796 quae
1013 2722 1129 2793 iustitiae
1145 2722 1305 2794 pietatisque
1332 2731 1395 2777 sunt
1413 2735 1504 2791 opera,
1518 2733 1579 2792 000
1592 2715 1715 2774 luxuriae
1724 2725 1815 2774 conta

169 2808 270 2882 populo
288 2807 339 2864 Dei
353 2807 478 2864 mandata
491 2809 643 2880 proposuit,
673 2809 707 2866 de
731 2811 901 2868 immunditia
915 2829 962 2869 ea·
1017 2812 1061 2884 gio
1078 2818 1262 2867 monstrantur
1278 2809 1425 2866 immunda.
1441 2807 1470 2864 Si
1483 2822 1550 2880 ergo
1560 2823 1609 2879 per
1629 2806 1727 2863 cordis
1741 2823 1816 2863 mun·

167 2898 255 2955 aenda
270 2896 392 2970 precipit
411 2914 418 2954 :
436 2897 497 2955 Noa
519 2898 701 2956 moeababeris
721 2900 819 2972 (Eroti.
841 2918 889 2968 xx,
911 2904 961 2970 tt;
977 2878 1000 2957 c
1017 2901 1111 2955 ditium
1137 2899 1261 2957 libidinis
1280 2899 1387 2954 flamma
1401 2914 1456 2954 non
1471 2896 1659 2967 exstinguitur,
1678 2897 1815 2952 incassum

175 2987 276 3044 llattlt.
291 3001 319 3054 v,
343 2988 400 3058 ti).
416 2984 489 3055 Quin
505 2985 585 3042 etiam
600 2987 623 3041 si
643 2988 764 3060 vigilanti
778 2990 871 3045 animo
904 3008 964 3063 per·
1016 2989 1146 3061 quaelihet
1159 2990 1274 3046 virtutes
1287 2988 1419 3045 oriuntur.
1439 2983 1528 3054 Quare
1541 2983 1725 3039 immensitate
1735 2985 1816 3054 nujus

153 3083 332 3142 scrutemur,
343 3073 494 3131 invenimus
512 3075 656 3131 Dominum
670 3073 699 3131 in
725 3082 843 3148 utroque
870 3079 964 3135 Testa·
1019 3077 1138 3135 criminis
1149 3078 1310 3148 obruuntur,
1326 3092 1377 3132 nec
1390 3074 1470 3131 etiam
1483 3081 1604 3131 verentur
1624 3087 1663 3127 ne
1682 3070 1760 3128 torte
1774 3072 1814 3127 ille

170 3173 263 3223 meato
286 3163 420 3221 luxuriam
433 3163 523 3222 verbis
542 3172 570 3221 et
583 3164 679 3238 liguris
706 3166 910 3225 condemnasse.
931 3170 965 3225 lit
1018 3166 1130 3239 pestiler
1144 3167 1226 3239 ignis,
1241 3166 1288 3238 qui
1302 3168 1421 3223 incarne
1437 3179 1531 3220 eorum
1542 3168 1569 3218 et
1591 3161 1730 3218 membris
1742 3161 1810 3217 male

168 3255 201 3312 in
214 3253 309 3312 Veteri
324 3251 433 3324 quidem
448 3255 618 3310 Testamenta
633 3254 766 3312 luxuriam
791 3256 881 3314 uerbis
895 3275 964 3316 eon·
1019 3256 1184 3324 accenditur,
1200 3256 1228 3311 in
1250 3255 1290 3313 ira
1315 3263 1342 3312 et
1367 3254 1460 3311 lurore
1476 3250 1587 3309 Domini
1611 3250 1811 3313 0110000000ος

170 3346 290 3413 demnat,
313 3351 343 3398 ut
356 3342 384 3398 in
398 3342 449 3399 hoc
477 3344 548 3415 quod
570 3344 626 3413 iam
654 3346 880 3402 commemoravi:
904 3349 965 3407 lton
1018 3346 1248 3417 quemadmodum
1263 3361 1310 3416 per
1325 3345 1485 3418 prophetam
1500 3337 1688 3397 comminatur
1701 3339 1809 3395 (11000οε

170 3433 362 3494 mechaberis.
378 3431 483 3508 Figuris
496 3440 597 3502 autem,
612 3431 681 3490 sicut
703 3433 731 3489 in
759 3435 870 3510 Daniele
892 3436 964 3511 legi·
1020 3434 1095 3504 lenis
1109 3450 1262 3491 succensas
1277 3437 1318 3490 est
1328 3435 1548 3505 informantem·
1564 3433 1594 3485 et
1607 3427 1811 3501 praestemque

171 3541 241 3592 mus,
253 3524 312 3596 ipso
327 3528 441 3578 testante
454 3520 501 3593 qui
514 3520 574 3579 ait:
595 3522 630 3577 nt
652 3521 741 3578 levavi
762 3525 855 3582 ocutos
877 3541 963 3594 mcor,
1019 3521 1545 3595 otretemtaovtrstmadevorelilttw
1556 3521 1809 3588 mammii*

172 3611 658 3681 0101110100001000000011100
673 3611 767 3678 lineis,
778 3617 894 3672 etreaes
904 3618 965 3688 ejas
1018 3613 1096 3670 atine
1109 3629 1160 3671 aaa
1171 3615 1266 3685 (Deut.
1278 3628 1374 3681 xxxta,
1389 3612 1445 3684 22).
1464 3609 1538 3683 lgnis
1557 3608 1653 3679 itaque
1662 3605 1771 3663 Domini
1785 3603 1810 3658 ia

175 3699 302 3760 accincti
316 3714 387 3757 aare
401 3699 493 3758 obrizo
508 3699 590 3771 (Dan.
606 3714 635 3766 x,
652 3698 689 3772 ὅ).
714 3698 785 3769 Quid
804 3703 832 3758 in
855 3704 965 3762 renibus
1018 3700 1110 3759 lurore
1132 3702 1298 3770 accenditur,
1328 3701 1436 3774 quando
1463 3698 1492 3753 in
1513 3695 1650 3753 membris
1672 3693 1809 3766 impiorum

173 3791 227 3848 nisi
246 3790 387 3846 delectatio
409 3789 498 3844 caruis
512 3787 643 3859 accipitur
660 3788 666 3845 l
684 3791 753 3845 unde
775 3798 801 3846 et
825 3792 965 3851 Psalmista
1017 3790 1107 3846 earnis
1124 3791 1239 3863 prurigo
1252 3800 1279 3847 et
1292 3789 1410 3847 libidinis
1421 3786 1554 3844 incentiva
1566 3785 1605 3841 ita
1630 3785 1808 3849 dominantur,

174 3885 235 3936 orat
249 3877 361 3932 dicens:
377 3878 427 3933 ltrc
437 3893 516 3935 renes
531 3876 694 3946 meos(Psat
704 3893 772 3951 xxv,
788 3878 826 3952 2).
848 3882 877 3938 si
891 3884 965 3940 enim
1019 3888 1048 3935 ut
1064 3881 1099 3936 ab
1110 3883 1160 3951 cis,
1180 3881 1317 3953 quiscum
1342 3878 1428 3953 gratia
1440 3877 1490 3933 Dei
1514 3875 1694 3947 exstinguere
1704 3887 1760 3930 non
1771 3885 1810 3926 co-

172 3967 335 4037 roluptatem
354 3962 472 4020 libidinis
494 3965 523 4020 in
541 3966 652 4023 renibus
678 3981 739 4023 esse
767 3969 892 4040 nesciret,
916 3989 964 4030 eos
1020 3979 1129 4037 uantur,
1170 3969 1306 4042 exstingui
1333 3968 1485 4025 nullatenus
1517 3964 1698 4036 prevaleant.
1726 3962 1810 4017 Terra

172 4055 215 4116 uri
228 4053 328 4112 minine
339 4052 471 4126 petiisset.
486 4053 565 4111 Unde
587 4055 651 4128 quia
667 4065 787 4129 potestas
812 4060 912 4118 diaboli
926 4065 953 4119 in
1022 4062 1111 4114 autem
1126 4058 1235 4115 nomine
1251 4058 1303 4115 boc
1328 4064 1463 4114 terrenum
1478 4069 1589 4125 corpus·
1621 4051 1838 4139 8001090111,

172 4147 291 4201 humano
304 4159 404 4217 genere
419 4144 536 4201 maxime
547 4162 597 4217 per
619 4145 752 4204 luxuriam
767 4152 916 4221 praevaluit,
931 4153 965 4211 de
981 4159 1004 4237 ῃ
1021 4165 1087 4205 rena
1105 4165 1169 4207 caro
1184 4149 1327 4221 accipitur,
1341 4149 1385 4204 cui
1400 4147 1427 4202 in
1445 4144 1532 4217 primo
1548 4151 1684 4215 peccante
1697 4141 1809 4198 dicitur:

171 4234 262 4292 illaad
276 4236 386 4292 beatum
399 4234 450 4290 tob
463 4250 529 4290 voce
543 4235 679 4293 dominica
701 4236 814 4296 dicitur:
838 4243 966 4300 Potestas
1024 4240 1108 4295 Terra
1118 4257 1156 4311 ea,
1173 4246 1201 4297 et
1214 4240 1248 4296 in
1272 4243 1378 4296 terram
1391 4233 1590 4306 ettamen-111.
1612 4232 1673 4300 ¹⁹i·
1688 4229 1811 4287 Gelmlm

172 4330 235 4401 ejas
249 4329 281 4384 in
292 4325 394 4383 tombis
417 4326 477 4396 ejas
488 4324 558 4395 (101.
570 4340 603 4380 xa
619 4326 672 4397 lt).
684 4327 735 4383 Per
750 4328 886 4404 cingulum
901 4347 966 4406 ergo
1021 4333 1180 4384 lerraesunl
1194 4330 1267 4384 bona
1281 4339 1449 4399 00811,οΜ
1468 4337 1519 4395 Ρθῑ
1535 4320 1743 4376 1100181ῐωῦ11
1755 4331 1810 4376 1101·

173 4432 269 4473 renum
283 4413 417 4471 restrictio
445 4411 561 4468 carnalis
583 4413 768 4472 tornicationis
790 4416 920 4475 innuitur.
936 4422 965 4477 ln

171 4505 248 4562 Novo
262 4513 352 4560 antem
376 4503 546 4558 Testamenta
570 4502 701 4558 Dominus
714 4503 846 4561 luxuriam
874 4510 966 4566 verbis
1021 4506 1129 4580 penitus
1147 4514 1362 4564 concremantur.
1385 4503 1420 4558 Et
1443 4501 1494 4557 boc
1506 4499 1590 4554 modo
1609 4499 1685 4573 ignis
1699 4497 1811 4570 ausger

173 4596 334 4651 condemnat
348 4591 479 4649 cumdieit
496 4610 503 4649 τ
520 4591 784 4650 Statiumbioestra'
798 4600 965 4672 praetacti,·
1019 4597 1094 4653 mina
1108 4597 1311 4656 terraedevorat
1329 4610 1389 4650 cum
1417 4599 1498 4658 terra,
1514 4597 1540 4645 et
1550 4595 1656 4644 terram
1678 4605 1744 4647 cum
1760 4599 1809 4659 ger·

175 4685 200 4741 id
218 4690 259 4739 est
272 4681 364 4737 sintin
379 4679 455 4735 robis
467 4677 704 4735 carnalisluxuriae
717 4681 827 4740 eftectus
841 4688 964 4748 cohibiti.
1020 4689 1092 4743 miae
1107 4704 1173 4746 suo:
1189 4686 1251 4759 quia
1271 4687 1428 4757 plerumque
1446 4681 1532 4756 ignem
1547 4678 1668 4735 luxuriae
1698 4677 1810 4736 terminat

171 4773 225 4834 Sed
240 4769 366 4845 quoniam
383 4767 483 4824 malum
505 4765 629 4835 luxurie,
651 4776 697 4823 aut
717 4774 880 4844 cogitatione
897 4796 964 4851 per.
1019 4778 1153 4835 Dominus
1166 4777 1228 4852 igne
1242 4779 1384 4850 geliennae,
1399 4772 1461 4847 quia
1475 4768 1620 4827 devorabit
1633 4768 1764 4842 impium,
1776 4761 1809 4837 qd

173 4871 293 4938 petratur
315 4868 360 4915 aut
383 4873 489 4931 opere3
515 4854 630 4911 callidus
652 4857 822 4918 adversarius
840 4867 903 4921 darm
931 4872 965 4925 ab
1023 4882 1077 4923 non
1096 4867 1275 4937 succenditur,
1292 4865 1338 4922 sed
1360 4878 1447 4934 neque
1470 4858 1677 4931 exstinguitur3
1694 4855 1808 4932 0000100

172 4954 271 5013 aflectu
286 4949 377 5020 operis
389 4946 540 5018 expellitur,
553 4953 656 5001 secreta
679 4948 849 5023 cogitationis
863 4956 966 5026 pollue·
1023 4959 1121 5013 vermis
1148 4973 1243 5013 eorum
1267 4970 1322 5014 non
1342 4952 1481 5016 morietur,
1506 4958 1533 5003 et
1551 4945 1629 5019 ignis
1648 4962 1752 5004 eorum
1769 4956 1808 5000 not

173 5062 202 5102 re
218 5040 337 5098 molitur.
354 5036 429 5092 Sicut
443 5052 493 5107 per
507 5034 617 5107 llopsen
641 5034 745 5094 luxuria
769 5046 910 5116 corporis;
926 5047 963 5105 ita
1019 5042 1208 5118 exstinguetur
1233 5047 1308 5116 (lsai.
1325 5059 1398 5108 000,
1417 5042 1468 5106 at;
1493 5037 1578 5094 tlara.
1599 5052 1639 5107 tx,
1659 5039 1722 5110 15).
1745 5032 1809 5092 Dab't

110 5120 116 5125 ’
171 5149 220 5207 per
242 5131 451 5200 Redemptorem
475 5124 642 5181 interdicitur
656 5126 768 5210 luxuria
790 5132 890 5191 cordis.
914 5137 963 5193 Per
1020 5137 1092 5191 enirn
1113 5126 1808 5208 110010υεὶ000001000000100010000010001

170 5225 282 5295 lloysen
295 5215 402 5275 luxuria
421 5220 582 5287 perpetrata,
597 5230 646 5286 per
668 5224 805 5274 auctorem
823 5222 961 5280 munditiae
1016 5233 1131 5282 urantur
1149 5231 1176 5280 et
1189 5223 1305 5279 sentiant
1330 5220 1461 5296 usquein
1480 5216 1688 5289 sempiternum
1705 5210 1810 5290 (101111.

170 5313 278 5370 100010
289 5310 431 5365 damnatur
460 5304 588 5377 cogitata.
614 5304 777 5386 Redemptor
799 5319 892 5368 noster
914 5331 961 5372 ve·
1015 5331 1070 5387 xvi,
1090 5315 1147 5385 tl).
1171 5313 1224 5384 Qui
1247 5321 1337 5369 autem
1352 5327 1423 5368 aune
1436 5304 1595 5380 incorpore
1621 5321 1681 5365 suo
1698 5304 1809 5377 wudu

172 5506 227 5551 non
237 5490 325 5547 solum
342 5484 431 5544 carnis
443 5483 589 5552 luxuriam,
601 5484 648 5538 scd
662 5484 743 5540 etiam
757 5489 846 5546 cordis
868 5491 960 5552 abole-
1015 5494 1142 5565 corporis
1156 5493 1266 5561 Christi,
1282 5506 1344 5566 000
1358 5487 1527 5549 esttidelium
1536 5486 1677 5559 11000010,
1698 5502 1729 5544 se
1746 5484 1808 5556 ipsu
