3706 5962
70 111 128 175 aas
633 105 731 169 unuh
751 106 792 167 m
810 90 1075 174 romenellum
1096 112 1172 177 nno.
1680 120 1735 182 aro

68 234 238 313 Quanti
250 238 279 293 ta
292 234 381 306 pectes
390 246 465 301 meo,
474 231 581 306 [ochsn
591 238 684 299 tuom,
694 234 822 305 Domine,
834 251 877 290 re·
893 248 917 327 Α
934 250 1014 307 quem
1030 237 1138 309 viderc;
1155 249 1184 298 et
1197 242 1318 300 moriens
1330 242 1357 299 in
1373 260 1427 310 me,
1443 244 1536 304 vivere
1559 247 1686 320 incipiam
1705 248 1733 305 in

68 324 207 401 quirem!
226 323 313 395 (Psoi.
328 335 410 388 xxvi,
430 321 471 395 8.)
485 322 590 395 ltaque,
609 329 639 378 ut
658 321 724 389 dixi,
748 338 781 378 ex
805 322 877 380 dono
933 331 974 395 te;
991 333 1018 381 et
1037 329 1108 385 bene
1124 331 1187 386 mihi
1203 331 1277 386 sitin
1293 338 1330 401 te,
1346 333 1389 388 cui
1409 334 1525 404 pessime
1536 343 1578 392 est
1589 337 1615 392 in
1626 354 1665 394 se.
1678 337 1732 395 sed

69 412 169 488 gratiae
180 418 236 468 tnae
249 408 438 482 contemplans
452 425 549 467 ornnes
562 408 679 483 angulos
701 409 876 466 conscientiae
931 411 1039 481 festina,
1056 417 1182 486 Domine,
1194 435 1230 474 ne
1241 420 1401 477 tardaveris.
1411 422 1497 478 Habet
1508 424 1580 479 enim
1591 426 1732 497 sapientie

69 518 139 559 meae
153 500 199 559 rel
213 499 355 565 terminos,
371 499 451 555 unice
466 506 494 555 et
508 499 682 573 singulariter
694 498 822 555 desidero
837 498 876 554 vi·
931 510 984 559 tnae
997 504 1095 576 gratia,
1110 508 1237 572 Domine,
1261 509 1304 564 vel
1326 510 1422 585 gratiae
1445 518 1498 567 tuse
1517 512 1659 583 sapientia,
1684 531 1732 572 sua

67 592 136 648 dere
151 598 192 657 te,
208 597 239 645 ut
251 604 349 645 omnes
363 586 433 644 fines
448 594 528 644 tctrae
541 603 610 644 1110ae
629 587 740 644 videant
754 587 874 642 salulate
930 595 1110 664 compendia:
1144 605 1172 653 et
1203 614 1260 671 quo
1294 599 1406 655 rationis
1438 600 1481 656 vel
1520 600 1732 660 ratiocinationis

67 679 179 738 Domini
193 678 245 735 Dei
258 678 310 748 sui,
326 686 355 734 nt
368 693 469 743 amem,
484 693 546 733 curn
560 676 666 745 videro,
681 692 762 748 quem
782 691 874 731 amare
929 680 1009 736 nullis
1032 686 1213 756 argumentis,
1237 685 1318 743 nullis
1341 688 1565 756 discussionibus,
1579 691 1655 761 quasi
1670 691 1730 763 qui·

66 772 117 826 hoe
132 776 179 826 est
191 783 259 826 vere
272 767 376 824 vivere.
390 766 457 823 Dico
466 765 540 822 enirn
555 765 620 821 mihi
635 767 663 822 in
675 766 806 838 languore
820 765 873 820 de·
929 770 1041 826 busdam
1066 773 1147 829 scalis
1170 776 1374 842 conscenditur,
1396 778 1431 832 ad
1454 787 1603 835 torrentem
1627 780 1732 838 scilicet

67 857 162 916 doerit
181 857 251 914 mei:
267 854 335 926 Quis
358 863 431 911 arnat
449 855 523 928 quod
548 869 602 910 non
620 854 715 912 videri
736 854 872 928 quomodo
927 858 1072 932 voluptatis
1087 871 1149 929 tute,
1166 864 1200 918 ad
1219 864 1330 937 plenum
1353 866 1454 922 amoris
1470 868 1508 923 tui
1522 869 1668 941 gaudium:
1686 870 1731 927 eui

64 951 241 1023 potestesse
259 946 377 1003 amabile
390 945 464 1018 quod
479 960 534 1001 non
548 953 590 1001 εει
610 945 783 1018 aliquetenus
803 943 854 1000 visi
927 946 978 1002 hoc
993 948 1085 1005 datum
1100 958 1155 1019 est,
1172 951 1290 1009 fideliter
1312 970 1448 1025 quaereus,
1471 955 1589 1013 fideliter
1608 959 1735 1028 pulsans,¹

64 1037 141 1095 bile?
158 1035 439 1094 Sedtedesideranti
454 1033 580 1090 amabilia
594 1034 871 1108 quidemtuaoccur-
927 1050 1000 1106 saepe
1024 1048 1139 1110 repente
1163 1040 1200 1096 ibi
1224 1058 1254 1097 se
1277 1042 1392 1099 invenit.
1417 1044 1481 1112 Sed,
1506 1061 1523 1102 0
1552 1046 1678 1114 Domine,
1706 1047 1731 1103 si

64 1135 140 1195 runt,
157 1134 186 1183 et
200 1142 217 1183 e
231 1125 301 1183 coelo
314 1134 343 1182 et
357 1143 372 1181 a
385 1132 469 1194 terra,
484 1133 512 1181 et
527 1126 561 1180 ab
584 1125 659 1182 omni
681 1133 805 1182 creatura
826 1132 871 1179 tus
926 1125 1046 1196 quaudo,
1066 1128 1139 1200 qnod
1155 1146 1236 1202 quam
1251 1146 1342 1187 rarum
1365 1141 1416 1204 est,
1433 1150 1477 1191 me
1491 1135 1518 1189 iu
1534 1135 1624 1207 aliqua
1648 1137 1730 1206 hujus

64 1233 94 1272 se
111 1214 267 1273 mibiultro
281 1214 413 1285 coemat,
437 1222 465 1270 ει
488 1213 627 1290 ingerunt,
652 1231 669 1271 o
692 1215 721 1271 in
746 1211 871 1270 omuibus
925 1215 1016 1284 gandii
1036 1223 1115 1287 parte
1138 1218 1247 1276 invenio
1255 1237 1263 1289 ;
1289 1220 1393 1289 clamo,
1421 1223 1569 1281 vociferor:
1601 1228 1727 1297 Domine,

63 1304 209 1362 monnde
223 1303 384 1361 etamebiiis
397 1303 520 1359 Domine.
537 1304 604 1374 Quae
619 1312 720 1376 quanto
739 1311 765 1359 te
781 1302 869 1357 mani·
924 1304 1079 1363 benamesi
1089 1309 1728 1381 noshicesse,sociomushictriotobernoeulo

62 1393 163 1451 iatius
177 1402 208 1450 et
221 1393 311 1451 verius
324 1392 474 1465 praedicent
488 1400 516 1448 et
536 1393 688 1464 approbant
712 1391 867 1447 amabilem,
923 1389 1035 1458 (dotti.
1061 1405 1132 1459 xvii,
1159 1394 1200 1463 d):
1224 1393 1289 1450 fidei
1312 1411 1411 1463 unum,
1434 1399 1492 1469 spei
1516 1416 1615 1468 unum,
1640 1416 1718 1457 amor

63 1492 144 1539 tamo
156 1480 298 1539 ardentius
322 1489 348 1537 tc
372 1482 436 1537 mihi
454 1480 556 1537 iaciunt
568 1480 794 1536 desiderabilem:
818 1478 868 1536 sed
923 1492 1019 1534 unum.
1033 1480 1170 1553 Numquid
1185 1483 1277 1541 neseio
1291 1485 1356 1556 quid
1370 1485 1469 1556 dicam
1492 1503 1552 1543 curn
1577 1487 1650 1557 dico,
1672 1493 1725 1548 Do·

64 1575 133 1629 beu!
152 1587 210 1629 uon
232 1570 266 1626 ad
290 1570 399 1628 fruendi
422 1569 571 1643 perlectam
584 1570 745 1626 suavitatem
760 1576 788 1625 et
801 1584 870 1641 gau·
885 1561 907 1638 Β
923 1583 994 1623 num
1008 1572 1051 1624 est
1066 1585 1116 1626 nos
1131 1570 1176 1626 hic
1191 1572 1271 1629 esse?
1285 1571 1340 1628 Sed
1354 1580 1468 1646 repente
1478 1576 1548 1632 cado
1563 1576 1591 1631 iu
1612 1585 1724 1649 terram,

64 1660 153 1726 Dum,
168 1658 219 1714 sod
233 1659 267 1713 sd
281 1658 440 1715 intentionis
455 1658 505 1731 [oi.
528 1660 591 1715 odd.
607 1666 634 1714 et
653 1656 824 1730 intensionis!
840 1664 868 1713 et
922 1655 999 1726 quasi
1014 1662 1146 1723 mortuus,
1164 1666 1192 1713 οι
1204 1660 1356 1732 respiciens
1375 1663 1441 1717 nihil
1462 1663 1552 1730 video,
1569 1672 1597 1720 et
1620 1666 1725 1723 munbi

64 1747 267 1820 deiectus(uon
280 1754 371 1804 tamen
387 1747 447 1804 sine
465 1747 554 1818 aliqua
576 1748 718 1816 suavitate)
744 1754 866 1803 tormen·
923 1744 997 1815 prius
1011 1761 1086 1801 erarn
1101 1746 1220 1820 invenio,
1235 1748 1262 1805 in
1282 1749 1378 1808 dolore
1400 1752 1505 1808 scilicet
1525 1752 1616 1810 cordis
1637 1762 1665 1810 et
1684 1754 1726 1810 ai-

65 1848 133 1895 tcm.
151 1837 229 1895 Sicut
243 1837 316 1893 enim
331 1853 393 1893 mea
407 1853 462 1894 non
477 1838 525 1892 tibi
540 1837 661 1909 perlecta
676 1835 868 1909 placentobla·
922 1831 1042 1889 flictione
1066 1835 1189 1905 spiritus.
1217 1839 1371 1911 Usquequo,
1397 1840 1539 1898 Domine?
1560 1841 1726 1916 usquequo?

64 1939 100 1992 ts,
114 1926 170 1983 nisi
184 1942 310 1983 mecum:
331 1927 370 1982 sic
392 1926 525 1985 bonomm
542 1924 653 1984 'tuorum
673 1926 867 1997 contemplatio
925 1923 1066 1991 &ondin
1076 1941 1179 1996 ponem
1188 1928 1309 1983 consitio
1320 1931 1350 1984 in
1363 1929 1463 1986 animo
1473 1947 1548 1996 mcc,
1557 1931 1681 1988 dotorem
1692 1933 1725 1988 in

65 2015 153 2074 reficit
165 2031 219 2072 nos
231 2015 341 2088 quidem
358 2013 484 2083 ddciter,
504 2016 553 2072 sed
574 2031 629 2072 non
653 2015 731 2072 sanat
746 2015 867 2087 perfecte
921 2009 1004 2070 corde
1014 2028 1076 2072 meo
1082 2028 1135 2085 per
1145 2015 1240 2072 dnm?
1254 2017 1342 2085 (Psoi.
1358 2031 1410 2085 xvi,
1427 2022 1453 2086 l,
1469 2019 1510 2087 t.)
1520 2018 1653 2089 Quamdiu
1669 2035 1725 2079 non

64 2104 117 2162 nisi
136 2111 240 2164 meum,
922 2102 1094 2171 permanebit
1115 2104 1227 2177 spiritus
1248 2104 1277 2160 iu
1302 2105 1465 2174 hominibus,
1490 2107 1553 2180 qnia
1573 2124 1638 2165 caro
1661 2120 1724 2169 sunt

388 2194 500 2253 CAPUT
512 2194 545 2250 ll.
921 2189 1004 2261 (Gen.
1019 2207 1062 2264 vr,
1078 2194 1120 2263 3)ss
1136 2192 1186 2250 sed
1200 2193 1284 2261 venit,
1298 2201 1326 2251 et
1338 2195 1422 2264 vadit,
1442 2203 1471 2253 et
1491 2197 1576 2269 spirat
1598 2198 1644 2254 nbi
1667 2198 1724 2256 vnit

64 2284 170 2340 Ammo
183 2284 276 2340 Deum
294 2282 453 2340 desiderans
477 2287 551 2342 necte
564 2287 688 2356 corporis
705 2301 734 2342 se
753 2286 867 2358 penori
923 2280 1016 2348 (loon.
1032 2297 1075 2348 rn,
1090 2283 1128 2354 8).
1145 2282 1200 2339 Sed
1215 2284 1243 2339 in
1256 2285 1441 2342 convertendo
1456 2286 1587 2344 Dominus
1605 2287 1722 2359 captivi·

395 2373 534 2444 queritnr.
921 2375 1003 2422 tatem
1017 2369 1092 2435 Sion,
1114 2370 1176 2426 iacti
1191 2371 1292 2428 erimus
1306 2372 1375 2429 sicut
1388 2372 1528 2430 consolati.
1544 2375 1619 2432 Tunc
1636 2375 1723 2446 reple·

100 2465 126 2518 5.
142 2461 209 2518 Haec
224 2469 267 2517 est
279 2459 376 2515 animle
390 2477 460 2517 meae
479 2461 588 2516 assidua
611 2459 778 2523 exercitatio,
802 2459 866 2517 hinc
921 2463 994 2519 bitur
1006 2465 1107 2538 gaudio
1117 2477 1290 2537 osuostrum,
1302 2469 1530 2541 etlinguanostre
1540 2470 1722 2528 exsultatione

63 2549 173 2606 assidue
196 2563 281 2622 scopo
306 2549 429 2622 spiritum
453 2565 556 2616 meum;
589 2556 616 2604 et
644 2564 705 2605 cum
734 2548 812 2604 bonis
839 2558 865 2605 et
919 2554 1007 2624 (Psoi.
1022 2570 1109 2623 cxxv,
1126 2562 1151 2628 l,
1168 2558 1206 2629 2).
1223 2557 1492 2616 interimheumibii
1509 2559 1722 2633 quiaineolatns

64 2638 226 2695 imbilibllt
236 2638 385 2710 ‘liminati
401 2637 514 2710 pedibus
528 2647 556 2695 11
565 2637 700 2702 millibus,
715 2645 743 2691 et
754 2637 817 2694 totis
827 2637 865 2693 in·
920 2657 996 2699 meus
1019 2643 1197 2717 prolongatus
1220 2655 1276 2702 est:
1300 2647 1419 2704 habitavi
1447 2663 1508 2704 cum
1537 2648 1721 2707 babitantibus

63 2728 153 2784 nitens
177 2726 281 2784 viribus
303 2743 410 2784 sursum
436 2727 517 2783 teudo
539 2726 572 2782 ad
595 2734 639 2795 te3
664 2727 691 2781 in
707 2732 744 2791 te,
759 2742 865 2782 summe
919 2731 1017 2796 cedar,
1034 2733 1147 2789 multum
1162 2735 1249 2792 incola
1272 2733 1324 2792 init
1337 2736 1426 2791 aalma
1449 2752 1510 2792 mea
1533 2737 1620 2807 (Psoi.
1641 2752 1719 2803 cxix,

62 2814 781 2887 εωοε,εεωωυω1111ωτεεᾱευεε1ο1111111111,
791 2821 865 2869 unu
918 2824 946 2890 u,
962 2821 998 2889 o).
1012 2820 1067 2877 sed
1081 2824 1230 2895 respondes
1244 2823 1309 2878 mihi
1332 2823 1404 2880 intus
1418 2825 1445 2880 in
1459 2825 1541 2880 eorde
1561 2841 1622 2882 meo
1646 2826 1719 2882 vari-

63 2905 192 2963 retrudor
203 2905 300 2963 darius
312 2906 341 2962 in
355 2914 467 2972 terram,
482 2905 509 2960 in
524 2905 723 2978 memetipsum,
742 2905 792 2960 snb
809 2920 865 2960 me·
881 2865 903 2945 c
920 2916 961 2965 tas
972 2910 1164 2968 consolationis
1180 2920 1242 2981 tuae,
1258 2920 1286 2969 et
1298 2913 1446 2970 consolatio
1461 2913 1582 2970 veritatis
1600 2923 1665 2972 tnae.

63 2994 190 3066 metipso.
208 2993 334 3067 sicergo
349 2994 499 3066 respiciens
513 3002 541 3050 et
551 2994 710 3051 discernens
721 3001 748 3048 et
762 2991 862 3063 dijudi·
1229 3002 1344 3060 cspur
1358 3003 1404 3059 ιιι,

63 3097 127 3139 111111
149 3098 196 3140 11111
218 3082 318 3155 illium.
333 3082 420 3139 11111111
444 3099 503 3138 111111
527 3083 591 3139 mibi
606 3083 657 3154 11111
679 3081 713 3139 de
737 3097 781 3138 11111
804 3081 863 3153 ipso
918 3090 961 3145 An
974 3090 1246 3160 ecquomododeter
1261 3092 1444 3166 inequalitas
1459 3092 1717 3151 omorisinbeotss.

64 3172 198 3229 huonon
213 3180 242 3228 et
256 3172 367 3229 taediose
380 3173 508 3245 questio:
530 3179 632 3241 tamem
653 3171 778 3238 Domine,
804 3185 863 3226 cer·
952 3174 979 3228 t.
1014 3173 1062 3228 list
1083 3188 1160 3230 amor
1180 3173 1326 3247 desiderii,
1350 3181 1379 3231 et
1400 3181 1441 3230 est
1468 3190 1546 3232 amor
1568 3176 1717 3234 fruitionis.

65 3265 181 3317 tusum
194 3275 246 3333 per
259 3260 374 3332 gratiam
389 3267 472 3328 tuam,
489 3259 655 3317 desiderium
668 3258 797 3316 desiderii
813 3258 861 3324 tui,
917 3261 1001 3315 Amor
1023 3260 1151 3318 desiderii
1174 3271 1296 3318 meretur
1318 3262 1464 3334 aliqnando
1486 3263 1630 3333 visionem,
1651 3264 1720 3323 visio

66 3355 227 3406 umorem
241 3348 340 3405 amoris
355 3347 391 3404 tui
411 3349 513 3405 habere
528 3365 572 3404 me
587 3349 614 3403 in
630 3349 781 3405 totocorde
796 3346 860 3403 etin
917 3346 1083 3417 fruitionem,
1101 3348 1191 3405 lruitiu
1205 3350 1307 3406 amoris
1320 3349 1530 3422 perlectionem.
1548 3351 1718 3425 Gratiasego

65 3444 116 3496 tots
138 3437 234 3495 anina
256 3453 327 3495 mea.
352 3439 411 3495 Huc
435 3453 522 3511 nsque
551 3448 577 3495 te
601 3436 719 3495 iaciente
742 3437 860 3509 proieci,
916 3435 1011 3509 gratiae
1027 3443 1089 3506 tuae,
1106 3436 1153 3508 qui
1167 3436 1240 3508 loqui
1255 3437 1377 3512 dignaris
1395 3437 1430 3493 ad
1452 3453 1502 3494 cor
1520 3439 1592 3495 servi
1617 3438 1664 3505 tui,
1689 3447 1719 3496 et

65 3534 91 3582 nt
112 3525 273 3585 desiderem
297 3525 455 3584 desiderare
480 3533 521 3594 te,
537 3534 565 3583 et
589 3541 677 3582 amem
702 3540 795 3582 amare
818 3533 860 3583 te:
916 3523 1004 3580 anxiis
1018 3525 1079 3594 ejus
1093 3523 1289 3597 questionibus
1303 3524 1475 3599 aliquatenus
1490 3524 1652 3597 respondes.
1668 3527 1717 3583 Su-

64 3615 178 3673 tciltoe
196 3630 291 3672 emens
313 3615 377 3689 qnid
400 3616 601 3672 amemncecio.
630 3613 701 3688 Quid
723 3625 765 3672 est
788 3614 861 3689 enim¹
915 3613 1009 3684 scipio,
1034 3622 1062 3671 et
1080 3614 1231 3687 amplector
1253 3615 1324 3671 banc
1349 3614 1464 3687 Spiritus
1483 3613 1522 3670 tui
1545 3614 1663 3684 arrham,
1688 3625 1717 3672 et

65 3720 153 3764 tmere
191 3720 329 3772 amorem,
355 3705 513 3763 desiderare
544 3703 729 3762 desiderium?
760 3700 862 3762 imbre
915 3704 994 3759 laetus
1020 3708 1149 3775 exspecto
1173 3703 1303 3759 inaraba
1326 3703 1535 3776 promissionem
1558 3712 1641 3762 tuam.
1665 3706 1718 3761 De·

65 3809 184 3852 anamim
207 3794 318 3868 siquid
340 3808 476 3860 amamus,
507 3793 644 3850 desiderio
673 3794 861 3851 desideramus
915 3791 1006 3848 sidero
1022 3791 1115 3866 itaque
1130 3807 1222 3849 amare
1238 3801 1276 3860 te,
1292 3801 1320 3850 et
1333 3809 1393 3850 amo
1404 3793 1562 3851 desiderare
1572 3801 1609 3860 te,
1626 3802 1654 3851 et
1664 3795 1717 3849 boc

64 3883 194 3957 qro‘dquid
208 3883 406 3941 desidemmns.
427 3879 515 3940 888
528 3883 582 3940 Sed
597 3883 710 3939 forsitan
723 3899 785 3939 cnm
799 3898 860 3940 emo
915 3880 996 3936 modo
1008 3894 1099 3949 curro,
1119 3887 1150 3937 nt
1172 3881 1378 3953 apprehendam
1399 3881 1427 3937 in
1451 3897 1505 3955 quo
1528 3884 1716 3955 apprehensus

64 3986 193 4040 mrem,
209 3986 265 4029 non
279 3987 341 4028 erno
365 3987 489 4028 amorem
512 3986 566 4044 qno
588 3986 650 4027 amo
674 3971 746 4042 quud
767 3986 859 4030 amare
914 3985 989 4038 sum,
1005 3969 1110 4026 scilicet
1124 3979 1153 4027 ut
1175 3986 1263 4027 amem
1281 3981 1307 4026 te
1331 3970 1454 4043 perfecte
1475 3970 1631 4044 aliquando,
1652 3971 1718 4044 quit

65 4062 130 4127 volo,
145 4069 176 4118 et
188 4077 252 4118 amc
266 4061 399 4134 quidquid
413 4075 484 4130 amo,
500 4061 549 4117 sed
564 4077 608 4117 me
622 4069 769 4127 amantem,
795 4077 859 4117 curn
913 4058 990 4130 prior
1004 4073 1055 4114 nos
1069 4057 1176 4128 amasti,
1191 4059 1308 4116 amande
1323 4068 1352 4117 et
1367 4059 1492 4116 amabilis
1506 4059 1632 4119 Domine.
1660 4059 1715 4117 Sed

64 4149 87 4206 ia
111 4150 233 4208 Domino
255 4148 379 4206 laudatur
403 4156 430 4205 et
451 4157 556 4205 amatur
578 4165 594 4203 a
616 4164 660 4204 me
682 4149 856 4216 animantes,
914 4152 992 4204 estne
1010 4146 1156 4220 aliquando
1169 4157 1216 4203 aut
1237 4147 1345 4216 alicubi,
1361 4147 1486 4215 Domine,
1502 4147 1717 4205 haecamoristui

63 4254 142 4312 qnam
157 4240 254 4314 procul
267 4239 350 4297 dubio
369 4239 531 4302 detestarer,
556 4247 584 4294 et
603 4239 666 4294 odio
681 4239 824 4306 haberem,
836 4239 859 4295 si
915 4234 1056 4306 perfectio,
1072 4237 1131 4292 haec
1146 4235 1173 4291 iu
1196 4251 1290 4292 amore
1318 4244 1365 4293 tuo
1389 4236 1564 4293 beatitudiuis
1587 4250 1716 4292 consuan-

63 4346 118 4387 ettn
132 4329 200 4386 alibi
213 4345 294 4403 qnam
308 4329 337 4386 iu
350 4329 466 4386 Domino
489 4336 517 4386 et
539 4328 567 4384 in
591 4330 652 4400 ejus
672 4344 765 4385 amore
784 4329 860 4386 inve·
914 4325 1008 4392 matio,
1022 4332 1052 4381 ut
1065 4325 1161 4380 sitiens
1176 4325 1266 4380 anima
1281 4325 1315 4380 ad
1329 4326 1417 4381 Deum
1438 4324 1543 4381 iontem
1560 4325 1660 4389 vivum,
1674 4326 1717 4382 sic

62 4419 160 4476 mem.
175 4418 231 4476 Sed
246 4421 322 4476 etde
336 4417 472 4477 desiderio
487 4418 553 4491 quid
568 4417 708 4473 dicemus?
721 4418 750 4473 Si
759 4417 859 4484 dicam,
913 4414 1036 4479 satietur,
1052 4413 1092 4471 sic
1105 4413 1259 4485 impleatur,
1276 4422 1303 4468 ut
1319 4413 1400 4480 dicat,
1415 4411 1541 4470 suflicit?
1555 4411 1642 4470 Miror
1655 4413 1716 4484 qui-

63 4506 196 4565 Desidero
210 4522 272 4565 esse
285 4505 457 4579 desiderans,
478 4508 533 4578 jam
557 4521 601 4562 me
622 4505 732 4562 invenio
750 4504 860 4563 deside·
913 4518 1032 4576 cunque,
1046 4502 1209 4574 ubicumque
1224 4501 1268 4558 ille
1283 4502 1327 4571 sit,
1343 4501 1365 4556 si
1384 4516 1439 4557 non
1455 4499 1561 4569 deficit;
1584 4499 1607 4556 si
1638 4499 1714 4571 dicit,

62 4603 182 4654 mutem:
199 4595 250 4653 scd
264 4595 394 4669 numquid
408 4595 574 4652 desiderium
590 4593 627 4650 tui
646 4595 859 4666 desiderantem,
913 4591 1027 4648 Sufficit.
1043 4590 1097 4647 Sed
1113 4589 1158 4646 ubi
1173 4589 1251 4645 istius
1266 4588 1435 4646 sufficientia
1449 4597 1492 4646 est
1509 4589 1638 4662 deiectio,
1654 4605 1716 4664 quse
1732 4590 1739 4601 '

63 4684 140 4757 qaid
150 4699 206 4742 non
220 4685 347 4752 habeam,
368 4691 414 4741 eut
432 4683 599 4741 desiderium
614 4685 701 4755 majus
715 4699 796 4756 quam
812 4686 860 4739 ha·
914 4688 1078 4753 potestesse
1094 4677 1245 4751 perfectio?
1268 4679 1407 4751 Nusquam
1422 4677 1515 4755 igitur,
1534 4687 1562 4735 et
1576 4695 1715 4754 uunquam

61 4774 161 4832 bearn?
914 4769 1053 4844 perfectio.
1069 4769 1165 4826 Sedet
1184 4768 1287 4842 injusti,
1302 4769 1428 4840 Domine,
1444 4769 1575 4843 numquid
1599 4786 1715 4847 regnunt

93 4868 121 4921 6.
138 4864 206 4921 Cum
220 4862 305 4940 lgitm
320 4862 371 4919 hoc
385 4862 466 4920 modo
490 4860 619 4919 deficiant
641 4870 668 4918 et
693 4862 810 4935 calmem
832 4869 861 4920 et
915 4877 990 4928 auum
1019 4857 1217 4932 possidebunt?
1244 4859 1363 4931 injustus
1389 4866 1482 4915 autem
1510 4867 1552 4916 est
1584 4857 1631 4931 qni
1658 4872 1715 4914 non

59 4954 205 5012 mlient
224 4952 371 5010 interiores
392 4951 461 5009 oculi
487 4951 552 5018 mei,
571 4966 620 5009 oro
643 4961 673 5009 ut
696 4952 810 5008 citinsa
833 4959 860 5008 te
916 4955 1018 5006 tantum
1034 4947 1184 5015 desiderat,
1200 4956 1228 5004 et
1241 4948 1396 5005 debitorem
1412 4963 1442 5004 εο
1461 4947 1545 5003 sentit
1569 4954 1596 5002 ct
1614 4944 1714 5002 intelli·

58 5042 228 5118 aperiantur,
243 5058 297 5099 non
312 5040 385 5097 sicut
391 5040 480 5114 aperti
489 5047 553 5097 sunt
562 5040 630 5097 ldae
644 5041 769 5098 carnales
778 5041 861 5114 oculi,
914 5039 954 5114 git
967 5046 994 5095 te
1008 5053 1112 5103 amare,
1128 5043 1260 5110 quantum
1273 5038 1309 5091 ab
1331 5036 1423 5108 aliqua
1446 5041 1572 5092 creatura
1591 5032 1715 5091 rationaii

58 5141 85 5189 nt
100 5133 211 5190 rideret
225 5130 413 5189 contusionem
436 5145 512 5187 suam
529 5131 609 5200 (Gen.
624 5147 664 5198 rn,
688 5134 733 5202 t),
758 5131 807 5187 sed
830 5141 860 5188 nt
914 5126 1045 5199 possibile
1059 5133 1104 5184 est
1117 5125 1201 5181 amari
1216 5132 1253 5181 te.
1269 5124 1382 5180 Constat
1400 5123 1481 5179 etiam
1506 5124 1585 5178 beata
1609 5120 1653 5176 illa
1666 5122 1716 5179 Se-

59 5223 179 5290 rideam,
194 5221 321 5288 Domine,
331 5219 445 5297 gloriam
461 5226 535 5277 tuam
545 5235 551 5274 z
562 5226 593 5276 ut
607 5220 707 5276 oblitus
721 5220 861 5293 parvitatis
915 5216 1030 5289 raphim,
1052 5230 1142 5287 quara
1161 5212 1298 5269 vicinitate
1313 5212 1468 5284 presentiae
1484 5218 1548 5279 tuta,
1565 5225 1580 5265 a
1594 5209 1715 5269 claritate
1785 5236 1788 5241 ·

59 5321 85 5370 et
96 5311 271 5387 paupertatis
285 5326 362 5379 mese,
388 5318 459 5367 totus
480 5309 579 5382 erigar,
605 5316 632 5364 et
653 5325 727 5366 manv
747 5310 774 5364 in
799 5325 860 5365 am·
914 5305 1027 5364 visionis
1052 5302 1261 5359 remordentes
1288 5308 1317 5356 et
1344 5300 1561 5372 interpretantur
1584 5308 1616 5357 et
1641 5310 1715 5368 sunt,

58 5402 153 5475 plexum
169 5402 208 5458 tui
227 5400 336 5467 amoris,
352 5399 448 5456 videns
461 5414 543 5472 quem
563 5413 698 5468 amavero,
715 5403 743 5456 et
764 5414 861 5455 amans
919 5395 981 5467 plns
993 5406 1085 5450 entare
1100 5398 1136 5463 te,
1152 5405 1233 5464 quam
1246 5388 1362 5464 aliquem
1378 5389 1423 5462 qui
1438 5388 1616 5447 minorastin
1629 5406 1715 5466 regno
