3706 5962
55 232 106 292 109

671 228 705 286 ΙΝ
723 223 861 286 clutton
881 221 987 281 SltllllO
1007 220 1080 281 lllll.

1592 253 1599 263 ·
1645 227 1698 290 110

56 360 104 424 ιι).
119 353 192 424 eris
216 350 284 407 mibi
306 349 352 404 det
369 356 400 403 nt
423 347 577 403 scribantur
595 364 737 403 sermones
761 348 803 403 isti
822 345 850 401 in
867 359 891 436 st
908 360 962 416 que
972 342 1126 415 praevenitis
1137 352 1164 399 et
1178 342 1310 399 instruitis
1325 345 1481 415 apostotos?
1492 350 1599 422 Ubique
1610 352 1698 409 seduli

55 442 129 500 corde
144 454 224 505 meo,
240 446 270 494 ut
283 443 430 493 exarentur
443 434 516 501 stilo,
528 443 554 488 et
564 436 642 506 quasi
651 436 678 489 in
694 436 770 490 silice
784 435 851 490 scri·-

53 532 159 593 bantur,
178 536 276 582 utnon
291 525 456 581 deleantur?
470 524 560 578 Bonus
575 523 653 580 stilus
667 524 768 594 digitus
778 532 850 591 tuus,

52 618 178 679 baurim,
206 614 312 685 digitus
336 628 391 684 quo
415 611 555 665 scribebas
579 610 606 665 in
621 619 694 665 terra
707 612 791 666 verba
805 627 852 664 ar-

51 721 123 768 cana,
136 704 229 760 verba
243 716 358 774 quorum
368 702 496 756 virtutem
511 699 705 754 calumniantes
720 699 853 754 serrenon

51 801 177 866 poterant
202 794 294 863 (loun.
320 805 381 853 viu,
407 792 475 857 6-9).
502 787 604 842 lnclina
628 788 765 859 teipsum,
781 788 853 842 Deus

50 897 133 946 neus,
151 889 181 936 et
195 879 288 935 incide
303 878 331 932 in
344 876 429 932 corde
444 890 506 930 meo
521 874 589 946 legis
605 883 658 930 tuae
672 876 787 931 tabulas.
804 874 853 929 La·

50 973 162 1043 pideum
178 977 224 1025 est
238 984 286 1025 cor
300 983 401 1033 meum,
417 965 467 1019 sed
480 964 567 1019 durus
579 964 648 1035 lapis
663 973 768 1020 naturae
782 964 853 1020 obli-

50 1061 167 1117 viscitur
190 1057 227 1112 ad
251 1056 329 1128 digiti
353 1055 391 1108 tui
411 1052 631 1123 impressionem
647 1052 725 1108 facile
739 1053 851 1117 cedens,

51 1150 92 1204 ubi
109 1157 140 1202 tu
169 1146 283 1201 incidis.
302 1143 357 1198 Sed
369 1144 426 1211 jam
441 1140 525 1195 multa
539 1141 656 1195 diximus
670 1157 720 1212 pro
734 1157 768 1197 eo
782 1141 854 1212 quod

51 1236 200 1308 oportebat
214 1247 344 1304 sponsam
359 1229 445 1284 laetari
459 1237 486 1284 et
499 1229 620 1301 gaudere
634 1230 660 1283 in
677 1229 721 1284 die
736 1230 851 1301 despon-

51 1324 179 1388 sationis,
199 1332 228 1377 et
242 1321 288 1376 die
306 1319 407 1374 laetitiae
422 1317 511 1374 cordis
527 1317 569 1371 sui
589 1317 692 1373 dilecti.
709 1317 807 1389 Magna
827 1316 854 1370 in

54 1415 103 1470 bac
117 1413 168 1468 die
188 1411 291 1465 laetitiae
311 1407 386 1473 ratio,
402 1415 427 1462 ει
446 1422 507 1477 quae
528 1406 619 1461 cordis
632 1415 658 1459 et
676 1405 788 1460 allectus
803 1407 855 1459 bu-

54 1501 124 1556 mani
137 1499 214 1553 fines
225 1495 348 1553 excedat.
359 1494 416 1549 Nec
429 1501 469 1547 est
483 1496 534 1547 buc
543 1492 690 1564 peregrina
704 1492 857 1547 inducenda

53 1590 160 1655 latitia,
187 1586 239 1641 sed
262 1584 314 1639 diei
334 1582 378 1638 isti
406 1581 506 1637 suiticit
524 1581 617 1635 latitia
636 1596 694 1636 sua.
710 1580 802 1635 Dulcis
816 1597 855 1647 es,

53 1677 185 1739 bomine,
203 1681 232 1727 ει
244 1671 366 1726 directus
377 1677 419 1722 est
428 1668 462 1720 ad
472 1682 522 1722 uos
533 1666 644 1737 spiritus
660 1676 731 1736 tuus,
748 1667 858 1739 spiritus

52 1763 164 1822 suavis.
181 1761 321 1814 Humanas
336 1756 385 1811 tibi
403 1754 507 1809 animas
530 1771 578 1825 per
601 1753 682 1809 tidem
696 1762 724 1809 et
738 1770 858 1809 amorem

54 1853 179 1923 quodam
205 1846 300 1919 sponsi
320 1845 441 1900 associas
456 1842 566 1910 affectu,
581 1854 608 1898 ει
631 1843 665 1897 de
680 1843 859 1898 conversione

54 1940 169 1995 letaris.
187 1939 292 1991 Durum
302 1950 350 1990 cor
360 1933 433 2005 qnod
445 1931 496 1985 sibi
510 1931 609 1985 laetitiae
624 1931 703 2001 hujus
716 1932 859 1986 materiam

56 2027 202 2093 subducit,
220 2027 378 2081 occasiones
390 2028 521 2085 attenuat,
537 2019 672 2074 imminuit
690 2020 819 2075 rationes.
837 2019 861 2074 0

56 2135 101 2172 me
117 2114 310 2186 impudentem
325 2119 351 2165 et
365 2110 511 2181 ingratum,
528 2107 549 2162 si
565 2122 620 2162 non
634 2123 685 2178 ego
702 2107 783 2161 talem
797 2108 860 2161 dili-

58 2222 136 2279 gam,
159 2212 217 2257 tam
236 2200 393 2255 absolutum
415 2212 431 2250 a
450 2195 633 2267 corruptione,
659 2205 686 2251 et
702 2203 775 2250 tanta
789 2195 862 2250 circa

60 2310 104 2348 me
129 2291 294 2347 adstrictum
323 2285 524 2358 compassione,
549 2284 704 2341 necessitati
733 2299 787 2339 non
813 2287 864 2339 ob·

62 2381 185 2443 noxium,
202 2387 229 2432 et
249 2377 348 2448 pietate
364 2371 504 2430 obnixum!
521 2373 637 2444 Diligam
653 2382 689 2442 te,
706 2373 793 2429 dulcis
813 2375 865 2427 Do-

63 2471 147 2534 mine,
160 2468 213 2524 etsi
228 2482 285 2521 non
294 2480 347 2536 pro
360 2479 415 2531 me,
431 2470 519 2533 prote
534 2470 642 2530 tamen,
659 2471 688 2515 ut
703 2469 748 2516 tuo
762 2461 842 2515 satist
855 2490 866 2501 ·

64 2558 134 2614 cmm
150 2552 302 2618 desiderio,
313 2551 472 2607 deliciarum
483 2550 531 2603 tibi
541 2565 638 2605 causas
652 2549 865 2615 subministrem,

64 2651 230 2719 argumenta
256 2639 366 2705 laetitiae,
392 2639 420 2693 in
434 2638 477 2693 die
491 2637 720 2710 desponsationis
738 2645 765 2693 ει
779 2637 807 2691 in
821 2635 865 2690 die

66 2736 166 2791 laetitiae
181 2732 277 2790 cordis
291 2730 339 2785 tui.

366 2833 483 2891 SEltltO
503 2834 581 2889 XXI.

100 2928 290 3003 Egredimini,
307 2931 335 2982 et
350 2925 442 2980 uidete
466 2939 558 2995 repom
574 2923 758 2990 solucionem,
775 2930 828 2978 etc.

351 2997 447 3068 (Cant.
465 3010 506 3060 ru,
525 2998 581 3066 tt.)

907 433 971 487 estis
980 432 1015 486 ad
1024 432 1202 487 admiratores
1215 440 1243 488 et
1253 433 1458 488 annuntiatores
1472 437 1597 493 novitatis
1608 439 1696 496 istius.

905 521 1028 593 Angelus
1036 521 1245 590 concipiendum
1255 521 1456 576 nuntiatltiariae
1466 523 1544 593 (tue.
1553 541 1571 590 t,
1584 530 1675 598 to-aa)
1689 544 1695 583 ε

906 618 998 663 natum
1010 608 1166 680 pastoribus
1184 610 1297 680 angelus
1314 609 1421 666 nuntiat
1438 625 1444 663 ε
1460 610 1514 668 ἰιιιο
1527 620 1554 668 ει
1569 614 1633 685 ipsis
1644 620 1700 672 An·

905 698 984 768 getis,
1008 714 1062 753 non
1081 706 1185 753 tantum
1209 698 1364 769 pastoribus
1377 699 1492 771 angelus
1507 703 1646 759 nuntiasse
1660 705 1700 759 vi·

906 786 995 842 detur.
1022 787 1094 841 Unus
1110 787 1248 857 praedieat,
1274 786 1321 842 alii
1344 787 1519 858 applaudunt.
1541 794 1626 849 Facto
1646 798 1699 861 est,

906 875 1702 947 iuquit,eumonpelomultitudccoelestiseeercitusluu·

906 964 1080 1030 contiueat
1087 965 1254 1030 dicentium,
1264 965 1397 1021 Gloriot'o
1406 966 1614 1024 altissimi-alteo
1622 971 1699 1039 (Luc.

906 1066 938 1121 tr,
950 1053 1040 1117 9-tt).
1054 1053 1127 1107 Unus
1142 1052 1294 1115 annuntiat,
1306 1053 1379 1123 quod
1393 1052 1437 1106 ulii
1452 1069 1529 1126 reque
1543 1065 1677 1111 noverant
1693 1071 1700 1110 ε

907 1145 1041 1197 ettamen
1057 1140 1134 1210 quasi
1149 1155 1248 1195 novum
1264 1149 1292 1195 et
1307 1155 1404 1196 recens
1418 1143 1540 1208 audiunt,
1557 1146 1630 1215 quod
1648 1145 1702 1201 illis

908 1230 1030 1300 ignotum
1040 1243 1101 1282 esse
1115 1243 1170 1283 non
1183 1236 1300 1300 poterat.
1313 1230 1334 1283 Ο
1346 1230 1427 1284 beata
1441 1231 1498 1286 baec
1513 1232 1629 1298 novitas,
1641 1249 1702 1302 quae

909 1323 1030 1395 angelico
1048 1324 1177 1395 gaudium
1192 1331 1300 1395 praestat
1316 1325 1436 1391 auditui3
1453 1329 1490 1393 et,
1503 1335 1533 1382 ut
1547 1327 1586 1383 sic
1602 1329 1703 1393 dicam,

910 1412 1027 1468 delectat
1044 1412 1106 1466 illos
1129 1414 1163 1467 ab
1183 1413 1235 1467 alio
1249 1414 1356 1480 audire,
1372 1422 1399 1469 ει
1418 1415 1496 1486 quasi
1510 1415 1616 1472 discere
1630 1418 1704 1490 quod

910 1517 959 1558 eos
968 1501 1003 1555 ab
1017 1500 1093 1554 initio
1108 1500 1166 1571 ipsa
1177 1501 1285 1556 Veritas
1295 1502 1419 1559 edocuit!
1433 1502 1456 1556 Ο
1468 1504 1576 1559 humilis
1591 1513 1618 1559 et
1628 1506 1705 1561 inde·

911 1589 984 1645 fessa
998 1589 1115 1654 devotio,
1132 1597 1159 1644 et
1174 1589 1207 1643 ad
1224 1591 1319 1654 Deum,
1340 1598 1366 1644 et
1380 1590 1414 1644 ad
1428 1591 1560 1645 inviceml

946 1680 971 1731 2.
989 1677 1037 1731 Est
1059 1676 1101 1730 bic
1119 1676 1231 1747 aliquid,
1247 1677 1319 1748 quod
1329 1692 1384 1731 nos
1400 1678 1503 1731 utinam
1518 1679 1703 1748 observemus,

912 1765 966 1819 imo
982 1772 1009 1818 et
1024 1779 1174 1819 servemus.
1190 1764 1260 1832 Quid
1283 1764 1373 1818 illud‘?
1393 1764 1426 1818 Ut
1440 1766 1567 1837 angelico
1582 1768 1707 1840 exemplo

913 1852 1042 1907 humilem
1054 1861 1079 1907 et
1094 1860 1227 1905 attentum
1237 1852 1407 1922 praebeamus
1417 1853 1539 1906 auditum
1548 1854 1636 1908 alieno
1651 1870 1708 1908 ser·

914 1940 1092 2003 maniatium
1106 1943 1133 1992 in
1149 1939 1202 1993 illis
1213 1957 1273 2011 quae
1288 1955 1342 1994 non
1359 1939 1526 2013 ignoramus.
1543 1942 1601 1996 Nun
1617 1949 1708 1998 tamen

914 2028 1019 2082 alienus
1035 2037 1086 2093 est,
1108 2028 1155 2098 qui
1174 2029 1209 2082 de
1224 2029 1281 2084 Deo
1295 2035 1347 2094 est,
1364 2029 1415 2082 nisi
1431 2045 1480 2085 uos
1499 2045 1515 2082 a
1535 2031 1591 2085 Deo
1607 2030 1710 2086 alienos

905 2116 1192 2185 reputaverimus&
1216 2117 1238 2170 si
1262 2117 1365 2171 alienus
1385 2125 1435 2184 est,
1467 2117 1655 2173 auctoritatem
1670 2119 1710 2174 illi

917 2204 1009 2259 tribuit
1024 2205 1113 2260 divina
1128 2204 1251 2258 materia.
1270 2207 1340 2260 Nota
1354 2205 1486 2272 fastidire,
1505 2215 1550 2260 aut
1564 2207 1709 2262 curiosita-

917 2294 950 2348 tis
965 2303 1018 2361 est,
1039 2302 1085 2347 aut
1101 2293 1279 2348 contumaciae
1299 2294 1418 2365 siguum.
1444 2295 1566 2366 Angelici
1588 2296 1709 2367 spiritus,

918 2383 1046 2452 quibusa
1069 2379 1201 2453 principio
1224 2381 1341 2435 innotuit
1359 2391 1559 2437 sacramentum
1584 2384 1711 2438 lucarna-

908 2469 1011 2534 tionis,
1032 2484 1086 2524 non
1113 2469 1251 2522 abstinent
1281 2469 1315 2522 ab
1344 2469 1519 2524 admiratione
1539 2470 1566 2524 in
1587 2469 1713 2525 novitatis

919 2558 1000 2626 hujus
1010 2557 1190 2620 exhibitione;
1209 2555 1359 2626 etantiqua
1373 2556 1491 2626 cognitio
1507 2573 1562 2610 non
1584 2557 1664 2614 modo
1675 2556 1715 2613 vi·

920 2647 996 2701 sione
1019 2659 1098 2710 nova,
1120 2644 1170 2698 sed
1184 2658 1255 2699 novo
1274 2644 1375 2715 gaudet
1393 2651 1420 2698 et
1437 2644 1543 2699 laetatur
1557 2646 1659 2700 auditu.
1685 2645 1715 2699 ln

921 2742 1072 2803 temporum
1088 2731 1141 2786 tine
1157 2747 1285 2803 egressus
1296 2739 1337 2786 est
1351 2732 1482 2799 Christus,
1499 2732 1562 2788 ideo
1572 2734 1716 2804 egrediun-

921 2830 965 2877 tur
978 2830 1005 2877 et
1032 2820 1094 2891 ipsi.
1115 2821 1149 2874 Et
1177 2835 1305 2892 egressus
1325 2820 1386 2889 ejus
1405 2836 1421 2874 a
1444 2820 1540 2875 debus
1559 2821 1715 2876 aternitatis

922 2912 1015 2983 (tot.
1030 2927 1057 2977 v,
1083 2910 1121 2981 ι).
1138 2909 1191 2963 Sed
1212 2909 1237 2962 in
1261 2917 1414 2980 temporum
1432 2908 1485 2964 fine
1510 2908 1544 2965 de
1563 2918 1640 2965 utero
1656 2913 1716 2981 ejus

921 3016 1048 3070 egressus
1068 3008 1117 3069 est,
1135 3013 1196 3070 quae
1210 2997 1388 3053 circumdedit
1409 3013 1480 3064 eum,
1507 2997 1626 3054 femina.
1652 3000 1715 3057 ldeo

104 3096 130 3147 t.
149 3091 184 3145 Et
199 3103 248 3144 ros
258 3085 344 3142 audeo
358 3083 529 3140 confidenter
539 3084 573 3137 ad
588 3082 697 3139 visionis
707 3083 787 3152 hujus
802 3081 868 3138 inti·
883 3103 905 3182 c
922 3089 1098 3162 egrediuntur
1111 3086 1228 3143 coelestis
1243 3085 1304 3142 tiliae
1318 3087 1392 3153 Sion,
1410 3088 1582 3143 admiraturae
1596 3087 1624 3143 in
1638 3103 1716 3144 com-

68 3189 126 3234 tarc
141 3177 277 3241 laetitiam,
292 3173 356 3228 titiae
369 3171 490 3228 coelestis
504 3171 568 3226 Sion
588 3170 739 3225 Jerusalem
763 3186 823 3241 quae
839 3186 867 3223 m

67 3268 147 3327 coelis
161 3275 215 3323 est.
229 3267 284 3320 vos
295 3278 366 3318 vcrae
381 3270 409 3316 et
418 3260 506 3332 plenae
519 3259 581 3314 tiliae
595 3260 669 3325 Sion,
686 3276 747 3330 quae
760 3275 869 3329 semper

64 3356 180 3415 iutuenv'
194 3355 213 3411 ii
226 3352 323 3408 taciem
336 3350 433 3407 Patris.
446 3351 509 3414 llos,
522 3349 640 3420 inquam,
652 3349 798 3403 multorum
808 3348 870 3402 mil·

64 3448 136 3503 lium
146 3442 317 3516 Angelorum
327 3438 492 3510 frequentia,
502 3452 551 3493 vos
561 3437 644 3491 invito
658 3444 685 3490 ει
699 3450 775 3491 voco.
788 3439 869 3508 Eque

66 3535 178 3594 dimini
195 3536 223 3588 et
237 3530 347 3588 virleu:
363 3526 526 3602 egredimini
541 3527 575 3581 de
589 3525 730 3581 recondito
745 3525 791 3579 illo
807 3525 868 3580 sinu

66 3625 178 3681 intimae
192 3619 310 3684 visionis,
331 3619 367 3673 de
381 3625 488 3672 secreto
502 3615 570 3671 lucis
585 3613 791 3669 inaccessibilis.
807 3615 865 3669 No·

66 3730 132 3769 vum
147 3709 227 3766 vobis
242 3714 315 3763 terra
328 3714 422 3761 nostra
435 3712 544 3775 praestat
553 3703 738 3775 spectaculum
750 3716 756 3755 :
768 3718 868 3758 novum

67 3801 143 3859 enim
153 3797 219 3854 tecit
229 3794 361 3851 Dominus
371 3809 452 3864 super
462 3801 572 3848 terram.
583 3793 625 3848 Ab
639 3789 695 3848 67
710 3791 821 3847 aeternis
832 3791 867 3846 ad

70 3899 182 3947 terrena
197 3901 247 3942 vos
258 3898 389 3956 provoco.
404 3881 471 3937 llira
486 3883 543 3937 baec
557 3880 697 3936 invitatio:
712 3879 761 3935 sed
775 3879 868 3936 nescio

68 3993 123 4052 quo
143 3984 225 4048 pacto
254 3981 356 4029 aetema
376 3971 431 4039 illa,
456 3987 517 4043 quae
535 3969 608 4025 inse
628 3969 693 4040 ipsis
711 3984 821 4039 semper
840 3975 869 4024 et

71 4083 141 4125 nova
169 4071 199 4122 et
222 4061 346 4118 miranda
369 4070 442 4127 sunt,
466 4060 494 4114 in
516 4074 549 4114 eo
568 4059 641 4131 quod
658 4058 760 4113 tactum
783 4057 867 4112 estin

72 4163 144 4210 terra
162 4168 275 4219 novum,
294 4150 365 4207 nova
388 4149 476 4223 magis
489 4149 517 4202 in
539 4146 707 4206 mirabiliora
722 4145 866 4219 refulgent.

70 4243 92 4299 0
106 4245 190 4300 beata
205 4243 266 4297 baec
278 4240 305 4295 in
322 4238 403 4296 terris
418 4237 523 4294 novitas
539 4237 704 4309 temporalis,
720 4252 781 4309 quae
795 4235 868 4289 auti-

71 4349 153 4406 quam
167 4330 245 4386 illam
260 4336 289 4384 ει
302 4335 433 4385 aeteruam
447 4326 593 4382 novitatem
608 4325 738 4396 angelicis
752 4326 780 4379 in
793 4340 870 4396 aspe-

73 4422 163 4478 ctibus
188 4418 304 4490 amplius
318 4415 473 4473 innovavitl
497 4417 603 4472 Nouum
620 4415 709 4486 saciet
734 4414 870 4471 Dorulaus

923 3179 1042 3249 pletione
1067 3175 1140 3248 quod
1163 3191 1269 3246 semper
1283 3176 1424 3231 admiratae
1446 3177 1550 3232 suntin
1572 3185 1716 3249 exspecta-

923 3267 1005 3322 tione.
1022 3265 1144 3337 Angelus
1158 3264 1186 3317 in
1197 3264 1401 3320 annuntiatione
1416 3267 1493 3334 (Lao.
1505 3282 1525 3332 t,
1541 3270 1649 3336 tta-38),
1667 3282 1717 3322 an·

922 3355 999 3428 gelus
1022 3354 1049 3408 in
1073 3352 1210 3408 nativitate
1225 3352 1277 3423 (let.
1293 3366 1322 3417 ιι,
1340 3353 1432 3421 a-tt),
1454 3353 1567 3426 angelus
1582 3353 1609 3408 in
1624 3355 1715 3424 bapti-

921 3452 1006 3498 smate
1018 3442 1120 3509 (ianr,
1128 3443 1172 3511 ut)
1183 3438 1443 3512 :augelusapparuit
1455 3441 1542 3494 oranti
1552 3441 1629 3510 (Luc.
1641 3456 1714 3508 xxu,

922 3532 977 3602 ta),
991 3530 1067 3586 testis
1079 3536 1119 3583 est
1129 3527 1286 3599 resurgenti
1301 3528 1377 3597 (Luc.
1394 3541 1469 3594 xxiv,
1486 3529 1523 3598 t),
1539 3535 1717 3584 astatascen·

922 3620 996 3675 denti
1010 3620 1082 3691 (Act.
1094 3633 1112 3685 1,
1131 3618 1186 3689 tt).
1203 3617 1290 3686 Quam
1300 3618 1484 3683 vehementes,
1504 3624 1592 3688 putas,
1609 3625 1716 3674 amato-

921 3725 966 3765 res
975 3712 1040 3764 sunt
1052 3716 1106 3761 tam
1117 3706 1204 3762 seduli
1218 3706 1431 3772 annuntiatores,
1448 3713 1475 3761 et
1485 3705 1612 3761 indefessi
1627 3706 1716 3762 adrni-

921 3799 1048 3854 ratores?
1066 3797 1119 3852 Per
1133 3811 1229 3851 omnes
1252 3795 1334 3864 hujus
1353 3794 1514 3851 sacramenti
1534 3797 1637 3866 gradvm
1660 3796 1716 3852 cir-

922 3892 1050 3945 cumeunt
1060 3893 1087 3940 ει
1101 3885 1242 3939 immolant
1254 3882 1369 3940 hostiam
1387 3882 1584 3952 admirationis,
1597 3885 1713 3941 hostiam

921 3975 1135 4038 vociferationis;
1147 3979 1266 4038 cantant,
1282 3976 1310 4028 ει
1328 3973 1462 4043 psalmum
1476 3972 1571 4030 dicum
1584 3973 1712 4031 Domino.

921 4064 957 4119 Et
975 4064 1062 4119 omnis
1085 4064 1143 4118 baec
1164 4061 1303 4117 veneratio
1331 4061 1501 4117 extrinsecus
1520 4062 1638 4117 exhibita
1662 4069 1713 4133 est,

921 4154 1025 4224 absque
1040 4168 1072 4208 ea
1097 4167 1157 4222 quae
1180 4150 1343 4207 intrinsecus
1357 4151 1432 4206 latet.
1452 4151 1486 4207 Et
1501 4149 1524 4204 si
1538 4166 1639 4207 novum
1652 4150 1716 4208 fecit

921 4241 1051 4296 Dominus
1066 4255 1148 4310 super
1161 4247 1272 4308 terram,
1292 4238 1376 4294 cmlos
1391 4247 1481 4294 tamen
1495 4240 1620 4296 novitatis
1634 4241 1716 4313 hujus

922 4330 990 4385 odor
1004 4329 1128 4400 replevit.
1149 4327 1260 4384 Femina
1274 4327 1451 4383 circumdabit
1465 4328 1563 4396 vimm,
1579 4330 1715 4401 quomodo

923 4418 1073 4475 circumdat
1087 4433 1188 4472 corona
1203 4422 1294 4486 caput.
1310 4419 1396 4487 Caput
1410 4417 1481 4470 enim
1493 4417 1623 4472 Ecclesia
1638 4416 1715 4471 Citri-

72 4525 159 4582 super
174 4511 285 4562 terrum
299 4526 309 4561 .·
322 4505 433 4577 semino
447 4503 635 4559 circumdabit
649 4504 745 4558 utrum
755 4505 868 4572 (terem.
886 4492 909 4569 ὓ
925 4517 983 4563 stus
993 4508 1139 4578 (Ephesi.
1157 4508 1212 4574 23).
1228 4504 1370 4559 Gloriosus
1385 4503 1464 4574 plane
1475 4503 1557 4558 initio
1571 4505 1715 4575 splendore

74 4613 148 4663 ιω,
161 4598 220 4665 22).
232 4594 319 4662 Quem
333 4593 442 4649 virum?
452 4594 530 4658 Ecce,
546 4592 697 4663 inquitate·
710 4594 809 4648 Oriens
824 4610 871 4649 uo

76 4704 142 4745 men
151 4685 301 4755 illi(Zoob.
314 4698 350 4748 vt,
364 4683 419 4753 tt).
431 4681 531 4737 Oriens
544 4681 675 4753 splendor
683 4681 750 4737 lucis
760 4689 871 4738 aeternae

76 4776 205 4840 femineo,
226 4771 278 4827 sed
300 4770 424 4843 virgineo
445 4769 629 4826 circumdatur
643 4779 731 4840 utero,
747 4777 774 4825 et
788 4786 871 4826 carne

77 4864 202 4921 vestitur.
227 4862 286 4918 Hoc
310 4867 352 4916 est
366 4858 432 4913 tttud
446 4875 556 4923 novum,
574 4859 647 4931 quod
662 4859 721 4931 ipsa
735 4860 777 4914 sui
791 4860 871 4916 novi-

77 4960 132 5009 tate
161 4951 245 5006 nimia
272 4948 460 5006 credulitatem
488 4948 653 5013 obstrueret,
679 4949 774 5004 sinon
798 4958 872 5005 esset

74 5039 204 5098 inauditis
217 5040 294 5112 prius
307 5038 394 5111 signis
408 5037 476 5093 fides
493 5037 592 5093 elicita.
608 5037 731 5110 Denique
746 5038 818 5093 inter
832 5045 873 5094 tot

72 5138 98 5188 et
116 5128 325 5202 prophetiarum
338 5136 364 5183 et
386 5126 572 5199 prodigiorum
588 5127 731 5183 manifesta
747 5128 872 5183 testimo-

924 4597 1028 4669 gloriae,
1040 4599 1068 4651 et
1077 4601 1197 4665 paternae
1212 4591 1297 4662 figura
1310 4591 1470 4646 substantiae
1486 4607 1492 4644 :
1509 4593 1556 4647 sed
1570 4609 1654 4664 super
1668 4593 1716 4649 ad·

925 4686 981 4740 dito
996 4690 1096 4738 nostrae
1107 4682 1226 4753 quodam
1240 4680 1312 4736 velut
1328 4682 1389 4736 luco
1404 4690 1518 4748 naturae,
1533 4687 1561 4739 et
1575 4683 1666 4740 colore
1677 4684 1717 4739 in-

925 4775 1016 4838 ducto,
1032 4772 1096 4826 dum
1111 4771 1245 4836 sublucet,
1268 4771 1327 4840 plus
1348 4770 1433 4841 placet
1450 4788 1456 4825 :
1474 4788 1524 4827 nec
1539 4773 1594 4827 illis
1613 4782 1717 4829 tantum

926 4862 972 4935 qui
987 4877 1065 4917 secus
1085 4860 1155 4915 ierre
1170 4875 1224 4914 non
1239 4867 1374 4930 poterant,
1392 4859 1441 4914 sod
1458 4860 1486 4915 in
1505 4861 1546 4915 bis
1560 4862 1639 4917 etiam
1654 4863 1717 4934 qui-

926 4952 1052 5022 buspure
1068 4966 1098 5005 se
1113 4948 1244 5020 splendor
1258 4949 1302 5004 itle
1317 4949 1445 5005 refundit.

962 5044 988 5096 3.
1009 5041 1072 5096 tlaec
1087 5048 1177 5094 autem
1198 5039 1267 5104 dico,
1284 5039 1358 5110 quod
1372 5038 1494 5111 dignatio
1509 5040 1564 5093 baec
1580 5039 1649 5108 ipsa,
1666 5054 1719 5110 qua

926 5130 1012 5188 voluit
1026 5129 1170 5193 incarnari,
1187 5128 1331 5197 quemdam
1341 5127 1446 5182 videtur
1460 5127 1580 5182 attulisse
1595 5126 1721 5184 decorem

74 5220 128 5286 nia,
155 5218 191 5273 ad
215 5220 366 5275 novitatem
389 5216 470 5271 istam
492 5216 561 5271 adeo
578 5217 759 5287 quorumdam
776 5233 874 5274 seusus
929 5218 1051 5291 dignitati
1066 5217 1226 5288 majestatis.
1243 5214 1385 5282 Quomodo
1401 5216 1474 5270 euim
1488 5231 1543 5270 non
1555 5215 1615 5286 plus
1629 5218 1721 5288 place·

10 5378 12 5389 Ι
76 5308 224 5380 obstupuit,
241 5314 272 5363 ut
287 5307 354 5361 dum
376 5305 488 5361 novitati
511 5304 593 5360 tidem
620 5307 765 5379 abrogant,
790 5305 876 5378 signis
930 5309 970 5365 bit
992 5308 1131 5363 humiliata
1158 5305 1320 5369 sublimitas,
1340 5303 1478 5360 exinanita
1501 5305 1681 5378 immensitas,
1697 5316 1726 5365 et

10 5406 12 5419 '
77 5396 291 5456 evidentissimis
304 5410 360 5451 non
374 5395 582 5452 accommodent
595 5394 797 5451 credulitatem.
822 5395 877 5452 Sed
933 5397 1057 5453 divinitas
1075 5397 1236 5451 incarnata?
1259 5394 1315 5447 Ista
1334 5393 1466 5451 varietate
1483 5395 1548 5467 quid
1563 5396 1727 5468 pulchrius?

78 5487 142 5564 quid
151 5501 202 5549 vos
215 5485 457 5566 adegrediendum
469 5485 564 5558 invito,
578 5486 630 5565 qui,
638 5486 712 5559 ipsos
724 5485 807 5546 etiam
819 5485 882 5546 ubi·
933 5485 1101 5544 Varietatem
1123 5482 1207 5544 dico?
1230 5479 1409 5541 contrarietas
1423 5482 1541 5556 videtur,
1557 5501 1591 5544 eo
1606 5485 1640 5542 ad
1655 5501 1726 5568 conf
