3706 5962
94 197 129 256 25
735 190 768 252 tlt
786 191 925 253 clbtlcl
942 194 1049 259 sturae
1069 199 1111 259 lv.
1712 195 1748 254 26

96 320 143 377 sed
157 317 283 374 Verbum
296 312 466 387 sapientiam,
480 328 535 370 non
550 314 672 371 Verbum
685 315 812 377 salutem.
828 317 903 374 ttae,
954 336 1030 392 num,
1050 324 1135 379 adest.
1154 322 1259 395 Ubique
1279 330 1304 377 te
1329 319 1450 393 sequitur
1465 323 1574 380 curiose
1587 316 1742 386 scrutatrix,

94 412 159 467 bum
175 412 269 463 eutem
284 403 420 476 sapientia
435 409 463 459 et
476 402 559 472 salus,
575 403 602 459 id
618 412 658 461 est
673 405 795 462 Christus
808 407 896 476 lesus,
953 418 980 465 et
993 427 1044 482 per
1058 411 1181 486 singulos
1203 426 1318 484 operum
1332 416 1439 466 tuorum
1454 411 1556 480 gradus
1579 410 1745 475 discurrens,

94 503 201 552 tantum
217 495 246 549 in
261 493 371 550 civitate
385 491 433 548 Dei
452 491 547 558 nostri,
572 492 600 546 in
620 491 677 548 to
691 503 783 549 monte
806 503 899 552 sancto
952 499 1024 571 qnod
1039 499 1092 556 fule
1113 508 1197 566 tenet,
1218 509 1332 556 conatur
1347 498 1539 556 transfundere
1555 499 1582 554 in
1605 499 1745 562 allectum,

93 588 167 656 ejus.
198 584 351 654 Propterea
378 598 503 654 surgam,
532 584 562 636 et
588 582 711 639 circuibo
740 582 896 640 ciuitatem.
951 594 978 643 et
997 588 1163 646 admirandae
1186 589 1320 659 majestati
1344 588 1489 645 devotione
1509 587 1687 659 respondere.
1703 585 1747 640 Ad

95 678 194 746 surge,
210 672 300 743 inquit
314 669 412 726 Paulus
423 672 470 744 qui
483 669 600 737 dormis,
616 675 644 726 et
658 686 775 745 exsurge
789 690 806 728 a
820 689 899 728 mor·
950 676 1105 749 dilectionis
1120 679 1285 735 incentivum
1307 678 1399 733 omnia
1423 676 1562 749 Evangelii
1586 675 1748 732 documenta

95 764 167 831 teis.
179 766 209 818 et
218 759 397 817 illuminabi!
408 763 436 813 le
452 760 582 816 6111111111
588 758 699 834 (¹3pr
716 775 744 825 1,
762 761 898 830 ll).'Sur-
950 765 1059 821 deducit
1079 785 1086 825 :
1104 768 1174 824 utin
1198 768 1297 841 quibus
1318 768 1461 824 veritatem
1476 765 1598 839 suscipit,
1619 764 1748 820 virtutem

94 867 159 922 gam
175 865 241 922 ego,
256 863 314 904 11011
333 847 369 903 de
384 846 497 902 11101ῑ1111
511 847 649 917 mribus,
675 849 784 904 nonde
809 847 899 919 pravis
949 855 1100 926 persentiat
1115 865 1140 913 te
1165 855 1254 929 ipsum
1275 873 1406 930 sponsum
1429 872 1517 920 suurn,
1539 852 1646 912 Christe
1670 852 1746 918 lesu,

94 939 244 994 moribus:
266 936 315 992 sed
334 936 369 991 de
391 935 470 990 bonis
488 936 523 991 ad
544 936 666 1004 meliora,
682 936 715 991 de
730 936 850 992 moribus
863 937 898 992 ad
951 942 997 1016 qui
1010 944 1078 1000 vivis
1101 954 1128 1001 et
1152 962 1252 1018 regnas
1270 964 1319 1018 per
1339 944 1429 1003 omnia
1453 944 1553 1002 saecula
1565 941 1750 1009 'saeculorum

94 1027 238 1099 mysteria,
254 1025 290 1081 de
309 1023 431 1094 mysticis
454 1024 489 1078 ad
513 1024 667 1089 manifesta,
693 1025 727 1080 de
746 1024 851 1081 serenis
864 1025 899 1080 ad
951 1035 1050 1088 Amen,

94 1116 201 1172 suavia.
218 1115 348 1187 Surgam,
366 1118 394 1168 ct
405 1112 530 1168 circuibo
544 1112 780 1179 drdtatcmillam,
796 1114 831 1168 de
846 1129 900 1186 qua
1253 1123 1370 1180 sssmtto
1394 1123 1440 1181 lv,

95 1203 197 1305 ‘nuchul
210 1218 217 1256 ²
231 1204 490 1306 qwmpffmimss
504 1205 533 1257 et
542 1201 695 1304 laudam&
704 1202 803 1269 ''imi‘’
815 1205 847 1258 in
857 1202 899 1259 οἱ·
951 1228 1081 1299 Surgam,
1094 1235 1122 1285 et
1136 1230 1258 1286 circuibo
1272 1231 1430 1295 ciuitatem,
1447 1245 1498 1301 per
1512 1230 1583 1284 uuor
1597 1230 1627 1282 et
1639 1225 1750 1299 pluteus

95 1297 189 1350 vitale
200 1296 251 1350 Det
265 1296 367 1356 1101111,
378 1307 410 1346 111
420 1295 517 1347 monte
529 1290 797 1364 31111106]111(Ρ111·
812 1306 897 1359 111111,
986 1315 1112 1372 quaerum
1125 1318 1206 1376 quem
1215 1302 1309 1374 diligit
1320 1301 1418 1357 animo
1429 1318 1491 1357 meu
1505 1300 1600 1371 (Curat.
1616 1313 1658 1365 ιιι,
1674 1295 1712 1366 2).

95 1383 134 1454 ²l·
151 1383 230 1457 Eff⁰
243 1379 414 1451 sumendum
428 1386 470 1435 0⁵1
485 1379 509 1435 01
526 1379 571 1452 qui
585 1378 614 1435 in
626 1389 756 1438 monuna
767 1381 824 1437 vult
837 1397 899 1436 cum
988 1390 1013 1441 l.
1029 1387 1165 1444 Circuitus
1180 1389 1231 1445 iste
1245 1405 1300 1445 non
1322 1397 1363 1445 est
1379 1386 1591 1462 pervagationis,
1606 1386 1654 1441 sed
1670 1384 1749 1439 inve-

95 1471 183 1528 llaria
196 1469 384 1526 conscendere
398 1471 475 1540 (luc.
491 1484 511 1535 ι,
531 1471 584 1539 39).
601 1470 637 1525 Et
650 1469 780 1543 prodigus
805 1469 850 1525 ille
864 1468 899 1524 fi·
950 1473 1110 1548 stigationis.
1128 1479 1163 1531 At
1187 1477 1210 1532 si
1224 1486 1337 1550 vagatur
1358 1495 1419 1551 qum
1442 1478 1547 1542 circuit,
1568 1491 1624 1531 non
1648 1489 1749 1545 evaga-

96 1559 148 1615 lins
163 1559 192 1614 in
218 1575 247 1614 se
269 1573 396 1614 reversus
412 1575 419 1615 z
435 1556 563 1631 Surgam,
579 1557 677 1631 inquit.
697 1562 727 1614 et
742 1557 845 1617 uadum
863 1558 900 1614 cd
951 1571 995 1618 tur
1010 1572 1111 1633 tamen,
1135 1580 1190 1622 non
1206 1566 1314 1623 excedit
1330 1565 1462 1621 terminos
1476 1564 1602 1627 civitatis,
1618 1578 1673 1617 non
1688 1560 1750 1617 loca

94 1655 211 1721 putrem
220 1646 541 1712 meum.Prudenterait,
552 1647 812 1720 sarpam,iturusad
825 1663 898 1717 aum,
952 1669 1013 1723 qum
1027 1652 1142 1709 dilectus
1162 1655 1354 1725 perambulare
1369 1653 1447 1710 solet.
1470 1653 1500 1708 ln
1515 1651 1630 1709 circuitu
1650 1649 1749 1704 ambu-

97 1736 147 1808 qui
160 1735 193 1790 in
206 1735 281 1790 roelis
293 1743 345 1803 est,
361 1735 481 1791 Patrem.
500 1735 555 1791 Sed
579 1734 660 1789 nimis
679 1735 777 1792 exilem
793 1743 820 1791 et
842 1751 899 1791 ma·
914 1731 937 1810 Β
952 1739 999 1809 lat,
1016 1740 1065 1796 sed
1079 1741 1152 1797 intus
1166 1741 1285 1797 ambulat
1299 1741 1438 1814 pervices
1453 1748 1479 1796 et
1497 1740 1600 1812 plateas
1622 1737 1748 1797 ciuitatis.

96 1825 229 1880 cilentam
243 1839 322 1894 spem
337 1831 498 1895 reposuerat
512 1822 539 1877 in
554 1823 615 1879 sinu
629 1839 688 1890 suo,
705 1824 900 1880 mercenariam
953 1829 1089 1900 Sapientia
1103 1829 1176 1886 enim
1190 1829 1217 1885 in
1233 1829 1275 1886 bis
1289 1829 1339 1885 viis
1354 1846 1384 1886 se
1397 1828 1517 1886 ostendit
1531 1827 1663 1895 hilariter,
1680 1825 1750 1881 etin

96 1911 286 1968 conditionem
303 1919 410 1983 patrem
424 1916 580 1984 rogaturus.
592 1912 712 1968 ldodeste
725 1912 836 1983 quidem
851 1927 900 1985 pro
952 1917 1049 1988 plateis
1073 1919 1118 1974 dat
1132 1935 1227 1975 vocem
1251 1935 1338 1978 suam.
1362 1919 1427 1975 ldeo
1441 1918 1467 1973 in
1483 1918 1541 1972 istis
1564 1916 1671 1985 circuit,
1686 1913 1751 1987 quia

94 2001 213 2067 meritis,
234 2001 284 2057 sed
303 2001 338 2057 de
354 2009 477 2071 paternae
498 2000 683 2057 miserationis
697 2003 775 2074 copia
789 2000 900 2057 humili·
952 2006 1027 2062 novit
1049 2008 1095 2063 ubi
1119 2008 1204 2064 soleat
1229 2007 1266 2064 illi
1289 2007 1401 2064 uberior
1415 2022 1545 2064 occursus
1565 2022 1626 2063 esse
1647 2002 1749 2061 dilecti.

97 2099 139 2147 ter
155 2090 242 2144 nimis
258 2096 286 2146 et
304 2089 437 2161 injuriose
459 2089 590 2155 sentiens,
606 2106 671 2146 vere
686 2090 803 2146 famelici
831 2090 901 2146 dans
954 2095 1092 2167 circuibo,
1106 2097 1202 2169 inquit,
1219 2114 1344 2170 quarens
1357 2114 1408 2170 per
1422 2099 1494 2154 uicos
1504 2100 1534 2152 et
1545 2097 1666 2169 pluteus.
1681 2094 1749 2149 Fre·

95 2178 122 2233 in
138 2178 193 2234 boc
208 2176 295 2232 animi
310 2177 441 2234 indicium
456 2185 484 2233 et
497 2176 588 2233 inedia
599 2177 726 2233 coniecti.
739 2180 847 2248 Dicam,
858 2178 900 2233 in·
953 2200 1040 2256 quens
1058 2184 1107 2239 tibi
1122 2193 1173 2251 est,
1189 2200 1206 2242 o
1226 2186 1297 2242 felix
1311 2187 1412 2253 anima,
1426 2185 1488 2242 talis
1502 2183 1639 2253 circuitus,
1656 2191 1683 2239 et
1700 2197 1749 2238 ac-

97 2267 165 2339 quit,
183 2267 212 2322 ci
228 2286 237 2321 :
254 2269 351 2334 Pater,
367 2270 468 2337 sucmc
481 2266 900 2324 ricutunumdemercencriis
954 2288 1048 2328 cessus
1063 2272 1215 2346 familiaris,
1237 2282 1264 2331 et
1288 2279 1354 2333 nota
1368 2282 1431 2331 sunt
1445 2274 1494 2330 tibi
1518 2273 1611 2330 omnia
1635 2271 1749 2329 civitatis

100 2359 157 2411 tuis
172 2357 252 2425 (Luc.
273 2370 323 2420 xv,
341 2357 513 2427 lii-tblNon
528 2357 602 2412 enim
617 2363 725 2428 poterat
738 2358 859 2428 jejunam
874 2364 901 2412 et
952 2360 1044 2432 hujus,
1074 2362 1202 2419 circuitus
1217 2372 1244 2419 et
1269 2380 1393 2421 recessus
1417 2362 1515 2428 intimi,
1535 2369 1651 2435 angusta
1675 2360 1748 2417 vico·

99 2461 220 2500 macram
235 2462 313 2518 spem
329 2446 364 2500 ad
379 2447 483 2517 majora
496 2447 651 2520 porrigere.
663 2446 791 2520 Surgam,
800 2446 898 2519 inquit,
952 2464 1022 2513 rum,
1039 2454 1066 2503 et
1081 2447 1134 2504 lata
1148 2450 1308 2521 platearum.
1326 2450 1476 2507 Introduxit
1491 2458 1517 2506 te
1532 2465 1580 2505 rex
1600 2449 1628 2503 in
1651 2447 1749 2504 cellam

104 2533 246 2590 stuariam
271 2534 308 2588 ud
327 2539 441 2606 putrem
458 2551 561 2590 meum.
577 2537 632 2591 lste
649 2536 683 2592 de
702 2535 849 2607 quaerendo
863 2534 901 2591 nil
951 2535 1081 2591 vinariam
1100 2552 1106 2590 :
1128 2539 1259 2609 numquid
1281 2554 1336 2593 non
1355 2546 1383 2592 et
1405 2539 1433 2593 in
1456 2555 1552 2594 omnes
1576 2537 1749 2592 allossecre·
1833 2576 1839 2583 .

101 2631 227 2678 movetur
242 2629 332 2694 patre,
348 2629 452 2677 tantum
466 2623 650 2679 deflectendo
669 2623 810 2679 sollicitus.
834 2623 901 2691 Quae
953 2622 1037 2677 tiores
1050 2637 1175 2679 recessus
1185 2624 1200 2678 ‘t
1210 2624 1306 2680 Omnia
1317 2624 1365 2679 tibi
1378 2632 1441 2679 sunt
1456 2629 1551 2694 aperta
1565 2627 1592 2675 et
1607 2621 1708 2692 pervia,
1720 2624 1751 2679 et

101 2725 201 2783 sponsa
217 2719 271 2775 est,
287 2711 407 2767 certade
420 2711 508 2784 gratia
521 2712 641 2781 postulat
655 2711 827 2783 praesentiam
843 2717 901 2767 tan-
952 2727 1004 2766 usu
1018 2710 1135 2783 quodam
1159 2711 1192 2765 ad
1215 2712 1325 2767 beatum
1349 2711 1420 2767 bunc
1436 2708 1589 2780 expeditam
1614 2715 1639 2764 te
1663 2708 1749 2765 sentis

99 2807 166 2854 turn.
178 2799 310 2873 Surgam,
326 2799 424 2872 inquit,
436 2805 463 2855 et
477 2800 600 2857 circuibo
614 2799 770 2866 ciuitatem,
787 2801 816 2854 et
830 2816 902 2871 quae·
953 2798 1107 2855 circuitum.
1120 2799 1184 2855 ldeo
1200 2815 1254 2855 non
1265 2799 1411 2866 cunctanti,
1428 2798 1477 2855 sed
1492 2797 1640 2855 confidenti
1655 2797 1750 2853 similis

100 2906 163 2944 rem
173 2905 257 2962 quem
271 2889 366 2962 diligit
379 2891 478 2946 enimc
490 2905 563 2960 meu,
579 2888 763 2944 inventionem
774 2887 901 2944 sufficere
953 2887 1040 2945 dicit:
1059 2884 1708 2960 Circuibnairitotcm.thuantumputatis,f
1735 2912 1750 2932 ι

98 2987 247 3049 reputans.
953 2982 1018 3042 tres,
1045 2984 1174 3047 quantum
1202 2977 1293 3032 solatii
1320 2977 1426 3033 confert
1448 2975 1566 3031 invisere
1590 2973 1698 3030 interim
1722 2980 1750 3030 et

136 3072 166 3123 b.
183 3066 256 3122 Vide
270 3065 292 3121 si
312 3065 411 3121 nonin
435 3066 564 3138 praesenti
579 3066 638 3122 haec
659 3066 744 3138 possit
762 3067 901 3123 obsarrari
953 3066 1052 3121 crebro
1062 3073 1206 3122 conterere
1219 3064 1267 3121 ΙΙ
1283 3080 1380 3140 gressu
1390 3065 1450 3122 loca
1460 3063 1488 3119 in
1503 3063 1601 3136 quibus
1616 3071 1689 3118 stare
1704 3077 1749 3118 so·

101 3154 252 3217 distinctio,
279 3154 406 3225 quoniam
433 3155 520 3227 patris
542 3155 667 3228 exposita
692 3163 734 3211 cst
758 3162 785 3211 et
808 3163 902 3228 parata
916 3116 938 3194 c
953 3153 1048 3209 lebant
1062 3152 1147 3223 pedes
1168 3155 1228 3224 eJus
1252 3170 1333 3226 quem
1357 3152 1470 3226 diligit?
1483 3150 1585 3208 Nescio
1600 3167 1655 3224 quo
1668 3158 1749 3223 pacto

101 3243 209 3300 cunctis
223 3243 394 3316 indulgentia
411 3263 418 3299 ι
434 3243 539 3300 deliciae
552 3260 619 3301 uero
633 3244 745 3316 fugaces
761 3251 787 3300 et
801 3260 902 3300 recon-
953 3244 1025 3310 loca,
1040 3243 1069 3299 in
1084 3244 1182 3316 quibus
1205 3243 1306 3317 aliquid
1321 3243 1386 3299 boni
1402 3242 1506 3314 experti
1522 3258 1625 3312 sumus,
1637 3257 1749 3314 expres·

102 3332 178 3399 ditae,
194 3340 223 3389 et
236 3330 356 3389 latibulis
370 3331 531 3403 gaudentes.
547 3332 612 3388 ldeo
626 3332 672 3388 ille
683 3331 749 3388 dicit
764 3350 771 3390 :
784 3331 904 3405 Surgam
954 3332 1011 3389 sius
1024 3333 1051 3388 id
1065 3333 1153 3405 ipsum
1164 3332 1320 3406 imprimunt
1329 3332 1479 3397 memoriae,
1492 3338 1519 3388 et
1533 3331 1672 3388 exordiae
1686 3339 1751 3387 ante

105 3424 137 3479 ef
149 3422 258 3480 rudem
276 3422 327 3477 llla
339 3437 406 3478 vero
422 3434 429 3476 ε
446 3421 565 3494 Surgam
580 3427 608 3478 et
628 3439 762 3494 purarum
780 3421 903 3494 Denique
955 3422 1054 3479 mentis
1068 3422 1220 3496 depingunt
1230 3422 1335 3488 oculos,
1348 3429 1375 3477 et
1385 3421 1457 3493 quod
1471 3423 1527 3491 jam
1537 3419 1642 3491 experti
1655 3435 1750 3475 sumus

103 3518 133 3568 et
153 3520 233 3582 pater
254 3511 373 3568 occurrit
400 3511 554 3583 poenitenti,
579 3527 695 3583 sponsus
718 3527 748 3567 se
776 3510 904 3567 subducit
955 3511 983 3565 in
995 3511 1073 3583 ipsis,
1089 3511 1187 3567 iterato
1201 3526 1353 3581 speramus.
1369 3511 1429 3579 ligo
1441 3509 1502 3563 loca
1515 3507 1567 3562 ista
1582 3523 1637 3561 non
1651 3521 1751 3578 corpo·

104 3600 243 3672 diligenti.
259 3599 445 3657 suadendis
459 3599 500 3654 sui
524 3598 662 3671 profusior
681 3605 733 3665 est,
758 3598 904 3656 delectatio
956 3599 1031 3665 ralia,
1048 3598 1095 3654 sed
1111 3596 1260 3669 spiritualia
1279 3595 1454 3665 crediderim,
1478 3600 1632 3666 opportuna
1647 3593 1682 3648 ad
1697 3593 1753 3649 ani·

103 3689 225 3762 parcior.
241 3688 272 3744 ld
286 3696 377 3745 autem
392 3704 448 3744 non
457 3687 607 3762 incongrue
616 3690 650 3744 ab
661 3697 777 3762 utroque
786 3688 904 3760 positum
956 3703 1007 3743 mre
1035 3685 1256 3743 exercitationem
1279 3684 1466 3757 spiritualem
1490 3689 1637 3755 propterea
1658 3681 1685 3737 in
1709 3680 1751 3738 bis

102 3777 278 3850 intelligitur,
303 3776 377 3849 quod
404 3776 512 3845 dicitur,
538 3794 663 3850 surpum.
689 3777 750 3832 Non
774 3776 905 3848 permittit
956 3775 1120 3847 accipiamus
1135 3776 1287 3833 circuitum.

103 3875 132 3923 te
147 3867 251 3922 Paulus
264 3882 326 3939 quae
341 3882 448 3922 sursum
468 3873 531 3922 sunt
546 3882 679 3940 quaerere,
699 3865 751 3921 nisi
765 3865 842 3937 prius
856 3880 905 3921 re·
994 3869 1020 3922 2.
1036 3864 1171 3921 Circuitus
1184 3864 1237 3920 iste
1251 3870 1298 3919 aut
1310 3859 1568 3927 recordationisest,
1580 3866 1626 3915 aut
1641 3859 1753 3915 investi·

102 3956 261 4014 sxrrrexeris
284 3957 401 4027 (Colore.
424 3971 466 4022 ιιι,
484 3957 520 4025 l).
544 3956 605 4011 Non
620 3963 698 4027 potcs
713 3972 774 4028 quae
797 3970 906 4010 sursum
958 3952 1084 4026 gationis.
1101 3953 1203 4010 Circuit
1217 3954 1290 4008 eninr
1305 3952 1350 4025 qui
1368 3951 1412 4007 vel
1435 3956 1500 4007 nota
1523 3949 1628 4017 recolit,
1651 3947 1694 4005 vel
1718 3965 1752 4005 ex

103 4054 168 4102 sunt
182 4061 294 4118 sapere,
314 4044 365 4100 nisi
380 4044 513 4117 priusilla
527 4044 677 4117 quaesieris.
693 4044 763 4114 Quid
778 4043 850 4100 enim
865 4051 907 4101 est
958 4044 1025 4116 ipsis
1046 4043 1118 4098 notis
1141 4042 1245 4117 colligit
1266 4059 1328 4115 quae
1353 4040 1475 4098 nondum
1498 4048 1562 4096 sunt
1584 4044 1661 4094 nota.
1692 4038 1752 4094 Cir·

105 4135 241 4191 illabens
255 4150 318 4208 quae
335 4141 531 4201 sursumsunt,
555 4134 687 4204 invenire,
711 4133 763 4190 nisi
787 4133 906 4206 quodam
959 4132 1016 4191 cuit
1038 4131 1238 4205 quodammodo
1266 4129 1312 4205 qui
1335 4136 1400 4186 nota
1423 4130 1596 4201 recordatur,
1625 4128 1670 4185 vel
1698 4144 1757 4198 per·

108 4223 259 4281 dulcedinis
270 4231 298 4280 et
309 4223 486 4296 experientiae
500 4231 583 4294 gustu
599 4224 751 4296 persentire
760 4224 826 4280 illst
842 4225 907 4281 ldeo
959 4228 1094 4280 scrutuur
1107 4237 1186 4277 nova.
1211 4218 1345 4276 Circuitus
1369 4217 1479 4292 quidam
1495 4226 1546 4286 est,
1567 4234 1628 4274 cum
1642 4233 1675 4274 ea
1694 4232 1756 4288 quaa

107 4322 206 4370 cuncta
222 4312 372 4385 perlustrat
385 4320 412 4369 et
423 4319 568 4377 scrutatur,
584 4322 615 4369 ut
628 4314 699 4387 quod
710 4322 792 4379 amat,
808 4312 907 4370 alicubi
958 4310 1015 4380 jam
1029 4309 1083 4365 fide
1099 4318 1126 4365 et
1149 4308 1327 4381 intelligentia
1351 4314 1484 4373 tenemus,
1501 4305 1598 4364 ordine
1619 4313 1755 4362 retracta-

104 4402 248 4475 degnstet.
279 4401 410 4475 Surgam,
436 4401 531 4475 inquit,
549 4407 577 4461 et
598 4402 725 4460 circuibo
748 4403 904 4468 ciuitatem,
959 4415 1030 4455 xnus.
1048 4397 1181 4456 Circuitus
1206 4399 1313 4471 quidam
1338 4406 1391 4468 est,
1415 4413 1478 4454 cum
1499 4413 1531 4452 ex
1560 4395 1679 4467 hisquae
1698 4395 1756 4463 jnm

105 4507 235 4564 querum
258 4507 312 4564 per
333 4493 409 4551 uicos
429 4496 459 4549 et
471 4492 591 4565 plateas,
603 4508 686 4565 ouem
701 4492 797 4566 diligit
806 4491 908 4547 ocimu
922 4507 945 4586 u
960 4496 1094 4553 tenemus,
1125 4487 1159 4543 ad
1183 4488 1332 4543 occultiora
1355 4487 1493 4542 tendimus
1516 4491 1543 4540 et
1569 4487 1756 4556 penetramus.

104 4578 907 4649 mec.llultumsibiliduciaesanctusamorassumit.Quan·
961 4576 1096 4633 Circuitus
1120 4575 1165 4631 ille
1187 4573 1374 4630 oblectationis
1399 4579 1452 4636 est,
1476 4571 1527 4626 iste
1556 4569 1681 4626 rationis.
1711 4570 1759 4629 llle

104 4668 337 4740 tamenimputas
351 4668 489 4741 diligebat,
506 4686 568 4740 quae
582 4677 687 4725 tantum
701 4669 907 4741 praesumebatf
961 4662 1136 4726 amicabilior,
1157 4661 1209 4718 iste
1233 4660 1345 4718 acutior.
1371 4660 1407 4716 Et
1430 4658 1553 4733 quamvis
1580 4659 1627 4714 ilie
1655 4659 1759 4717 circui·

107 4759 239 4831 Surgam,
250 4757 348 4830 inquit,
360 4763 388 4816 et
399 4757 522 4814 circuibo
531 4760 688 4816 civitatem.
700 4758 761 4813 Non
774 4756 865 4815 veniet
878 4757 907 4812 in
961 4759 1003 4806 tus
1030 4750 1119 4824 magis
1143 4749 1366 4808 accommodatus
1389 4764 1497 4821 sponsae
1525 4747 1659 4818 videatur,
1689 4765 1760 4805 neu·
1801 4772 1804 4778 ·

109 4854 286 4919 conspectum
300 4853 385 4913 tunm,
412 4845 539 4914 Domine,
565 4847 654 4902 omnis
672 4848 823 4920 hypocrita.
845 4846 906 4902 Ab·
960 4851 1032 4898 trum
1058 4848 1150 4896 umen
1177 4839 1216 4894 illi
1243 4838 1420 4912 negabimus.
1450 4837 1513 4894 Sive
1542 4837 1616 4893 enirn
1643 4845 1708 4893 nota
1732 4843 1761 4894 et

110 4932 263 4991 smndit'se
278 4933 377 5000 Adam,
394 4950 427 4990 cx
452 4949 506 5007 quo
529 4935 608 4992 bonae
623 4934 796 4992 conscientiae
811 4950 906 4990 ausum
959 4938 1098 5002 comperta
1121 4929 1225 4996 revisit,
1252 4928 1310 4984 sire
1338 4926 1483 5000 investigat
1505 4941 1587 4991 noxa,
1611 4925 1639 4981 in
1666 4924 1758 4981 omni·

107 5021 200 5077 amisit
213 5024 296 5094 (Gen.
312 5039 354 5088 nx,
369 5023 408 5095 8),
424 5029 453 5080 et
466 5023 607 5081 inventum
622 5040 652 5080 se
667 5014 762 5090 doluit,
780 5023 826 5097 qui
849 5039 907 5079 nra·
960 5021 1012 5075 bus
1040 5019 1125 5075 amori
1154 5025 1258 5073 ῑιηιιηη
1282 5016 1403 5074 fomitem
1429 5015 1544 5088 quaerit:
1563 5016 1655 5070 Bonus
1694 5013 1758 5086 qui·

107 5112 151 5184 gis
165 5129 292 5185 quaerere
305 5112 448 5170 debuerat.
460 5113 512 5183 Qui
522 5112 584 5169 ficte
595 5112 692 5186 diligit,
709 5112 778 5187 fugit
791 5128 907 5184 conspe·
960 5110 1023 5164 dem
1038 5107 1151 5165 rationis
1173 5106 1303 5163 circuitus
1330 5121 1336 5160 :
1358 5104 1407 5161 sed
1427 5104 1535 5177 quando
1557 5101 1625 5157 ratio
1639 5100 1699 5174 ipsa
1712 5103 1758 5158 in-

106 5209 184 5258 ctum
202 5209 278 5257 tuum
297 5216 304 5255 :
327 5217 469 5275 quaerero
485 5217 585 5274 sponsa
604 5211 648 5259 est
665 5212 692 5258 at
705 5202 843 5260 charitatis
856 5203 907 5258 do·
961 5205 1001 5252 tra
1016 5197 1081 5254 fidei
1104 5196 1212 5268 regulas
1227 5211 1262 5251 se
1286 5194 1414 5260 continet,
1430 5200 1456 5249 et
1471 5195 1530 5260 ejus
1550 5189 1681 5248 terminos
1703 5207 1758 5249 non

104 5298 165 5345 tata
174 5291 389 5359 munere,etiam
404 5290 565 5367 fugitantem
579 5291 757 5350 insectantur.
774 5291 833 5363 Quo
842 5291 905 5358 ibis,
960 5286 1078 5353 excedit,
1101 5286 1136 5343 de
1158 5283 1212 5342 fide
1235 5285 1269 5340 ad
1292 5283 1383 5349 fidem,
1408 5281 1449 5337 vel
1473 5278 1576 5336 deiide
1597 5280 1631 5335 ad
1653 5279 1757 5338 intelli-

104 5381 183 5436 bone
197 5381 272 5450 lesu,
291 5396 308 5436 a
325 5379 394 5437 faeie
414 5381 581 5438 vehementis
594 5381 741 5438 desiderii?
755 5381 783 5437 si
807 5395 906 5438 ascen-
959 5375 1081 5450 gentiam
1093 5375 1263 5448 pertingens.
1274 5367 1587 5443 lntelligentiaquidam,
1604 5379 1631 5427 et
1643 5369 1666 5426 si
1676 5369 1757 5427 fidem

103 5469 352 5540 derisincoelum,
373 5468 512 5528 illiceat:
536 5470 559 5526 si
586 5470 759 5530 descenderis
774 5470 803 5527 in
821 5469 907 5527 inier-
960 5465 1079 5533 excedit,
1103 5480 1158 5521 non
1185 5471 1277 5519 umen
1297 5459 1367 5518 aliud
1397 5465 1541 5517 contuetur
1573 5474 1654 5532 qnam
1681 5458 1756 5534 quod
