3706 5962
55 187 108 249 m
565 149 574 166 “
665 179 699 242 ιι
718 176 855 239 murres
874 179 984 243 samo
1003 182 1099 246 xxvi.
1651 196 1706 258 rae

55 316 85 369 te
99 308 188 379 (Prel-
204 318 285 373 cxxi,
304 306 332 373 i,
348 303 387 376 ι).
402 300 539 376 Alioquin,
562 301 609 376 qui
631 317 688 360 non
702 310 785 375 amat,
801 304 853 361 etsi
869 349 893 428 Α
909 313 995 363 totum
1009 307 1086 364 illum
1100 307 1135 366 de
1150 309 1280 368 charitate
1292 308 1397 380 loeum;
1412 327 1505 372 nonne
1519 315 1567 374 tibi
1581 325 1620 376 tot
1634 336 1702 393 pro-

54 397 128 454 intus
155 394 203 461 sit,
227 391 314 451 esurit
337 397 439 450 umen.
468 390 610 461 Quomodo
633 401 723 448 autem
745 400 853 464 egestas
908 397 1063 471 pugnacula
1082 397 1206 455 ridentur
1219 417 1378 478 exsurgere,
1395 412 1461 476 quot
1475 408 1578 480 gratias
1599 409 1700 468 distin-

55 485 103 541 erit
118 485 150 540 in
164 484 220 540 bae
233 481 367 554 spirituali
382 488 469 548 turre,
484 481 513 535 in
531 489 607 537 turre
628 480 725 547 David,
741 481 769 537 in
783 481 853 538 eollo
908 492 964 540 etas
974 487 1137 547 enumerat?
1152 488 1215 546 Non
1225 491 1390 559 emacem.
1403 509 1461 550 nen
1471 495 1531 566 egit
1540 513 1700 569 perperam,

52 587 172 644 sponsae,
194 570 224 625 in
239 585 294 641 quo
307 568 365 642 jugi
380 569 545 625 commercio
561 569 672 642 spiritus
687 569 775 625 vitalis
795 578 852 624 tra·
908 574 1103 646 neeinyietur,
1116 593 1173 635 non
1184 584 1226 637 cei
1237 583 1700 660 ambitiose,neaquoeritquoeeue

51 661 125 716 bitur
140 667 169 716 et
190 657 360 721 refunditur3
376 657 406 711 in
429 673 484 730 que
503 659 579 713 verbi
601 658 671 714 sacri
686 667 852 715 commeatus
908 668 1051 734 sunt,nen
1061 666 1163 738 gaudet
1172 671 1594 745 super,iniqeitote,cenqaadee
1604 681 1702 735 aetem

49 747 180 804 assiduus
204 753 258 816 est,
288 751 316 800 et
338 743 441 800 uocalis
467 743 580 816 spiritus
607 746 754 803 discurrit?
780 762 852 818 quo·
906 755 1033 820 ueritati,
1053 762 1118 821 ete,
1135 773 1222 828 usque
1237 774 1294 817 nen
1308 760 1415 816 eccidit
1432 761 1457 832 (l
1475 764 1536 822 Cer.
1552 779 1612 830 xxxx,
1624 767 1698 836 Μ).

51 837 133 894 mode
149 836 240 892 lamas
255 832 377 902 mealia,
393 849 444 904 per
457 833 530 906 quod
549 835 715 890 abimdantia
729 835 852 890 suavita·
907 836 989 896 Vides
1005 848 1071 912 quot
1094 843 1304 915 propugnaculis
1327 845 1424 900 turrita
1446 848 1597 907 consistat?
1620 866 1701 907 num·

50 928 251 993 tiseruetatur,
268 931 296 979 et
305 923 421 980 verbum
435 922 538 977 bonum
553 923 587 979 de
602 923 692 979 cordis
706 923 853 981 libertate?
907 927 972 998 quid
996 945 1049 984 non
1077 929 1129 984 ista
1147 932 1352 1002 concorporalia
1370 935 1492 990 charitati
1516 937 1652 1006 videntur,
1673 948 1701 996 ει

50 1015 160 1071 Collum
175 1012 315 1086 quoddam
328 1010 435 1067 videtur
449 1011 653 1076 commercium,
670 1020 696 1068 et
715 1014 851 1085 quoddam
905 1015 980 1071 velut
990 1016 1207 1074 defundamcnio
1223 1021 1283 1090 ejus
1298 1024 1467 1095 exsurgere?
1481 1025 1516 1079 Et
1527 1033 1618 1083 ιειιιειι
1632 1028 1701 1085 istcs

49 1104 198 1178 glutimm,
215 1109 243 1157 et
257 1100 347 1157 cordis
361 1115 424 1156 com
444 1115 501 1167 ore,
518 1108 546 1156 et
559 1101 685 1171 eorporis
700 1117 764 1156 eum
777 1101 851 1170 eapi—
906 1101 1028 1169 affectus,
1045 1122 1112 1177 quos
1134 1107 1250 1162 charitas
1265 1108 1341 1180 quasi
1361 1111 1519 1168 naturaiiter
1532 1114 1627 1187 gignit,
1644 1115 1697 1174 do-

51 1201 87 1261 te,
110 1192 259 1263 utriusque
274 1188 310 1244 ad
324 1189 448 1244 alterum.
474 1188 505 1242 ln
529 1188 599 1244 eollo
615 1189 752 1246 vinculum
769 1197 852 1246 estet
906 1191 991 1246 ctrina
1006 1192 1106 1263 dirigit,
1124 1194 1264 1265 disciplina
1283 1197 1364 1269 regit,
1382 1199 1461 1271 erigit
1480 1202 1654 1269 exercitatio;
1671 1215 1699 1262 et

50 1282 103 1336 via.
115 1275 696 1349 Qnedaliuderitvineulumnisiebaritas,
708 1293 851 1350 perquam
904 1279 1007 1335 bonum
1022 1280 1166 1354 originale,
1190 1292 1321 1353 quantum
1335 1285 1369 1340 ad
1384 1287 1552 1358 charitatem,
1572 1291 1640 1348 ordo
1654 1292 1699 1350 hie

52 1369 135 1442 capiti
152 1383 256 1440 eorpus
277 1366 407 1429 cohaeret,
430 1364 537 1420 Christo
555 1365 696 1422 Ecclesia?
717 1364 784 1432 Quae
799 1365 851 1420 alia
905 1367 940 1422 ab
956 1369 1073 1439 expertis
1093 1370 1281 1441 praescriptus,
1301 1372 1442 1444 velleret,
1462 1393 1498 1433 ne
1516 1377 1640 1446 deliciat;
1655 1381 1698 1438 rel

53 1457 94 1514 ria
117 1456 232 1528 spiritus
259 1453 313 1509 nisi
332 1453 469 1509 ebaritas?
490 1453 555 1508 liaee
578 1454 651 1509 enim
672 1453 851 1510 excellentior
904 1464 1055 1526 promovet,
1072 1465 1101 1511 ut
1115 1466 1220 1514 creseat
1237 1474 1243 1512 ε
1260 1458 1450 1516 ideoebaritas
1464 1463 1572 1521 iuterna
1585 1467 1699 1538 inspira·

54 1545 105 1611 ria,
127 1545 183 1600 ime
206 1544 266 1599 baee
280 1548 323 1597 est
337 1541 449 1612 spiritus
463 1541 566 1597 vadens
589 1549 616 1597 ει
639 1542 759 1610 rediens,
774 1540 850 1596 etad
905 1543 977 1599 ιιοιιε
1000 1561 1055 1600 non
1078 1553 1215 1614 contenta,
1242 1548 1377 1604 sermonis
1400 1551 1470 1606 sacri
1493 1552 1613 1624 undique
1632 1556 1695 1626 sibi,

55 1628 454 1703 suamreeurreusoriginem3
470 1628 543 1684 unde
557 1629 746 1697 nascitur,illo
760 1645 851 1687 rever·
904 1631 977 1689 velut
1007 1633 1127 1706 clypeos,
1164 1635 1347 1693 institutiones
1369 1639 1527 1696 memoriter
1553 1644 1695 1713 appendit.

56 1730 124 1779 tens.
141 1722 188 1776 nb
202 1722 252 1775 bae
265 1719 309 1775 lex
322 1717 425 1790 pendet
440 1725 467 1774 et
477 1719 626 1788 propbetas.
904 1719 994 1790 ipsum
1018 1722 1120 1793 inspice
1135 1721 1280 1793 Sponsum,
1306 1724 1351 1795 qui
1365 1725 1497 1780 mediator
1513 1737 1540 1783 ει
1554 1739 1695 1801 sequester

88 1815 112 1866 6.
129 1810 196 1866 ideo
209 1807 290 1865 mille
304 1807 394 1880 clypei
412 1807 536 1879 pendent
556 1822 592 1864 ea
605 1823 647 1864 eo.
664 1806 760 1862 Omnis
774 1805 847 1863 enim
903 1808 1013 1881 quidam
1036 1817 1078 1865 est
1098 1810 1169 1865 inter
1183 1810 1308 1866 homines
1322 1819 1350 1866 et
1372 1812 1471 1882 Deum,
1495 1815 1572 1884 quasi
1595 1815 1696 1875 cellum

59 1915 144 1954 sermo
160 1897 270 1953 Domini
285 1896 386 1966 ignitus
401 1894 512 1966 clypeus
530 1903 580 1960 est,
602 1902 630 1951 et
644 1895 848 1969 propugnacula
902 1898 1021 1953 medium
1036 1898 1106 1954 inter
1129 1914 1229 1970 eorpus
1243 1907 1270 1954 et
1293 1905 1383 1970 caput,
1404 1900 1486 1955 turris
1500 1898 1664 1960 fortitudinis
1679 1922 1695 1962 a

60 1987 113 2058 ipsa
127 1986 161 2040 ad
175 1999 334 2041 sermenem
348 1982 511 2040 referuntur.
532 1984 749 2054 Insequentibus
762 1983 826 2039 dicit
838 2001 845 2037 a
902 1984 970 2040 faeie
985 1985 1087 2042 inimici
1103 2006 1109 2041 ε
1127 1987 1225 2059 ipsum,
1245 1987 1366 2059 iuquam,
1382 1987 1497 2058 inspice,
1514 1989 1561 2062 qui
1575 1993 1694 2065 propriis

63 2077 87 2132 ii
98 2089 195 2132 maras
208 2078 261 2138 est,
278 2072 447 2142 edificemus
461 2088 547 2145 super
558 2090 621 2128 eum
629 2073 847 2144 propagnacula
901 2072 1066 2138 abundabat,
1087 2075 1224 2145 quomode
1247 2075 1393 2145 assumpsit
1407 2075 1554 2146 Scripturas
1568 2078 1692 2151 clypeos,

62 2161 450 2235 orymteaicentic.vu1,9).
466 2160 672 2231 Propugnaeula
683 2160 716 2215 de
730 2160 790 2231 ipsa
805 2175 846 2216 se
901 2169 929 2217 et
943 2160 1016 2216 velut
1031 2161 1065 2216 ad
1085 2162 1272 2218 auctoritatem
1288 2179 1318 2218 se
1342 2163 1466 2229 contulit,
1481 2173 1558 2222 scuto
1572 2168 1693 2225 veritatis

63 2252 112 2306 ient
127 2266 188 2307 esse
211 2249 295 2305 tumis
318 2247 442 2313 materia,
465 2257 492 2302 et
511 2247 587 2319 quasi
612 2248 645 2304 de
670 2248 768 2304 eedem
783 2264 845 2306 eum
899 2247 1085 2305 fraudulentas
1116 2250 1274 2322 interpretis
1301 2250 1414 2322 maligni
1443 2253 1605 2324 propulsans
1626 2255 1693 2313 insi·

64 2340 113 2411 ipsa
125 2354 251 2410 corpore.
265 2338 301 2392 Et
314 2337 376 2393 ride
391 2335 527 2407 quomedo
541 2336 659 2392 ebaritas
669 2338 846 2393 consubstan·
898 2336 967 2393 dias.

64 2428 127 2482 tiaiia
139 2436 167 2484 ει
181 2427 235 2481 sibi
248 2424 454 2496 concorporalia
468 2424 671 2496 propugnacula
685 2433 785 2498 gestat.
803 2427 845 2483 Vi·
935 2429 961 2480 8.
977 2427 1017 2482 Tu
1039 2441 1148 2499 quoque
1167 2425 1191 2482 si
1215 2425 1299 2482 tueris
1323 2427 1456 2483 mediator
1470 2430 1579 2501 quidam
1599 2440 1626 2489 ει
1643 2450 1691 2490 se-

63 2517 90 2572 de
103 2515 238 2588 quomodo
248 2515 341 2569 innata
355 2513 390 2568 sit
403 2512 527 2570 charitati
539 2513 693 2569 sollicitudo
707 2515 842 2586 quaedam,
899 2525 1008 2586 quester
1021 2515 1093 2571 inter
1107 2514 1230 2570 homines
1246 2516 1378 2582 etDeum,
1390 2524 1418 2572 et
1428 2517 1501 2573 velut
1515 2520 1614 2576 collum
1630 2538 1693 2578 eor-

63 2605 195 2678 prudentia
209 2602 344 2676 quaedam,
365 2609 391 2656 ει
414 2600 526 2674 pervigil
548 2601 638 2657 cautio
652 2601 686 2656 ad
701 2597 851 2658 declinam
898 2619 950 2675 pus
965 2608 992 2658 ει
1015 2610 1097 2674 caput
1117 2603 1305 2675 conjungens;
1325 2602 1401 2658 mille
1424 2603 1512 2676 clypei
1534 2592 1609 2665 in'te
1622 2626 1705 2683 peu·¹

62 2694 103 2749 das
116 2694 156 2750 uel
170 2692 348 2764 depellendas
363 2689 550 2746 infestationes
565 2699 593 2746 et
605 2690 745 2746 machinas
760 2691 845 2746 hosti·
899 2692 990 2759 deant,
1005 2689 1153 2746 omnimodi
1177 2690 1266 2761 clypei
1279 2690 1362 2746 divini
1376 2694 1521 2750 sermonis.
1543 2696 1627 2753 Sacra
1642 2701 1691 2756 tibi

61 2783 105 2838 ies.
124 2783 232 2837 liabent
244 2778 451 2852 propugnacula
469 2778 571 2849 aliquid
595 2779 726 2845 clausum,
742 2780 845 2836 habent
898 2786 999 2850 praesto
1013 2779 1048 2833 sit
1069 2778 1225 2843 auctoritas,
1245 2786 1273 2835 et
1286 2777 1322 2833 ad
1336 2792 1417 2836 omue
1439 2783 1625 2852 patrocinetur
1638 2803 1692 2844 ue·

60 2881 84 2928 et
102 2878 227 2941 apertum
251 2867 364 2940 aliquid.
390 2867 442 2922 Per
466 2865 538 2921 istud
567 2865 681 2922 insidias
705 2867 842 2938 explorat3
899 2866 1013 2937 gotium,
1029 2882 1084 2922 non
1099 2874 1204 2921 tantum
1220 2874 1250 2922 ut
1263 2865 1312 2921 tibi
1332 2865 1457 2935 sufficiat,
1473 2870 1522 2926 sed
1536 2879 1565 2928 ut
1580 2875 1691 2947 reliquis

60 2976 101 3031 per
113 2958 179 3015 illud
194 2958 314 3013 assultus
329 2954 447 3011 declinat
463 2973 469 3010 :
486 2954 541 3010 illie
557 2955 720 3027 providens3
741 2955 801 3012 istie
815 2972 844 3012 se
862 2956 1028 3035 cabundet.
1045 2956 1112 3012 Esto
1125 2962 1236 3026 paratus
1246 2954 1282 3009 ad
1290 2954 1459 3011 reddendam
1471 2959 1605 3016 rationem
1616 2963 1691 3019 omni

60 3056 209 3120 protegens.
224 3043 335 3100 Talibus
353 3051 396 3099 est
410 3042 527 3098 ebaritas
550 3058 613 3100 eum
632 3045 845 3117 propugnaculis
898 3045 1023 3116 poscenti
1037 3044 1071 3100 de
1093 3060 1136 3110 ea,
1162 3059 1223 3117 quae
1237 3043 1265 3097 in
1279 3050 1306 3099 te
1319 3050 1370 3113 est,
1390 3044 1442 3100 lide
1458 3051 1486 3100 et
1505 3062 1554 3119 spe
1569 3049 1595 3119 (1
1612 3051 1689 3109 Patr.

58 3135 183 3192 addicata
198 3133 262 3206 quia
287 3132 348 3188 talis
370 3138 412 3187 est
430 3131 455 3186 ei
480 3139 534 3185 tam
553 3131 641 3197 fortis,
656 3139 709 3186 tam
723 3131 844 3204 prudens
898 3146 939 3201 ιιι,
969 3136 1025 3204 ιιι).
1059 3130 1143 3200 Quasi
1171 3146 1285 3201 poscere
1308 3129 1415 3187 videtur
1437 3131 1502 3189 fidei
1526 3145 1578 3194 tuae
1604 3139 1690 3196 ratio-

59 3223 204 3294 sollieitudo
219 3221 321 3277 innata
337 3222 399 3291 lpsa
413 3234 543 3290 magum
562 3227 604 3275 est
617 3219 668 3274 sibi
687 3218 845 3276 firmamen-

58 3320 108 3368 tum
121 3311 269 3384 quoddam.
284 3310 409 3380 Denique
428 3307 507 3363 fertis
522 3315 608 3363 estut
624 3308 704 3364 turris
723 3308 843 3365 dilectio.

57 3400 113 3472 ipsa
136 3398 211 3455 uerit
234 3396 393 3453 tentamenti
416 3395 574 3451 occasiones
599 3403 625 3451 et
644 3412 705 3452 cum
720 3412 788 3468 opus
804 3403 844 3452 est

57 3487 158 3561 lugere,
179 3493 207 3542 ει
228 3485 275 3541 ubi
297 3484 421 3559 fugiendi
445 3499 500 3540 non
515 3485 609 3539 subest
630 3483 718 3555 copia,
737 3483 845 3539 fortiter

57 3576 141 3633 ierre:
160 3582 188 3631 ει
201 3589 263 3630 cum
275 3573 335 3644 ipsa
345 3580 448 3628 tantum
457 3571 619 3628 firmamenti
633 3573 734 3627 babere
750 3570 843 3627 videa·

57 3672 101 3732 tur,
122 3663 214 3720 aliena
235 3670 328 3718 umen
349 3661 505 3731 adjumenta
526 3675 582 3716 non
606 3660 715 3733 refugit.
736 3662 844 3731 Propu-

57 3753 172 3826 gnaeulis
192 3751 298 3807 munita
320 3750 432 3805 assumit
447 3760 474 3805 et
489 3750 608 3820 clypeos.
624 3749 715 3805 Bonus
730 3749 844 3821 clypeus

57 3840 268 3899 conversationis
291 3840 368 3907 erdo,
393 3846 419 3894 et
443 3837 487 3894 lex
506 3840 540 3893 ab
565 3837 720 3895 bominibus
735 3839 843 3893 tradita.

56 3931 111 3988 dane
124 3930 176 3988 etsi
191 3945 248 3984 non
263 3936 305 3985 est
319 3925 377 3984 80
399 3926 524 3983 charitati
542 3927 707 3993 necessaria,
729 3943 786 3983 non
800 3935 844 3981 ta-

56 4035 111 4076 men
130 4025 277 4090 reputatur
301 4031 480 4087 supervacua,
505 4031 557 4071 nee
581 4030 698 4072 onerosa
722 4015 842 4086 quidem.

898 3235 971 3290 nem,
990 3219 1038 3292 qui
1064 3218 1129 3275 fidei
1157 3218 1293 3276 contraria
1319 3220 1485 3290 persuadere
1512 3232 1637 3297 conatur,
1664 3236 1692 3285 et

897 3306 985 3378 ipsam
1000 3306 1160 3380 infringere.
1186 3307 1290 3363 Bonum
1309 3323 1376 3378 ergo
1396 3309 1499 3365 acolio
1523 3319 1569 3368 tue
1583 3322 1691 3371 acutum

897 3396 1008 3467 pendet,
1020 3395 1042 3450 si
1058 3394 1142 3451 fueris
1157 3403 1234 3450 scuto
1249 3394 1313 3450 fidei
1323 3395 1451 3466 munitus,
1468 3407 1544 3454 sento
1558 3403 1689 3471 veritatis,

897 3491 974 3539 scuto
988 3483 1068 3540 bonae
1082 3482 1237 3547 voluntatis,
1254 3482 1325 3536 sacri
1335 3490 1412 3538 scuto
1428 3486 1571 3543 sermonis.
1588 3488 1692 3544 Omnes

898 3571 947 3626 bes
971 3571 999 3625 in
1023 3569 1165 3641 seripturis
1189 3568 1299 3639 clypeos
1321 3568 1400 3641 legis.
1427 3569 1482 3626 Sed
1509 3573 1582 3629 etsi
1609 3574 1693 3634 fumis

897 3658 925 3714 in
939 3656 1055 3714 sublime
1080 3671 1129 3728 per
1152 3656 1314 3712 charitatem
1335 3664 1441 3714 erectus
1460 3658 1535 3715 uelut
1554 3662 1692 3730 turris3si

896 3763 947 3819 per
975 3744 1210 3817 contemplationis
1238 3745 1363 3818 gadam,
1393 3746 1469 3819 quasi
1497 3749 1607 3822 collum,
1636 3751 1694 3808 reli-

897 3853 981 3908 quum
1006 3850 1105 3906 eorpus
1124 3835 1270 3901 excedens,
1297 3834 1412 3891 accedas
1438 3836 1473 3891 ad
1500 3848 1581 3909 eaput
1604 3840 1693 3896 Domi-

897 3925 945 3992 ni,
975 3932 1001 3979 et
1029 3922 1208 3978 abscondaris
1235 3922 1264 3978 in
1298 3923 1457 3980 abscondite
1486 3924 1567 3983 laeiei
1592 3929 1691 3985 Demi-

896 4012 934 4083 ni,
952 4011 992 4072 ,in
1025 4010 1174 4067 secretario
1209 4012 1317 4083 sponsi,
1348 4012 1377 4067 in
1408 4011 1526 4071 thalamo
1545 4016 1692 4075 veritads:

55 4108 201 4180 Spiritualis
217 4114 261 4162 est
273 4105 391 4161 ebaritas
407 4121 413 4160 :
430 4121 481 4160 nee
491 4104 595 4176 indiget
609 4103 679 4178 lege,
691 4119 743 4160 uee
754 4111 843 4158 amen
897 4117 987 4158 nonne
999 4098 1047 4155 tibi
1062 4099 1163 4158 videris
1182 4099 1297 4157 delicate
1312 4109 1450 4171 protectus
1460 4102 1577 4174 clypeo?
1591 4107 1625 4162 Et
1640 4123 1693 4164 ne·

54 4194 138 4271 legem
162 4194 338 4267 dedignatur,
362 4195 409 4248 sed
437 4192 559 4266 legitime
583 4193 676 4261 utitur,
697 4207 729 4247 ea
751 4199 844 4264 prote.
898 4189 955 4246 seio
970 4189 994 4244 si
1010 4188 1083 4260 qued
1103 4196 1209 4244 scutum
1223 4190 1257 4244 ad
1280 4188 1478 4261 protegendum
1493 4191 1630 4251 efficacius
1645 4197 1691 4264 sit,

53 4290 99 4352 eta,
115 4298 174 4338 non
188 4296 332 4353 oppressa.
356 4280 448 4336 Bonus
462 4280 543 4335 etiam
560 4279 675 4351 clypeus
698 4279 768 4335 sacri
783 4294 843 4335 me·
859 4268 883 4348 ὓ
899 4295 978 4351 quam
993 4278 1053 4333 talis
1067 4277 1208 4350 amplexus
1220 4277 1321 4333 dilecti.
1338 4280 1436 4351 lgneus
1447 4287 1498 4349 est,
1515 4289 1542 4336 et
1557 4282 1619 4339 ideo
1633 4299 1693 4340 ern-

53 4369 143 4427 ditatio
170 4369 260 4427 uerbi.
284 4367 380 4425 Omnis
399 4369 473 4424 enim
496 4382 587 4424 sermo
611 4367 719 4423 Domini
743 4369 845 4441 ignitus
897 4368 943 4422 nia
957 4366 1011 4422 tela
1025 4365 1185 4438 nequissimi
1195 4365 1275 4436 linea
1291 4366 1449 4438 exstinguit,
1470 4377 1498 4422 et
1510 4368 1583 4442 ignis
1598 4371 1692 4444 linem

51 4458 161 4531 clypeus
175 4464 220 4515 est
244 4456 283 4530 (li
293 4459 374 4514 Prae.
390 4473 455 4524 xxx,
472 4457 511 4529 ιι).
898 4456 1042 4512 consumit.
1064 4455 1093 4509 Si
1115 4452 1178 4508 fidei
1202 4460 1307 4508 scutum
1322 4453 1368 4508 iila
1383 4454 1538 4524 exstinguit,
1555 4460 1691 4527 quomodo

81 4549 110 4605 7.
126 4547 192 4602 Νοιι
212 4552 255 4601 εει
272 4553 401 4602 contenta
420 4546 539 4602 ebaritas
561 4543 759 4616 spiritualibus,
776 4559 844 4617 quas
897 4562 953 4600 neu
968 4543 1055 4616 magis
1069 4540 1190 4613 veritatis
1203 4541 1275 4595 bono
1290 4539 1441 4611 protegitur
1455 4541 1562 4611 clypeo,
1579 4544 1625 4613 qui
1639 4545 1691 4600 ab·

50 4635 105 4706 ipsa
119 4634 220 4710 gignit,
245 4633 465 4691 meditationibus
490 4654 497 4690 :
522 4643 550 4690 et
570 4650 632 4690 eum
656 4635 715 4707 ipsa
737 4632 844 4689 Domini
898 4631 1037 4690 scanditur
1056 4631 1083 4685 in
1098 4630 1189 4684 calore
1206 4628 1284 4698 ejus?
1297 4630 1346 4683 Est
1360 4628 1432 4684 enim
1456 4630 1574 4687 veritatis
1588 4631 1692 4690 fervida

48 4722 93 4778 lex
105 4724 151 4788 sit,
165 4725 196 4778 in
218 4723 285 4795 ipsis
304 4731 396 4780 tamen
414 4723 486 4796 legis
500 4723 673 4779 sermonibus
693 4723 843 4789 mediatur;
898 4720 1050 4791 meditatio,
1071 4716 1263 4791 suggestiones
1291 4717 1392 4773 inimici
1415 4719 1485 4774 male
1506 4719 1606 4793 ignitas
1628 4731 1692 4780 ante

49 4810 114 4868 inde
139 4811 192 4868 sibi
216 4811 372 4869 testimonia
389 4813 512 4881 assumit,
537 4812 602 4868 inde
628 4828 658 4868 se
681 4811 731 4884 [el.
752 4810 845 4884 sensa]
900 4807 1055 4880 exstinguit,
1072 4821 1153 4879 quam
1162 4805 1196 4860 ad
1207 4813 1326 4862 mentem
1335 4805 1499 4880 pertingant.
1510 4810 1586 4866 inter
1599 4812 1693 4884 sponsi

49 4907 187 4971 uretur,et
201 4900 588 4974 mrdtiplieiprotegitelypeo.
602 4901 705 4957 Etcum
716 4888 866 4973 magnum
898 4897 1037 4969 amplexus
1061 4905 1088 4951 et
1113 4894 1250 4951 eharitatis
1275 4896 1392 4970 negotia,
1415 4911 1469 4952 nen
1492 4906 1570 4955 vacat
1584 4915 1693 4972 sponsae

48 4989 150 5045 babeat
171 4989 246 5045 intus
270 4990 455 5047 testimonium
469 4989 595 5063 Spiritus,
618 4990 652 5045 ab
675 4989 741 5062 ipsis
755 4999 846 5045 tamen
898 4985 1043 5059 peregrina
1059 4984 1113 5040 tela
1136 4984 1283 5055 suscipere.
1299 4983 1373 5039 Deae
1388 4984 1449 5039 talis
1463 4984 1575 5057 clypeus
1593 4986 1693 5043 aeolio

48 5076 149 5135 litteris
175 5079 261 5136 saeris
287 5079 438 5152 patrocinia
466 5079 518 5135 sibi
545 5079 678 5151 decerpit.
712 5079 746 5134 Et
773 5078 847 5134 bona
900 5089 1007 5148 sponsae
1025 5072 1172 5146 dependet,
1198 5088 1230 5129 ee
1245 5075 1318 5145 quod
1333 5080 1389 5127 tam
1413 5073 1539 5128 succensi
1552 5072 1694 5144 amplexus

47 5168 196 5241 protectio,
211 5184 294 5241 quam
307 5169 353 5227 uel
375 5167 513 5226 eharitatis
527 5167 696 5241 experientia
710 5166 845 5242 suggerit,
900 5164 1017 5238 gratiam
1037 5162 1174 5234 experitur
1189 5159 1246 5216 sela
1260 5159 1378 5225 dileetio,
1394 5159 1453 5216 sola
1467 5160 1536 5216 tales
1553 5161 1629 5218 novit
1642 5178 1694 5221 ex-

47 5258 90 5315 rel
104 5258 240 5315 sermonis
253 5257 324 5316 sacri
342 5257 442 5331 peritia
458 5257 547 5314 tradit.
567 5256 666 5313 Paulus
685 5256 713 5312 in
727 5256 848 5329 Epistola
901 5268 994 5312 cessus
1010 5264 1017 5305 ε
1034 5261 1062 5307 ει
1076 5258 1194 5307 mentem
1213 5247 1315 5303 iaciens
1334 5247 1476 5304 adherere
1491 5247 1547 5304 Deo
1563 5265 1646 5308 unum
1660 5255 1696 5311 ad

47 5361 96 5403 sna
116 5347 244 5420 quaedam
264 5347 405 5406 eharitatis
428 5347 477 5403 tibi
496 5345 701 5422 propugnacula
714 5344 848 5418 depingit.
901 5343 998 5402 horam
1011 5355 1074 5400 cum
1088 5337 1134 5397 illo
1154 5336 1279 5411 Spiritum
1294 5334 1388 5393 effissii·
1406 5336 1520 5393 Bellum
1542 5338 1622 5411 Plane
1635 5344 1697 5401 ⁰0¹·

51 5437 195 5505 Cbcritee,
210 5437 307 5515 inquit,
321 5437 630 5512 pertimescebamus
645 5441 698 5496 eet.
714 5437 846 5493 Percurre
903 5435 969 5506 ium,
982 5435 1012 5491 iu
1033 5446 1088 5508 quo
1112 5441 1203 5489 sermo
1224 5426 1333 5487 Domini
1347 5425 1444 5501 iguem
1457 5438 1599 5495 moratur:
1615 5450 1631 5491 a
1644 5451 1700 5510 que

155 5546 283 5613 imaus.
300 5544 478 5608 dlxxxiv.
1544 5543 1562 5603 t
