3706 5962
108 123 112 134 ’
145 160 201 222 aar
587 155 759 219 sunnonis
778 157 879 218 ιιι.
900 188 934 201 -
955 159 987 220 ιι
1007 159 1203 221 nrrrvmarc
1222 160 1351 224 uourur.
1742 158 1799 222 aas
1839 168 1842 177 ·

145 288 193 357 ius
202 283 294 342 carnia
308 282 466 351 necessitas,
477 282 650 351 cujusmetas
664 283 735 340 sicut
748 283 819 340 scire
832 282 944 341 difficile
958 297 982 379 st
998 286 1130 344 onerabit.
1140 288 1207 357 erae
1223 289 1347 347 siluerit
1361 287 1495 362 protunda
1509 286 1662 346 bumilitate
1680 287 1795 356 devicta,

147 382 190 430 est
206 372 245 428 ita
259 385 368 428 servare
381 369 559 442 impossihile.
574 373 694 429 Necesse
718 372 831 445 proinde
845 379 942 442 estut,
999 375 1038 431 nii
1055 383 1137 432 restat
1150 377 1202 434 nisi
1217 385 1247 434 ut
1261 378 1355 435 alienis
1369 377 1577 435 necessitatibus
1591 377 1671 450 quasi
1683 379 1797 449 jumen·

149 469 281 532 concepto
295 459 371 532 igne,
386 459 518 516 naturalia
531 476 587 516 non
600 460 732 518 incentiva
755 460 883 536 latigant3
907 468 945 528 et,
1000 471 1059 520 turn
1073 465 1156 520 austri
1170 477 1308 522 oneretur.

151 549 203 606 uisi
218 548 259 606 eis
272 549 421 615 resistatur,
438 548 471 603 ad
485 548 579 605 illicita
592 565 706 622 quaeque
721 550 892 622 compellant.
917 551 946 607 Si
1036 555 1081 608 ιι.
1104 552 1167 610 ilaec
1189 554 1316 625 praesenti
1340 553 1375 609 de
1395 553 1525 611 oneribus
1548 553 1620 609 dicta
1647 550 1796 619 sufficiant,

147 654 213 698 vero
241 637 401 707 compressis
437 637 593 707 Philistiim,
614 639 760 695 necessitas
787 639 944 709 corporalis,
1000 655 1116 713 quorum
1130 642 1254 715 quaedam
1266 644 1299 699 ab
1323 642 1443 700 humeris
1475 641 1575 698 nostris
1603 643 1657 697 hoc
1675 649 1801 712 tempora

149 725 228 799 quasi
255 723 344 791 hioab,
373 726 425 781 sub
452 725 535 782 ruodo
563 724 643 783 luerit
663 727 893 798 temperantiaque
907 743 947 783 re
1001 732 1096 805 gratiae
1106 731 1229 789 Christus
1238 731 1359 804 deponit,
1371 729 1495 803 quedam
1510 736 1656 802 temperat,
1672 731 1800 802 quadarn

149 817 236 882 dacta,
248 823 274 870 et
286 811 325 869 sic
344 811 422 885 quasi
436 828 505 869 onus
527 815 763 884 Damasci,earnis
779 814 840 886 quis
853 815 947 872 vicarit
999 819 1107 889 minuit,
1130 821 1254 893 quaedam
1277 820 1406 892 disponit.
1428 819 1493 875 Haec
1516 828 1608 875 autern
1623 818 1715 875 omnia
1730 825 1797 889 ope*

151 903 302 968 incentiua3
318 901 408 958 atatim
432 917 538 959 errores
553 913 580 959 et
602 904 783 975 blasphemiae,
801 903 878 975 quasi
902 911 945 960 tc·
999 916 1077 965 ratur
1097 910 1246 966 secuudum
1264 908 1456 965 abundantiam
1481 907 1677 964 misericordiae
1701 923 1802 975 suana

150 995 242 1050 nshroe
255 990 472 1065 AEpyptioculos
495 992 582 1048 carnia
611 993 756 1065 obducent,
785 993 876 1048 donec
900 1008 946 1049 co-
999 996 1076 1064 oujus
1090 996 1242 1065 praesentia,
1259 995 1335 1067 quasi
1349 1009 1364 1049 a
1378 993 1446 1050 facie
1461 992 1525 1060 olei,
1543 995 1639 1065 iugum
1654 992 1802 1049 diabolicae

151 1078 269 1136 ruscanti
283 1079 336 1134 luci
351 1079 493 1151 sapientiae
517 1080 633 1136 tenebrae
657 1080 769 1152 cedant3
796 1090 823 1135 et
852 1080 944 1136 statim
999 1082 1189 1140 dominationis
1203 1083 1378 1155 computruit.
1394 1083 1448 1137 Sed
1462 1080 1508 1153 qui
1522 1088 1630 1151 ternpus
1645 1081 1801 1137 misericor·

149 1167 286 1225 desertum
316 1183 401 1234 marc,
431 1168 519 1225 idest
541 1183 732 1240 perversorum
763 1168 870 1225 invidia
889 1186 944 1225 nra·
998 1171 1050 1227 ιιι
1069 1172 1193 1246 negligit,
1215 1172 1312 1242 judicii
1337 1179 1445 1243 tempus
1466 1169 1607 1239 formidet3
1629 1170 1732 1240 quiuis
1751 1169 1799 1241 qui

150 1256 260 1330 litisque
273 1258 429 1315 succedant.
445 1256 507 1327 Qua
520 1264 652 1326 cessante,
666 1274 727 1316 curn
750 1260 842 1317 omnia
856 1261 881 1316 ei
901 1261 944 1315 ri·
999 1277 1048 1331 per
1070 1260 1288 1317 misericordiam
1310 1274 1361 1316 nos
1390 1257 1514 1326 redemit,
1544 1274 1594 1328 per
1609 1257 1744 1327 justitiam
1761 1259 1803 1327 ju-

150 1346 247 1402 deutur
270 1362 332 1403 esse
359 1346 459 1419 quieta,
483 1346 543 1418 ipsa
566 1348 674 1419 quicsa
703 1348 801 1421 spiritu
829 1349 943 1417 acedioe,
998 1349 1105 1407 dicabit.
1122 1352 1223 1421 itaque,
1253 1349 1359 1416 iratres,
1384 1347 1602 1404 misericordiam
1621 1355 1651 1402 et
1672 1345 1804 1417 judicium

151 1434 277 1506 quasiob
293 1436 486 1503 onerehnna,
501 1451 556 1493 nou
570 1445 658 1510 potest
672 1453 732 1495 esse
758 1437 858 1509 quiete.
887 1437 944 1506 Ouo
965 1446 1142 1538 neantemus
1162 1439 1288 1494 Domino.
1326 1436 1527 1492 Misereordium
1566 1434 1686 1501 seilicet,
1724 1450 1804 1506 quam

151 1522 253 1594 operis,
275 1522 405 1580 orationis
431 1524 620 1592 aelectionis,
650 1526 809 1583 assiduitate
823 1526 948 1596 expulso,
1005 1526 1182 1599 experimur3
1196 1526 1340 1597 judicium,
1364 1525 1436 1597 quud
1455 1533 1658 1595 exspectamus.
1686 1523 1806 1596 Ample-

151 1626 222 1669 onus
239 1611 358 1682 Arabiae,
375 1611 403 1668 id
413 1600 455 1670 est'
468 1623 557 1671 metus
570 1613 678 1682 mortis,
693 1615 834 1672 incumbit.
857 1614 953 1672 Sedet
1007 1623 1110 1672 utamur
1137 1615 1219 1681 iilam,
1241 1615 1306 1672 illud
1330 1615 1482 1678 timeamus,
1503 1621 1533 1669 ιι
1556 1612 1602 1669 ιιι
1619 1612 1723 1677 devoti,
1753 1611 1806 1669 illia

152 1700 213 1770 ipso
235 1702 316 1758 bone
326 1701 501 1758 conscientiae
515 1702 620 1759 acddei
634 1703 732 1762 virtute
747 1712 883 1772 superato,
898 1704 955 1774 jam
1008 1703 1095 1760 securi
1117 1703 1296 1772 inveniamur,
1322 1710 1465 1774 praestante
1485 1702 1602 1758 Domino
1630 1708 1727 1757 nostro
1744 1699 1807 1756 iesu

151 1788 353 1859 quasiviciuum
370 1796 397 1844 et
411 1790 637 1861 propinquantem
664 1792 822 1863 perfectioni
846 1793 956 1848 vanitas
1008 1792 1127 1848 Christo.
1143 1792 1239 1848 Amen.

583 2101 806 2195 nicotii
839 2103 1374 2198 catuna-vtutsttsls

571 2301 777 2368 sunuouus
800 2304 901 2369 unns
924 2305 964 2368 ιι
986 2303 1221 2369 ιιτιιιιιι
1247 2302 1398 2368 nomm.

462 2472 604 2530 sessor
627 2474 695 2547 (ib).
947 2514 950 2519 -
1016 2484 1087 2531 mate
1105 2475 1194 2533 lacere
1207 2473 1398 2539 decrevissent,
1412 2474 1447 2529 ab
1461 2471 1536 2528 omni
1554 2470 1601 2527 iila
1614 2472 1742 2542 deorum,
1758 2471 1809 2529 imo

212 2561 245 2618 itt
268 2560 384 2618 ittarta
403 2561 502 2622 Oleum
521 2564 649 2634 effusum
664 2568 907 2622 camenctum.»
1016 2564 1214 2622 demoniorum
1228 2562 1399 2620 multitudine
1417 2561 1582 2634 quaesierunt
1603 2574 1752 2632 usquequo
1761 2559 1809 2617 du·

475 2652 573 2722 (Cast.
590 2667 608 2720 r,
625 2653 664 2722 2.)
1015 2669 1074 2708 rare
1086 2663 1177 2723 posset
1191 2661 1244 2708 taur
1267 2650 1423 2708 excellentis
1441 2649 1532 2721 operis
1545 2663 1663 2718 operosa
1683 2657 1811 2706 constru-

198 2740 223 2792 i.
236 2738 296 2795 Non
324 2737 424 2809 poterit
442 2737 570 2811 explicari
584 2755 675 2798 sermo
689 2755 769 2812 quarn
788 2746 879 2798 menta
900 2731 998 2810 con-c
1015 2739 1079 2810 ctio,
1094 2756 1257 2811 responsum
1272 2747 1330 2795 est:
1354 2738 1446 2794 Donec
1470 2737 1553 2809 Virqo
1564 2742 1685 2809 pareret.
1709 2735 1753 2791 iili
1778 2734 1812 2793 ad

160 2825 230 2898 cepi.
259 2826 360 2898 Stupcr
381 2827 453 2883 enim
481 2827 675 2885 miraculorum
697 2828 827 2900 opprimit
843 2845 905 2898 me;
934 2837 961 2884 et
1014 2828 1257 2899 impossibilitatem
1285 2828 1425 2885 oraculum
1439 2834 1638 2897 retorquentes,
1666 2825 1810 2896 Templum

167 2916 231 2971 dum
245 2914 336 2972 omnia
345 2916 455 2989 replico,
466 2916 557 2973 omnia
570 2917 778 2989 complicantur.
787 2917 849 2987 Quis
863 2918 961 2989 poterit
1015 2919 1162 2987 AEternum,
1183 2919 1331 2975 solemnem
1359 2917 1433 2973 illam
1461 2914 1612 2970 machinam
1638 2919 1812 2970 vomuerunt.

166 3006 323 3075 excogitare
337 3004 408 3061 diem
422 3006 553 3062 aduentus
568 3005 646 3077 ejus?
661 3007 726 3063 ideo
738 3006 767 3062 dt
781 3006 897 3082 elinguis
911 3006 963 3062 lin·
1014 3008 1100 3064 Nocte
1121 3013 1209 3062 autem
1228 3021 1288 3062 curu
1304 3021 1319 3061 e
1335 3003 1459 3079 virginali
1473 3003 1591 3059 thalamo
1606 3000 1751 3074 virgineus
1764 3000 1816 3059 dus

166 3107 230 3164 gua,
242 3089 329 3151 569
344 3092 474 3150 memoria
488 3093 644 3163 immernor,
660 3093 824 3152 insensibilis
840 3112 937 3154 seusus
954 3114 959 3152 :
1015 3095 1105 3151 huie
1115 3110 1242 3166 egressus
1256 3102 1307 3164 cst,
1320 3092 1357 3148 ita
1372 3092 1469 3149 cecidit
1478 3101 1504 3147 et
1517 3090 1685 3148 confractum
1695 3096 1742 3147 est
1752 3087 1815 3147 illud

167 3181 271 3239 insueta
298 3181 416 3237 ιοιιιιιι
438 3182 561 3240 relucent
584 3182 685 3250 omnia,
712 3189 738 3240 et
757 3185 847 3241 omnia
874 3185 962 3256 partui
1016 3183 1138 3238 mirabile
1158 3189 1186 3239 et
1199 3180 1396 3239 columnarium
1419 3196 1501 3252 cpus,
1525 3187 1555 3234 ut
1579 3177 1625 3236 uix
1652 3183 1816 3250 apparerent

167 3271 285 3347 Virginis
299 3272 496 3345 obsequuntur.
512 3273 595 3330 Fiunt
610 3273 744 3331 mirabilia
768 3274 795 3331 iu
815 3275 885 3332 coelo
903 3291 962 3331 sur·
1009 3271 1130 3346 uestigia
1143 3269 1292 3328 ruinarum.

166 3377 238 3430 aum,
253 3361 317 3418 etin
331 3369 400 3418 terra
414 3363 558 3430 deorsumr
582 3362 646 3436 quia
658 3362 785 3421 universa
804 3362 831 3419 in
847 3378 962 3420 nascen·
1052 3365 1079 3418 s.
1095 3360 1119 3418 0
1133 3359 1293 3418 Bethlehem
1312 3358 1405 3418 oiritm
1424 3358 1474 3413 Dei
1489 3354 1599 3423 summi,
1615 3362 1644 3411 et
1662 3353 1692 3411 in
1707 3364 1735 3413 te
1749 3355 1817 3412 etin

167 3450 201 3506 tis
215 3449 262 3507 Dei
278 3451 438 3523 obsequium
452 3453 622 3522 juraverunt.
637 3451 823 3526 insigniuntur
845 3467 964 3510 convexa
1017 3449 1156 3507 suburbiis
1170 3449 1297 3522 tuisvisa
1312 3457 1375 3504 sunt
1393 3446 1528 3503 mirabilia
1542 3444 1634 3502 hodie.
1649 3444 1727 3500 Deus
1750 3457 1817 3516 pen·

168 3539 299 3599 coelorum
324 3538 403 3597 stella
433 3540 593 3609 lucentiore,
610 3551 637 3599 et
664 3542 748 3599 multo
774 3540 876 3598 lumine
904 3542 964 3598 ioca
1019 3539 1064 3596 det
1079 3540 1114 3595 ad
1129 3540 1220 3605 ubera,
1237 3537 1347 3608 ponitur
1361 3536 1388 3592 in
1402 3535 1549 3607 presepio,
1570 3532 1715 3607 liqaturin
1728 3530 1815 3598 cunia

167 3628 335 3685 ilemmantiu
360 3630 575 3703 pertringuntur.
604 3631 802 3688 Disiunduntur
830 3647 879 3705 per
901 3646 965 3704 qua·
1022 3627 1116 3701 pannis
1130 3626 1283 3692 involvitur,
1299 3632 1326 3682 et
1340 3623 1435 3683 laxatis
1449 3622 1579 3693 lasciuiis,
1604 3621 1697 3679 ielioea
1719 3636 1816 3677 manus

167 3715 296 3773 dritidum
322 3718 418 3772 orbem
432 3717 501 3774 radii
525 3717 722 3787 rutilantiores,
739 3728 765 3777 et
792 3719 967 3792 pluralitatem
1022 3725 1049 3775 et
1067 3724 1157 3773 sancta
1177 3714 1314 3771 brachiola
1331 3728 1525 3786 personarum
1539 3709 1701 3782 parritatem
1715 3725 1819 3782 erpan-

168 3803 306 3861 stellarum
317 3819 403 3860 novus
422 3804 494 3879 ignis
512 3805 647 3862 ohmndit.
672 3807 786 3863 Miratur
799 3807 872 3864 orbis
885 3807 969 3864 caelos
1023 3805 1082 3876 dit;
1104 3804 1203 3860 alludit
1220 3803 1336 3875 Virgini,
1360 3801 1437 3858 lintri
1457 3799 1568 3868 arridet,
1591 3805 1619 3855 et
1648 3797 1819 3856 blandientes

168 3907 267 3965 norum
290 3891 426 3963 peperisse
463 3891 647 3964 splendorem,
677 3901 704 3951 et
731 3893 963 3951 inconvertibilem
1018 3893 1113 3952 oculos
1133 3892 1169 3958 ed
1191 3892 1303 3951 hiariarn
1331 3892 1477 3964 intorquet.
1496 3890 1555 3947 Stat
1575 3887 1721 3960 perterrita
1739 3887 1818 3945 ιιιιιι

170 3994 268 4037 eorum
287 3986 386 4036 statum
401 3980 435 4035 ad
457 3980 535 4053 siqua
549 3989 577 4036 et
590 3982 716 4054 prodigia
733 3982 821 4039 luisse
852 3998 965 4042 conver·
1020 3982 1156 4040 miraculis
1179 3982 1285 4055 ileqiua
1313 3981 1455 4047 caelorum,
1480 3977 1634 4037 carlertin
1658 3977 1748 4035 corda
1770 3991 1818 4034 auo

169 4083 241 4126 aum.
255 4066 355 4125 Vident
383 4067 503 4126 Chaldaei
529 4068 557 4125 iu
579 4071 657 4127 eoelis
674 4071 747 4144 quod
775 4071 884 4128 Balaam
898 4072 964 4129 reli·
984 4070 1209 4186 nsalutationem
1225 4068 1391 4143 archangeli,
1418 4066 1623 4138 conceptionem
1637 4064 1701 4132 Dei,
1725 4065 1820 4122 ιιιιιι-

171 4155 230 4228 quit
245 4154 274 4211 in
292 4155 458 4227 seripturis:
475 4157 598 4226 orietur,
612 4157 707 4230 iuquit,
717 4158 802 4217 stalla
816 4176 851 4218 ec
873 4162 964 4228 Jacob,
1023 4169 1104 4217 tatem
1115 4159 1202 4231 pueri,
1217 4165 1245 4215 et
1255 4157 1367 4215 miratur
1379 4156 1518 4229 quoditie,
1528 4154 1577 4227 qui
1590 4153 1673 4210 aliter
1687 4151 1817 4226 potuittd

170 4251 200 4304 et
215 4249 365 4319 ecasurqet
379 4245 459 4304 homo
479 4263 516 4305 ex
530 4249 629 4317 israel,
650 4251 748 4307 eterit
769 4251 862 4309 omnis
890 4254 968 4306 terra
1022 4266 1073 4306 nos
1086 4248 1188 4315 venire,
1203 4248 1244 4304 aie
1264 4247 1351 4304 uoluit
1378 4246 1533 4305 subuenire.
1557 4243 1645 4302 Adest
1661 4251 1692 4300 et
1709 4242 1816 4314 ioseph,

168 4337 302 4407 possessio
312 4337 372 4408 ejas
381 4335 477 4408 (Num.
494 4352 576 4402 xxrv,
586 4339 630 4407 rt,
645 4339 700 4407 18).
712 4337 837 4394 Nascitur
850 4337 927 4394 steila
940 4336 968 4393 ιι
1022 4339 1072 4396 aed
1086 4341 1121 4395 ab
1136 4345 1254 4410 utroque
1266 4343 1397 4402 remotus,
1415 4343 1441 4390 et
1454 4335 1484 4391 ιι
1497 4349 1610 4391 excessu
1624 4333 1727 4391 menda
1739 4332 1819 4388 mirs-

171 4425 297 4491 excelsis,
312 4431 339 4481 et
363 4424 437 4481 Deus
456 4424 585 4493 interris,
609 4426 688 4496 cujus
701 4425 871 4498 possessioa
898 4428 967 4483 mari
1023 4436 1075 4497 tur,
1091 4437 1118 4485 et
1138 4426 1231 4482 mirari
1254 4424 1321 4482 satis
1344 4439 1401 4480 ιιι
1423 4431 1524 4495 puteat,
1539 4421 1655 4494 qualiter
1674 4422 1711 4478 ad
1743 4429 1819 4478 taam

172 4514 302 4588 usquead
311 4529 396 4570 mare.
412 4516 565 4585 Praeparaut
580 4531 610 4570 se
629 4531 708 4588 reges
719 4514 840 4583 Tharais,
852 4521 881 4571 ut
904 4530 967 4572 cum
1021 4515 1185 4589 dignationis
1211 4513 1347 4570 admissus
1361 4513 1395 4569 sit
1409 4527 1549 4568 arcanum.
1565 4510 1652 4566 lideat
1675 4508 1818 4567 multitudo

172 4603 291 4660 nouitate
306 4618 449 4659 munerum
467 4603 577 4661 uideant
599 4619 698 4661 nouam
727 4605 850 4675 llatrem,
869 4603 966 4660 Filium
1021 4603 1300 4670 coelcstisexereitus3
1316 4601 1426 4659 roribus
1440 4599 1567 4674 gloriosis
1581 4596 1820 4657 comessuri

173 4706 393 4758 aerumnosam
406 4691 561 4750 nouitatem.
576 4693 648 4750 Fons
663 4693 714 4750 olei
729 4693 763 4750 de
779 4703 850 4751 terra
863 4693 965 4766 erupit;
1021 4695 1060 4751 ris
1078 4698 1132 4752 Deo
1148 4695 1225 4764 (iac.
1241 4707 1271 4762 rr,
1294 4691 1340 4763 tt)
1363 4689 1479 4747 auditur.
1504 4690 1630 4744 Pastores
1652 4687 1777 4754 ueniunt,
1795 4690 1821 4741 et

174 4779 306 4854 templum
320 4781 424 4852 ilomae,
439 4784 513 4856 quod
527 4785 674 4841 vocabatur
688 4784 838 4853 AEternum,
854 4784 966 4850 corruit,
1022 4784 1163 4840 inveniunt
1181 4798 1292 4855 puerum
1306 4789 1333 4837 et
1348 4779 1484 4851 pueliam3
1501 4778 1634 4850 precedit
1655 4778 1748 4845 stalla,
1775 4791 1820 4833 ra·

174 4870 301 4928 omnibus
313 4869 443 4941 impensis
456 4880 483 4929 et
498 4871 574 4930 urhis
592 4870 703 4928 etorhis
724 4871 881 4930 mirabiliter
898 4887 968 4929 con·
1023 4887 1073 4946 gea
1091 4870 1233 4936 accedunt,
1248 4869 1362 4926 adorant
1375 4867 1484 4934 Filium,
1510 4868 1624 4922 lintrem
1650 4871 1820 4931 tenuntur,

174 4968 339 5019 summatum
352 4959 421 5033 (ιι).
447 4961 513 5018 Cum
527 4959 598 5017 eninr
627 4960 742 5016 Romani
760 4960 788 5016 in
814 4960 969 5018 victoriosae
1023 4960 1140 5016 oilemut
1152 4973 1274 5025 munera,
1294 4955 1421 5014 deferunt
1447 4954 1591 5025 majestati.
1607 4953 1753 5013 Cruciatur
1772 4952 1822 5010 lie

175 5049 344 5122 antiquitatis
367 5049 539 5116 memoriam,
569 5050 700 5122 tempium
727 5048 858 5121 singulari
887 5050 970 5107 sche-
1023 5048 1115 5116 rodes,
1140 5048 1308 5119 ierosolyma
1341 5047 1476 5114 turbatur,
1505 5043 1682 5118 requiruntur
1708 5042 1819 5108 Scribo,

212 5190 271 5263 (lb)
285 5189 361 5259 Quod
377 5191 448 5246 bunc
470 5203 622 5246 sermonem
640 5188 710 5245 male
736 5188 855 5245 nonnulli
883 5188 969 5245 ascri·
1059 5190 1105 5261 (ιι
1130 5186 1268 5246 lieleliitar
1292 5187 1343 5243 hoc
1357 5203 1373 5242 a
1389 5184 1507 5244 baronio
1522 5185 1550 5242 in
1569 5185 1736 5254 Annahbus,
1751 5182 1825 5243 initio

177 5264 279 5333 psariut
306 5263 385 5319 Petro
415 5262 554 5345 Damione,
570 5260 636 5343 satis
657 5268 769 5343 apparat
792 5273 825 5342 ex
847 5275 924 5316 num.
942 5264 967 5326 3,
1024 5261 1090 5344 tomi
1124 5261 1220 5334 ;quod
1239 5258 1312 5341 istud
1326 5257 1455 5340 templum
1468 5258 1549 5332 longe
1565 5265 1628 5332 post
1642 5256 1827 5336 ChriaiiNati·

179 5347 244 5461 Ξιιιιιιι1
258 5333 518 5476 gargossgalrzuanua
530 5340 824 5448 quinquagintanos
852 5332 969 5389 itamar·
1024 5340 1133 5389 ritatem
1148 5349 1163 5388 a
1179 5332 1343 5403 Vespasiano
1357 5330 1439 5386 inerit
1453 5336 1660 5446 constructum.z

1836 40 1843 145 1
