3706 5962
64 208 117 275 att

567 204 676 270 stillo
694 208 737 268 Dii
759 207 833 268 vlit
854 202 894 266 ΕΤ
910 205 1066 268 Ptsstoltt
1084 207 1212 274 oohltl.

1660 214 1714 276 9ὃῖ

64 336 803 411 borntenebresoctoesootmpernnioersamterram
813 350 862 391 as·
878 347 903 426 fl
918 331 1033 389 catrices
1047 334 1147 405 ejnsin
1161 345 1333 409 perpetuum,
1354 342 1383 391 ut
1406 335 1563 392 memineris
1585 348 1713 410 quantam

64 443 118 500 pne
128 427 390 485 aditoromrtonnm.
402 424 861 495 Etobscuratasestsol,ctvetnm
916 421 951 477 ab
966 437 999 478 co
1013 437 1063 494 pro
1077 425 1196 497 peccatis
1213 425 1312 481 nostris
1329 421 1408 481 satisi
1415 425 1538 480 ctionem
1567 427 1713 496 receperis.

65 516 361 588 templisrirsomestc
369 510 479 572 stimmo
489 529 579 587 usqae
591 514 859 580 deorsum;etterrc

62 607 199 671 maturat,
211 607 239 661 et
247 607 337 675 petroe
347 605 524 667 scissesnnt,
532 604 750 658 ctmonumcnta
759 603 860 672 operta

63 697 144 758 sont,
159 696 187 747 et
196 693 291 749 molta
302 692 660 764 corporasottctorum,qni
673 687 858 759 dormiebant,

62 785 254 838 rememorant
272 781 492 850 (bettharm,
508 781 552 845 ts,
567 782 612 847 ol,
629 781 680 847 st;
694 780 759 834 loc.
775 792 856 850 rxrrr,

62 870 107 936 tt,
117 870 175 939 to).
195 868 287 938 Qualis
301 877 342 924 est
356 869 408 936 hic,
425 868 472 940 qui
486 875 513 923 et
527 870 626 925 coelum
641 874 669 922 et
689 874 760 923 terra
781 881 858 921 com·

60 957 199 1029 patiuntur
213 958 249 1022 ei,
275 959 352 1028 cujus
370 966 395 1014 et
414 973 487 1014 mors
506 967 629 1013 mortuos
652 953 790 1012 vivificati
809 955 858 1011 Co-

60 1062 174 1118 gnosce,
202 1048 292 1101 anima
315 1061 384 1112 mea,
415 1061 575 1118 cognosce:
595 1045 640 1102 hic
663 1051 704 1101 est
726 1044 857 1101 Dominus

60 1132 133 1189 Deus
153 1142 245 1188 noster
258 1133 339 1190 lesus
354 1132 488 1199 Christus,
504 1133 626 1191 Salvator
640 1140 713 1198 tuus,
733 1130 857 1202 unigeni·

59 1229 104 1278 tus
120 1221 170 1276 Dei
188 1220 281 1290 Filius,
301 1236 382 1277 verus
395 1223 477 1287 Deus,
498 1237 579 1277 verus
599 1222 699 1292 homo;
721 1219 768 1292 qui
782 1220 857 1284 solus

59 1310 111 1386 suh
126 1308 184 1366 sole
198 1309 256 1366 siue
270 1310 375 1366 macula
393 1311 518 1366 inventus
532 1317 584 1366 cst.
598 1310 632 1365 Et
642 1323 706 1366 ecce
720 1323 782 1365 cum
797 1324 856 1366 sce·

913 507 1031 579 Utinam,
1043 512 1165 580 Domine,
1177 513 1316 585 appendas
1332 513 1473 568 instatura
1489 523 1598 583 peccata
1612 514 1713 586 quibus

913 596 982 653 iram
1006 601 1164 671 meruimus,
1181 609 1208 658 et
1234 601 1425 670 calamitatem,
1454 618 1534 673 qnam
1558 620 1608 675 pro
1634 605 1714 660 nohis

912 702 1007 758 passus
1021 704 1058 744 es¹
1071 689 1201 746 innocens
1212 690 1297 747 Pilius
1308 699 1389 747 tuus:
1406 701 1491 756 certe,
1516 692 1642 758 Domine,
1655 692 1715 749 haec

910 775 1019 849 gravior
1036 779 1183 850 apparebit,
1205 788 1233 835 ει
1243 780 1329 850 magis
1345 779 1439 852 digua,
1454 784 1484 833 ut
1500 789 1612 851 propter
1625 779 1713 851 ipsam

912 864 1036 921 cilundas
1046 883 1128 939 super
1147 883 1198 923 nos
1213 867 1427 924 misericordiam
1454 873 1539 936 tuam,
1564 884 1643 940 quarn
1663 867 1714 924 init

911 953 965 1022 ills,
987 965 1016 1011 ut
1029 971 1079 1027 pro
1094 956 1212 1027 peccatis
1227 960 1326 1013 nostris
1341 957 1481 1012 contineas
1504 956 1532 1012 in
1546 959 1588 1013 ira
1603 956 1712 1013 miseri-

911 1041 1019 1097 cordias
1043 1052 1113 1102 tuas.
1149 1045 1256 1102 Gratias
1285 1045 1343 1116 tihi,
1360 1044 1476 1100 Domine
1502 1045 1592 1116 Pater,
1616 1044 1714 1102 relcrat

912 1127 1001 1185 omnis
1020 1129 1112 1204 lingna
1121 1147 1170 1203 pro
1184 1133 1433 1202 superabundantia
1446 1132 1573 1189 honitatis
1587 1141 1651 1201 tnae,
1667 1133 1714 1203 qni

911 1217 991 1274 unico
1006 1218 1075 1275 Filio
1098 1221 1187 1277 cordis
1202 1221 1242 1278 tui
1256 1234 1310 1276 non
1323 1220 1492 1292 pepercisti;
1506 1221 1555 1276 sed
1572 1237 1620 1290 pro
1635 1221 1715 1277 uobis

910 1309 1038 1364 omnihus
1055 1307 1133 1366 illum
1150 1310 1286 1367 tradidisti
1307 1309 1333 1364 iu
1361 1320 1491 1378 mortem,
1519 1316 1623 1366 uteum
1652 1321 1712 1366 tan-

58 1396 150 1454 leratis
173 1398 308 1470 quomodo
330 1405 471 1470 reputatus
493 1406 552 1467 εει,
576 1405 603 1455 ει
621 1397 697 1469 quasi
718 1397 852 1469 leprosus,
908 1411 989 1467 quam
1007 1395 1117 1454 fidelem
1139 1397 1299 1456 advocatum
1330 1398 1491 1455 haberemus
1519 1412 1610 1456 coram
1635 1407 1662 1455 te
1684 1399 1712 1455 in

58 1486 224 1544 norissimus
242 1486 363 1544 virorum
377 1487 549 1544 estimatus:
574 1495 601 1542 et
615 1492 745 1559 tanquam
761 1486 858 1543 aborti·
874 1505 896 1582 B
911 1483 999 1542 coelis.

57 1589 121 1630 vum
144 1576 218 1647 quod
238 1574 380 1646 projicitur
399 1591 414 1631 a
433 1576 523 1643 vulta,
545 1574 584 1631 sic
605 1575 740 1647 projectus
758 1581 800 1631 εει
822 1575 856 1631 ab
948 1576 992 1628 ts.
1008 1574 1040 1630 lit
1056 1573 1114 1642 tihi,
1132 1574 1247 1630 Domine
1272 1576 1347 1643 lesu,
1362 1575 1509 1632 fortissime
1524 1576 1632 1648 zelotes,
1648 1574 1713 1647 quid

58 1668 136 1718 utero
149 1662 244 1717 matris
257 1678 323 1731 suae,
340 1661 456 1719 infelicis
472 1664 637 1738 Synagogae.
653 1664 706 1720 lste
719 1662 859 1720 formosus
909 1661 1059 1732 gratiarum
1081 1662 1237 1729 retribuam,
1254 1661 1318 1734 quid
1339 1663 1524 1720 retributionis
1533 1663 1616 1737 digne
1632 1662 1712 1720 retri-

57 1766 116 1822 prae
131 1750 193 1807 tiliis
207 1750 367 1822 hominum,
382 1767 466 1825 quam
481 1751 609 1809 deformis
625 1751 712 1808 iactus
731 1753 786 1808 estl
807 1753 857 1809 llic
909 1750 989 1805 huam
1003 1766 1056 1823 ego
1073 1752 1165 1823 homo,
1176 1751 1302 1821 pulviset
1316 1752 1395 1823 cinis,
1413 1760 1441 1807 et
1456 1753 1510 1809 sile
1526 1750 1712 1825 figmentum?

61 1840 218 1896 vulneratus
243 1850 351 1912 propter
369 1840 526 1913 iniquitates
548 1848 665 1910 nostras,
690 1840 797 1896 attritus
815 1849 857 1897 est
909 1839 980 1908 Quid
995 1840 1066 1895 onim
1082 1855 1131 1911 pro
1148 1855 1206 1894 mea
1227 1839 1313 1897 salute
1337 1841 1425 1898 iacere
1454 1841 1582 1906 debuisti,
1608 1850 1634 1897 et
1658 1856 1712 1897 nou

58 1936 171 1998 propter
186 1930 288 1985 scelera
302 1941 394 1985 nostru
407 1931 473 2002 (isa.
489 1944 549 1999 ttrr,
564 1932 603 2000 a),
617 1940 644 1986 et
657 1928 744 1986 iactus
758 1928 786 1984 in
800 1930 855 1986 ho·
909 1927 998 1985 iecisti
1012 1933 1026 1986 ‘l
1039 1929 1082 1984 hh
1101 1930 1156 1984 imo
1174 1929 1251 2000 pedis
1266 1944 1354 2001 usque
1369 1931 1402 1984 ad
1417 1945 1553 1985 summum
1562 1930 1672 1987 verticis
1688 1940 1713 1985 te

58 2014 213 2071 locaustum
228 2017 384 2073 suavissimi
398 2018 491 2074 odoris
501 2017 529 2072 in
543 2027 691 2089 conspectu
705 2027 763 2084 tuo,
778 2018 857 2073 Pater
910 2023 995 2075 lotum
1010 2017 1038 2072 iu
1052 2033 1135 2090 aquas
1150 2017 1307 2087 passionum
1336 2018 1501 2087 demersisti,
1524 2024 1552 2075 ut
1567 2034 1611 2073 mc
1627 2025 1712 2074 totum

59 2112 170 2159 aetrmae
183 2104 288 2174 gloriae,
309 2113 339 2160 ut
362 2115 502 2162 averteres
515 2104 731 2179 indignationem
755 2114 858 2163 tuama
910 2107 1112 2163 extraheresde
1134 2104 1198 2171 illis,
1215 2113 1243 2161 et
1257 2108 1424 2162 intraverunt
1438 2121 1526 2178 nsque
1540 2106 1574 2161 ad
1593 2107 1712 2161 animam

58 2191 148 2260 nobis,
161 2200 188 2246 ct
204 2194 351 2249 consedere
366 2209 416 2249 uos
431 2194 480 2249 tihi
495 2193 597 2250 iaceres
611 2193 639 2248 in
654 2193 819 2251 eoelestibus.
910 2205 993 2252 tuam.
1008 2194 1076 2248 Nam
1091 2204 1118 2248 ει
1134 2196 1252 2248 animam
1271 2201 1345 2250 tuam
1365 2193 1393 2247 in
1422 2201 1539 2249 mortem
1560 2192 1711 2265 perdidisti,

97 2283 140 2335 ts.
157 2280 281 2352 Respice,
299 2280 425 2346 Domine,
442 2290 535 2337 sancte
550 2282 638 2348 Pater,
654 2281 687 2338 de
701 2281 857 2340 sanctuario
909 2289 939 2339 ut
953 2299 1040 2339 meam
1053 2282 1184 2353 perditam
1195 2282 1263 2338 mihi
1279 2281 1419 2338 redderes.
1434 2284 1470 2337 Et
1495 2295 1560 2338 ecoe
1590 2297 1634 2337 me
1657 2282 1711 2336 du-

60 2378 117 2439 tuo,
144 2377 171 2423 ει
193 2369 227 2424 de
250 2371 354 2425 excelso
373 2371 503 2426 coelorum
523 2369 686 2436 habitaculo,
706 2378 733 2426 et
752 2370 855 2427 iutucre
909 2370 974 2439 plici
987 2371 1079 2429 dehito
1090 2369 1228 2442 obligasti.
1241 2372 1310 2427 Nam
1323 2382 1349 2427 ει
1358 2385 1408 2442 pro
1422 2386 1454 2427 eo
1469 2371 1542 2442 quod
1555 2366 1641 2426 ⁶55
1666 2371 1712 2424 de·

58 2456 130 2512 hanc
140 2469 342 2514 sacrosanctam
357 2458 573 2531 bostiam,quam
585 2458 633 2513 tihi
647 2456 728 2516 oiiert
742 2475 856 2533 maguus
909 2460 984 2528 disti,
1000 2467 1028 2517 et
1043 2476 1093 2532 pro
1116 2475 1150 2516 co
1165 2460 1240 2532 quod
1263 2459 1316 2515 mei
1334 2475 1416 2517 cansa
1440 2457 1592 2531 perdidisti,
1607 2458 1714 2515 debitor

60 2544 184 2604 Pontifex
198 2554 300 2614 noster,
316 2557 424 2603 sanctus
443 2563 510 2618 puer
535 2555 596 2604 tuns
615 2547 746 2604 Dominus
766 2548 854 2616 Jcsus,
909 2549 960 2604 tibi
974 2565 1045 2605 sum.
1057 2551 1089 2605 Et
1102 2564 1153 2621 pro
1174 2564 1206 2604 ea
1222 2548 1331 2622 quidem
1345 2547 1486 2603 animabis
1497 2549 1547 2604 ate
1560 2546 1627 2603 mihi
1638 2549 1712 2617 data,

60 2648 111 2705 pro
125 2635 364 2707 peccatisiratrum
377 2650 497 2702 suorum,
509 2644 536 2692 et
548 2643 607 2692 osto
623 2635 760 2706 placabilis
774 2653 857 2710 super
910 2639 994 2696 semel
1007 2637 1035 2693 in
1062 2637 1205 2704 creatione,
1224 2648 1252 2692 ει
1280 2636 1364 2694 semel
1388 2637 1416 2692 iu
1437 2637 1629 2707 redemptione,
1649 2635 1714 2707 quiri

60 2722 233 2780 multitudine
249 2722 359 2780 malitiae
369 2732 480 2780 uostrae.
497 2724 567 2781 Ecce
582 2739 633 2781 rort
644 2725 788 2798 sanguinis
802 2725 857 2781 ira·
911 2727 997 2800 magis
1007 2729 1078 2797 jaste
1099 2727 1147 2783 tihi
1162 2725 1274 2781 reddam
1301 2739 1384 2797 qnam
1399 2724 1500 2796 ipsam,
1516 2740 1570 2781 non
1598 2725 1687 2780 haheo
1703 2742 1711 2780 ι

61 2811 111 2866 tris
126 2810 211 2867 nostri
225 2813 288 2867 tesu
308 2810 408 2868 clamat
429 2813 464 2867 ad
483 2823 510 2869 te
529 2813 564 2870 de
582 2827 672 2870 cruce.
696 2814 767 2883 Quid
786 2813 859 2871 enim
873 2769 897 2851 e
913 2832 963 2890 pro
979 2824 1024 2872 tua
1038 2823 1128 2872 autern
1147 2814 1267 2884 pretiosa
1280 2816 1370 2871 anima
1383 2813 1420 2869 its
1443 2813 1625 2870 contribulata
1648 2813 1712 2884 quid

62 2906 112 2967 est,
128 2899 252 2969 Domine,
268 2902 340 2973 quod
362 2900 460 2973 pendet
480 2901 506 2956 itt
522 2902 578 2958 eal
600 2903 715 2972 Pendet,
738 2901 857 2974 iuquam,
883 2918 889 2925 ·
913 2907 948 2961 ab
964 2904 1071 2960 homine
1084 2904 1167 2977 digua
1181 2902 1294 2976 rependi
1308 2904 1405 2975 possit,
1421 2918 1477 2959 uon
1492 2902 1612 2959 invenio.
1629 2902 1711 2969 Nam,

62 2987 126 3061 quia
146 2988 285 3060 praeterita
306 2998 435 3062 tunquam
455 2989 600 3061 presentia
628 3005 720 3047 coram
740 2998 767 3047 te
785 2998 859 3047 sunt.
913 2984 964 3040 etsi
979 2982 1091 3049 ooelum,
1107 2990 1134 3040 et
1152 2992 1261 3050 terram,
1287 2991 1315 3039 et
1336 2998 1446 3040 omnem
1468 2993 1592 3039 ornatum
1617 2994 1713 3038 eorum

61 3077 211 3148 Cognosce,
227 3078 313 3143 Pater,
331 3078 448 3134 tunicam
464 3078 520 3135 teri
535 3077 583 3134 stlii
600 3079 639 3135 tui
656 3080 770 3153 loseph.
786 3079 858 3137 lleul
914 3088 964 3146 titt>
984 3088 1016 3128 0³
1029 3086 1140 3144 possem
1159 3071 1318 3143 rependere,
1341 3080 1415 3127 θθΐῑθ
1434 3086 1486 3129 nec
1510 3071 1548 3127 ⁸1⁰
1571 3085 1658 3143 usque
1679 3073 1713 3125 ad

61 3166 125 3237 sera
140 3165 265 3237 pessima
282 3166 427 3224 devoravit
447 3181 512 3224 enm
525 3168 607 3240 (Gen.
627 3184 737 3241 mvn,
756 3171 814 3240 33),
834 3176 861 3224 et
913 3177 1070 3218 mensuram
1085 3160 1168 3218 debiti
1182 3160 1316 3217 ullatenus
1331 3160 1465 3233 attingere
1480 3174 1600 3232 possem.
1617 3158 1652 3217 Ut
1668 3174 1715 3214 au-

61 3253 231 3311 couculcatit
244 3253 272 3308 in
287 3252 378 3310 lurore
395 3269 444 3310 suo
463 3255 652 3312 vesthncntum
667 3257 738 3328 ejus,
753 3272 861 3314 omnem
914 3259 970 3309 tem
983 3252 1071 3324 ipsum
1086 3259 1116 3307 ει
1132 3251 1205 3323 quod
1214 3251 1310 3321 debeo,
1324 3259 1352 3304 et
1365 3248 1430 3304 mihi
1447 3247 1577 3320 possibile
1592 3255 1642 3316 est,
1654 3247 1713 3323 tihi,

62 3342 190 3399 decorem
204 3343 264 3412 ejus
275 3342 396 3415 reliquiis
406 3343 509 3401 cruoris
522 3344 684 3416 inquinavit.
699 3346 768 3402 Ecce
781 3346 861 3419 quin·
913 3341 1039 3408 Domine,
1050 3340 1207 3407 retribuam,
1219 3339 1259 3394 tui
1275 3337 1396 3393 muueris
1406 3346 1458 3392 εει.
1472 3334 1636 3406 Diligentius
1645 3334 1712 3390 milti

61 3447 116 3504 que
129 3431 263 3488 scissuras
283 3431 472 3488 lamentabiles
487 3431 515 3487 iu
529 3448 562 3488 ea
577 3433 694 3506 reliquit.
710 3433 778 3491 Vide
794 3435 859 3506 ,Do-
913 3443 944 3485 es
958 3436 1013 3486 toto
1026 3429 1118 3497 corde,
1135 3433 1193 3482 tota
1212 3425 1312 3496 anima,
1326 3430 1386 3483 tota
1405 3424 1526 3480 virtute:
1545 3430 1570 3480 et
1589 3431 1635 3478 tua
1649 3422 1715 3478 mihi

62 3521 144 3590 mine,
160 3520 272 3592 pallium
286 3520 359 3592 quod
379 3521 406 3575 iu
428 3536 510 3575 manu
525 3521 653 3577 adulterae
668 3521 860 3594 generationis,
914 3517 1052 3584 sequenda
1064 3514 1189 3588 vestigia,
1201 3513 1248 3587 qui
1262 3529 1313 3586 pro
1328 3529 1369 3568 me
1384 3513 1452 3568 mori
1470 3512 1599 3583 dignatus
1624 3525 1664 3566 es.
1683 3511 1715 3566 llt

62 3611 90 3668 id
107 3620 158 3683 est,
175 3611 307 3684 AEqyptiae
325 3611 485 3682 meretricis,
502 3610 634 3667 innocens
647 3626 715 3682 puer
729 3619 793 3666 tuus
806 3611 860 3668 de.
915 3605 1051 3676 quomodo
1066 3602 1108 3660 het
1125 3603 1195 3660 istud
1209 3603 1236 3657 in
1245 3617 1290 3656 mc
1298 3601 1350 3657 nisi
1367 3616 1416 3673 per
1430 3609 1456 3656 te
1470 3601 1484 3655 t
1500 3599 1714 3656 hdlraereatani-

63 3701 191 3773 reliquit,
214 3699 353 3757 mehorem
380 3701 518 3757 aestimans
535 3702 669 3772 jacturam
688 3699 860 3770 vcsdmeuli,
917 3708 963 3749 ma
978 3708 1038 3749 mea
1052 3700 1115 3766 post
1130 3700 1167 3760 ιε,
1180 3691 1243 3764 quia
1254 3698 1310 3747 tota
1326 3691 1409 3746 virtus
1428 3689 1489 3757 eius
1504 3688 1604 3759 pendet
1618 3703 1651 3744 er
1675 3692 1713 3744 te.

62 3805 146 3862 qnam
160 3790 315 3862 pudicitiae3
338 3791 481 3862 magisque
496 3789 610 3864 eligens,
625 3788 756 3862 spoliatus
770 3789 861 3846 carnis
917 3781 951 3840 Et
961 3781 1165 3851 nuuc,Domiuc
1176 3781 1330 3850 redemptor
1342 3793 1429 3845 mous,
1441 3788 1465 3834 ιε
1478 3786 1509 3833 ut
1523 3791 1618 3832 rernm
1627 3777 1714 3833 Deum

63 3877 146 3948 pallio
172 3878 199 3932 in
227 3893 363 3934 carcerem
390 3877 484 3934 monis
504 3878 683 3955 descendere,
707 3892 788 3950 quam
812 3891 862 3946 pro
914 3874 1009 3939 *dorth
1025 3871 1220 3937 iniesslissssdlh
1236 3869 1263 3924 11¹
1278 3875 1305 3925 ῑθ
1321 3881 1410 3939 slew.
1435 3876 1463 3923 et
1484 3865 1582 3938 (lilibus
1606 3881 1716 3937 lt0⁵⁸¹¹m

63 3965 157 4019 muudi
182 3966 268 4038 gloria
292 3966 449 4022 adulterinae
479 3968 540 4025 toci
556 3962 559 3967 ’
573 3967 749 4039 acquiescere
780 3965 860 4037 (Gen.
916 3959 1058 4016 desideriis
1085 3960 1118 4015 sd
1147 3968 1173 4015 ιε
1193 3957 1326 4030 suspir03
1351 3957 1450 4026 adjuva
1481 3953 1714 4027 imperfectionem

63 4068 167 4120 xxxrx,
183 4056 211 4118 7,
230 4054 294 4125 til:
309 4054 360 4120 llli,
376 4053 496 4125 inquam,
512 4057 573 4112 voci
593 4073 676 4129 quam
690 4057 792 4114 dictum
806 4064 859 4124 est,
915 4064 1013 4106 meam.
1028 4049 1070 4104 Ad
1090 4059 1142 4104 tuae
1159 4046 1293 4118 passionis
1307 4045 1427 4119 gloriosa
1446 4043 1573 4116 insignia,
1601 4044 1629 4098 in
1653 4042 1715 4116 qui·

64 4139 859 4215 llaecomnintibidcbo,sicadensodotavcrismeillnttlr.
917 4140 970 4195 hus
985 4140 1101 4195 salutem
1114 4152 1206 4193 meum
1221 4143 1351 4207 operatus
1371 4150 1411 4199 es,
1428 4143 1513 4189 toturn
1537 4148 1580 4187 me
1600 4132 1712 4187 inclino.

65 4243 106 4298 tv,
123 4229 161 4302 9).
186 4226 265 4296 Quod
284 4229 375 4299 utique
399 4231 531 4298 esset,<si
545 4231 675 4289 dormiret
697 4250 759 4291 cum
782 4234 860 4291 adul·
915 4229 979 4284 tre
993 4226 1144 4285 victoriosae
1170 4224 1261 4282 crucis
1281 4223 1373 4295 regule
1404 4221 1529 4279 vexillum
1553 4219 1714 4275 innomine

64 4327 133 4374 10?ss-
914 4319 974 4383 tuo,
990 4314 1104 4383 Christe,
1129 4317 1224 4370 adoro.
1243 4313 1330 4368 Tuum
1350 4311 1472 4383 spineum
1491 4307 1625 4376 diadema,
1650 4317 1713 4364 tuos

102 4408 146 4463 tt.
174 4406 208 4461 Et
226 4419 316 4476 nunc,
339 4405 455 4463 Domine
481 4407 568 4481 Pater,
593 4408 694 4464 scimus
715 4408 781 4481 qnia
801 4409 859 4480 ipsc
915 4406 1040 4460 rubentes
1054 4401 1185 4476 sanquine
1198 4401 1299 4463 clavos,
1311 4407 1446 4456 tuosacro
1460 4395 1540 4453 lateri
1553 4396 1712 4450 immersam

64 4493 147 4550 Filius
162 4504 225 4550 tuus
235 4493 313 4561 vivit,
328 4503 356 4550 ει
369 4495 523 4551 dominatur
543 4495 568 4550 in
584 4503 640 4552 tota
654 4504 727 4551 terra
740 4495 859 4567 AEgypti,
913 4493 1044 4559 lanceam,
1061 4498 1106 4546 tua
1121 4489 1242 4558 vulnera,
1264 4496 1339 4544 tuum
1362 4485 1531 4558 sauguinem,
1547 4496 1619 4540 tuam
1639 4498 1711 4538 mor·

65 4589 93 4638 et
105 4583 133 4637 iu
148 4583 222 4638 omni
236 4584 296 4640 loco
310 4582 501 4640 dominationis
518 4592 583 4640 tuae.
606 4583 728 4639 Eductus
741 4582 814 4639 cuim
828 4585 862 4639 ad
914 4589 979 4650 tem,
995 4589 1066 4635 tuam
1076 4577 1250 4650 sepulturam,
1267 4583 1339 4630 tuam
1364 4573 1508 4645 gloriosam
1536 4582 1564 4627 ει
1582 4573 1713 4630 victorio·

64 4662 209 4743 imperium
232 4681 306 4727 tuum
328 4673 362 4727 dc
385 4688 492 4730 carcere
515 4672 611 4730 mortis
635 4680 661 4728 et
682 4670 860 4744 internorum,
916 4685 974 4726 sam
987 4666 1209 4725 resurrectionem
1223 4670 1250 4720 ct
1263 4661 1498 4738 glorificationem,
1514 4661 1632 4731 Christe,
1648 4673 1714 4730 sup·

62 4772 91 4822 ,ct
103 4768 227 4815 attonsus
241 4761 267 4815 in
286 4763 495 4819 immortalitatis
519 4777 658 4833 coronam,
673 4767 775 4817 mutata
788 4772 863 4820 teste
915 4760 979 4830 pler
989 4759 1072 4814 adoro
1086 4762 1113 4812 et
1127 4752 1262 4828 glorifico.
1283 4753 1359 4810 Odor
1373 4751 1445 4809 enim
1460 4753 1521 4809 vitae
1545 4751 1628 4823 spirat
1647 4749 1713 4805 mihi

63 4849 161 4919 caruis,
178 4850 387 4908 immortalitatis
401 4854 500 4910 decore
514 4851 644 4921 refloruit,
657 4859 756 4907 etcum
776 4850 863 4925 gloria
916 4847 944 4904 in
972 4847 1097 4903 omuibus
1123 4844 1176 4901 his.
1205 4844 1306 4902 Horum
1339 4839 1445 4902 vivifico
1477 4842 1560 4898 odore
1587 4839 1713 4912 spiritum

64 4939 205 5009 suscepisti
220 4955 293 4998 cum.
318 4942 478 5013 Suhjugavit
496 4942 567 4998 euim
582 4942 635 4998 sihi
649 4940 799 4998 Pharaonis
811 4939 862 4995 im·
915 4953 1016 5003 meum,
1030 4935 1185 5004 Domine,a
1207 4933 1308 5005 peccati
1331 4944 1417 4988 morte
1442 4930 1572 4987 resuscita
1586 4947 1594 4998 ;
1615 4929 1712 4984 horum

65 5029 179 5099 perium,
205 5034 316 5085 etcum
341 5031 478 5101 triumpho
502 5030 598 5097 nobili,
623 5030 724 5088 virtute
751 5031 863 5103 propria
915 5027 1012 5084 virtute
1030 5024 1064 5081 ab
1078 5023 1184 5082 astutiis
1198 5023 1305 5079 Satanae
1320 5037 1363 5078 tue
1378 5020 1499 5087 custodi,
1519 5034 1550 5075 ac
1573 5032 1617 5072 me
1640 5030 1710 5072 con-

65 5115 534 5195 coelospenetrarit.Etcccegloria
549 5121 691 5177 ethonore
705 5125 861 5188 coronatus,
915 5115 996 5187 sorta,
1025 5121 1055 5170 ut
1079 5115 1179 5186 iugum
1203 5111 1390 5168 mandatorum
1415 5120 1521 5166 tuorum
1539 5122 1624 5163 suave
1648 5103 1712 5159 mihi

66 5204 93 5261 in
108 5208 202 5262 dextra
224 5207 375 5277 majestatis
390 5216 442 5262 tuae
457 5208 557 5264 assistit
575 5211 659 5266 uultui
679 5217 726 5264 tuo
749 5224 799 5280 pro
813 5222 863 5263 rto·
916 5205 973 5276 fiat,
990 5213 1017 5262 ει
1030 5219 1100 5263 onus
1114 5201 1213 5269 crucis,
1228 5201 1299 5273 quod
1313 5207 1376 5271 post
1390 5206 1417 5254 te
1431 5199 1551 5267 baiulare
1566 5212 1608 5251 me
1622 5193 1711 5264 juhm,

66 5295 120 5352 his.
136 5297 203 5352 Caro
218 5296 291 5350 cuim
306 5305 332 5352 et
352 5294 436 5354 irater
454 5306 549 5354 noster
563 5308 614 5354 cst.
629 5297 753 5369 Respice,
768 5296 863 5354 Domi-
915 5294 1035 5351 hnmeris
1052 5292 1149 5349 animae
1162 5305 1229 5346 mere
1244 5290 1303 5345 lere
1321 5291 1357 5344 sit
1378 5299 1459 5360 atque
1484 5285 1625 5359 portabile.
1646 5282 1711 5353 011ae

67 5400 113 5451 uc,
129 5384 155 5440 in
171 5384 266 5440 faciem
281 5386 379 5442 Christi
404 5386 453 5458 tui,
472 5387 520 5458 qui
535 5387 582 5443 tibi
597 5403 683 5459 usque
698 5386 732 5442 ad
749 5394 863 5444 mortem
915 5389 958 5442 cst
970 5383 1042 5440 cuim
1055 5378 1186 5438 fortitudo
1200 5394 1269 5451 mea,
1284 5383 1314 5434 ut
1337 5377 1413 5448 jnrta
1440 5383 1605 5449 praeceptum
1634 5381 1711 5431 tuum

63 5473 200 5567 'thadeus
216 5472 303 5532 lactus
317 5487 375 5552 est,
391 5491 442 5536 uec
457 5476 586 5538 recedant
600 5476 634 5534 ab
655 5475 741 5539 oculis
756 5476 809 5537 tuis
827 5472 865 5538 si·
915 5474 1010 5544 mundi
1040 5484 1179 5548 pressuras
1214 5468 1267 5526 tam
1299 5464 1461 5543 multiplices
1488 5465 1594 5554 invicto*
1620 5463 1710 5526 animo
