3706 5962
94 183 148 248 sss
688 181 1146 266 rmemvusuuommmru.
1689 128 1756 245 ooo

97 320 125 367 ει
138 311 227 366 honor
247 327 300 368 uon
323 312 405 369 habet
425 315 550 386 gratiam,
576 324 603 373 et
617 314 663 388 qui
677 315 710 370 de
724 328 816 370 amore
835 327 890 368 nou
908 324 931 403 fl
950 309 1040 366 tionis.
1055 310 1179 384 Elinguis
1200 321 1240 367 est
1265 310 1354 367 anima
1372 317 1452 380 atque
1479 307 1567 364 inians
1587 325 1657 380 quaef
1673 310 1744 368 haue

96 400 169 460 venit
192 401 288 467 honor,
304 417 357 458 non
372 404 470 472 bonor,
481 406 529 460 sed
539 404 656 462 adulatio
666 412 718 461 est.
734 403 768 458 Et
782 401 891 474 quidem
948 414 1004 457 non
1019 401 1110 469 babet,
1125 410 1152 458 et
1166 416 1220 458 non
1248 408 1338 473 potest
1357 399 1409 471 ipsi
1434 397 1587 455 nullatenus
1611 400 1743 457 sermoci-

98 488 148 545 soli
163 489 220 544 Deo
234 490 319 546 bonor
335 500 362 546 et
376 492 462 562 gloria
476 493 501 564 (l
516 495 583 550 Tim.
596 497 622 564 t,
638 495 682 564 tt)
704 493 773 549 :sed
794 492 891 546 borum
946 487 1019 545 natio
1035 505 1094 547 esse
1109 506 1171 547 cum
1182 489 1281 549 Verbo.
1299 487 1371 563 brgo
1399 488 1589 557 hujuscemodi
1616 487 1745 562 lingnam

98 585 222 633 neutrum
246 580 396 650 acceptabit
419 582 500 647 Deus,
530 579 614 637 401
644 582 666 636 si
687 581 769 638 melle
794 579 893 635 amoris
944 594 1023 634 suam
1037 593 1098 635 cum
1115 577 1233 635 Verbum
1248 586 1345 646 movet,
1361 575 1456 633 voleus
1469 575 1543 648 loqui
1558 576 1592 631 sd
1607 577 1744 647 animem,

99 666 208 722 condita
222 681 275 722 non
291 666 397 723 suerint.
414 670 441 723 ls
461 686 509 740 per
519 687 548 727 se
566 670 676 736 suffieit,
695 670 719 725 is
734 685 823 741 perse
838 668 894 740 pla·
946 682 1000 721 uon
1015 670 1102 737 potest
1115 683 1170 723 nou
1188 666 1299 723 sentire.
1313 665 1397 722 Vivus
1412 673 1458 720 est
1469 680 1559 721 sermo
1577 665 1627 722 Dei
1642 673 1671 723 et
1682 655 1760 723 etto

100 762 144 810 cet
157 766 183 810 et
199 765 312 827 propter
326 773 370 824 se;
387 758 446 829 ipse
461 759 598 824 meritum,
618 759 677 830 ipse
690 756 894 831 praeminmsibi
947 771 1008 822 εεε,
1023 767 1050 811 et
1056 750 1247 827 penetrabilior
1262 754 1335 809 omni
1344 753 1434 827 gladio
1447 753 1568 824 ancipiti,
1581 754 1745 827 pertingens
1756 809 1765 812 ,,

100 852 150 900 est.
167 846 252 899 Amor
267 853 366 916 praeter
381 861 410 901 se
425 861 479 902 nou
495 847 605 918 requirit
625 863 745 914 oausam,
769 846 895 903 nontru-
948 845 1091 914 usquead
1120 843 1278 903 divisionem
1292 843 1390 899 animos
1422 849 1449 897 et
1469 842 1682 915 spiritusfflebr.
1703 835 1764 910 rv,s

101 939 175 988 etum
195 948 203 986 ε
219 931 321 989 ιιεειεε
335 934 394 1002 eius
409 950 473 989 usus
494 946 542 990 est.
569 937 637 990 Amo
660 936 724 1007 quin
739 949 814 1003 amo;
834 923 910 989 amo'
950 937 1006 1007 ll).
1022 934 1054 989 Et
1065 950 1157 990 rursus
1171 950 1231 991 oum
1247 949 1324 990 suam
1343 932 1431 988 anima
1450 931 1572 1004 linguam
1585 940 1689 1001 movet,
1705 935 1746 991 la-

94 1028 131 1077 ut
144 1037 243 1078 amem.
258 1022 311 1079 Ubi
324 1031 414 1079 autem
437 1039 522 1092 amor,
540 1025 615 1080 labor
638 1041 690 1081 εοε
706 1033 757 1093 εει,
780 1022 830 1081 sed
850 1040 897 1080 sa·
951 1022 1007 1080 tere
1036 1024 1152 1080 Verbum
1181 1024 1265 1080 multo
1279 1023 1369 1077 minos
1379 1019 1484 1092 poterit,
1501 1035 1555 1076 uon
1570 1021 1662 1078 solum
1681 1022 1746 1095 quia

101 1126 153 1182 por
169 1129 175 1167 :
191 1110 320 1181 quoniam
343 1111 443 1166 amanti
458 1111 524 1167 nibil
548 1113 657 1168 difficile
674 1120 723 1170 est.
740 1113 826 1168 Amor
845 1111 897 1166 do·
950 1111 1051 1184 ubique
1072 1128 1191 1183 presens
1202 1118 1261 1184 est,
1280 1111 1326 1167 sad
1338 1118 1445 1182 propter
1471 1110 1523 1165 hoc
1544 1109 1641 1183 magis,
1655 1111 1739 1182 quod,

101 1198 325 1255 minumnescit:
342 1215 434 1268 perse
453 1200 517 1254 satis
539 1201 678 1270 subjectus
697 1209 749 1272 est,
765 1200 897 1272 obsequi-
951 1199 1004 1255 uisi
1020 1201 1078 1272 ipso
1104 1199 1268 1268 stimulante,
1288 1198 1442 1255 devotionis
1466 1197 1558 1271 lingna
1579 1198 1746 1255 minimum

103 1294 147 1343 tur
161 1296 267 1359 sponte,
282 1286 364 1359 gratis
378 1289 557 1360 obtemperat,
573 1290 658 1345 libere
673 1289 808 1345 retinetur.
953 1288 1118 1360 loquendum
1133 1296 1280 1345 moveatur.
1297 1285 1385 1343 Verbo
1408 1285 1491 1358 igitur
1511 1287 1600 1342 dicere
1623 1286 1723 1342 anime
1738 1301 1765 1342 ι.

141 1379 183 1431 29.
198 1378 279 1450 Amat
297 1385 324 1431 et
347 1377 429 1444 Deus,
454 1392 504 1433 nec
519 1377 627 1434 aliunde
646 1378 699 1434 hoe
720 1378 811 1434 babet.
839 1379 901 1450 lpse
953 1378 1077 1436 Pulchro
1104 1396 1143 1444 es,
1172 1387 1199 1433 et
1218 1375 1355 1448 appellare
1376 1375 1499 1441 amicam,
1522 1373 1664 1431 infundere
1688 1381 1748 1437 est,

105 1472 147 1520 est
165 1465 236 1521 unde
249 1471 331 1537 amat,
348 1472 375 1521 et
389 1465 451 1522 inde
464 1466 661 1534 vehementius,
678 1465 741 1538 quia
755 1481 809 1523 nou
819 1482 897 1522 amo·
955 1468 1063 1523 undeet
1077 1475 1158 1538 amet,
1173 1474 1200 1521 ει
1214 1482 1244 1522 se
1266 1474 1411 1536 praesumat
1419 1464 1512 1522 amari.
1527 1462 1580 1534 lpsi
1593 1478 1658 1519 vero
1684 1461 1751 1518 Ver·

104 1567 163 1609 rem
179 1562 230 1608 tam
250 1553 341 1621 babet,
356 1569 437 1626 quam
452 1556 505 1612 boc
519 1555 577 1626 ipse
591 1563 641 1612 est.
654 1555 792 1611 Neminem
808 1554 898 1626 suspi·
954 1555 1020 1613 bum
1052 1554 1169 1612 vicissim
1197 1552 1336 1610 nominare
1362 1551 1498 1616 dilectum,
1526 1559 1553 1605 et
1581 1550 1657 1607 lateri
1687 1549 1753 1621 pul·

103 1640 140 1698 oit
153 1656 239 1712 amor,
255 1644 303 1698 sed
319 1658 367 1700 neo
385 1643 499 1714 despicit
513 1644 633 1716 quidem.
649 1645 750 1701 Omnes
767 1660 801 1700 ex
820 1661 898 1716 aequo
915 1596 938 1674 Β
955 1643 1049 1700 chrum
1064 1643 1159 1715 (Cant.
1176 1661 1194 1710 r,
1212 1642 1256 1711 tt,
1273 1643 1320 1711 15)
1331 1638 1408 1710 quod
1423 1647 1506 1704 amat,
1523 1648 1550 1693 et
1563 1654 1617 1710 quo
1630 1644 1750 1705 amatur,

104 1730 232 1796 intuetur,
247 1729 294 1802 qui
313 1731 430 1801 perlecto
443 1747 474 1787 se
487 1739 587 1803 amant,
603 1740 631 1789 ει
645 1733 673 1788 ιε
688 1733 796 1805 segipso
811 1735 900 1791 celsos
954 1729 993 1786 illi
1012 1730 1070 1787 sine
1099 1730 1208 1786 fictione
1233 1728 1367 1786 ascribere
1381 1726 1526 1796 mirande,
1548 1726 1752 1801 miraridigna·

105 1817 278 1891 humilesque
307 1827 505 1889 contemperat;
539 1836 591 1876 nee
615 1837 694 1892 pares
728 1824 820 1891 modo,
852 1824 901 1879 sed
955 1820 1055 1877 tionem
1086 1827 1112 1875 et
1143 1827 1253 1891 stupere
1281 1817 1315 1873 ad
1339 1815 1463 1890 gratiam.
1491 1816 1530 1870 lte
1557 1831 1622 1872 sane
1650 1814 1752 1872 locutio

105 1907 189 1961 unum
203 1920 250 1961 eos
267 1905 341 1961 facit.
365 1907 464 1978 Magna
487 1922 530 1962 ros
547 1923 633 1965 amor.
654 1909 724 1965 Nam
745 1925 807 1964 oum
829 1915 904 1964 amat
955 1909 1036 1965 Verbi
1063 1907 1162 1965 infusio
1176 1907 1250 1978 dorri,
1267 1914 1294 1964 et
1308 1905 1447 1977 responsio
1459 1903 1555 1961 auimae
1573 1918 1635 1961 cum
1651 1902 1754 1977 grstia·

106 1995 191 2063 Deus,
214 2010 269 2051 non
292 1995 363 2050 alind
378 1997 437 2054 vult
459 2012 540 2069 quam
562 1998 650 2053 amari
666 2015 673 2055 ι
689 1999 789 2070 qnippe
803 1998 849 2071 qui
868 2000 902 2055 ob
957 2013 1016 2053 rum
1032 1996 1140 2052 actione
1155 1995 1311 2051 admiratio.

108 2084 178 2141 abun
194 2099 247 2140 non
263 2091 344 2150 amat,
362 2084 413 2140 nisi
429 2094 458 2140 ut
480 2095 594 2152 emetur,
618 2087 706 2142 sciens
722 2088 796 2159 ipsos
811 2104 903 2145 amore
994 2088 1037 2141 32.
1050 2085 1122 2155 (δι’)
1136 2085 1309 2156 Cumpraesto
1321 2089 1361 2138 est
1371 2080 1569 2153 quodsmatur,
1580 2078 1753 2151 tripotentem

107 2176 211 2240 beatos,
229 2173 276 2246 qui
291 2190 321 2228 se
337 2173 494 2231 amaverint.
511 2173 534 2231 0
549 2176 721 2234 suavitatem!
740 2193 756 2233 ο
775 2178 901 2252 gratiaml
958 2172 1068 2246 languet
1079 2191 1140 2232 ottm
1154 2173 1251 2228 obest:
1268 2171 1339 2244 quod
1359 2187 1414 2227 non
1436 2179 1478 2224 est
1500 2168 1574 2224 aliud
1595 2184 1676 2241 quem
1700 2178 1752 2225 tae·

107 2278 124 2320 o
152 2264 252 2319 amoris
268 2261 339 2319 viml
366 2263 493 2319 Summus
511 2264 631 2319 omnium
657 2264 726 2322 imus
757 2265 844 2323 iactus
864 2277 906 2323 est
960 2264 1034 2320 dium
1064 2263 1199 2335 quoddam
1223 2259 1389 2332 impatientis
1410 2257 1545 2325 desiderii,
1570 2271 1624 2330 quo
1644 2271 1757 2314 necesse

108 2352 239 2410 omnium.
260 2349 327 2419 Quis
346 2352 398 2407 boc
422 2351 503 2407 serit?
522 2353 606 2407 Amor
623 2352 761 2426 dignitatis
786 2355 905 2420 nescius,
959 2362 1000 2410 est
1031 2352 1101 2408 affici
1129 2361 1250 2407 mentem
1272 2351 1445 2406 vehementer
1480 2348 1610 2415 amantis,
1643 2347 1773 2404 absente.

109 2439 267 2512 dignatione
282 2440 368 2511 dives,
381 2439 479 2496 aflectu
490 2447 594 2510 potens,
611 2457 693 2497 suasu
706 2441 810 2498 elflesr.
835 2442 906 2512 Quid
960 2458 1040 2515 quem
1054 2448 1136 2507 amat,
1157 2439 1223 2495 dum
1239 2446 1310 2495 totos
1322 2438 1351 2493 in
1375 2436 1577 2507 exspectatione
1592 2448 1757 2504 suspensos,

110 2527 277 2585 violentius?
300 2528 457 2601 Triumpbat
479 2530 512 2584 de
539 2531 592 2586 Deo
620 2546 711 2599 amor;
738 2539 768 2587 ει
792 2531 908 2588 suenrus
961 2529 1154 2604 quantamlibet
1164 2528 1481 2599 festinationemreputat
1492 2522 1577 2580 4⁰2
1593 2522 1757 2580 tarditatem.

114 2617 216 2672 amoris
235 2615 319 2672 luisse
333 2623 407 2687 quod
421 2615 561 2687 plenitudo
575 2617 661 2673 ellirsa
677 2629 727 2685 est,
752 2621 824 2692 quod
847 2620 908 2675 alti·
962 2619 1112 2676 subtractio
1127 2633 1224 2689 nempe
1239 2616 1278 2671 rei
1293 2632 1372 2687 quam
1397 2630 1482 2682 amas,
1502 2611 1686 2684 augmentatio
1705 2611 1758 2668 do·

113 2704 179 2761 tudo
193 2705 332 2774 adaequata
347 2711 397 2772 est,
420 2704 492 2775 quod
516 2706 691 2777 singularitas
706 2707 840 2764 associate
855 2717 906 2767 est.
962 2708 1053 2768 siderii
1064 2717 1116 2777 est,
1126 2714 1152 2763 et
1167 2707 1240 2779 quod
1252 2704 1392 2761 ardentius
1403 2702 1549 2773 desideras,
1561 2716 1636 2759 cares
1645 2699 1759 2773 aequus.

113 2794 188 2848 Deus
210 2806 265 2847 εοε
288 2792 368 2846 modo
387 2808 489 2860 amans,
517 2793 563 2848 sed
595 2809 672 2851 amor
697 2803 748 2866 est,
767 2803 794 2852 et
820 2796 907 2852 solam
1259 2794 1371 2852 CAPUT
1391 2794 1461 2851 vltl.

115 2880 216 2936 amoris
229 2878 316 2934 vicem
332 2877 443 2952 requirit
456 2886 483 2934 et
496 2879 587 2937 fidem.
927 2867 950 2946 Β
1108 2886 1146 2940 De
1156 2883 1249 2942 oetion
1263 2885 1291 2941 et
1306 2880 1531 2954 contemplativa
1546 2881 1616 2936 vitu.

152 2972 195 3025 30.
210 2966 311 3038 Quidni
327 2978 430 3023 ametur
450 2971 545 3025 amori
569 2970 602 3026 Et
623 2970 689 3043 quid
713 2981 766 3028 tam
789 2973 909 3030 cordium
1001 2976 1045 3028 32.
1075 2974 1154 3029 Forte
1178 2972 1282 3044 appetis
1302 2969 1533 3043 contemplationis
1557 2968 1703 3041 quietem?
1728 2967 1763 3024 ιιι

117 3060 183 3129 vita,
200 3072 281 3130 quam
296 3056 370 3111 Deus
386 3072 461 3112 meus
475 3058 573 3113 lesus‘l
587 3059 613 3114 ιε
631 3075 696 3116 vere
711 3068 751 3118 est
765 3070 791 3117 ει
805 3077 910 3132 amans,

118 3158 146 3206 et
163 3146 298 3212 amabilis,
315 3155 341 3201 et
364 3152 449 3201 totum
472 3147 544 3217 quod
562 3147 596 3203 de
617 3149 676 3219 ipso
699 3160 750 3217 est,
771 3167 834 3208 vere
855 3161 912 3222 est,

120 3235 228 3310 quando
244 3233 303 3306 ipse
316 3244 358 3290 est
371 3250 426 3290 non
441 3234 515 3291 aliud
533 3252 597 3292 saue
611 3252 692 3309 quam
708 3237 768 3309 ipsa
791 3248 833 3296 est
846 3244 915 3298 veri·

120 3331 172 3380 tas.
186 3322 253 3395 Quis
268 3322 349 3392 lidus,
365 3338 480 3379 verusve
492 3327 588 3380 animae
602 3341 687 3392 amor,
705 3327 756 3382 nisi
772 3329 865 3402 utique
879 3332 914 3404 is,

120 3428 173 3486 quo
188 3413 286 3470 veritas
304 3414 460 3470 adamatur?
472 3414 594 3470 Rationis
622 3430 682 3471 sum
702 3432 825 3488 compos,
841 3422 914 3476 veri-

120 3503 182 3558 tatis
196 3519 255 3559 sum
270 3519 353 3574 eapax
370 3519 377 3558 ε
394 3502 441 3557 sed
457 3502 559 3559 utinam
574 3520 627 3559 non
641 3504 738 3574 sorem,
759 3506 784 3562 si
797 3523 874 3564 amor
888 3510 916 3566 in

122 3607 168 3649 me
183 3591 309 3648 deluerit.
330 3593 392 3647 Nou
415 3608 476 3647 sum
502 3609 613 3649 securos
628 3610 644 3648 a
662 3596 761 3667 securi,
776 3597 799 3651 si
814 3599 917 3669 absque

122 3695 156 3736 eo
170 3680 302 3735 inveniar.
319 3679 405 3735 Valde
422 3680 533 3736 omnino
555 3681 621 3736 milri
645 3684 776 3739 amandos
795 3694 846 3751 est,
870 3701 919 3757 per

124 3783 203 3841 quem
219 3781 289 3834 vivo,
306 3783 377 3836 sum,
393 3767 478 3836 sapio,
496 3767 520 3822 si
539 3770 662 3841 ingratus
676 3787 731 3827 non
746 3787 807 3828 sum
829 3785 856 3830 et
873 3774 917 3830 in-

123 3858 234 3928 dignus.
258 3854 364 3928 Dignus
380 3856 458 3926 plane
478 3865 518 3913 est
538 3866 636 3924 morte,
656 3860 702 3931 qui
728 3860 786 3928 tibi,
804 3862 919 3919 Domine

124 3945 198 4011 lesu,
215 3951 321 4000 recusat
335 3944 436 4011 vivere,
453 3953 480 4001 et
490 3955 611 4002 mortuus
624 3958 679 4014 est;
691 3958 718 4005 et
731 3950 777 4022 qui
793 3951 849 4020 tibi,
866 3967 920 4009 non

126 4033 205 4105 sapit,
219 4032 319 4104 desipit
334 4051 341 4087 ε
356 4041 382 4088 ει
397 4033 445 4107 qui
458 4045 534 4090 curat
547 4051 607 4092 esse
622 4052 677 4092 non
693 4047 852 4110 propterte,
869 4057 919 4114 pro

967 3062 1037 3119 bene
1056 3061 1131 3118 lacis.
1147 3061 1220 3133 Ergo
1242 3075 1307 3115 cura
1331 3060 1460 3115 virtutum
1488 3057 1615 3115 exercitio
1639 3064 1764 3113 εεεειειε

967 3151 1049 3207 otium
1066 3148 1225 3223 praevenire.
1240 3148 1368 3221 Alioquin
1387 3148 1502 3204 delicato
1530 3146 1594 3201 satis
1618 3145 1674 3201 otio
1695 3145 1764 3199 dor-

969 3241 1062 3295 mitare
1077 3240 1162 3305 voles,
1178 3237 1199 3294 si
1214 3253 1268 3294 uon
1291 3237 1453 3293 exercitatus
1480 3235 1619 3307 quiescere
1638 3241 1763 3306 appetas,

969 3329 1059 3388 etLiae
1074 3327 1237 3385 fecunditate
1266 3326 1387 3400 neglecta
1412 3326 1499 3382 solum
1523 3325 1617 3395 cupias
1639 3321 1765 3379 Rachelis

969 3417 1137 3490 amplexibus
1151 3416 1289 3473 oblectari.
1304 3415 1356 3470 Sed
1371 3422 1398 3470 et
1425 3420 1607 3485 praeposterus
1628 3419 1669 3466 est
1692 3410 1765 3466 ordo

970 3516 1031 3563 aute
1044 3506 1170 3562 meritum
1183 3506 1290 3580 exigere
1303 3503 1457 3576 praemium,
1474 3509 1500 3558 et
1513 3509 1574 3556 ante
1583 3500 1701 3556 laborem
1716 3514 1768 3554 εε-

971 3612 1045 3652 mere
1059 3597 1160 3652 cibum.
1186 3596 1245 3650 Nou
1266 3593 1351 3664 iqitur
1376 3601 1453 3662 putes
1482 3592 1516 3646 de
1538 3589 1649 3662 proprio
1673 3601 1768 3642 amore

971 3683 1078 3759 qnietis,
1099 3682 1200 3740 sanctis
1214 3680 1375 3738 obedientiae
1390 3680 1508 3747 actibus,
1521 3680 1694 3735 seniorumve
1708 3686 1769 3732 tra·

971 3775 1117 3831 ditionibus
1140 3772 1324 3846 praejudicium
1341 3772 1476 3827 ullatenus
1501 3768 1674 3825 laciendum:
1695 3766 1768 3824 stio-

973 3864 1038 3937 qnin
1062 3878 1115 3919 non
1133 3863 1264 3935 approbat
1290 3861 1420 3916 Dominus
1449 3869 1502 3916 tuae
1530 3854 1770 3928 contemplationis

974 3953 1052 4008 inane
1074 3951 1167 4016 otium,
1182 3949 1378 4022 propterquod
1406 3964 1460 4003 non
1484 3946 1610 4005 exaudiet
1630 3945 1783 4002 orationes.

976 4053 1046 4111 tuas,
1066 4052 1229 4111 vocatusque
1241 4056 1296 4095 non
1310 4038 1408 4096 veniet.
1422 4039 1479 4094 Nee
1493 4035 1566 4093 enim
1580 4035 1655 4091 dubit
1671 4035 1771 4094 inobe-

126 4122 210 4178 nibilo
220 4130 269 4189 est,
288 4130 316 4177 et
330 4121 397 4177 nibil
419 4132 469 4177 est.
491 4123 604 4195 Propter
628 4126 813 4199 temetipsum,
837 4131 920 4200 Dens,
939 4130 1059 4217 odienti
1072 4129 1177 4200 copiam
1192 4129 1236 4184 sui
1247 4135 1334 4183 ιεειεε
1347 4126 1508 4182 obedientias
1523 4136 1638 4193 amator,
1651 4131 1679 4179 ut
1702 4121 1772 4181 morl

128 4210 214 4267 iecisti
231 4211 321 4268 omnia
338 4212 430 4281 (Pron.
445 4228 501 4282 εει,
517 4213 545 4284 ι)
561 4234 568 4269 t
585 4215 672 4287 etqui
687 4207 747 4272 esse
762 4218 821 4275 vult
835 4219 885 4275 sibi
896 4230 922 4276 ει

67 4331 73 4348 ·
128 4316 181 4356 non
201 4299 258 4367 tibi,
280 4301 345 4356 nibil
360 4317 419 4356 esse
434 4301 527 4373 incipit
541 4303 613 4359 inter
624 4303 724 4362 omnia.
736 4305 788 4362 Pro
802 4306 845 4362 bis
855 4323 922 4380 ergo

128 4390 164 4445 ita
177 4406 239 4446 sum
253 4407 348 4446 amans
363 4396 389 4447 te
411 4397 543 4462 quantum
561 4408 685 4464 possum.
708 4393 762 4450 Sed
786 4406 827 4452 est
849 4399 923 4468 quod

128 4494 171 4535 me
185 4480 245 4553 plus
256 4489 357 4550 movet,
372 4479 432 4552 plus
443 4489 531 4555 urget,
546 4481 606 4552 plus
620 4482 752 4540 accendit.
769 4484 856 4555 Super
866 4501 922 4542 om·

128 4569 181 4635 nia,
198 4570 316 4642 inquam,
336 4569 423 4626 reddit
437 4569 580 4627 notabilem
605 4578 630 4627 te
653 4571 730 4643 mibi,
753 4574 818 4631 lesu
842 4575 923 4649 bone,

128 4657 197 4713 calix
210 4673 291 4728 quem
305 4659 408 4725 bibisti,
424 4675 493 4730 opus
516 4668 616 4715 nostrae
642 4662 843 4733 redemptionis.
867 4664 925 4722 lloo

130 4746 239 4801 omnino
249 4763 368 4803 amorem
379 4763 470 4804 meum
481 4747 559 4806 saeile
569 4750 782 4807 vindieattotum
792 4751 856 4808 sibi.
868 4755 925 4811 lloo

129 4844 171 4891 est
180 4834 251 4906 quod
259 4836 587 4896 nostrnmdevotionemet
595 4838 816 4906 blandiusallieit,
829 4849 856 4897 et
863 4843 924 4912 jus·

131 4925 183 4981 tius
198 4923 291 5000 exigit.
307 4934 333 4982 et
348 4926 445 4981 arctius
460 4926 577 5001 stringit,
590 4934 616 4982 et
629 4925 712 4985 allicit
725 4931 923 4991 vehementius.

435 5012 546 5072 CAPUT
565 5016 622 5072 Vll.

228 5147 230 5152 .
245 5107 282 5161 De
297 5105 404 5180 duplici
421 5106 528 5178 linqua,
550 5105 808 5173 lentescimus.

167 5197 211 5250 31.
228 5190 346 5268 Spiritus
362 5202 404 5250 est
426 5195 556 5266 Verbum,
580 5194 745 5270 spiritusque
760 5197 858 5264 anima,
876 5197 925 5254 be·

130 5283 249 5355 bentque
273 5283 380 5359 linguas
403 5301 474 5352 suas,
487 5283 488 5286 ’
501 5286 599 5358 quibus
621 5301 650 5341 se
672 5286 833 5342 alterutrum
855 5285 925 5343 allo·

132 5381 261 5442 quantur,
285 5383 487 5447 praesulesque
500 5373 628 5432 indicent.
644 5375 725 5433 Verbi
747 5373 856 5447 quidem
871 5374 924 5429 lin·

130 5475 187 5535 gua
199 5458 276 5519 levor
287 5462 450 5536 dignationis
457 5472 499 5522 est
513 5483 521 5535 3
537 5465 635 5521 animae
645 5479 720 5535 vero,
736 5466 826 5524 terror
840 5465 920 5523 devo·

976 4237 1055 4294 quam
1070 4234 1124 4273 non
1139 4217 1251 4274 obedire
1268 4215 1400 4273 maluerit.
1423 4217 1462 4271 Ex
1481 4215 1560 4270 bonis
1577 4211 1707 4282 operibus
1725 4227 1771 4268 re·

975 4310 1040 4382 cipit
1066 4307 1280 4366 consolationem
1309 4321 1385 4361 mens
1408 4313 1517 4361 assueta
1543 4301 1638 4375 quieti,
1665 4298 1774 4372 quoties

976 4399 1029 4456 sibi
1053 4400 1109 4464 lux,
1134 4406 1164 4452 ut
1194 4396 1306 4465 assolet,
1335 4392 1569 4462 contemplationis
1591 4387 1771 4447 subtrabitur.

976 4487 1044 4556 Quis
1058 4486 1132 4544 euim
1145 4501 1199 4542 εοε
1211 4485 1271 4542 dico
1285 4487 1425 4552 continue,
1441 4481 1490 4539 sed
1513 4481 1554 4539 vel
1580 4480 1637 4549 din,
1658 4479 1723 4536 dum
1743 4475 1772 4533 in

976 4578 1029 4634 boe
1038 4591 1153 4647 corpore
1167 4583 1267 4643 ureuet,
1281 4573 1381 4629 lumine
1390 4570 1626 4643 contemplationis
1640 4565 1773 4624 ιεεειειι

977 4668 1014 4722 At
1026 4662 1245 4739 quotiescorruit
1259 4660 1480 4732 contemplativa,
1499 4658 1579 4715 toties
1606 4658 1633 4713 ιε
1656 4654 1773 4714 aeduam

978 4772 1007 4812 se
1023 4755 1125 4826 recipit,
1141 4753 1204 4808 iude
1222 4751 1360 4816 nimirum,
1384 4757 1514 4822 tanquam
1537 4764 1553 4803 e
1576 4745 1677 4809 vicino.
1699 4740 1775 4800 lami·

977 4845 1069 4901 liarius
1079 4843 1200 4899 reditura
1214 4841 1242 4896 iu
1253 4842 1279 4896 id
1294 4839 1383 4912 ipsum
1401 4856 1408 4894 r
1423 4837 1550 4911 quoniam
1574 4843 1638 4891 sunt
1658 4832 1775 4890 ιεειεεει

978 4930 1195 4995 contubernales,
1210 4938 1237 4986 et
1263 4929 1416 4986 cohabitant
1433 4928 1476 4982 hae
1499 4928 1560 4982 duae
1590 4921 1699 4997 pariter.
1730 4921 1789 4976 list-

977 5022 1077 5096 quippe
1088 5034 1167 5075 soror
1177 5018 1267 5074 blariae
1280 5018 1392 5073 llertha.
1405 5018 1500 5087 Neque
1514 5014 1586 5071 enirn
1612 5011 1663 5068 etsi
1677 5025 1694 5066 s
1707 5023 1777 5066 con·

978 5105 1161 5183 templati'onis
1177 5107 1280 5163 lumine
1295 5105 1375 5176 eadit,
1394 5104 1505 5179 ,patitur
1524 5111 1616 5158 ιεειεε
1638 5097 1777 5156 ullatenus

979 5214 1008 5254 se
1017 5196 1134 5254 incidere
1148 5197 1272 5254 tenebras
1286 5194 1402 5268 peccati,
1419 5209 1467 5249 seu
1482 5191 1620 5264 ignaviam
1633 5188 1695 5256 otii,
1712 5200 1778 5244 sono

981 5287 1009 5343 ιε
1023 5287 1083 5344 lues
1094 5284 1259 5357 operationis
1274 5286 1352 5340 bonae
1367 5300 1397 5340 se
1411 5282 1542 5339 retinens.

1013 5376 1082 5449 (st‘)
1097 5376 1164 5432 Cum
1179 5373 1318 5449 proposito
1338 5372 1478 5444 sequentia
1494 5371 1552 5428 εεε
1568 5366 1678 5424 ειιειειε
1691 5361 1782 5423 εεεει-

978 5480 1042 5522 nere
1055 5464 1188 5522 videntur.
1199 5493 1234 5505 -
1248 5463 1330 5521 Εειε.
1344 5462 1466 5519 Parnon.
