3706 5962
66 238 117 300 tas
158 255 164 264 ·
667 251 701 312 IN
720 253 857 315 cantica
875 253 982 318 SElllth
1001 259 1122 323 XXXVI.
1665 265 1716 333 tet

65 365 216 438 proticisci,
237 370 267 421 et
287 373 430 440 unguenta
453 368 569 444 regalia.
592 373 661 429 Nam
684 382 711 432 et
734 377 768 433 de
791 379 866 450 cypri
884 396 907 474 p
925 385 1069 454 quamdam
1084 388 1176 458 habet,
1202 405 1293 462 nquo
1307 390 1419 447 verbum
1435 389 1485 448 Dei
1503 391 1648 468 figuratum
1667 410 1714 452 ac·

66 454 173 510 seiiiine
198 454 297 527 regale
320 455 416 512 confici
444 460 515 515 solet
537 477 718 533 unguentum.
742 466 778 520 Et
806 468 868 539 quia
924 471 1047 542 cipimus.
1074 476 1222 549 Utrumque
1246 477 1318 533 enim
1348 486 1375 534 et
1392 494 1501 550 marina,
1524 489 1550 535 et
1570 481 1645 552 cypri
1669 498 1715 538 se·

65 543 90 598 in
125 542 212 598 malis
243 543 354 615 punicis
389 546 541 620 regularem
578 550 747 623 interpretati
768 571 869 633 sumus
922 576 986 615 men
1009 563 1101 618 album
1124 572 1174 631 cst,
1200 573 1228 621 et
1253 566 1341 622 simile
1368 568 1465 623 semini
1489 568 1636 624 coriandri.
1658 571 1712 626 Lex

64 632 291 701 unanimitatem
307 644 508 706 consequenter
530 636 571 694 bis
585 641 675 696 verbis
699 650 726 698 et
744 659 870 714 unguen·
923 649 1028 705 Domini
1049 651 1221 710 immaculata
1243 664 1285 711 est
1307 659 1392 726 (Psoi.
1415 672 1495 722 xviii,
1517 660 1552 726 8).
1572 659 1635 714 llaec
1658 673 1713 714 non

65 722 96 777 tis
111 721 200 793 regiis
215 721 396 779 excellentem
410 725 558 798 quamdam
582 730 775 787 sublimitatem
790 733 869 788 intel-

63 810 127 881 lige.
143 810 201 880 Qui
216 826 256 874 ce.
267 811 365 884 inquit,
375 813 519 881 humiliot,
532 818 709 876 excitabitur
718 821 794 891 (luc.
806 837 866 891 xiv,

66 903 118 969 tit.
136 898 169 954 ln
193 900 328 971 patientia
341 910 369 957 et
392 902 419 958 in
440 905 629 974 unanimitate,
653 908 727 981 quid,
747 910 800 965 nisi
814 911 867 965 liii-

64 987 186 1045 militas?
216 989 359 1045 Humilitas
386 1006 437 1048 nec
460 1001 557 1049 contra
585 994 745 1065 injuriantes
769 1005 865 1069 tumet,

65 1092 116 1132 nec
129 1093 219 1148 supra
232 1086 376 1137 consortes
399 1097 429 1137 sc
445 1082 541 1138 tendit.
559 1084 589 1137 lii
605 1085 683 1141 malis
701 1103 769 1160 ergo
784 1088 865 1158 puni·

65 1165 103 1221 cis
124 1167 280 1238 humilitas,
294 1169 323 1223 in
347 1183 431 1242 cypro
454 1171 606 1228 sublimitas
627 1174 678 1230 :in
700 1175 754 1231 illis
776 1178 865 1248 labor,

60 1255 91 1309 iii
104 1255 149 1311 liis
162 1254 282 1312 deliciae.
298 1257 392 1329 Cypri,
410 1265 440 1313 ut
463 1259 547 1327 aiunt,
564 1277 660 1317 semen
674 1264 790 1337 decoqui
804 1266 865 1322 oleo

66 1343 144 1412 solet,
164 1352 196 1399 ut
223 1355 394 1416 unguentum
420 1349 586 1419 exprimatur
614 1366 648 1406 ex
676 1368 717 1408 eo.
747 1355 800 1409 Alii
823 1371 866 1412 se-

67 1433 170 1487 minant
195 1433 223 1488 in
248 1427 396 1505 lacrymis,
416 1437 466 1491 sed
489 1454 590 1509 sponsa
614 1440 642 1495 iii
670 1441 732 1496 oleo
759 1445 865 1499 semina

68 1527 169 1590 nostra,
194 1537 280 1594 opera
301 1532 396 1579 nostra
419 1533 490 1580 sunt.
517 1528 579 1583 llaec
602 1528 624 1582 si
646 1529 747 1586 babent
774 1531 865 1586 hilari·

69 1618 159 1676 tatem,
186 1611 264 1684 quasi
287 1611 316 1666 in
339 1612 402 1669 oleo
425 1614 624 1687 decoquuntur.
645 1618 706 1673 Non
732 1621 799 1675 satis
823 1628 865 1676 est

921 738 976 793 vult
990 754 1061 812 aqua
1076 743 1213 799 saecularis
1231 745 1328 801 discuti
1352 746 1500 817 sapientiae,
1516 763 1570 802 non
1588 749 1649 817 ejus
1667 764 1713 802 as·

921 827 1086 885 emtionibus
1109 831 1221 898 lirmari,
1236 834 1284 889 scd
1307 835 1368 890 olco
1383 833 1509 906 Spiritus,
1531 844 1560 890 ut
1582 835 1711 906 spiritua·

921 912 954 968 lis
976 933 1082 985 sensus,
1107 926 1136 974 ut
1159 921 1250 977 unctio
1279 921 1396 994 Spiritus
1419 921 1586 995 exprimatur
1611 938 1644 978 ex
1668 935 1712 979 ea.

919 1004 1005 1073 Hujus
1019 1007 1159 1065 meditatio
1183 1018 1210 1066 et
1224 1011 1461 1083 contemplationis
1475 1011 1568 1068 laetitia
1584 1012 1713 1069 facillime

919 1094 1148 1163 commiscentur,
1174 1113 1237 1154 cuin
1265 1100 1317 1154 sibi
1351 1100 1526 1174 conjungitur
1548 1100 1624 1156 vcrhi
1657 1108 1715 1155 stii-

919 1181 1004 1248 dium,
1024 1190 1052 1239 et
1070 1186 1168 1256 gratiae
1182 1186 1274 1241 oleum
1290 1187 1317 1242 in
1332 1187 1562 1260 contemplatione
1580 1203 1586 1241 :
1604 1196 1632 1242 et
1648 1188 1712 1243 dum

919 1270 985 1325 illud
1010 1288 1060 1342 pcr
1083 1273 1162 1328 istam
1178 1274 1348 1346 decoquitur,
1368 1275 1496 1333 facillime
1520 1293 1553 1332 ex
1577 1279 1627 1333 liac
1647 1291 1714 1332 con·

919 1358 1035 1416 sectione
1060 1360 1206 1432 spiritualis
1230 1364 1390 1436 exprimitur
1411 1365 1601 1439 intelligentia,
1618 1374 1646 1421 et
1665 1380 1713 1420 uii-

918 1447 972 1504 etio
986 1465 1048 1519 quae
1069 1449 1150 1507 docet
1168 1451 1202 1507 de
1227 1453 1362 1508 omnibus.
1378 1454 1412 1508 Et
1434 1453 1495 1509 vide
1518 1453 1656 1525 quianon
1675 1451 1713 1506 ait

918 1535 1088 1608 simpliciter,
1099 1541 1178 1613 cypri
1183 1559 1193 1606 ,·
1204 1540 1263 1606 sed,
1277 1539 1360 1597 ¹92
1369 1545 1521 1614 cypricum
1531 1541 1631 1597 nardo.
1642 1541 1713 1594 Nar·

918 1624 953 1681 do
976 1642 1007 1682 se
1030 1628 1160 1683 Dominus
1183 1628 1284 1685 latetur
1306 1636 1476 1701 praeunctum
1499 1629 1526 1684 in
1543 1629 1711 1700 sepulturam

69 1701 126 1755 oleo
149 1699 258 1774 intingi,
279 1700 332 1756 nisi
360 1702 414 1757 sint
441 1711 520 1760 cocta
543 1713 570 1760 et
592 1706 717 1762 conlecta
740 1708 767 1763 in
791 1709 862 1775 oleo,
919 1713 1029 1782 (ldottli.
1046 1732 1118 1781 xxvi,
1136 1720 1161 1782 ³,
1178 1717 1215 1784 8).
1237 1716 1309 1785 Quid
1325 1733 1391 1792 ergo
1406 1718 1434 1771 in
1449 1718 1545 1783 nardo,
1562 1717 1614 1772 nisi
1630 1733 1711 1773 men·

71 1788 184 1860 etquasi
209 1789 236 1843 in
259 1789 349 1860 ipsum
373 1789 464 1847 oleum
488 1808 632 1851 conversa.
656 1795 734 1862 Quod
756 1797 782 1852 iii
802 1797 864 1854 oleo
919 1801 953 1855 tis
967 1802 1086 1873 quietem
1102 1802 1252 1873 intelligis?
1267 1804 1330 1859 ldeo
1346 1819 1408 1861 cum
1422 1819 1508 1876 cypro
1522 1803 1654 1875 jungitur,
1678 1817 1730 1867 eo¹

71 1876 171 1932 calente
201 1877 373 1951 decoquitur,
403 1879 455 1934 olei
483 1879 567 1952 ipsius
600 1881 728 1953 imbuitur
755 1894 861 1942 natura.
918 1890 990 1960 quod
1007 1891 1096 1946 omnis
1110 1891 1345 1964 contemplationis
1365 1909 1430 1949 usus
1446 1891 1536 1965 quiete
1553 1890 1652 1946 mentis
1667 1890 1712 1945 in-

72 1966 226 2036 Coquuntnr
248 1973 276 2020 et
299 1965 479 2023 coniiciuntur
501 1984 596 2025 semen
625 1971 701 2042 cypri
723 1980 751 2028 et
773 1973 864 2029 oleum
918 1978 1018 2050 digeat.

72 2052 197 2108 muriam
219 2055 353 2126 unguenti
381 2056 549 2127 qualitatem.
573 2055 639 2113 llli'ra
662 2061 773 2132 quidem
795 2078 864 2117 con·
955 2069 980 2123 t.
999 2067 1092 2140 Cypri,
1108 2066 1205 2141 inquit,
1221 2085 1286 2125 cuni
1310 2069 1410 2139 nardo,
1426 2070 1534 2125 nardius
1552 2073 1580 2123 ct
1604 2082 1712 2123 crocus.

10 2126 12 2173 ἶ
74 2142 146 2198 tectio
173 2143 277 2199 laboris
300 2153 327 2199 et
354 2144 464 2212 laetitiae,
489 2161 524 2202 eo
551 2147 711 2215 mirabilior,
732 2151 803 2221 quod
836 2151 864 2206 in

75 2231 160 2287 labore
183 2247 240 2288 non
263 2232 350 2301 labor,
375 2233 427 2289 sed
447 2233 540 2290 laetitia
563 2234 620 2292 sola
639 2237 764 2292 sentitur.
789 2239 865 2310 Opus

75 2319 140 2374 enini
152 2319 341 2376 exsultationis
364 2321 392 2376 in
405 2323 467 2379 oleo
488 2323 642 2391 decoctum,
664 2325 692 2380 in
708 2327 768 2396 ejus
791 2335 865 2382 traii-

76 2408 104 2461 ιιι
123 2416 260 2463 naturam.
280 2408 356 2481 Opus
374 2410 475 2482 ipsum,
495 2419 524 2466 iit
542 2413 581 2468 sic
600 2414 700 2479 dicam,
725 2416 861 2472 oblivisci·

75 2502 112 2550 tur
132 2511 202 2568 opus
226 2513 258 2553 se
280 2515 354 2565 esse,
375 2499 438 2554 dum
463 2500 564 2556 amoris
588 2502 755 2576 pinguedine
777 2511 863 2559 totum

73 2582 195 2640 inficitur.
214 2585 271 2640 Sed
294 2593 320 2640 et
345 2587 404 2658 ipsa
429 2589 542 2645 interior
565 2590 709 2646 exsultatio
727 2591 761 2646 de
779 2606 863 2663 opere

10 2702 12 2735 ,
72 2672 137 2740 capit
150 2682 331 2746 augmentum
348 2690 353 2727 :
369 2676 409 2732 sic
431 2677 504 2732 enim
519 2685 546 2732 et
560 2678 621 2734 oleo
639 2695 734 2735 semen
748 2679 861 2750 confert,

10 2764 12 2773 '
72 2768 94 2815 et
114 2760 205 2816 oleum
228 2762 339 2831 semini,
355 2766 464 2837 quando
486 2782 548 2822 cum
563 2766 743 2824 exsultatione
767 2784 863 2840 opera·

10 2868 12 2901 :
71 2857 109 2904 tur
120 2866 234 2921 sponsa,
251 2858 279 2906 et
293 2852 328 2907 de
342 2853 402 2922 ipso
416 2869 499 2926 opere
514 2855 601 2928 magis
616 2855 740 2911 exsultat.

918 2156 992 2210 Bona
1016 2157 1159 2212 connexio.
1175 2157 1277 2213 Crocus
1291 2157 1365 2212 enim
1384 2156 1434 2212 llos
1447 2156 1526 2228 quasi
1545 2155 1622 2212 aurei
1636 2155 1712 2211 colo·

919 2243 965 2310 ris,
990 2244 1024 2298 ad
1049 2244 1188 2316 sapientiae
1211 2245 1321 2300 rutilum
1345 2246 1463 2301 reiertur
1486 2245 1614 2302 colorem.
1638 2244 1711 2320 Ergo

917 2332 945 2385 in
968 2348 1052 2403 cypro
1066 2332 1227 2407 intelligitur
1241 2334 1404 2406 vestigatio;
1422 2334 1449 2389 iii
1469 2333 1563 2399 nardo,
1586 2333 1710 2402 vocatio;

917 2419 945 2472 iii
966 2435 1057 2486 croco,
1076 2420 1145 2476 risio
1170 2421 1320 2491 sapientire.
1345 2424 1408 2478 Jure
1432 2421 1534 2477 nardus
1554 2420 1665 2493 ponitur
1683 2420 1711 2475 iii

917 2507 1021 2576 medio;
1047 2508 1154 2578 utrique
1177 2509 1343 2574 necessaria,
1369 2509 1396 2563 id
1421 2516 1461 2564 est
1485 2507 1658 2580 vestigationi
1682 2514 1710 2563 et

917 2595 1025 2651 visioni.
1049 2597 1119 2651 Nam
1137 2613 1189 2652 uec
1209 2597 1366 2668 investigari
1382 2597 1440 2653 sine
1464 2595 1604 2652 vacatione
1625 2611 1708 2651 men·

918 2683 952 2738 tis
974 2683 1073 2739 veritas
1096 2692 1195 2754 potest,
1220 2702 1271 2742 nec
1294 2685 1465 2742 ildericum
1489 2685 1599 2740 inventa
1617 2684 1710 2740 fuerit.

917 2770 1018 2842 Accipe
1034 2785 1101 2845 ergo
1116 2771 1143 2825 in
1158 2787 1241 2842 cypro
1255 2771 1390 2837 studium
1406 2771 1433 2825 in
1449 2770 1546 2835 nardo,
1563 2770 1647 2826 otium
1660 2785 1667 2838 3
1683 2769 1713 2824 in

917 2874 1007 2927 croco,
1023 2860 1163 2932 utriusque
1188 2860 1315 2918 fructum.
1335 2859 1399 2915 Noli
1417 2860 1451 2914 de
1472 2867 1583 2926 caetero,
1600 2874 1712 2931 sponsa,

100 2943 125 2994 ³.
150 2942 331 3011 Unguentum
355 2941 406 2998 hoc
430 2943 538 3016 regium
566 2952 617 2999 est.
642 2946 722 3001 lesus
742 2946 801 3017 ipse
825 2948 861 3003 li-
918 2947 976 3002 noli
991 2946 1091 3013 dicere,
1110 2949 1180 3018 Quin
1193 2952 1275 3020 furca
1289 2965 1368 3016 rurn;
1388 2948 1443 3004 noli
1457 2946 1573 3019 amplius
1589 2955 1612 3002 tc
1627 2945 1714 3003 deco·

69 3026 163 3082 beuter
184 3044 221 3083 ex
246 3029 297 3084 boc
318 3028 456 3102 inungitur
477 3047 483 3084 :
506 3031 620 3088 hilarem
644 3034 716 3088 enim
739 3034 864 3092 datorem
881 3073 901 3152 c
918 3034 1031 3090 loretum
1056 3051 1153 3092 vocare
1177 3038 1303 3107 (Contic.
1329 3053 1348 3104 i,
1374 3038 1412 3109 5).
1438 3037 1498 3092 Jam
1523 3035 1596 3091 enim
1620 3034 1714 3107 sponsi

67 3115 151 3190 diligit
175 3117 256 3172 Deus
277 3119 320 3184 (ll
343 3120 403 3175 Cor.
428 3135 468 3187 ix,
493 3123 532 3190 7).
558 3121 614 3176 Etsi
637 3123 713 3177 unxit
736 3139 798 3178 euin
815 3125 865 3179 l’a·
918 3123 1002 3194 ipsius
1025 3124 1181 3180 testimonio
1206 3141 1306 3182 croceo
1334 3127 1425 3181 colore
1455 3123 1625 3196 resplendes,
1652 3140 1714 3197 quea

65 3211 103 3258 ter
125 3205 204 3259 Deus
226 3205 324 3276 spiritu
351 3215 379 3262 et
401 3207 514 3276 uirtute,
539 3209 591 3265 etsi
614 3218 712 3265 unctus
736 3219 777 3266 est
803 3213 864 3266 oleo
917 3227 1027 3269 crocum
1041 3213 1152 3269 emittis.
1169 3216 1242 3270 Bene
1257 3229 1355 3270 croceo
1371 3214 1438 3269 nitet
1449 3213 1550 3278 colore,
1568 3228 1649 3284 quein
1660 3229 1715 3269 oon
1788 3214 1790 3218 ’

10 3352 12 3361 ,
63 3291 161 3348 letitiae
185 3291 245 3365 pr'ae
268 3294 440 3351 consortibus
462 3296 539 3366 suis;
564 3297 621 3352 rult
643 3305 734 3354 tamen
757 3313 773 3353 a
797 3315 863 3355 oon·
918 3300 1035 3357 infuscat
1061 3302 1178 3366 fatuitas,
1209 3319 1290 3374 quem
1320 3318 1375 3356 non
1407 3301 1480 3356 taedii
1507 3308 1534 3356 et
1561 3289 1713 3357 deficientis

63 3382 185 3438 sortibus
209 3382 269 3438 suis
292 3385 410 3458 ungi,et
434 3384 587 3441 devotionis
607 3394 862 3458 nostraeoptatun-
917 3389 999 3444 animi
1028 3390 1206 3445 moribundus
1233 3390 1321 3461 pallor
1347 3389 1433 3444 inficit
1463 3403 1469 3441 :
1498 3389 1548 3443 sed
1572 3388 1713 3460 sapientiai

60 3479 206 3542 guentam.
222 3470 291 3540 Quis
313 3472 390 3529 dabit
412 3474 479 3528 milii
499 3482 601 3530 tantam
624 3474 677 3531 olei
702 3478 817 3547 copiam,
835 3476 863 3530 in
916 3477 1047 3548 lulgidus,
1064 3486 1091 3531 et
1106 3477 1200 3532 mtilus
1219 3477 1358 3533 charitatis
1371 3478 1446 3532 color
1460 3475 1602 3531 exhilarat.

59 3573 113 3630 qua
131 3574 234 3615 omnes
257 3575 371 3632 operum
394 3577 517 3617 meorum
535 3561 640 3619 fructus
665 3562 780 3634 decoqui
796 3579 861 3634 pos·
953 3569 979 3621 t.
992 3566 1020 3620 Si
1035 3565 1151 3620 velimus
1165 3567 1223 3620 liaeo
1234 3566 1269 3620 ad
1279 3564 1380 3620 Christi
1395 3578 1541 3635 personam
1557 3563 1710 3630 reflectere,

59 3654 122 3724 suit,
149 3661 182 3710 et
209 3668 256 3710 cor
292 3672 382 3712 meum
416 3662 502 3712 totum
524 3657 662 3730 confrigi?
688 3657 863 3731 Eiungelista
917 3669 1039 3727 congrua
1061 3652 1141 3722 plane
1164 3653 1352 3726 interpretatio
1374 3653 1507 3726 sequitur.
1534 3650 1601 3718 Quis
1624 3650 1712 3724 magis

56 3743 183 3798 loannes
196 3742 248 3798 sub
271 3751 335 3816 typo
349 3742 412 3801 vite
431 3745 659 3815 contemplativae,
681 3746 732 3800 sub
756 3761 863 3818 sponsae
917 3742 976 3798 oleo
991 3742 1298 3814 decoctusestgratiae?
1315 3741 1415 3813 ipsein
1429 3756 1528 3796 manna
1539 3738 1710 3811 intelligitur,

57 3829 160 3903 ligura,
186 3830 214 3885 in
239 3831 349 3901 plenum
372 3831 433 3889 oleo
457 3833 579 3889 Fervente
598 3833 698 3889 dolium
722 3833 863 3889 descendit
917 3831 975 3903 ipse
1000 3830 1112 3887 seminis
1135 3831 1212 3904 cypri
1236 3831 1356 3904 speciem
1381 3838 1466 3901 tenet,
1493 3829 1552 3900 ipse
1579 3827 1712 3900 passionis

54 3919 192 3987 (liranus.
221 3922 260 3975 De
297 3921 396 3992 script.
434 3923 556 3994 eccles).
593 3921 658 3991 Quis
695 3921 769 3976 dabit
797 3922 863 3977 milii
916 3935 996 3976 cruce
1011 3936 1124 3991 pressus
1147 3928 1318 3976 sacramenta
1333 3919 1427 3976 salutis
1444 3924 1472 3975 et
1492 3925 1630 3989 unguente
1645 3931 1712 3987 gra-

57 4014 164 4061 tantum
187 4007 384 4064 abundantiam
408 4008 471 4076 olei,
488 4018 515 4066 et
538 4009 591 4066 olei
610 4009 751 4079 ferventis,
766 4017 796 4064 ut
819 4018 861 4066 to·
917 4007 961 4063 tiae
974 4007 1093 4078 proludit
1109 4028 1116 4064 ι
1132 4007 1191 4081 ipse
1207 4009 1234 4063 in
1248 4023 1332 4079 cypro
1346 4008 1458 4080 patitur,
1474 4014 1501 4062 et
1522 4005 1548 4060 in
1563 4005 1649 4060 nardo
1663 4019 1711 4059 se-

56 4105 102 4151 tus
119 4096 314 4169 immergeret
333 4096 482 4156 conficiar?
498 4098 557 4170 quis
581 4099 657 4153 dabit
672 4098 737 4155 mibi
761 4106 862 4154 tantam
916 4097 1025 4168 politur,
1043 4104 1070 4153 et
1092 4097 1128 4154 de
1142 4098 1226 4154 corde
1251 4103 1330 4153 terrae
1347 4096 1464 4166 resurgit
1479 4094 1507 4149 in
1521 4109 1612 4150 croco.
1628 4092 1711 4163 Quasi

55 4184 258 4239 abundantiam
279 4184 332 4241 olei
355 4195 383 4241 et
406 4185 519 4242 seminis
543 4187 658 4259 cyprini,
685 4195 715 4242 ut
736 4203 861 4262 unguen·
916 4199 1001 4240 novus
1024 4184 1074 4240 llos
1096 4193 1123 4242 et
1151 4186 1255 4252 rutilus,
1280 4185 1389 4258 quando
1414 4201 1463 4255 per
1482 4183 1710 4238 resurrectionem

56 4273 135 4330 tariae
159 4273 328 4331 confectioni
351 4274 488 4332 sufficiat?
502 4276 562 4331 Non
582 4291 663 4331 omne
687 4291 782 4332 semen
804 4278 861 4333 baec
915 4274 976 4341 eius
991 4288 1054 4329 caro
1069 4274 1248 4330 rotominse
1262 4274 1376 4329 sortasse
1391 4273 1419 4327 in
1433 4272 1523 4327 listula
1537 4269 1662 4327 ascendit
1675 4268 1710 4324 ad

54 4361 110 4419 olei
139 4362 268 4418 decoctio
295 4364 403 4437 recipit,
433 4380 486 4420 non
515 4381 623 4421 omnem
651 4365 708 4420 vult
730 4364 858 4422 fructum.
915 4362 1024 4419 coelum.
1049 4363 1113 4420 llaeo
1136 4363 1210 4419 enim
1236 4364 1317 4418 arbor
1340 4361 1368 4416 iii
1398 4362 1482 4416 altum
1504 4358 1661 4454 excrescitg
1681 4364 1710 4411 et

54 4451 187 4524 Denique
214 4466 270 4507 non
297 4467 381 4509 omiic
406 4468 475 4524 opus
504 4451 740 4526 contemplationis
768 4453 859 4510 immi·
876 4415 899 4492 n
915 4466 1015 4522 sponsa
1030 4453 1090 4522 ejus
1105 4451 1183 4521 quasi
1198 4451 1360 4521 compatitur
1374 4451 1401 4504 in
1416 4461 1514 4543 cypro,
1524 4445 1708 4515 consepelitur

53 4540 126 4595 aceri
140 4531 246 4595 tettae
268 4548 368 4612 potest.
391 4541 483 4614 Opera
498 4541 641 4598 exterioris
660 4542 857 4610 sollicitudinis,
914 4538 941 4593 iii
957 4539 1051 4603 nardo,
1069 4547 1097 4594 et
1113 4540 1137 4593 in
1162 4553 1241 4594 croco
1261 4535 1441 4604 conresurgit.
1464 4533 1534 4602 Quid
1555 4547 1620 4630 erge
1636 4546 1703 4629 con·

54 4635 83 4683 et
96 4644 169 4684 usus
188 4629 426 4701 contemplationis
448 4629 546 4686 confici
560 4629 640 4686 simul
664 4645 718 4686 non
733 4638 858 4702 possunt,
913 4642 1031 4699 sequens
1045 4636 1096 4692 est,
1113 4626 1165 4681 nisi
1185 4633 1215 4680 ut
1236 4623 1403 4680 coascendat
1417 4622 1444 4676 in
1464 4620 1575 4677 fistula?
1591 4619 1619 4675 Si
1633 4635 1707 4675 enim

54 4732 109 4772 nec
121 4717 152 4772 in
166 4732 249 4772 unam
271 4718 409 4790 coagulari
424 4717 591 4790 qualitatem.
613 4717 687 4788 Quos
711 4733 778 4789 ergo
803 4718 858 4774 lru·
915 4714 1114 4771 conresurrexit
1138 4727 1249 4785 sponso,
1277 4729 1339 4785 quaa
1367 4727 1475 4767 sursum
1499 4717 1561 4765 sunt
1584 4723 1708 4809 quarere

57 4806 192 4861 ctnsliaec
214 4805 350 4864 confectio
375 4807 489 4879 recipit?
510 4807 573 4863 lllos
588 4807 667 4879 plane
689 4822 758 4879 quos
780 4807 856 4879 Apo·
914 4802 1003 4869 debet,
1020 4820 1082 4876 quae
1101 4819 1207 4858 sursum
1231 4810 1294 4858 sunt
1313 4817 1419 4873 sapore,
1436 4798 1483 4855 ubi
1507 4815 1625 4871 sponsus
1648 4812 1709 4867 cyus

54 4894 295 4950 stolusenumerat
308 4910 315 4949 :
326 4899 447 4952 Fructus
458 4901 554 4951 cutem
566 4896 699 4968 Spiritus,
709 4895 853 4967 pouitium,
914 4901 955 4949 est
970 4893 996 4947 in
1011 4894 1125 4949 dextera
1139 4893 1189 4948 Del
1203 4893 1302 4948 sedens
1319 4892 1432 4963 (dolosa.
1447 4906 1489 4959 iii,
1507 4893 1532 4958 l,
1545 4890 1583 4959 2).
1600 4887 1709 4982 Fistula

51 4998 122 5053 μη.
146 4984 304 5054 patientia,
331 4986 544 5056 longanimitas,
559 4985 636 5055 fides,
658 4985 854 5049 rnouruetinlo,
913 4985 941 5038 ct
955 4982 1179 5038 cinnamomum.
1199 4981 1299 5038 Fistula
1319 4978 1442 5053 exsurgit
1456 4977 1484 5032 iii
1503 4977 1597 5041 altuin,
1614 4987 1708 5027 cinna·

52 5072 204 5138 modestia,
222 5074 411 5143 continentia,
435 5077 553 5131 costitui
567 5074 674 5146 (dolat.
694 5090 721 5141 ii,
738 5077 782 5140 22,
799 5075 854 5144 23).
911 5086 1032 5127 moinum
1049 5088 1146 5144 parum
1168 5071 1279 5143 quidem
1303 5068 1411 5126 excedit
1430 5084 1445 5122 a
1469 5070 1553 5124 terra.
1571 5064 1600 5116 ln
1619 5061 1707 5158 Fistula

52 5161 83 5216 lli
104 5162 217 5217 fructus
240 5176 302 5218 cum
329 5162 391 5219 olco
414 5162 651 5234 contemplationis
678 5163 853 5230 conveniunt,
911 5160 1105 5226 altumcernit,
1122 5161 1214 5217 sedin
1230 5159 1433 5215 cinnamomum
1453 5155 1536 5208 altum
1557 5165 1611 5205 non
1626 5157 1705 5219 sapit.

52 5260 78 5309 et
89 5250 176 5325 quasi
189 5251 219 5304 in
232 5267 315 5306 unam
339 5261 440 5308 coeunt
458 5260 594 5309 naturam.
611 5251 665 5307 Sed
689 5259 716 5307 et
730 5251 796 5306 illud
815 5267 856 5306 se·
910 5248 960 5304 llla
970 5249 1101 5315 ascendit,
1117 5250 1183 5304 illud
1198 5245 1401 5304 condescendit.
1424 5241 1525 5298 Fistula
1540 5246 1581 5295 est
1596 5237 1706 5311 quando

52 5356 113 5397 mcii
128 5339 197 5395 hnic
218 5338 380 5397 confectioni
395 5340 513 5398 maxime
535 5341 673 5407 convenit,
689 5339 724 5395 de
748 5356 801 5410 quo
816 5340 855 5395 le·
908 5354 1008 5410 sponsa
1032 5338 1140 5395 excedit
1158 5339 1216 5393 Deo
1239 5351 1245 5390 ι
1269 5335 1484 5398 cinnamomum,
1506 5327 1616 5402 quando
1635 5343 1703 5384 con·

53 5430 149 5504 gitur:
168 5429 273 5488 semen
286 5433 329 5488 ert
342 5430 456 5488 uerbum
470 5432 521 5489 Dei
535 5431 610 5504 (buc.
628 5445 690 5496 viii,
707 5430 763 5499 ll).
774 5428 854 5484 Deni·
909 5434 1067 5498 temperans
1081 5437 1123 5482 est
1146 5424 1235 5481 nobis.
1262 5422 1319 5478 Etsi
1344 5437 1373 5478 sc
1396 5425 1595 5518 contemperat,
1616 5423 1702 5472 toturn

55 5535 104 5592 me
132 5526 165 5579 et
191 5532 290 5576 semen
316 5519 403 5594 cypri,
431 5535 494 5578 cuni
519 5533 619 5577 manna
647 5517 851 5576 similitudinem
908 5522 1000 5574 tamen
1023 5523 1065 5572 est
1091 5513 1230 5586 spirituale
1252 5512 1326 5584 quod
1348 5508 1462 5583 profert.
1491 5508 1700 5568 cinnamomum
