3706 5962
64 204 132 265 1029

97 422 139 473 11.
154 416 256 471 Deinde
270 414 315 470 alii
340 414 425 469 nisit:
446 414 483 469 fu
506 427 569 467 uero
592 413 732 484 quantum
755 400 851 464 debes?

61 508 181 563 dentum
195 521 273 563 ceros
289 504 392 559 tritici.
408 501 473 557 Fere
487 501 582 556 eadem
596 508 636 556 est
653 498 712 552 haec
726 493 850 567 quaestio,

57 605 85 649 et
109 595 249 663 responsio
268 608 329 648 cum
353 592 438 661 prima
455 606 461 646 :
477 597 590 655 excepto
611 586 681 659 quod
698 583 745 640 illa
763 591 804 638 ιιι
817 581 852 635 de

57 679 239 752 indulgentia,
255 681 313 734 haeo
327 679 361 734 de
376 677 515 733 charitate.
533 675 582 732 ilic
601 674 672 730 enim
687 672 853 727 frumentum

56 770 216 824 charitatem
245 767 382 840 designat,
407 764 633 838 quemadmodum
656 761 781 834 superius
803 774 853 829 pcr

56 857 147 913 oleum
168 857 379 915 misericordiam
393 855 508 910 diximus
522 851 667 927 designari.
685 852 741 907 Hoc
763 851 853 920 itaque

55 947 138 1015 huius
151 945 311 1017 quaestionis
326 943 466 1016 responsio
489 945 568 998 nobis
590 940 687 1007 innuit,
712 941 784 1010 quod
806 935 854 1008 qui

55 1033 149 1089 saeculi
164 1034 244 1104 hujus
258 1035 434 1088 substantiam
448 1031 626 1102 possidemus,
638 1029 759 1101 perfecte
773 1042 854 1099 egen·

56 1123 130 1180 tibus
157 1138 284 1194 erogasse
311 1122 453 1176 debuimus
469 1140 476 1174 r
492 1120 564 1191 quod
580 1119 604 1174 si
627 1135 682 1175 uon
711 1115 854 1172 fecerimus

54 1228 119 1267 cum
141 1227 294 1281 possemus,
309 1211 381 1281 apud
407 1226 541 1265 summum
562 1205 783 1265 patremfamilias
807 1205 854 1260 de·

55 1301 108 1355 biti
123 1300 232 1356 uinculo
246 1299 409 1372 obligamur,
426 1299 496 1355 sicut
509 1299 637 1368 scriptum
652 1304 692 1352 est
707 1315 714 1350 ι
734 1296 787 1365 Qui
802 1293 854 1350 ba-

57 1388 102 1445 bet
121 1389 311 1446 substantium
326 1390 412 1460 bajus
433 1388 546 1454 tuurrdi,
565 1391 593 1444 et
612 1386 714 1443 uiderit
733 1388 855 1455 fratrem

58 1495 142 1534 suum
152 1481 349 1536 necessitatem
365 1480 464 1535 babere
476 1496 484 1540 ,-
495 1479 520 1533 si
530 1475 667 1532 clauserit
682 1476 789 1531 uiscera
802 1488 857 1530 suu

60 1567 94 1623 ab
102 1584 144 1634 eo,
154 1584 217 1625 vere
230 1569 358 1626 ebaritas
369 1567 465 1624 Patris
476 1583 534 1623 aaa
544 1570 586 1622 est
597 1567 630 1621 irt
638 1583 667 1624 co
682 1566 710 1631 il
719 1568 801 1622 doun.
813 1578 855 1631 tn,

60 1656 116 1728 tt).
128 1655 484 1731 llujustamenobligatioais
492 1656 577 1711 nodus
585 1655 709 1711 celeriter
718 1654 861 1726 rumpitur,

60 1744 85 1800 si
115 1747 184 1801 bene
208 1745 362 1816 perficiatur
389 1747 462 1817 quod
485 1744 628 1816 sequitur:
646 1742 757 1807 seilicet,
792 1741 860 1814 Sede

61 1838 127 1899 etto,
140 1838 168 1888 et
180 1834 269 1890 scribe
279 1836 423 1906 octogiuta
439 1833 489 1886 :id
504 1843 545 1887 ιιι
560 1834 672 1887 humilia
687 1844 713 1889 ιι
728 1832 807 1901 (sicut
817 1846 860 1885 ex·

61 1924 214 1995 posuimus)
247 1923 275 1976 in
303 1921 492 1978 observatione
520 1923 708 1976 mandatorum
744 1920 805 1988 Dei,
832 1929 859 1985 ιι

61 2016 135 2067 certa
157 2029 205 2080 spe
220 2012 386 2065 haereditatis
409 2019 528 2065 aeternae.
545 2011 584 2064 De
599 2009 666 2065 cado
690 2018 716 2065 et
730 2025 794 2065 coro
817 2008 860 2062 di·

61 2106 125 2156 cunt
147 2100 192 2154 alii
209 2114 257 2171 pro
272 2099 436 2154 abundantia
449 2114 547 2153 sensus
561 2098 603 2152 sui
618 2098 682 2169 quid
706 2097 858 2166 senserint,

61 2205 113 2259 ego
126 2205 208 2258 super
223 2189 266 2243 his
281 2188 346 2243 nibil
361 2187 434 2243 alind
449 2186 521 2256 dieo,
538 2186 589 2240 nisi
605 2188 675 2256 quod
691 2178 861 2257 unumquod-

61 2295 114 2350 que
132 2294 177 2332 tas
192 2286 233 2334 est
247 2279 280 2332 ad
297 2278 509 2333 rnensurendum
526 2278 552 2331 in
568 2292 618 2331 suo
632 2291 731 2348 genere
746 2293 752 2332 :
769 2285 796 2330 ιι
817 2276 860 2332 bic

63 2366 218 2439 significare
235 2377 349 2437 possunt
364 2376 528 2437 mensurate,
551 2366 639 2420 idest
659 2365 786 2436 discrete,
809 2368 860 2422 de-

62 2459 224 2526 berengero
246 2456 425 2526 paenitentes;
444 2455 519 2526 quasi
533 2455 573 2509 sic
597 2454 718 2510 occidant
741 2456 859 2521 bostem,

63 2561 97 2600 ne
116 2546 249 2613 perimant
264 2546 361 2609 civem,
377 2543 506 2614 quoniam
521 2544 647 2614 scriptum
663 2553 704 2599 eet
720 2557 726 2596 τ
743 2544 773 2598 Si
786 2549 862 2600 reete

62 2636 181 2705 offeras,
197 2637 225 2688 et
240 2650 297 2690 aaa
314 2637 387 2690 recte
402 2633 520 2699 dividas,
534 2634 660 2704 peccasti
675 2633 753 2703 (Gen.
770 2647 810 2700 tv,
832 2635 858 2699 7,

59 2723 138 2792 juxta
152 2721 249 2793 LXX).
268 2723 349 2777 Recte
364 2719 515 2790 olfecimus,
531 2736 591 2776 cum
610 2723 682 2776 boue
701 2721 791 2776 studio
804 2720 855 2776 bo·

621 192 730 254 anuo
748 189 789 250 nn
803 182 934 249 vuutco
948 179 1154 251 ntoautns
1175 254 1190 276 ὼ

57 329 113 394 dia,
139 327 280 383 humiliare
294 325 356 390 cito,
372 323 466 378 firmus
487 336 613 394 permane
634 320 661 374 in
686 315 850 390 peonitentia.
867 327 891 406 Α

1637 198 1707 260 1030

906 309 949 365 Ad
981 309 1034 366 boo
1063 309 1134 366 enirn
1163 311 1303 370 Matthaeus
1332 329 1409 372 suum
1429 333 1579 390 cognomen
1598 323 1709 383 ιιιὶιιιι

905 397 1090 454 Publicanos.
1109 399 1163 456 lloc
1177 404 1249 472 quod
1265 403 1393 474 sequitur,
1405 407 1469 478 quie
1483 409 1540 478 alit
1554 409 1640 485 bajus
1650 430 1705 471 ιιι·

906 486 1535 564 cutiprudeatioressuutingeneratiouesuu
1544 501 1705 572 filiistucis,

906 577 1005 633 dictum
1025 586 1065 633 est
1080 579 1168 645 nobis,
1192 590 1219 636 ut
1234 583 1404 641 saecularium
1427 574 1561 657 inutilem*
1573 592 1708 650 imitemur

906 664 1086 739 prudentiam,
1103 671 1173 725 sicut
1193 672 1300 744 Moyses
1315 673 1351 729 ibi
1366 691 1415 730 aas
1429 677 1544 748 mystice
1558 681 1646 749 docet,
1662 682 1706 737 di-

906 772 986 811 cens:
1000 757 1071 814 Cum
1081 773 1206 831 egressus
1215 763 1304 832 fueris
1314 763 1349 819 nd
1358 769 1525 837 pugnabam
1535 767 1639 827 viderie
1649 788 1710 829 mu·

908 847 1003 903 fierem
1011 846 1173 920 pulchram,
1188 852 1399 911 etadamuueris
1409 870 1482 925 eum,
1493 858 1610 917 rudenei
1620 877 1709 920 casa·

907 937 1061 1002 riem,etc.,
1073 939 1166 994 eterit
1179 940 1231 996 tibi
1242 944 1421 1015 ucortDeut.
1434 962 1492 1014 xxi,
1506 951 1615 1023 ta-ts).
1626 951 1661 1006 Et
1670 952 1710 1008 di·

906 1032 979 1078 ctum
1002 1029 1044 1078 est
1062 1024 1188 1082 similiter
1201 1029 1234 1082 ab
1251 1046 1374 1101 magnam
1394 1043 1513 1090 nostram
1542 1039 1708 1096 erubescen-

908 1110 983 1181 tiam,
1001 1112 1070 1168 acsi
1086 1113 1199 1172 dixisset
1218 1117 1295 1173 nobis
1306 1119 1373 1174 illud
1385 1125 1522 1192 prophetea
1539 1144 1544 1183 :
1561 1129 1708 1200 Erubesce,

908 1200 1004 1266 Sidon,
1023 1203 1065 1257 ait
1079 1219 1159 1261 mere
1173 1206 1251 1275 (lsai.
1267 1223 1347 1276 xxia,
1363 1209 1402 1282 1).
1413 1211 1529 1269 Grandis
1542 1219 1613 1273 enirn
1631 1221 1710 1278 nobis

908 1289 988 1344 debet
1010 1306 1070 1346 esse
1085 1294 1257 1364 verecundia,
1273 1299 1346 1368 quod
1360 1297 1408 1354 filii
1429 1303 1591 1373 perditionis
1614 1323 1709 1378 pratu-

908 1378 1008 1449 ptiores
1032 1390 1094 1435 suat
1109 1381 1135 1436 in
1160 1386 1317 1455 appetendis
1332 1387 1418 1455 malis,
1437 1406 1518 1461 quam
1541 1409 1592 1451 nos
1614 1412 1710 1455 sumus

909 1468 938 1523 iu
957 1470 1114 1528 coelestibus
1131 1474 1249 1545 gaudiis,
1270 1476 1305 1533 de
1329 1479 1429 1551 quibus
1445 1481 1539 1538 beatus
1560 1484 1711 1560 Gregorius

914 1559 968 1613 ait:
985 1581 996 1611 u
1012 1559 1065 1629 Qui
1086 1562 1205 1619 celestis
1229 1565 1291 1622 vitae
1319 1567 1497 1637 dulcedinem,
1525 1572 1553 1627 in
1580 1578 1711 1649 quantum

916 1648 1079 1718 possibilitas
1105 1652 1229 1718 admittit,
1255 1657 1375 1725 perlecta
1399 1663 1565 1730 cognoverit,
1589 1679 1622 1719 ea
1650 1680 1711 1736 qaas

913 1735 942 1790 in
959 1739 1036 1792 terris
1050 1748 1198 1809 amaverat,
1211 1741 1327 1799 libenter
1341 1756 1439 1802 cuncta
1454 1749 1624 1822 derelinquit.
1644 1776 1653 1802 ι

951 1829 994 1880 13.
1008 1828 1042 1881 Ει
1057 1828 1091 1881 ad
1104 1829 1162 1884 baec
1177 1829 1320 1887 incitamur
1334 1850 1393 1888 cum
1408 1836 1505 1892 dicitnr
1517 1841 1627 1897 :Facite
1636 1843 1711 1900 vobis

913 1917 1017 1972 amicas
1031 1915 1064 1973 de
1081 1933 1245 1974 mammeae
1260 1924 1435 1994 iniquitatis,
1454 1930 1487 1981 ut
1501 1945 1567 1984 curu
1580 1930 1712 2000 defeceri-

915 2005 1712 2075 tis,recepiuutuosiaaeteraatabernaculassonussermo

914 2099 941 2146 et
961 2095 1037 2147 omni
1063 2096 1220 2166 acceptione
1245 2097 1353 2170 diguus,
1375 2102 1476 2158 doceas
1498 2120 1548 2160 nos
1572 2121 1632 2161 cum
1657 2107 1710 2162 illis

915 2181 1060 2235 amicitiam
1074 2183 1202 2254 jungere,
1219 2186 1266 2257 qui
1278 2203 1327 2242 aas
1342 2198 1455 2258 possunt
1468 2192 1496 2246 in
1506 2201 1606 2250 aeterna
1618 2211 1710 2252 secum

916 2269 1089 2325 tabernacula
1110 2272 1257 2329 collocare.
1281 2274 1333 2342 Qui
1354 2279 1478 2336 videlicet
1500 2294 1563 2337 sunt
1586 2283 1633 2350 illi,
1658 2284 1710 2341 nisi

915 2372 984 2426 quos
998 2359 1124 2429 superius
1137 2363 1257 2418 breviter
1281 2367 1416 2433 annotavi,
1438 2370 1541 2438 paruuli
1556 2382 1582 2427 et
1602 2389 1710 2444 paupe-

915 2462 958 2501 rcs
971 2447 1096 2505 Christi?
1110 2449 1187 2518 Quos
1201 2450 1263 2523 quia
1276 2453 1407 2510 Dominus
1418 2467 1498 2529 amat,
1515 2461 1574 2532 ipso
1584 2468 1651 2518 teste
1666 2463 1710 2534 qui

915 2533 969 2591 ait:
989 2536 1137 2593 Vesunnici
1153 2539 1210 2594 mei
1224 2542 1291 2596 estis
1308 2543 1400 2610 (duaa.
1416 2561 1465 2615 xv,
1483 2548 1526 2619 11)
1537 2565 1543 2605 :
1556 2549 1590 2604 ab
1604 2550 1647 2606 bis
1662 2565 1711 2606 nos

915 2621 1044 2678 faciamus
1058 2626 1142 2680 amari
1157 2627 1191 2682 de
1206 2643 1250 2698 eo,
1266 2630 1339 2700 quad
1358 2631 1429 2689 idem
1442 2635 1575 2692 Dominus
1590 2653 1640 2694 aas
1659 2643 1710 2696 do·

915 2714 970 2766 cuit
986 2711 1090 2783 dicens,
1106 2715 1310 2776 demammoau
1327 2722 1498 2794 iniquitatis.
1515 2726 1574 2782 Vile
1589 2738 1631 2783 est
1646 2746 1711 2800 pre··

62 2827 127 2866 num
149 2826 218 2882 opus
232 2809 358 2882 agimus:
375 2809 424 2864 sed
439 2826 493 2865 non
509 2817 581 2865 recte
594 2809 748 2877 dividimus,
772 2809 795 2863 si
814 2809 856 2863 di·
912 2797 989 2867 lium,
1004 2802 1051 2857 sed
1066 2804 1165 2875 empliO
1181 2806 1276 2861 mulla·
1296 2808 1448 2866 Metumque
1467 2830 1583 2888 nmnque
1611 2818 1711 2875 uiritiae

63 2900 223 2955 scretionem
244 2900 345 2954 babere
365 2901 391 2953 ia
417 2900 487 2954 bono
511 2914 594 2970 opere
610 2895 687 2954 ⁷⁰!
708 2909 854 2968 postpona-
874 2900 1107 2987 cnuneupantur,
1124 2911 1184 2964 (11¹ae
1199 2896 1322 2952 dicantur
1337 2899 1445 2970 lniiuaer
1462 2918 1516 2960 ⁰⁰¹¹
1541 2917 1652 2976 propter
1671 2924 1710 2975 se.

63 3005 125 3043 mus
140 3005 242 3060 gquam
266 2988 312 3059 qui
335 2988 497 3053 dissimulat,
523 2987 605 3042 etiam
633 2994 705 3043 pecte
740 2985 858 3043 offerens
916 2978 965 3033 sed
988 2989 1098 3052 propiffr
1122 2982 1270 3054 iniquitatis
1290 2986 1415 3044 effectum
1430 2991 1476 3061 qui
1491 2995 1581 3050 evcnit
1601 3011 1634 3052 ΘΧ
1661 3011 1711 3052 se:

64 3078 133 3134 sicut
154 3078 250 3134 beatus
264 3079 300 3134 ait
315 3077 470 3150 Gregorius,
487 3085 582 3151 peccat
595 3077 704 3147 (fimat.
720 3076 768 3133 tib.
791 3093 860 3149 xxx,
915 3067 983 3124 sieut
1004 3072 1086 3127 arbor
1100 3071 1145 3128 illa
1169 3090 1230 3144 quae
1253 3078 1385 3148 appellata
1407 3087 1449 3134 ιιι
1464 3081 1575 3138 scietuia
1597 3085 1662 3140 boni
1687 3093 1714 3142 et

117 3208 124 3225 ,
190 3210 198 3224 ‚
915 3158 1095 3216 inclinant
1126 3163 1193 3217 oda
1234 3180 1258 3217 m
1435 3170 1439 3179 '
1489 3170 1495 3181 ⁶

63 3170 862 3320 calieffgbquitnr:artaaeavttdomiuusbrittanniaeque·
918 3200 1063 3318 tangentes
1083 3179 1141 3304 einum
1163 3163 1256 3307 coblira
1275 3167 1552 3325 titarkbgeepttttgr‘rcrlt‘jnibiibi,
1565 3173 1716 3329 ἔξῗίιιῖὛι

66 3339 143 3405 tatis,
155 3354 185 3395 eo
201 3338 273 3410 quod
286 3337 444 3410 prudenter
458 3338 568 3423 egisset.
587 3336 656 3391 Sunt
670 3335 717 3407 qui
729 3337 863 3392 mirantur
917 3336 980 3391 mali
1002 3339 1172 3408 contingeret
1187 3354 1247 3394 esse
1263 3341 1388 3398 scientes.
1403 3345 1453 3400 ilic
1473 3348 1539 3401 satis
1554 3351 1714 3419 ostenditur,

67 3431 140 3484 unde
155 3430 214 3484 haec
237 3426 295 3482 laus
312 3424 485 3498 processerit,
502 3440 564 3479 cum
579 3439 634 3480 non
648 3424 753 3480 dicatur
766 3424 801 3479 ad
815 3425 863 3480 lit·
916 3422 993 3494 quod
1010 3439 1043 3478 ex
1057 3422 1129 3480 facili
1150 3437 1263 3496 possunt
1288 3430 1368 3486 amici
1392 3432 1502 3503 superni
1517 3436 1588 3493 cives
1611 3439 1714 3496 baberi.

65 3519 152 3572 peram
175 3516 339 3588 persolvisse
359 3514 491 3583 debitum,
513 3513 561 3568 sed
584 3520 714 3592 curtasse.
738 3512 815 3582 Quod
840 3512 863 3569 si
916 3512 956 3567 Ex
972 3529 1088 3585 quorum
1110 3513 1236 3572 amicitiis
1260 3518 1307 3590 qui
1331 3518 1436 3578 fructus
1459 3526 1540 3583 nobis
1562 3527 1714 3602 proveuiat,

65 3607 127 3679 quis
145 3605 241 3680 egerit,
263 3603 381 3661 attendat
396 3602 469 3674 quod
488 3602 579 3672 potius
597 3601 697 3657 imitari
711 3601 792 3658 debet
810 3601 863 3657 vil·
917 3601 1024 3659 Veritas
1036 3604 1233 3678 subsequenter
1254 3610 1384 3682 ostendit,
1398 3627 1462 3668 cum
1476 3615 1544 3673 dixit
1560 3632 1566 3672 :
1585 3620 1618 3678 ta
1641 3618 1716 3677 reci·

66 3693 158 3761 licum,
174 3710 253 3768 quam
267 3692 404 3750 admirari.
429 3690 602 3748 Saeculariter
623 3693 695 3747 enim
718 3691 865 3762 prudenter
915 3691 1001 3762 piant
1016 3708 1062 3751 uos
1083 3696 1115 3748 in
1133 3698 1243 3751 aeterna
1257 3696 1451 3758 intemerato.
1467 3703 1580 3763 Videtur
1593 3709 1637 3764 hie
1651 3707 1716 3764 oriri

67 3785 133 3857 egit,
150 3785 197 3858 qui
216 3800 277 3856 quae
293 3784 407 3839 reddere
424 3798 478 3838 non
493 3780 592 3852 potuit,
606 3795 642 3837 ne
656 3796 738 3854 super
751 3780 793 3835 bis
816 3795 864 3835 ar·
917 3781 1029 3851 quaestio
1043 3783 1071 3838 in
1086 3799 1118 3840 eo
1132 3785 1206 3856 quod
1225 3789 1391 3858 pauperibus
1409 3794 1565 3853 attribuitur
1579 3782 1717 3868 susceptio

67 3882 198 3945 gueretur
213 3875 295 3945 furto,
311 3881 388 3930 caute
402 3871 510 3938 celavit,
522 3880 549 3927 et
562 3872 708 3927 secundum
723 3870 864 3940 cuiusdam
918 3879 946 3925 et
960 3871 1100 3929 retributio
1114 3873 1341 3933 benefacientium
1357 3878 1420 3949 sibi,
1440 3897 1499 3939 cum
1515 3885 1616 3942 donum
1632 3888 1717 3946 solitas
1804 3937 1807 3945 .

69 3965 153 4021 verba
165 3963 279 4019 dicentis
294 3979 301 4018 :
319 3961 349 4016 Si
362 3977 416 4017 non
426 3971 509 4032 caste,
525 3961 619 4017 saltem
635 3969 713 4017 caule
726 3963 778 4030 (est
791 3975 865 4014 nam·
917 3958 968 4015 Dei
981 3961 1025 4027 sit,
1047 3962 1157 4020 veniens
1171 3980 1203 4020 cx
1220 3968 1280 4035 ejus
1294 3968 1379 4023 multa
1393 3970 1565 4033 miseratione
1578 3983 1604 4033 et
1618 3978 1716 4054 gratia,

68 4067 121 4122 que
136 4051 249 4106 minoris
269 4049 355 4121 culpae
370 4049 518 4120 quemlibet
535 4065 565 4105 se
579 4049 666 4106 solum
681 4052 746 4107 dere
771 4048 862 4122 morti,
921 4048 989 4116 Quae
1013 4052 1127 4108 multum
1141 4053 1218 4112 facile
1232 4055 1355 4125 soluitur,
1372 4059 1395 4114 si
1410 4063 1562 4120 attendatur
1579 4067 1653 4139 quod
1668 4066 1718 4125 Dei

68 4155 150 4212 quarn
168 4142 190 4194 si
213 4146 327 4196 crearas
342 4153 433 4194 secum
450 4141 527 4194 tollat
548 4139 707 4212 contagione
721 4138 862 4211 peccatit:
921 4138 1006 4195 Filius
1030 4154 1152 4199 nostram
1166 4161 1273 4200 earnem
1293 4148 1443 4219 suscipiens
1456 4151 1542 4209 factus
1560 4162 1601 4211 ιιι
1614 4172 1718 4229 pauper

70 4239 97 4288 et
111 4229 184 4300 quod
199 4229 249 4285 sibi
263 4227 379 4299 perutile
394 4242 551 4298 summaque
565 4228 705 4298 prudentia
719 4228 787 4296 titt,
801 4228 864 4301 quia
881 4191 904 4269 ὓ
922 4243 971 4300 pro
983 4232 1063 4287 nobis
1074 4252 1082 4301 ;
1093 4240 1120 4288 et
1134 4232 1161 4287 id
1177 4235 1251 4305 quod
1265 4237 1431 4304 pauperibus
1444 4248 1586 4312 erogatur,
1602 4242 1654 4298 sibi
1675 4242 1729 4300 fn·x

71 4318 144 4391 apud
170 4333 238 4391 quoe
261 4315 428 4388 reciperetur
441 4315 540 4385 effecit,
555 4315 578 4372 si
597 4325 766 4374 amoveretur
781 4333 797 4372 a
812 4318 864 4374 vil·
920 4326 992 4374 ctum
1018 4320 1101 4374 fuisse
1115 4321 1196 4391 dicat,
1216 4329 1242 4378 et
1257 4339 1287 4379 sn
1301 4325 1453 4381 retribuere
1469 4327 1716 4388 benefacigmqbu„

70 4409 208 4467 ficatione.
222 4409 273 4464 Sed
288 4415 316 4463 et
329 4405 409 4462 altius
423 4405 527 4478 loquar.
543 4407 624 4463 Plane
639 4406 788 4463 secundum
802 4421 865 4462 mo·
920 4409 993 4477 quod
1008 4409 1046 4462 ibi
1063 4415 1187 4475 testatur,
1203 4410 1249 4464 ubi
1264 4413 1298 4465 de
1314 4413 1431 4482 parvulis
1445 4415 1559 4486 loquens
1573 4417 1629 4475 ait:
1643 4421 1718 4490 οια-

72 4504 155 4555 ratem
180 4495 382 4568 intelligentiam
412 4501 496 4552 multa
524 4495 601 4551 laude
624 4504 666 4551 est
687 4497 796 4568 dignus,
820 4495 866 4566 qui

72 4589 164 4645 relicto
187 4602 279 4643 errore
307 4585 426 4656 pristinae
453 4587 676 4654 conversationis,
703 4583 781 4642 diviti
810 4585 867 4640 Dea

74 4677 252 4742 satisfaciens,
268 4676 337 4735 redit
351 4675 386 4730 ad
410 4674 533 4748 gratiam.
550 4675 584 4731 Et
598 4685 710 4747 propter
732 4674 783 4730 boc
805 4689 867 4728 eum

74 4767 199 4824 domiuus
209 4765 336 4836 laudavit,
352 4764 417 4836 quia
430 4767 486 4822 sive
501 4766 554 4820 boc
566 4765 655 4831 modo,
671 4764 713 4819 vel
725 4761 868 4820 hocmado

73 4856 178 4911 dicatur
192 4854 297 4918 fecisse,
320 4855 465 4925 prudenter
480 4856 546 4926 egit.
563 4855 620 4909 Nec
643 4859 748 4912 moveat
771 4867 868 4925 quem·

72 4960 156 5017 quam
177 4945 251 5015 quod
266 4944 374 5010 dicitur,
391 4943 558 5017 iniquitatis
570 4961 576 5001 :
589 4958 644 5000 aon
667 4942 739 4998 euim
760 4942 870 5015 ponitur

73 5035 118 5090 hic
132 5050 165 5089 eo
185 5031 260 5104 quod
273 5043 402 5102 operetur
416 5035 449 5086 ad
470 5034 587 5104 laudem,
601 5033 650 5089 sed
664 5035 698 5087 ad
712 5048 808 5089 eorum
822 5031 869 5103 qui

72 5124 216 5179 audierunt
236 5121 380 5177 tollendam
401 5120 626 5193 desperationem,
648 5121 719 5176 sicut
739 5120 871 5176 Dominus

76 5219 197 5279 testatur,
213 5212 247 5265 ad
267 5212 422 5283 Propbetam
447 5210 777 5283 dicens:muttipticatoe
800 5213 872 5266 suut

920 4513 1032 4570 cunque
1041 4499 1151 4567 fecistis
1161 4513 1214 4553 uua
1227 4514 1264 4555 ee·
1274 4501 1405 4557 minimis
1416 4505 1497 4570 meis,
1509 4507 1581 4562 milti
1597 4510 1716 4578 fecistis.

919 4585 1719 4661 Esurioi,etdedistismibimaadueare,·sitioi,etdedistir

921 4674 995 4730 mibi
1009 4675 1109 4742 bibere,
1125 4683 1176 4731 etc.
1200 4678 1294 4734 Venite
1308 4695 1370 4752 erpo
1390 4686 1419 4738 et
1431 4685 1570 4757 percipite
1588 4704 1717 4760 requam,

922 4766 994 4840 quod
1016 4767 1090 4910 ιιιξι
1104 4770 1241 4838 paratum
1255 4773 1297 4825 est
1312 4769 1346 4825 ab
1360 4771 1468 4845 origiue
1480 4777 1583 4834 muudi
1605 4779 1717 4848 (ffuttb.

922 4869 993 4920 xxv,
1011 4859 1026 4909 3
1077 4857 1116 4926 a).

962 4945 1005 5000 tt.
1021 4943 1206 5001 sollicitemur
1227 4959 1309 5017 ergo,
1339 4946 1437 5005 fratres
1459 4952 1522 5018 mei,
1543 4952 1719 5014 sollicitemur

929 5034 1094 5104 pauperibus
1117 5049 1229 5108 erogare
1248 5036 1361 5093 coasilio
1380 5038 1498 5098 Domini.
1522 5042 1575 5098 Sed
1590 5045 1653 5116 quia
1676 5047 1719 5101 iu·

924 5130 1007 5181 terest
1020 5123 1147 5196 pauperis
1161 5131 1190 5179 et
1204 5126 1342 5196 pauperis,
1358 5128 1432 5198 quod
1451 5130 1583 5187 Dominus
1597 5132 1633 5189 ibi
1648 5133 1721 5191 visua

926 5225 968 5269 est
984 5223 1130 5270 annomsse
1143 5229 1204 5268 cum
1220 5212 1321 5268 uicerat
1335 5216 1435 5274 :Beati
1446 5225 1722 5295 paupereespirittte

79 5310 380 5381 infirmitateseorum,
389 5310 872 5380 porteaucccleraueruatdleucmu-
927 5305 963 5360 lle
976 5309 1135 5377 paupertate
1149 5301 1211 5358 talis
1225 5300 1348 5360 lucanus
1361 5315 1403 5361 est
1417 5306 1563 5378 distinctio,
1579 5327 1639 5384 qun
1652 5313 1724 5368 desi·

74 5398 874 5475 prepubocanrenticutuemumderunquiuibusmecme-
929 5401 996 5466 anet
1017 5392 1117 5463 quibus
1135 5390 1270 5462 praecipue
1288 5393 1436 5450 debeamus
1458 5397 1560 5473 largiri.
1576 5399 1723 5472 sannaus

71 5508 189 5549 interero
199 5489 350 5546 nerninem
360 5504 515 5561 eorumper
525 5489 820 5562 tumultuabuntur,
830 5487 871 5560 t).
935 5481 1018 5555 igitur
1035 5482 1089 5538 alia
1107 5481 1244 5553 naturalis,
1264 5486 1316 5538 aira
1336 5483 1467 5558 locuples,
1493 5492 1545 5544 aliu
1564 5491 1722 5563 spiritualis.
