3706 5962
101 230 170 291 1105
539 217 648 281 sittim
666 217 708 278 DE
726 215 843 276 cuncis
863 210 905 274 ui
921 211 1080 278 maronis
1099 213 1306 278 laudibiilll.
1671 223 1741 288 1106

99 357 248 423 eliminant,
263 368 334 409 nunc
356 350 462 422 quidem
478 364 525 418 per
546 344 635 403 carnis
655 341 825 399 dulcedinem
839 355 888 395 ar·
906 349 932 437 Ι
948 339 1000 410 nis,
1015 348 1042 396 et
1056 338 1155 397 ellectu
1174 341 1286 397 luxuria
1310 344 1467 415 corporalis,
1493 357 1573 418 atquc
1587 347 1614 402 iu
1639 349 1737 406 ambitu

98 438 440 509 dentdeleetabiliter3sed
455 445 514 508 post
533 435 667 492 modicum
681 432 775 488 ardere
791 430 891 487 babent
946 437 1059 487 terrenae
1081 430 1224 498 felicitatis,
1254 448 1326 489 nuuc
1354 435 1482 506 temporis
1505 435 1647 495 fornicatio
1678 456 1738 496 ma-

97 532 284 587 miscrabillter
301 547 308 585 :
325 528 394 584 sicut
408 528 467 599 ipse
481 523 613 581 Dominus
631 521 659 576 in
674 519 821 592 Evangelio
836 517 890 574 mi-
944 518 1108 592 rimeviget.
1126 520 1179 576 Sed
1192 527 1348 591 nscquarta
1360 523 1512 594 adplenum
1529 528 1664 585 exstincta
1683 536 1738 597 est,

96 628 175 677 natur
188 619 298 676 diceus:
316 618 346 674 Si
358 616 420 688 pair
429 618 462 673 itt
476 629 585 669 macco
594 610 744 674 manserit,
756 608 892 665 mittetur
945 622 1006 677 quae
1023 616 1127 664 constat
1136 609 1162 663 in
1172 608 1375 666 simulacrorum
1384 611 1506 671 culturis.
1516 614 1649 671 Videmus
1665 617 1737 673 anim

94 711 251 784 sorcssicut
258 707 375 780 palmea,
387 710 416 762 ct
425 708 534 762 crescet
546 699 811 772 :etcollipcntcum
822 702 850 752 et
861 699 892 753 ic
945 703 1020 775 quod
1033 721 1048 759 a
1061 705 1200 778 plerisque
1213 706 1246 763 de
1255 707 1345 777 specie
1359 709 1490 766 transitur
1503 712 1536 766 ad
1555 728 1654 784 genus,
1676 731 1737 771 eam

96 799 192 872 ipnem
199 800 324 864 mittent,
335 793 454 852 ctcrdet
465 792 617 865 (toamxr,
634 789 671 859 bl.
681 787 766 844 Ardet
781 786 889 859 quidem
944 792 1055 862 quidam
1079 795 1156 850 malae
1184 797 1350 868 suggestioni
1374 797 1550 856 immoderata
1564 800 1689 860 inbiont:
1706 811 1736 861 ut

94 903 169 943 nunc
183 902 231 956 per
249 885 299 941 Dei
319 880 523 955 praescientiam,
544 887 607 946 post
628 877 767 933 modicum
781 891 892 932 arsurus
943 896 992 952 per
1011 883 1079 940 banc
1094 879 1180 955 usque
1206 884 1240 938 ad
1267 892 1374 956 turpem
1401 886 1534 944 actionem
1567 892 1735 960 perveniant.

95 992 145 1049 per
160 973 346 1031 retributionis
358 972 499 1042 iustitiam.
511 968 564 1025 Sed
575 967 662 1039 neqitc
673 965 711 1022 ibi
725 965 832 1021 arderet
842 980 892 1035 per
943 969 1034 1040 Neque
1062 971 1134 1025 enim
1161 972 1196 1026 ad
1209 969 1211 973 '
1224 972 1285 1027 mali
1313 974 1499 1045 operationem
1540 980 1735 1053 pervenissent,

95 1064 300 1135 experientiam,
315 1061 366 1117 nisi
378 1060 452 1130 prius
460 1059 504 1114 hic
514 1057 619 1113 arderet
632 1072 681 1128 per
693 1053 828 1111 luxuriam
843 1060 892 1109 aut
944 1057 996 1112 nisi
1010 1059 1036 1114 in
1057 1058 1097 1114 cis
1120 1059 1195 1130 prius
1217 1061 1289 1116 mala
1312 1063 1439 1133 cogitatio
1468 1067 1662 1134 praecessisset.
1687 1072 1740 1128 Per

95 1169 145 1226 per
159 1152 248 1209 cordis
262 1150 403 1206 malitiam.
944 1145 1133 1218 cogitationem
1164 1147 1234 1203 enim
1249 1151 1407 1219 peruenitur
1433 1152 1467 1207 ad
1496 1153 1638 1212 actionem.
1668 1159 1739 1215 Cum

132 1241 157 1297 l.
174 1239 253 1310 Quod
267 1248 358 1293 autem
378 1233 479 1290 inimici
501 1230 611 1289 Domini
630 1228 751 1287 etiamin
772 1231 822 1287 bac
834 1229 891 1285 rita
944 1233 1050 1291 veroin
1076 1233 1181 1291 actium
1210 1237 1313 1306 positus
1338 1253 1393 1292 non
1421 1238 1520 1296 habeat
1540 1235 1601 1314 quta
1628 1244 1655 1299 in
1684 1246 1738 1304 boc

94 1331 213 1394 ardeant,
240 1333 354 1382 testatur
382 1323 465 1380 isaias
497 1321 628 1392 propheta
655 1336 717 1376 cum
749 1317 836 1374 dicit:
854 1321 889 1376 nt
943 1335 1027 1393 opera
1046 1321 1099 1378 sibi
1129 1324 1345 1381 ministrantibus
1358 1326 1481 1384 exhibeat
1505 1346 1619 1388 necesse
1646 1341 1687 1389 est
1708 1339 1739 1392 ut

94 1433 173 1473 nune
187 1415 264 1488 ipsis
281 1413 456 1470 aduersarios
469 1410 614 1467 consumit
639 1408 716 1480 (lsai.
734 1422 814 1476 xxvt,
830 1407 886 1476 il).
943 1410 1077 1480 usquead
1099 1410 1237 1468 avaritiam
1251 1414 1396 1484 perveniat.
1419 1416 1486 1472 Cum
1501 1432 1566 1475 uero
1584 1436 1670 1492 neque
1689 1438 1739 1495 per

93 1507 180 1561 biuios
202 1504 273 1561 enim
297 1517 351 1558 non
374 1501 462 1558 solum
485 1507 546 1570 post
568 1499 639 1553 hanc
660 1496 740 1554 uitam
766 1513 815 1568 pcr
831 1496 892 1551 viu-
947 1498 1085 1554 avaritiam
1107 1516 1169 1572 quae
1195 1501 1396 1560 desideraverat
1417 1513 1561 1576 suppetant
1576 1517 1605 1564 ut
1632 1510 1738 1569 libidini

95 1594 195 1650 dictam
219 1591 289 1662 ignis
310 1591 442 1663 gehennae
466 1587 578 1652 cruciat,
599 1586 647 1640 sed
669 1585 749 1641 etiam
774 1602 845 1642 nunc
859 1585 892 1641 li·
907 1622 929 1701 Β
945 1585 1112 1644 sufficienter
1135 1589 1282 1660 impendat,
1310 1606 1364 1647 non
1391 1603 1466 1649 curat
1487 1611 1572 1667 aquo
1590 1589 1739 1655 158ὴο-

94 1681 196 1737 bidinis
223 1679 330 1735 flamma
358 1683 532 1742 concremat;
559 1673 643 1745 etqui
676 1682 735 1743 post
762 1673 891 1744 puniendi
945 1675 1060 1747 minum,
1075 1678 1118 1733 vel
1146 1678 1225 1733 etiam
1239 1695 1253 1734 a
1267 1695 1321 1753 quo
1336 1681 1489 1737 damonum
1505 1683 1556 1739 sibi
1574 1685 1737 1757 tribuantur,

95 1779 161 1826 aunt
174 1766 360 1824 retributionis
386 1764 531 1836 supplicio,
552 1778 623 1817 nunc
642 1777 671 1817 se
685 1761 745 1832 ipsc
769 1761 890 1819 afficiunt
944 1763 1044 1833 quaein
1059 1765 1195 1836 voluptate
1210 1766 1300 1822 camis
1314 1768 1385 1824 maie
1403 1779 1608 1829 consumantur.

97 1857 212 1913 luxuriae
236 1865 380 1913 tormento.
405 1851 448 1908 rin
471 1869 526 1907 non
553 1859 717 1908 tormentum
732 1850 772 1907 eis
785 1849 891 1906 videtur
979 1855 1005 1906 6.
1023 1853 1166 1924 Postquam
1186 1864 1276 1911 autem
1290 1870 1384 1911 omnes
1404 1857 1455 1912 hos
1475 1857 1660 1929 fornicationis
1678 1879 1740 1935 gra·

95 1944 200 2000 libidini
214 1944 348 2002 enerviter
371 1940 533 1997 deserviret
548 1938 627 2009 Quod
641 1937 714 1992 enim
727 1946 896 1994 tormentum·
944 1939 995 1995 dus
1002 1940 1163 2008 ascenderit,
1179 1948 1206 1996 et
1219 1958 1266 2012 per
1281 1943 1373 2000 hocin
1388 1943 1554 2014 protundum
1567 1957 1739 2019 peccatorum

94 2034 217 2104 corporis
238 2031 275 2085 sit
297 2039 325 2086 et
346 2028 520 2097 contumelia,
543 2034 659 2083 testatur
686 2026 836 2099 Apostolus
850 2028 890 2082 di-
945 2027 1124 2096 descendeiit,
1134 2028 1177 2086 vel
1187 2030 1277 2100 potius
1292 2031 1433 2098 deciderit,
1445 2033 1537 2091 clauso
1547 2036 1639 2092 cordis
1660 2039 1740 2096 cculo

96 2136 180 2177 cens:
202 2117 326 2177 Tradidit
339 2118 404 2174 illos
419 2117 554 2173 Dominus
569 2114 602 2170 in
616 2115 841 2182 immunditiam,
858 2120 890 2172 ct
943 2124 1021 2173 vacat
1034 2116 1119 2172 miser
1130 2127 1157 2172 et
1181 2117 1294 2174 intendit
1306 2119 1395 2174 carnis
1408 2121 1547 2191 uoluptati,
1560 2123 1630 2179 sicut
1655 2139 1741 2197 equus

96 2201 890 2277 contumeliisafficiantccrpcrumaiascmctipst's(Rom.
945 2211 972 2260 et
983 2204 1072 2261 mulus
1093 2205 1190 2276 quibus
1206 2222 1259 2262 non
1283 2216 1325 2262 est
1339 2206 1492 2265 intellectus
1507 2225 1514 2263 :
1529 2218 1556 2264 et
1576 2211 1740 2270 assimilatur

97 2314 118 2362 r,
129 2297 231 2368 timet
238 2295 321 2352 alibi:
335 2292 524 2364 Quodcunque
528 2295 677 2364 peccatam
689 2291 790 2360 feccrit
798 2288 890 2356 bomo,
945 2292 996 2360 his,
1012 2309 1250 2365 quorumcuraes,
1271 2295 1420 2352 secundum
1438 2300 1687 2370 prophetam,sunt
1705 2305 1739 2359 ot

97 2390 182 2442 extro
195 2401 298 2457 corpas
312 2387 373 2442 ast:
388 2381 436 2455 pati
450 2385 547 2437 uatem
561 2382 735 2451 fornicator,
751 2381 783 2434 in
793 2396 892 2455 corpus
945 2397 1045 2438 cornea
1055 2384 1200 2440 asinorum
1212 2382 1322 2453 (Ezcclt.
1334 2400 1416 2454 xxtrt,
1428 2385 1640 2454 Doldsinorum
1651 2388 1738 2461 siqui-

97 2489 183 2530 tucm
205 2475 306 2544 peccat
319 2470 346 2541 (i
360 2471 420 2527 Cor.
437 2459 480 2538 vr,
488 2469 527 2537 8).
548 2466 617 2534 Quia
640 2466 712 2538 quod
734 2473 892 2540 peccatores
945 2473 1006 2528 dem
1019 2472 1168 2543 petulantia
1193 2471 1253 2528 talis
1266 2488 1327 2529 csse
1345 2474 1486 2545 probatur,
1507 2488 1536 2531 ut
1562 2475 1590 2531 in
1618 2477 1673 2533 aiio
1687 2493 1739 2550 ge-

97 2563 262 2633 voluplutem
291 2559 432 2624 aestimant,
456 2557 508 2612 hoc
523 2555 567 2612 isti
583 2572 692 2628 poenam
720 2565 826 2629 pulani.
856 2557 892 2612 Ut
944 2577 1010 2617 nere
1030 2559 1186 2616 animalium
1214 2576 1287 2633 saepe
1314 2563 1483 2618 misceantur.
1514 2563 1614 2620 Carnes
1647 2575 1737 2622 autem

98 2651 171 2707 enirn
187 2666 249 2707 caro
269 2648 408 2717 mollibus,
423 2646 462 2702 sic
476 2645 564 2701 anima
583 2644 659 2701 duris
674 2645 800 2702 nutritur.
822 2645 890 2700 Car·
945 2649 1130 2706 fornicantium
1145 2649 1247 2705 idcireo
1275 2649 1411 2706 asinorum
1429 2653 1556 2708 carnibus
1577 2668 1738 2725 comparan-

97 2755 161 2795 nem
176 2738 274 2794 blanda
283 2736 414 2804 retorem,
431 2734 549 2791 animam
561 2750 658 2807 aspera
672 2742 807 2791 exercent.
823 2734 891 2789 Caro
947 2747 999 2804 tur,
1020 2737 1093 2810 quod
1109 2752 1163 2792 non
1178 2738 1264 2793 scium
1291 2738 1467 2805 naturalibus,
1489 2756 1581 2797 verum
1602 2741 1683 2798 etiam
1697 2741 1740 2798 bis

98 2826 322 2884 delectationibus
336 2825 456 2897 pascitur
469 2841 476 2878 ι
488 2823 579 2879 anima
588 2820 776 2879 amaritudinis
791 2821 893 2879 rolova·
945 2827 990 2900 qui
1004 2835 1097 2881 contra
1115 2835 1239 2882 naturam
1260 2833 1333 2896 sunt,
1362 2827 1550 2899 complexibus
1578 2830 1740 2902 quandoque

98 2913 459 2972 turAEtsicutearnemdura
469 2913 601 2979 sauciant,
613 2912 752 2968 sicmoiiia
765 2911 891 2983 spiritum
907 2881 929 2963 Β
944 2915 1092 2972 miscentur
1106 2933 1113 2982 ;
1131 2914 1359 2985 quemadmodum
1373 2915 1519 2987 Apostolus
1533 2918 1676 2975 inhonesta
1689 2920 1740 2977 ho·

98 3012 212 3062 necant:
232 3004 301 3060 sicut
314 3018 422 3061 carnem
436 3000 570 3058 laboriosa
583 3000 752 3071 interimunt,
766 3001 804 3056 ita
813 2999 893 3071 spiri·
947 3005 1049 3060 minum
1071 3003 1134 3063 vitia
1149 3006 1259 3060 honesta
1273 3005 1455 3076 reprehendit,
1475 3014 1504 3061 ut
1522 3006 1556 3062 ab
1570 3007 1740 3064 inhonestate

100 3100 157 3149 tum
171 3092 340 3149 delectabilia
361 3090 558 3163 exstinguunt:
575 3099 603 3145 ct
616 3088 679 3144 iuda
692 3089 720 3145 in
737 3098 894 3162 perpetuum
945 3095 979 3148 ad
1006 3092 1155 3149 honestatis
1183 3091 1295 3149 formam
1327 3093 1426 3148 multos
1457 3094 1570 3151 honeste
1604 3102 1742 3152 revocaret

98 3181 212 3255 spiritus
222 3180 322 3247 interit,
333 3180 404 3236 unde
414 3181 448 3235 ad
460 3179 758 3249 tempuscarosuariter
767 3178 892 3251 quiescit.
948 3180 1037 3250 (Rom.
1059 3181 1090 3247 ι).
1107 3180 1140 3235 lli
1156 3181 1237 3237 etiam
1260 3180 1409 3238 induuntur
1423 3198 1542 3253 purpura
1566 3191 1593 3240 at
1603 3185 1695 3257 bysso,
1717 3183 1740 3241 si

135 3274 162 3329 5.
179 3268 248 3339 Quia
262 3268 335 3324 anim
347 3269 381 3323 de
395 3267 503 3322 luxuria
517 3273 545 3321 et
559 3265 737 3324 fornicatione
751 3266 825 3338 loqui
840 3282 894 3323 eoe-
946 3275 1073 3338 possunt:
1089 3268 1178 3323 sinon
1197 3276 1320 3339 possunt,
1337 3275 1436 3338 quanto
1451 3269 1590 3325 delicatius
1606 3280 1741 3343 possunt:

99 3359 199 3430 pimus,
219 3355 356 3412 sciendum
371 3354 443 3428 quod
467 3354 610 3410 fornicatio
633 3353 829 3426 quadriformis
851 3354 894 3408 in·
947 3363 975 3411 et
989 3355 1130 3427 epulantur
1152 3354 1284 3427 quotidie,
1311 3366 1411 3427 quanto
1430 3357 1587 3427 spendidius
1618 3365 1740 3430 possunt.

99 3446 247 3520 telligitur3
273 3445 327 3499 imo
343 3444 370 3499 in
395 3449 511 3514 quatuor
532 3440 639 3513 specics
661 3441 842 3498 subdividitur
865 3441 894 3496 in
948 3444 1000 3500 Sed
1019 3459 1080 3498 cum
1102 3445 1233 3499 loannem
1256 3443 1401 3513 baptistam
1426 3444 1558 3501 Dominus
1592 3444 1626 3501 de
1655 3445 1742 3502 rictus

98 3538 215 3611 singulis
229 3543 320 3591 autern
334 3534 391 3590 suis
414 3532 556 3604 speciebus
579 3532 698 3588 cavenda
719 3546 831 3605 prorsus
845 3532 894 3587 do·
947 3532 1083 3604 parcitate,
1099 3538 1126 3587 et
1138 3532 1252 3591 vestitus
1272 3531 1417 3602 asperitate
1441 3532 1583 3601 laudasset,
1599 3533 1636 3589 ait
1651 3547 1659 3587 :
1676 3534 1743 3592 Ecca

98 3634 175 3683 catur
189 3642 197 3684 :
211 3640 363 3698 quanquam
386 3639 441 3681 uua
456 3624 551 3678 barum
572 3620 686 3677 minoris
701 3622 797 3677 beatus
810 3620 894 3677 intel·
948 3619 1142 3694 permollitus
1160 3621 1335 3690 vestiamur,
1351 3621 1384 3677 io
1404 3620 1533 3679 domibus
1554 3637 1650 3694 repom
1673 3627 1742 3680 suat

99 3713 200 3789 ligitur.
225 3712 315 3769 Prima
339 3713 427 3784 itaque
448 3710 530 3782 hunus
554 3708 755 3781 quadripartitae
777 3708 895 3765 fornica·
948 3708 1047 3782 (batt.
1064 3725 1104 3777 11,
1120 3708 1171 3782 8):
1192 3710 1320 3768 nimirum
1342 3711 1438 3768 voleus
1457 3709 1581 3782 intelligi,
1597 3710 1660 3782 quia
1692 3709 1741 3784 qui

97 3803 179 3859 tionis
199 3802 306 3876 species
329 3811 380 3869 est,
395 3818 449 3874 qua
462 3800 575 3873 quisque
603 3807 695 3856 menta
717 3806 820 3856 tantum
841 3798 893 3854 ob·
948 3807 1083 3857 sectantur
1096 3798 1206 3856 delicias
1220 3799 1318 3866 carnia,
1334 3814 1418 3872 regno
1442 3799 1525 3871 hujus
1553 3799 1647 3856 saculi
1668 3798 1743 3855 mill·

98 3894 197 3950 scaenis
220 3893 310 3949 carnis
335 3890 516 3962 voluptatibus
533 3889 640 3946 misceri
663 3888 840 3961 concupiscit.
854 3890 894 3944 Dc
948 3897 1016 3956 tant,
1028 3904 1082 3946 oon
1097 3904 1182 3962 regno
1197 3888 1258 3944 Dei.
1278 3888 1333 3944 Sed
1348 3890 1401 3944 beu
1418 3892 1424 3946 l
1445 3904 1524 3958 quam
1535 3888 1663 3944 terribilis
1678 3904 1744 3944 sen·

99 3983 149 4036 bac
162 3980 191 4034 in
206 3978 353 4052 Evangelio
368 3979 501 4035 Dominus
514 3978 597 4037 dicit:
613 3977 667 4049 Qut
679 3979 893 4036 videritmclie·
951 3978 1036 4036 tentia
1049 3977 1158 4036 coelitus
1171 3978 1261 4034 audita
1274 3985 1316 4034 cst
1328 3985 1423 4035 contra
1441 3977 1582 4034 mollitiam
1596 3977 1668 4034 illius
1684 3993 1743 4032 ma·

100 4067 611 4140 ramudconcttpisccndcmccm,jttm
619 4067 897 4126 moecbctusestccm
951 4085 1013 4140 gnte
1036 4068 1197 4135 meretricis,
1221 4084 1280 4141 quae
1297 4067 1418 4125 omnium
1447 4066 1624 4124 delicatorum
1657 4065 1686 4122 in
1715 4080 1745 4122 se

104 4159 137 4214 ira
151 4156 233 4214 corde
246 4154 408 4228 sandicem
422 4171 450 4222 v,
466 4157 525 4226 28).
535 4154 737 4225 altercantem,
747 4172 800 4230 qua
812 4157 897 4228 ipsius
913 4149 937 4228 n
951 4157 1071 4214 continet
1098 4159 1271 4229 personam?
1288 4158 1442 4225 Quantum,
1458 4155 1544 4226 iuquit
1562 4169 1615 4211 uox
1630 4154 1677 4208 iila
1691 4169 1746 4211 coe·
1813 4151 1815 4154 ⁴

105 4246 249 4318 voluptatis
277 4260 345 4315 opus
374 4243 550 4315 concupitum
573 4245 670 4314 copula
692 4244 793 4300 carnali
807 4245 896 4301 admi·
950 4245 1035 4316 lestis,
1052 4243 1543 4316 indeliciisscitctplorificcm'tsc,
1556 4246 1670 4300 tontum
1680 4241 1746 4299 dcte

104 4343 162 4393 stus
175 4335 209 4391 ad
223 4333 348 4390 ellectum
363 4330 499 4406 perducit,
513 4332 548 4387 de
562 4346 616 4402 qua
630 4333 792 4404 Apostolum
807 4340 898 4386 monet
951 4337 978 4390 et·
993 4337 1168 4389 tormentum
1189 4336 1218 4390 ct
1230 4334 1343 4388 luctum
1362 4331 1457 4404 (apoc.
1479 4346 1559 4398 xvru,
1575 4331 1614 4403 l).

100 4422 192 4480 dicens
207 4439 214 4477 s
232 4423 330 4496 Facite
338 4419 570 4493 fornicationem,
585 4421 701 4492 fratres.
713 4419 898 4492 Quodcunque
985 4419 1137 4477 mutinam
1152 4427 1240 4475 tamen
1255 4418 1298 4473 bis
1312 4417 1422 4486 deliciis,
1444 4425 1549 4473 tantum
1568 4416 1681 4474 mollitia
1704 4433 1747 4476 ve-

102 4511 180 4570 ‘cm'm
190 4516 341 4585 peccatum
349 4513 449 4582 feeerit
459 4511 552 4580 bomo,
567 4516 651 4570 extra
659 4526 760 4584 cmpos
775 4513 837 4566 art:
852 4510 901 4580 qul
953 4510 1034 4567 stium
1045 4515 1072 4565 et
1085 4509 1218 4566 suavitate
1240 4508 1381 4578 epularum
1408 4514 1534 4563 contenta
1557 4516 1628 4564 esset
1647 4508 1748 4565 teneri·

103 4606 202 4660 actem
211 4602 383 4672 fornicatur,
395 4600 428 4656 ic
438 4618 540 4677 corpas
549 4618 634 4659 auum
644 4604 740 4674 peccat
750 4600 777 4669 (i
785 4599 846 4655 Cor.
857 4611 899 4663 vr,
953 4597 1019 4653 tudo
1028 4594 1374 4667 delicatiorumBabyionis,
1389 4595 1510 4653 nacoliae
1524 4595 1748 4670 spinasvitiorum

106 4694 157 4758 18).
173 4689 262 4748 Tertia
288 4704 363 4756 roro,
388 4706 442 4762 qua
465 4689 580 4747 terrenis
606 4687 749 4746 desideriis
770 4694 897 4751 aestuans,
953 4684 1204 4760 germinaretinels
1218 4685 1455 4758 ramusuoiuptatis
1467 4687 1655 4755 ;utbocesset
1668 4701 1747 4743 omne

104 4779 164 4849 plus
193 4784 345 4833 creaturam
362 4794 443 4850 quam
462 4779 614 4835 Creatorem
629 4787 812 4834 creaturarum
834 4774 898 4833 diii·
951 4784 1093 4848 peceatum
1102 4789 1196 4831 eorum
1208 4773 1746 4842 deliciari,etnonlururiarilNamatde

103 4867 153 4941 git.
171 4868 209 4923 De
224 4868 276 4923 bac
299 4867 445 4936 praedictus
471 4865 600 4923 Gentium
619 4867 764 4938 apostolus
787 4873 899 4923 testatur
952 4880 1051 4939 mwna
1065 4863 1204 4922 meretrice
1218 4865 1363 4937 Babylone,
1377 4866 1411 4921 de
1424 4864 1505 4936 cujus
1523 4864 1611 4922 madio
1639 4864 1747 4922 delicati

103 4955 195 5011 dicens
208 4973 214 5012 :
227 4955 460 5028 Etcucritiopuoe
466 4953 895 5027 estidolorcmserct'taaliipltes.
951 4953 997 5011 isti
1011 4954 1044 5010 ad
1058 4953 1226 5014 seducendos
1240 4955 1340 5012 electos
1353 4955 1402 5011 Dei
1419 4953 1508 5012 exisse
1520 4952 1654 5024 videntur,
1678 4952 1746 5010 torte

103 5059 130 5110 v,
147 5045 185 5116 b).
201 5042 301 5113 Quarta
317 5058 391 5110 vero,
419 5059 472 5117 qua
495 5043 637 5101 simulacra
659 5059 708 5116 pro
731 5045 789 5101 Dec
812 5059 898 5101 vene·
952 5043 1066 5100 audeam
1077 5042 1183 5103 dicere:
1199 5050 1328 5119 quantum
1345 5043 1401 5100 vult
1416 5043 1540 5101 deliciata
1555 5042 1599 5110 sit,
1619 5050 1746 5116 quantum

102 5149 177 5203 rans,
193 5132 362 5188 damonibus
386 5132 548 5188 servitutem
572 5132 712 5205 impendit.
727 5135 768 5190 De
782 5135 833 5189 ista
847 5150 897 5189 au·
954 5141 1102 5206 purpurata
1117 5133 1279 5214 sitientum
1294 5133 1419 5190 meretrix
1433 5149 1489 5190 non
1504 5132 1549 5203 sit,
1570 5148 1621 5189 nec
1647 5147 1744 5188 secun·

40 5289 42 5293 ¹
102 5231 156 5279 tem
172 5237 220 5290 per
234 5223 392 5293 prophetam
415 5229 511 5278 contra
524 5220 631 5293 plebem
652 5221 789 5278 iudaicam
804 5222 898 5280 Domi·
952 5224 1017 5279 dum
1026 5224 1194 5297 prophetam,
1206 5222 1415 5296 divaricetpedcs
1423 5240 1489 5282 auos
1498 5221 1748 5282 omnttrotttctmti

102 5309 438 5380 nuscunqueriturdicens
450 5324 457 5366 :
471 5311 809 5381 Quiamoecbctccstcum
823 5312 899 5385 liprto
952 5312 1065 5386 (tacet.
1081 5329 1140 5370 xer.
1157 5315 1213 5385 ab).
1229 5313 1283 5386 lpsi
1304 5312 1418 5369 viderint
1438 5313 1461 5368 si
1475 5313 1513 5367 ita
1539 5311 1687 5369 exstinctus
1705 5319 1744 5368 est

103 5406 131 5458 ct
145 5397 241 5472 lapide
263 5397 377 5472 (ierem.
403 5415 446 5469 nr,
462 5400 502 5473 9).
515 5401 551 5457 lit
564 5401 672 5475 quidem
691 5400 719 5457 in
735 5401 820 5459 tribus
842 5403 900 5459 suis
953 5404 1030 5459 ineis
1045 5403 1087 5459 ille
1101 5401 1236 5478 ingenitus
1250 5411 1277 5459 et
1291 5401 1400 5474 pestiler
1425 5401 1504 5478 iguis,
1520 5412 1550 5459 ut
1564 5409 1603 5459 tot
1623 5399 1748 5458 lomentis

102 5489 255 5564 speciebus,
269 5487 297 5547 id
309 5497 361 5559 cst,
376 5488 405 5548 in
429 5490 549 5563 appetitu
569 5491 705 5549 obscoenae
728 5493 895 5549 commistio·
953 5491 1151 5564 circumpositis
1164 5503 1278 5566 nequeat
1295 5491 1451 5562 reaccendi;
1477 5491 1628 5565 praesertim
1659 5491 1748 5548 rantis
