3706 5962
155 161 209 224 tlt
251 184 253 189 ·
770 161 923 222 dulcetus
939 160 1190 224 ctarflbststtsts
1751 156 1804 216 tte

155 301 281 362 tauquam
300 288 422 346 inutilem
439 302 472 343 ac
491 287 600 343 noxium
615 286 719 354 cibum;
737 304 788 345 nec
806 289 853 345 diu
867 290 947 346 talem
966 321 989 398 Α
1007 289 1123 346 affectu:
1138 296 1167 344 et
1186 294 1277 343 tamen
1295 285 1339 342 ιιι
1361 285 1519 342 ιιιιοιιιιιι
1541 282 1669 354 permoti,
1686 280 1732 337 vel
1752 280 1803 336 do·

155 379 210 452 pati
226 385 315 449 potest
327 378 356 432 in
369 376 518 433 visceribus
532 375 589 430 suis
602 374 712 432 officina
728 376 846 447 pietatis,
860 379 948 435 venit·
1006 377 1094 433 ctrina
1107 372 1276 440 commoniti,
1293 373 1336 429 vel
1344 372 1469 444 exemplo
1484 368 1634 442 provocati,
1649 368 1804 440 approbant

118 461 120 463 ’
155 483 208 538 que
224 483 274 537 pes
287 465 433 537 superbiae,
448 471 477 520 et
491 472 614 535 asportat
632 480 694 520 eum
713 481 809 521 manus
822 477 948 536 peccato-
1003 467 1105 521 bonurn
1120 463 1167 520 ubi
1180 463 1331 528 inveniunt,
1346 469 1374 518 et
1389 460 1465 534 quasi
1479 459 1555 525 caeci,
1575 459 1625 514 sed
1642 458 1679 514 ad
1692 474 1805 515 manum

156 555 203 617 ris,
220 563 247 610 ot
265 563 357 611 movet
375 569 460 610 eum:
482 560 507 607 et
528 552 656 624 expulsus
679 569 734 609 non
753 563 843 625 potest
864 563 949 628 stare,
1004 554 1082 612 tracti
1096 561 1257 628 sequuntur,
1273 552 1325 609 hoc
1338 559 1378 607 est
1397 550 1545 606 imitantur.
1563 549 1633 604 Sunt
1647 547 1805 615 rationales,

156 644 204 698 sed
223 642 292 716 fugit
311 641 403 707 miser,
419 641 508 696 nudus
528 648 555 696 et
576 641 780 707 tremebundus,
797 642 866 698 sicut
883 643 950 699 Cain
1004 644 1051 719 qui
1072 659 1123 716 per
1144 642 1255 700 rationis
1271 641 1403 710 judicium
1419 647 1447 696 ιι
1468 637 1598 694 naturalis
1612 637 1736 695 scientiae
1750 637 1805 692 dis·

156 729 255 786 alacie
274 730 381 785 Domini
402 748 409 784 :
429 729 570 800 expositus
588 728 706 786 uitiiset
725 731 952 798 damnabamur
1004 732 1165 800 cretionem,
1181 731 1283 785 habeut
1298 739 1326 786 ιι
1349 728 1533 800 cognitionem
1552 725 1628 797 boni,
1647 732 1675 782 et
1693 726 1804 798 appeti-

156 818 202 890 qui
217 818 290 890 prior
302 817 438 874 invenerit
451 833 524 883 eum,
540 825 627 874 morte
642 818 739 874 animae
758 835 820 876 eum
835 819 950 877 occidat.
1005 828 1063 876 turn
1079 837 1086 874 ε
1102 820 1149 875 sed
1169 819 1289 875 nondum
1312 818 1415 875 habent
1434 815 1573 872 aflectum.
1590 815 1658 871 Sunt
1677 812 1804 886 perfecti,

157 907 205 962 Vel
222 907 246 962 si
261 906 415 979 aliquandiu
433 906 571 962 duraverit
590 906 617 960 in
632 923 675 973 ea,
691 923 745 964 non
765 909 872 965 virtutis
884 924 952 965 con·
1005 909 1052 981 qui
1066 908 1161 980 spiritu
1176 914 1305 980 aguntur,
1321 905 1367 978 qui
1381 921 1397 960 a
1412 911 1507 961 sancto
1522 903 1624 976 Spiritu
1648 903 1756 976 plenius
1769 902 1804 957 il·

156 995 263 1061 stantia,
280 996 329 1051 sed
344 995 476 1067 pertinaci
494 995 615 1061 miseria,
632 996 673 1051 sic
692 995 716 1051 ei
731 996 800 1053 cella
818 1003 860 1053 est
875 995 952 1069 quasi
1005 997 1178 1052 luminantur.
1199 996 1234 1050 Et
1245 993 1375 1066 quoniam
1389 994 1461 1064 sapit
1474 992 1515 1049 eis
1528 992 1629 1049 bonum
1653 993 1732 1062 cujus
1746 999 1803 1046 tra·

156 1099 259 1147 carcer,
274 1089 322 1138 aut
342 1083 413 1139 siout
432 1082 534 1138 viventi
553 1085 702 1155 sepultura.
718 1084 866 1141 Pestilente
886 1099 952 1140 vero
1006 1086 1106 1141 huntur
1135 1082 1246 1148 affectu,
1263 1083 1399 1153 sapientes
1412 1089 1554 1138 vocantur.
1563 1080 1632 1150 Quia
1640 1094 1707 1136 vero
1717 1079 1805 1135 induit

156 1169 292 1244 flagellato
307 1171 417 1241 sapiens
434 1170 583 1242 sapientior
596 1172 649 1226 erit
665 1173 758 1239 (Proe.
774 1188 837 1239 xix,
853 1173 909 1244 25),
926 1182 954 1227 ιι
1006 1187 1054 1227 eos
1068 1170 1184 1242 Spiritus
1203 1179 1324 1235 sanctus,
1343 1169 1422 1239 cujus
1442 1167 1542 1224 aflectu
1566 1168 1720 1232 trabuntur,
1737 1165 1805 1222 sicut

155 1258 256 1314 lavabit
278 1260 366 1330 justus
385 1274 483 1314 manus
509 1276 573 1314 suas
595 1259 624 1315 in
647 1260 780 1332 sanguine
804 1260 953 1332 peccatoris
1007 1258 1096 1330 inquit
1109 1257 1174 1314 olim
1187 1257 1368 1313 Gedeonem:
1392 1255 1509 1328 Spiritus
1523 1255 1609 1311 sancti
1631 1254 1802 1321 indumento,

157 1347 247 1418 (Psoi.
258 1363 327 1418 ιιιι,
339 1348 394 1419 ιι).
406 1348 481 1404 Sicut
494 1364 561 1423 ergo
570 1347 636 1405 dicit
647 1350 788 1420 propheta,
801 1350 833 1407 Si
842 1365 953 1406 conuer·
1006 1346 1160 1419 spirituales
1181 1345 1361 1417 appellantur.
1383 1344 1488 1399 Primus
1515 1340 1606 1400 Μ
1628 1349 1716 1398 status
1733 1342 1806 1398 circa

158 1435 952 1510 teris,1sroef,odmeconverterc(fer.rv,ll:bocest,
1006 1452 1105 1508 corpus
1119 1450 1149 1491 se
1165 1434 1265 1500 trabem
1286 1433 1424 1491 secundus
1442 1432 1515 1488 circa
1538 1432 1655 1487 animam
1677 1447 1708 1488 sc
1723 1447 1805 1487 exer·

154 1523 288 1594 perfectae
315 1524 502 1580 conversionis
529 1527 637 1582 culmen
664 1527 853 1599 apprehende.
883 1526 954 1582 Nulli
1006 1533 1069 1581 cet:
1085 1523 1181 1579 tertius
1194 1521 1301 1578 nonnisi
1325 1521 1352 1577 in
1367 1521 1424 1577 Deo
1439 1519 1560 1593 requiem
1575 1520 1666 1576 habet.
1683 1519 1806 1590 Quonim

155 1613 270 1670 enimin
285 1614 383 1670 eodem
397 1621 470 1670 statu
483 1614 529 1672 diu
544 1631 605 1671 esse
620 1617 786 1673 conceditur.
803 1617 888 1673 Servo
904 1616 954 1672 Dei
1006 1612 1103 1684 singuli
1117 1611 1187 1667 ιιιιιι
1202 1611 1303 1666 babent
1317 1616 1419 1666 certam
1432 1608 1593 1681 proficiendi
1608 1607 1805 1677 rationem,sic

156 1710 202 1756 ant
215 1717 324 1773 semper
344 1701 549 1773 proficiendum,
564 1711 610 1758 aut
630 1702 812 1760 deficiendum
826 1711 866 1760 est
883 1724 889 1761 :
905 1711 952 1758 aut
968 1711 990 1788 fl
1006 1701 1034 1756 in
1047 1715 1148 1772 genere
1161 1715 1211 1755 suo
1224 1696 1618 1769 nerumhabentpertectionis
1628 1712 1688 1753 sure
1696 1712 1807 1752 mensu-

156 1807 262 1845 sursum
278 1790 382 1855 nititur,
399 1799 446 1845 aut
464 1791 491 1845 in
511 1790 640 1847 inferiora
659 1801 781 1866 urgetur.
798 1794 841 1849 ab
861 1792 951 1849 omni·
1007 1803 1073 1844 ram.
1091 1786 1197 1843 initium
1220 1787 1284 1843 boni
1299 1787 1327 1841 in
1346 1785 1553 1843 conversatione
1568 1784 1690 1850 animali,
1712 1782 1806 1856 perfe-

157 1877 207 1932 bus
226 1885 318 1933 autem
336 1877 412 1934 vobis
434 1877 565 1949 perfectio
589 1879 716 1954 exigitur,
732 1880 797 1938 licet
820 1897 874 1937 non
894 1881 953 1936 uni·
1006 1885 1049 1932 cta
1062 1875 1217 1932 obedientia
1232 1883 1287 1931 ost:
1300 1874 1448 1946 profectus,
1463 1874 1599 1943 subjicere
1607 1888 1709 1944 corpus
1719 1888 1805 1934 suum.

156 1965 258 2024 formis.
275 1966 329 2021 Sed
354 1967 376 2021 si
400 1966 506 2039 incipis,
523 1967 612 2040 incipe
637 1969 756 2041 perfecte
778 1985 784 2024 τ
810 1970 832 2025 ιι
851 1971 906 2041 jam
925 1969 953 2024 in
1007 1972 1034 2020 et
1045 1965 1071 2019 in
1083 1964 1242 2020 servitutem
1251 1963 1392 2035 redigere:
1404 1962 1603 2033 perfectio,usu
1613 1961 1679 2018 boni
1688 1977 1806 2017 consue-

156 2054 281 2125 profecto
292 2070 332 2123 es,
345 2064 373 2110 et
382 2055 436 2112 hoc
446 2055 533 2127 ipsum
544 2058 599 2128 jam
608 2056 729 2128 perfecte
740 2074 811 2131 age:
828 2058 851 2112 si
862 2065 953 2114 autem
1007 2053 1127 2109 tudinem
1138 2052 1286 2108 vertissein
1295 2051 1514 2108 delectationem.
1526 2050 1634 2105 initium
1645 2065 1713 2106 vero
1723 2050 1805 2106 ratio·

157 2141 332 2215 perfectionis
350 2142 452 2215 aliquid
470 2143 596 2216 attigisti,
613 2146 744 2217 teipsum
762 2146 790 2201 in
809 2146 954 2217 temetipso
1007 2142 1076 2197 nalis
1089 2149 1132 2197 est
1146 2140 1299 2214 intelligere
1313 2156 1374 2211 quae
1396 2140 1423 2195 in
1446 2139 1568 2195 doctrina
1583 2138 1646 2194 fidei
1659 2154 1805 2210 apponun-

157 2230 261 2298 metire,
277 2237 306 2286 et
321 2229 365 2287 dic
379 2246 441 2287 cum
456 2231 604 2304 apostolo:
621 2235 681 2291 Non
695 2234 767 2307 qood
775 2236 838 2306 jam
852 2250 953 2307 oppre·
1008 2238 1051 2285 tur
1067 2230 1111 2286 ei:
1133 2228 1281 2302 profectus,
1293 2227 1356 2284 talia
1371 2242 1537 2300 praeparare,
1554 2227 1645 2300 qualia
1664 2242 1804 2299 apponun-

158 2320 316 2386 insederim,
325 2325 376 2376 aot
386 2325 528 2392 perlectos
538 2323 595 2378 sim
605 2341 614 2377 .·
625 2338 724 2396 sequor·
733 2326 840 2387 aretem,
848 2325 872 2378 si
882 2326 955 2394 forte
1008 2325 1051 2374 tur
1068 2337 1073 2372 :
1090 2317 1230 2390 perfectio,
1245 2332 1309 2373 cum
1323 2317 1350 2371 in
1366 2316 1494 2372 affectum
1509 2315 1607 2371 mentis
1626 2315 1724 2371 transit
1735 2315 1807 2384 judi-

158 2405 955 2484 comprehendam,inpioeteompremsmssmdtnnm
1008 2407 1081 2463 cium
1109 2407 1232 2462 rationis.
1263 2404 1397 2461 Perfeotio
1419 2419 1484 2461 vero
1513 2404 1629 2460 hominis
1657 2404 1805 2473 rationalis,

157 2499 264 2567 antem,
275 2512 338 2567 quse
351 2495 465 2567 quidem
475 2501 630 2554 retroeunt
645 2497 856 2563 obliviscerent
871 2499 908 2554 od
921 2515 954 2555 eo
1007 2495 1114 2550 initium
1129 2501 1171 2549 est
1185 2493 1304 2549 hominis
1329 2492 1491 2564 spiritualis:
1515 2492 1653 2563 profectus
1672 2494 1743 2563 ejus,
1759 2509 1805 2548 re-

157 2583 955 2658 quoesorttprioroecterrdertsorcipsnm,oddastiractem
1008 2584 1095 2639 velata
1110 2583 1179 2637 facie
1199 2582 1334 2653 speculari
1356 2582 1471 2653 gloriam
1494 2581 1559 2636 Dei:
1575 2581 1707 2650 perfectio
1729 2596 1805 2646 vero,

156 2671 954 2746 persequerertrantnmrupernoeuoeattentstncbristo
1008 2671 1195 2726 transformari
1225 2672 1254 2724 in
1282 2670 1405 2724 eamdem
1429 2666 1577 2739 imaginem
1600 2667 1753 2725 ιιιιιιιιιι
1778 2669 1806 2725 in

156 2759 231 2814 Ιιιιι.
242 2757 347 2813 Deinde
362 2758 459 2813 addit:
479 2761 617 2831 Quotquot
632 2777 695 2833 erqo
707 2762 830 2833 perfecti
844 2778 952 2827 somus,
1007 2759 1170 2826 claritatem,
1184 2756 1256 2812 sicut
1274 2772 1290 2810 a
1304 2756 1413 2813 Domini
1428 2756 1540 2829 Spiritu.

157 2843 207 2901 froc
224 2844 372 2917 sopiamus
391 2847 477 2916 (Pitt.
499 2862 542 2916 ru,
559 2849 663 2918 ibib).
681 2849 711 2902 ln
735 2864 789 2921 quo
810 2847 953 2904 manifeste
1043 2848 1087 2902 13.
1104 2847 1138 2901 Ut
1153 2860 1221 2918 ergo
1234 2845 1352 2917 primum
1367 2861 1565 2918 prosequamur
1586 2847 1621 2901 de
1636 2846 1736 2919 primo,
1751 2847 1806 2903 sci·

158 2932 288 3003 apostolo
309 2932 424 2989 docente
447 2934 611 3002 declaratur,
627 2936 690 3008 quia
712 2936 834 3008 perfecta
858 2952 952 2993 eorum
1006 2936 1068 2992 licet
1081 2938 1115 2991 de
1129 2934 1251 3000 animali,
1267 2935 1420 2991 animalitas
1434 2942 1478 2991 est
1489 2935 1552 2991 vitre
1564 2935 1662 2991 modus
1679 2934 1806 2991 semibus

158 3035 220 3090 quae
239 3027 312 3076 retro
327 3029 389 3076 sunt
403 3021 513 3090 oblivio,
529 3032 558 3079 ιι
571 3024 694 3095 ριιιιιιι
707 3025 734 3078 in
750 3025 887 3080 antenore
902 3041 952 3080 ex·
1006 3024 1129 3094 corporis
1142 3023 1281 3079 serviens:
1299 3023 1403 3079 scilicet
1426 3039 1487 3080 cum
1511 3023 1612 3089 anima,
1632 3022 1710 3096 qnasi
1731 3031 1806 3079 extra

156 3107 254 3176 tensio,
269 3108 328 3179 ipsa
342 3116 385 3164 est
400 3110 515 3166 bominis
532 3112 597 3182 justi
615 3112 643 3168 in
662 3114 711 3168 bac
727 3113 780 3168 vita
796 3112 927 3184 perfectio
943 3132 949 3167 :
968 3087 990 3165 0
1006 3128 1036 3168 se
1049 3128 1206 3184 persensus
1218 3111 1420 3183 corporisoirca
1433 3111 1594 3167 dilectorum
1608 3110 1807 3168 delectationes

156 3202 185 3250 et
197 3195 330 3266 perfectio
346 3198 426 3268 hujus
437 3199 613 3270 perfectionis
626 3201 664 3256 ibi
679 3202 740 3267 erit,
758 3201 804 3256 ubi
818 3201 871 3258 erit
885 3203 951 3257 bra·
1006 3215 1153 3272 corporum
1165 3199 1274 3266 affecta,
1291 3215 1385 3255 eorum
1400 3199 1529 3256 fruitione
1552 3200 1647 3271 pascit,
1663 3199 1707 3256 vel
1722 3200 1807 3256 nutrit

155 3283 189 3339 vii
204 3299 329 3355 superne.
342 3287 490 3344 vocationis
505 3287 625 3360 perfecta
639 3290 830 3362 apprehensio.
1006 3289 1210 3346 sensualitatem
1224 3303 1302 3344 suam
1314 3307 1320 3346 :
1334 3303 1455 3345 seucum
1466 3288 1538 3343 intra
1552 3304 1582 3343 se
1597 3287 1770 3360 regrediens,
1781 3296 1808 3344 et

466 3393 577 3450 cqpup
599 3395 631 3451 v,
1006 3392 1121 3450 corpora
1144 3377 1243 3449 quibus
1268 3375 1332 3433 forti
1356 3377 1462 3450 glutino
1487 3377 1587 3432 amoris
1609 3385 1646 3450 et·
1661 3385 1807 3434 consuetu·

160 3496 273 3568 Triplex
286 3499 455 3556 statueritis
469 3499 952 3572 religiosor,animaliarotionalis,
1006 3467 1078 3522 (Ηώς
1101 3467 1225 3537 ”dhaesit’
1252 3467 1281 3521 in
1308 3466 1398 3522 ΜΠ]
1430 3467 1599 3564 ἰηωφίῗωω
1630 3475 1737 3522 '²³²⁰‘ae
1763 3482 1808 3565 αἶ’

189 3568 368 3639 spirituali„
392 3570 467 3625 alias
491 3571 706 3643 incipientium,
727 3573 951 3645 proficientium,
1006 3573 1068 3613 cnm
1083 3556 1155 3612 ferre
1170 3570 1225 3611 non
1238 3553 1399 3628 prevalens,
1422 3571 1516 3611 eornm
1531 3554 1597 3610 illuc
1617 3570 1713 3610 secum
1727 3554 1808 3610 trabit

191 3643 219 3693 et
233 3643 437 3710 perfectoram.
1007 3643 1151 3716 imagines,
1168 3651 1196 3698 et
1219 3642 1398 3699 amicabiliter
1419 3643 1457 3700 ibi
1476 3659 1538 3699 cum
1555 3642 1595 3698 eis
1610 3651 1805 3702 conversatur:

192 3729 238 3781 ta.
255 3724 311 3780 lloc
324 3733 416 3781 autern
430 3727 511 3783 modo
526 3727 596 3784 sicut
614 3729 693 3784 stella
707 3745 723 3784 a
737 3730 816 3786 stella
830 3730 912 3786 distat
925 3730 953 3785 in
1007 3732 1106 3804 quibos
1120 3732 1273 3788 assuefacto
1287 3747 1349 3788 oum
1363 3731 1401 3786 nil
1415 3739 1492 3803 putat
1513 3746 1584 3796 esse,
1601 3730 1654 3786 nisi
1668 3731 1712 3787 rel
1727 3732 1808 3805 quale

157 3812 289 3876 claritate.
306 3812 346 3868 sic
364 3813 432 3869 cella
451 3831 467 3868 ι
481 3814 549 3870 cella
568 3815 596 3870 in
616 3817 832 3883 conversatione,
849 3817 954 3874 scilicet
1007 3817 1074 3873 foris
1090 3817 1210 3889 reliquit,
1226 3819 1269 3874 vel
1284 3819 1366 3891 quale
1379 3818 1453 3875 intus
1466 3819 1610 3886 contraxit,
1626 3818 1700 3886 inde,
1717 3835 1806 3894 qnam

157 3899 353 3970 incipientium,
375 3901 584 3971 proficientium,
611 3911 638 3959 et
667 3903 856 3973 perfectorum.
880 3906 952 3962 inci·
1007 3906 1053 3961 din
1070 3905 1144 3973 licet,
1159 3907 1310 3977 jucundum
1334 3908 1416 3964 habet
1439 3908 1589 3964 secundum
1612 3908 1809 3966 delectationes

157 3986 288 4058 pientiam
303 3994 389 4043 status
409 3994 498 4061 potest
516 3990 570 4047 dici
585 3990 725 4061 animalis,
741 3993 951 4066 proficientium,
1007 3994 1115 4066 coporis
1140 3995 1242 4050 vivere.
1263 3997 1478 4051 Cumautemab
1501 3996 1541 4052 eis
1563 3997 1704 4065 evertitur,
1724 3997 1809 4054 nescit

157 4074 312 4142 rationalis3
342 4077 535 4149 perfectorum,
565 4079 723 4151 spiritualis.
752 4082 953 4155 Ignosccndum
1007 4084 1059 4140 nisi
1074 4099 1207 4157 corporea
1221 4083 1396 4159 imaginando
1411 4084 1543 4158 cogitare.
1555 4085 1622 4142 Cum
1636 4101 1702 4142 vero
1717 4086 1751 4140 ad
1766 4101 1808 4141 oo

157 4163 241 4219 estin
253 4164 389 4236 aliquibus
401 4165 598 4239 aliqnandoeis
612 4168 659 4239 qui
674 4169 763 4225 adhuc
773 4178 836 4226 sunt
850 4171 954 4227 anima-
1007 4173 1119 4247 gitanda
1134 4171 1285 4243 spiritualia
1298 4173 1341 4229 vel
1357 4172 1447 4229 divina
1463 4190 1491 4229 se
1510 4174 1600 4247 erigit,
1615 4189 1670 4230 non
1685 4174 1759 4230 aliud
1774 4174 1808 4228 de

157 4250 207 4318 les,
223 4252 363 4327 inquibus
377 4255 482 4329 ignosci
498 4272 552 4312 non
568 4257 652 4313 debet
666 4257 705 4312 eis
718 4257 765 4331 qui
777 4259 834 4330 jam
849 4259 952 4316 haben·
1008 4261 1048 4318 eis
1067 4277 1147 4334 quam
1165 4261 1200 4317 de
1215 4260 1385 4333 corporibus,
1405 4261 1448 4316 vel
1471 4262 1505 4316 de
1518 4261 1704 4333 corporalibus
1720 4269 1808 4333 potest

157 4349 201 4396 tur
231 4343 309 4414 quasi
336 4344 492 4401 rationales.
519 4346 691 4418 Rursumque
720 4347 896 4403 rationalibus
924 4347 952 4403 in
1007 4350 1153 4406 aestimare.
1179 4351 1242 4405 Haec
1269 4350 1474 4416 aversaaDeo,
1490 4349 1520 4404 fit
1542 4349 1665 4413 stultitia,
1691 4367 1752 4406 cum
1767 4350 1807 4405 ni·

156 4429 319 4501 quibusdam
333 4432 493 4506 ignoscitur,
508 4434 536 4490 in
551 4433 650 4507 quibos
662 4449 718 4490 non
733 4434 885 4508 ignoscitur
899 4435 954 4508 spi·
1007 4440 1091 4496 mium
1106 4439 1178 4495 intra
1187 4439 1363 4512 semetipsam
1378 4438 1462 4496 fuerit
1474 4440 1597 4504 remissa,
1608 4448 1636 4495 et
1651 4441 1805 4508 lambrum,

156 4517 308 4589 ritualibus,
323 4537 438 4594 qnorum
461 4524 583 4596 perfecta
602 4523 693 4580 omnia
714 4540 775 4580 esso
799 4526 911 4593 debent,
925 4534 954 4581 et
1007 4538 1036 4584 ut
1050 4528 1109 4601 regi
1125 4528 1166 4584 vel
1182 4527 1259 4594 nolit,
1275 4527 1318 4584 vel
1333 4544 1388 4584 non
1409 4528 1505 4600 possit.
1523 4528 1591 4582 Cum
1608 4543 1674 4582 vero
1685 4527 1806 4598 ipsasibi

156 4606 305 4665 imitatione
320 4621 348 4666 et
366 4610 444 4668 laude
465 4612 562 4684 potius,
579 4629 662 4685 (quam
681 4615 896 4684 reprehensione
914 4614 953 4671 di·
1007 4631 1056 4687 per
1069 4615 1227 4687 superbiam
1249 4623 1325 4671 extra
1343 4632 1374 4671 se
1398 4614 1511 4670 nimium
1534 4613 1618 4669 fuerit
1631 4615 1756 4685 abrepta,
1777 4614 1807 4668 tit

157 4709 221 4766 gna.
237 4695 272 4750 itt
286 4712 347 4753 curn
363 4714 396 4753 ex
411 4700 454 4755 his
468 4701 554 4756 tribus
571 4703 710 4758 bominum
724 4703 872 4777 generibus
886 4720 951 4760 con·
1004 4703 1151 4777 prudentia
1165 4703 1267 4773 carnis,
1282 4703 1381 4775 etipsa
1395 4703 1447 4759 sibi
1462 4703 1597 4776 sapientis
1611 4717 1673 4759 esse
1687 4702 1806 4770 videtur,

157 4789 211 4839 stet
224 4785 313 4840 omnis
331 4794 416 4842 status
435 4787 663 4862 religionisque.
682 4792 752 4847 sicut
771 4793 888 4865 propriis
906 4807 952 4849 no
1005 4807 1068 4848 curn
1082 4791 1193 4847 stultitia
1207 4791 1253 4855 sit,
1267 4790 1376 4848 dicente
1394 4791 1540 4862 Apostolo:
1562 4792 1694 4847 barenses
1708 4807 1738 4847 ιι
1747 4808 1806 4849 ease

156 4871 274 4929 minibus
300 4873 514 4948 distinguuntur,
530 4877 570 4933 sic
595 4878 676 4935 etiam
700 4880 897 4952 dignoscuntur
918 4897 951 4937 ex
1004 4882 1166 4952 sapientem·
1181 4880 1266 4936 stulti
1280 4879 1352 4950 sacti
1371 4883 1441 4936 aaut
1461 4880 1551 4950 (flom,
1563 4895 1582 4944 r,
1599 4880 1654 4949 ιι).
1672 4879 1757 4935 Porro
1769 4878 1803 4933 ad

155 4976 266 5018 suorum
283 4962 452 5035 proprietate
477 4965 626 5022 studiorum
642 4985 649 5023 :
665 4969 768 5025 debent
789 4985 885 5026 omnes
904 4968 950 5023 filii
1004 4969 1091 5024 Deum
1102 4981 1244 5032 conversa,
1254 4966 1282 5021 iit
1291 4978 1389 5024 sancta
1398 4967 1568 5039 simplicitas,
1585 4969 1637 5023 boc
1651 4975 1694 5021 est
1707 4966 1803 5022 eadem

156 5053 205 5112 Dei
216 5052 244 5108 in
259 5053 303 5108 die
312 5051 359 5124 qui
373 5060 425 5122 est,
438 5069 547 5126 semper
560 5055 706 5129 diligenter
719 5057 875 5129 prospicere
886 5057 950 5128 quid
1003 5072 1113 5126 semper
1123 5055 1197 5111 circa
1211 5054 1283 5110 idern
1298 5056 1443 5112 voluntas:
1469 5056 1538 5129 sicut
1557 5055 1607 5111 fuit
1629 5055 1657 5110 in
1671 5056 1743 5122 tob;
1758 5055 1806 5127 qui

155 5141 226 5197 desit
252 5139 320 5208 sibi;
345 5140 417 5196 unde
446 5142 580 5214 venerint,
606 5157 749 5217 quousque
778 5145 952 5215 pervenerint
1004 5144 1093 5201 dictus
1106 5150 1149 5199 est
1163 5145 1206 5199 eir·
1219 5146 1341 5217 simplex
1363 5150 1392 5203 et
1415 5151 1520 5213 rectos,
1540 5161 1573 5201 uc
1594 5146 1697 5201 timens
1716 5146 1804 5202 Deum

156 5235 185 5283 et
198 5228 225 5283 in
240 5246 294 5301 quo
309 5227 469 5300 proficiendi
485 5239 555 5288 statu
568 5232 682 5305 singulis
695 5232 804 5303 diebus,
819 5233 861 5291 vel
877 5233 952 5291 horis
1005 5234 1073 5305 (fob.
1088 5248 1107 5297 r,
1126 5233 1163 5304 ι).
1180 5234 1291 5304 Proprie
1306 5234 1379 5290 enirn
1402 5234 1563 5308 simplicitas
1577 5241 1620 5289 est
1631 5233 1754 5304 perfecte
1768 5233 1802 5286 ad

157 5331 207 5372 sus
220 5332 251 5373 se
269 5319 411 5375 estimatio
425 5320 622 5392 deprehendat.
637 5322 707 5379 Sunt
724 5322 823 5380 etenim
844 5322 950 5379 anima·
1004 5325 1091 5380 Deum
1113 5338 1245 5395 conversa
1268 5324 1401 5391 voluntas,
1425 5340 1507 5380 unam
1529 5330 1656 5396 peteusa
1677 5322 1802 5388 Domino,

154 5402 207 5471 bs,
222 5404 268 5477 qni
286 5420 337 5476 per
351 5423 382 5464 se
399 5424 452 5466 nec
470 5409 574 5467 ratione
592 5418 720 5483 aguntur,
738 5426 788 5468 nee
808 5411 952 5467 trabuntur
1004 5413 1074 5468 lianc
1088 5412 1243 5486 requirens,
1260 5427 1314 5470 non
1330 5411 1632 5483 ambiensmultiplieari
1646 5412 1674 5466 in
1688 5411 1802 5467 saeenlo.
