3706 5962
167 211 222 271 779
796 201 987 265 tumulltu
1006 198 1214 264 stolonibus,

165 331 366 406 perfodiantur,
394 328 462 387 clavi
490 326 592 386 malleis
615 326 790 398 incutiuntur,
803 337 831 385 et
858 335 961 401 quanto
979 348 1003 428 Ι
1017 327 1089 394 buit;
1117 327 1247 400 quoniam
1266 337 1294 385 ct
1308 329 1381 385 huuc
1393 332 1499 401 naimo,
1516 337 1544 388 et
1557 329 1639 388 illum
1653 330 1746 406 grstia
1770 333 1813 390 im

164 422 245 480 ultim
257 420 485 492 clavipenetraut,
499 424 573 475 tanto
587 417 805 490 ampliusplagas
818 433 873 490 proe
881 433 960 493 grot-
1018 417 1175 489 passibilem
1189 418 1326 475 exhibuit:
1347 419 1537 477 irrationabilis
1547 428 1676 478 creatura
1691 435 1752 478 uon
1765 424 1814 480 sul·

164 513 225 569 sitie
252 511 411 576 dilacerant,
440 518 467 565 ct
495 508 648 580 passionem
680 514 842 582 aggravant,
860 508 959 565 sitienti
1015 507 1079 565 lecit
1092 517 1171 564 tantae
1181 508 1220 563 rei
1234 508 1424 579 magnitudini.
1440 511 1517 568 Unde
1530 511 1699 582 oportuitut
1713 512 1816 569 ὓιιιιι

164 601 206 657 ori
229 598 268 657 iel
282 607 361 655 noeto
380 596 489 653 mistum
504 594 664 667 infunditur,
678 595 772 652 vinum
786 597 959 667 myrrhatum
1012 596 1094 654 bomo
1106 596 1183 654 lieret
1196 596 1303 652 hostia:
1332 599 1414 666 Deus,
1443 614 1492 669 pro
1520 600 1641 669 potentia
1662 599 1816 675 liberandiq

1013 685 1104 753 bomo,
1122 701 1170 757 pro
1195 682 1354 742 sufficientia
1369 687 1523 743 immolandi
1539 705 1546 743 :
1568 687 1660 761 Deus,
1674 703 1731 761 pro
1744 690 1818 747 miae

1011 771 1143 840 ricordia3
1171 772 1264 843 bomo,
1284 788 1334 844 pro
1356 773 1520 847 indigentia.
1538 774 1658 832 Oblatas
1677 784 1727 832 est
1742 792 1814 850 ergo.

1012 862 1078 932 quis
1090 860 1161 931 apud
1177 861 1265 931 ipsum
1275 862 1428 935 propitiatio
1442 871 1494 930 est,
1505 864 1655 935 etcopiose
1667 865 1750 938 apud
1759 882 1815 922 eum

1011 946 1160 1019 redemptio
1174 951 1263 1020 (Psoi,
1285 965 1382 1017 cxxix,
1398 952 1425 1017 l,
1440 953 1479 1021 7).
1499 949 1614 1008 Oblatas
1627 959 1682 1023 est,
1700 954 1769 1026 quia
1780 956 1815 1012 sic

163 1061 211 1117 xa,
227 1044 267 1114 9),
283 1051 430 1099 ιιιιιιιιι
445 1040 584 1112 turpitudo
600 1039 665 1113 ligat
679 1050 706 1095 et
718 1055 809 1110 poeaa.
1010 1036 1131 1101 decrevit
1144 1037 1231 1108 ipsius
1244 1053 1311 1113 erga
1323 1040 1460 1095 hominem
1476 1039 1681 1097 inaestimabilis
1698 1042 1813 1100 dileetio

199 1137 244 1188 li.
260 1131 375 1196 Dehinc,
391 1128 513 1202 piissime
524 1130 696 1199 Redemptor,
712 1128 828 1184 animam
842 1130 957 1186 sanctis·
1011 1123 1126 1181 Oblatas
1140 1134 1191 1193 est,
1205 1128 1268 1200 quia
1290 1128 1349 1198 ipse
1374 1128 1457 1185 voluit
1478 1128 1544 1200 (lca.
1568 1143 1631 1200 uin,
1651 1133 1696 1202 3),
1712 1132 1813 1190 oblatus

163 1223 257 1279 simam
273 1221 356 1278 trudis
371 1220 397 1275 in
411 1229 538 1287 mortem,
555 1224 585 1274 ut
596 1233 680 1273 meam
697 1219 821 1274 miseram
838 1217 956 1273 ammom
1010 1220 1063 1280 est,
1080 1215 1143 1286 quia
1157 1214 1197 1272 sic
1212 1217 1293 1272 bomo
1308 1216 1434 1290 indiguit.

162 1312 314 1368 vivificares
339 1326 355 1365 a
378 1317 476 1377 morte,
508 1322 560 1364 nec
588 1307 631 1362 his
650 1307 887 1362 contentilanistae
901 1306 955 1361 im-
1048 1304 1092 1359 lt.
1109 1301 1132 1359 0
1148 1304 1240 1370 bomo,
1259 1305 1325 1378 quid
1347 1306 1482 1363 retribues
1503 1306 1624 1363 Domino
1651 1323 1705 1379 pro
1732 1313 1813 1369 onmi-

162 1399 275 1473 piisimi,
285 1399 374 1456 adbuc
386 1400 457 1454 latus
472 1397 566 1452 lancea
579 1395 761 1467 periurant,et
775 1395 879 1451 laticem
895 1412 954 1452 saa-
1009 1391 1063 1447 bus
1078 1406 1140 1463 quae
1155 1391 1277 1448 retribuit
1305 1392 1376 1450 doit
1399 1392 1490 1450 Solam
1516 1393 1692 1451 dilectionem
1715 1397 1811 1473 exigit;

161 1488 316 1563 ganistai,
330 1502 384 1562 quo
398 1484 569 1556 redimimur,
584 1499 645 1540 cum
660 1483 835 1539 inundatione
847 1500 955 1542 manare
1008 1480 1069 1537 sula
1083 1480 1193 1536 dilectio
1207 1480 1232 1536 ei
1246 1479 1357 1538 sufficit.
1373 1480 1466 1550 Quare
1483 1482 1648 1554 diligentem
1662 1493 1689 1541 te
1701 1500 1759 1543 uon
1772 1488 1812 1543 di·

160 1585 275 1651 cogunt.
289 1576 313 1634 0
327 1577 425 1643 anima,
441 1575 508 1645 quid
535 1572 615 1645 agis?
628 1572 691 1644 quis
709 1571 785 1627 dabit
797 1588 895 1643 uquam
909 1588 954 1629 ca·
1009 1567 1099 1640 ligas?
1127 1568 1273 1642 diligamus
1286 1585 1358 1636 eum,
1375 1570 1502 1642 qouniam
1524 1572 1582 1644 ipse
1611 1570 1690 1644 ptiar
1717 1573 1813 1640 dilexit

160 1668 210 1738 piti
225 1677 283 1734 tuo,
296 1666 434 1722 atlantem
450 1667 632 1736 lacrymarum
649 1661 737 1719 oculis
760 1662 823 1728 tuis,
845 1669 876 1717 ut
889 1662 955 1718 satis
970 1645 995 1722 Β
1009 1673 1060 1713 nos
1073 1657 1100 1725 tl
1114 1657 1195 1716 leam
1209 1672 1249 1724 tv,
1266 1657 1323 1727 ιο).
1339 1659 1389 1715 llis
1402 1659 1495 1716 audire
1521 1659 1635 1717 modurn
1661 1659 1812 1721 Manis

160 1755 299 1827 plangere,
309 1762 337 1809 et
349 1752 415 1808 satis
424 1751 488 1807 llere
503 1749 593 1821 possis
602 1749 773 1806 interiectum
789 1749 883 1823 populi
896 1751 954 1807 tait
1009 1747 1080 1815 ejus.
1095 1748 1136 1802 vis
1150 1746 1384 1805 nosseeffectumi
1399 1749 1447 1806 Sic
1457 1751 1529 1806 bem
1543 1749 1653 1808 dieatt
1662 1753 1809 1823 mndata,

159 1843 211 1899 llic
224 1840 370 1898 fasciculus
384 1839 502 1911 myrrhae
515 1839 551 1894 sit
574 1837 690 1894 dilectus
708 1846 772 1895 tuus
786 1838 836 1895 tibi
850 1841 952 1912 (Cant.
1009 1841 1043 1892 at
1059 1835 1167 1892 Filium
1183 1853 1246 1893 sam
1264 1837 1453 1911 unigenitam
1471 1838 1553 1895 duret
1572 1839 1667 1910 licam.
1688 1856 1733 1910 ιιι,
1760 1846 1808 1914 ιι).

160 1930 256 2004 ι,12);
282 1937 311 1986 ct
333 1945 388 1985 non
415 1935 520 1984 mutam
539 1926 684 1984 lascicutus
716 1929 764 1984 sed
795 1927 954 1984 immensum
1009 1927 1127 1997 Propria
1142 1924 1276 1985 vitiosae
1290 1943 1350 1983 mort
1361 1926 1491 2002 pepercit
1505 1929 1588 1996 Deus,
1604 1929 1655 1988 sed
1668 1933 1811 2006 promtu

160 2022 267 2092 pondua
294 2015 511 2073 amaritudinum.
527 2014 687 2086 compatere
709 2015 830 2085 patienti,
855 2026 884 2072 ut
897 2033 954 2073 me·
1009 2012 1139 2072 ommibus
1153 2013 1276 2071 tradidit
1290 2014 1374 2071 illam
1390 2018 1479 2084 (Rom.
1496 2031 1546 2083 vu,
1556 2017 1615 2088 ³2).
1631 2018 1708 2075 Audi
1724 2021 1808 2093 ipsun

160 2109 246 2164 rearis
259 2105 367 2163 redimi.
382 2106 447 2161 Esto
460 2103 587 2160 columba
605 2103 646 2160 in·
661 2102 837 2160 foraminibus
859 2113 956 2176 petrae,
1008 2102 1117 2167 Filiam,
1135 2104 1275 2174 majorem,
1287 2104 1384 2177 iuquit,
1394 2105 1456 2176 bac,
1467 2104 1653 2165 ditectionem
1664 2123 1752 2166 mmo
1762 2109 1807 2167 lto·

159 2196 186 2252 in
199 2211 318 2252 caverna
331 2193 455 2251 macerie
469 2194 567 2264 (dact.
597 2208 629 2258 ιι,
647 2191 701 2263 ll).
719 2192 953 2264 Pervolamanus,
1010 2188 1064 2257 bct,
1078 2192 1251 2249 utamimam
1268 2208 1350 2249 suam
1367 2197 1457 2265 ponat
1473 2193 1536 2266 quis
1554 2211 1606 2265 pro
1621 2195 1732 2254 amieis
1753 2199 1809 2255 rsit

159 2285 267 2356 pervola
280 2281 467 2356 pedes,irrvola
481 2281 573 2353 lateri,
590 2281 657 2336 nihil
669 2282 766 2338 hurum
778 2283 953 2339 inscrutatum
1008 2279 1100 2352 (toan.
1116 2295 1164 2349 xv,
1182 2281 1237 2353 ld).
1265 2280 1356 2354 Dilige
1383 2297 1461 2354 ergo.
1490 2298 1507 2338 o
1528 2283 1623 2354 homo,
1649 2285 1807 2344 dilectorem

160 2373 313 2446 relinquas3
331 2371 438 2445 singula
461 2371 583 2428 membra
614 2370 810 2441 compassionis
829 2372 955 2428 amaritu-
1008 2377 1104 2437 tuum3
1119 2368 1203 2441 dilige
1219 2384 1280 2426 cum
1305 2385 1359 2425 non
1384 2378 1490 2425 tantum
1504 2369 1588 2427 verbo
1601 2379 1631 2428 et
1644 2371 1807 2449 bugumned

159 2462 221 2518 dine
246 2462 399 2533 perfundas.
424 2461 495 2517 Ecce
508 2459 623 2532 pretium
648 2459 840 2533 redemptionis
858 2468 922 2529 tuae,
936 2475 966 2517 o·
1008 2471 1091 2529 opere
1104 2466 1131 2515 et
1144 2459 1255 2516 veritate
1268 2459 1296 2531 (i
1315 2459 1396 2517 tuam.
1425 2473 1465 2527 itt,
1490 2461 1546 2522 ld).
1567 2459 1660 2536 Dilige
1684 2477 1753 2518 euru
1777 2478 1806 2519 ea

155 2552 239 2608 bomo
263 2551 413 2621 redempte,
443 2564 506 2606 cccc
521 2548 610 2621 qualis
631 2550 721 2605 bostis
735 2548 889 2608 victimatur
904 2565 953 2623 pro
1008 2552 1066 2603 toto
1081 2547 1164 2603 corde
1178 2554 1273 2616 tumet
1287 2562 1321 2603 ιι
1336 2555 1392 2604 tota
1403 2548 1494 2604 anima
1508 2556 1563 2617 tua,
1580 2563 1615 2605 cx
1631 2548 1807 2609 totisviribns

157 2649 205 2697 ιιι
222 2642 312 2712 culpa,
328 2655 377 2710 pro
392 2637 616 2711 prevaricatione
635 2648 691 2694 tas.
1008 2635 1070 2701 tais,
1085 2643 1114 2691 et
1127 2652 1160 2692 ex
1177 2635 1253 2692 omni
1266 2643 1357 2692 mente
1372 2643 1418 2693 tua
1433 2638 1543 2708 (Hatita.
1563 2653 1640 2706 ιιι,
1665 2642 1728 2711 st).
1742 2640 1805 2697 Dic:

193 2733 237 2783 ll.
253 2728 307 2786 Sed
321 2742 375 2800 qua
389 2728 547 2784 necessitate
562 2728 612 2783 ista
627 2726 808 2799 pertulitque
821 2726 953 2803 indigen·
1011 2723 1137 2796 diligam
1152 2729 1189 2792 tc,
1199 2725 1327 2796 Domine,
1337 2727 1477 2798 fortitudo
1484 2741 1563 2794 mea,-
1574 2728 1710 2799 Domine,
1720 2729 1809 2799 firma·

156 2818 192 2874 tia
200 2816 279 2874 toties
287 2817 446 2890 sanguinem
460 2832 541 2873 saum
559 2814 644 2873 tuditi
660 2817 770 2888 Legitur
781 2816 855 2872 enim
869 2816 952 2890 quin·
1010 2814 1807 2889 mentammcam,etrefttqirtmmearttetiibcratnrmeur

154 2907 232 2980 quies
251 2912 377 2977 pertusus
389 2904 532 2977 sanguinis
546 2904 688 2971 eilusione,
703 2904 778 2977 quod
804 2906 849 2962 bio
862 2906 953 2964 brevi·
971 2908 994 2989 c
1009 2901 1099 2975 (Ptol.
1119 2918 1190 2972 ιιι,
1205 2908 1232 2974 2,
1248 2903 1287 2976 3).
1302 2905 1371 2962 Vere
1386 2905 1524 2976 liberator,
1538 2905 1604 2980 quia
1625 2905 1751 2965 liberasti
1768 2924 1808 2965 me

155 2996 247 3068 loquio
262 2994 413 3066 exprimere
429 2992 554 3063 judicavi
577 3009 631 3049 non
651 2993 746 3051 inutile
761 3012 768 3052 :
1008 3007 1180 3064 paopercma
1195 3001 1318 3064 potente,
1335 3001 1363 3050 et
1374 2993 1486 3066 inopem
1499 2994 1544 3052 cui
1557 3010 1612 3051 non
1628 3004 1689 3053 erat
1703 2997 1808 3068 adjutor

165 690 289 755 additum
304 688 408 760 agitent
420 685 535 741 ministri
550 684 682 740 demonis
708 685 807 757 capitu,
823 686 958 741 insultan-

164 788 206 836 tes
217 777 305 836 dolori
319 775 462 847 pendentis
473 791 481 829 t
491 775 521 832 st
536 774 749 839 vitiositates,
765 774 899 848 inquiunt,
908 775 958 833 dc·

163 867 283 926 scendet
292 864 410 922 naccae
419 877 512 933 cruce,
526 866 554 920 ct
569 862 861 933 credimuscilldattb.
872 880 957 929 xxvii,

163 959 209 1012 Isti.
221 957 285 1025 tt);
300 969 330 1009 ac
341 952 480 1011 sidicaut:
496 952 557 1007 Non
572 951 679 1019 adjiciet
693 959 856 1023 utresurgat
869 954 958 1023 (Psoi.

161 3104 287 3175 Quinque
301 3103 382 3172 vices,
398 3102 427 3158 et
441 3101 563 3172 quinque
577 3100 653 3156 modi
667 3103 704 3167 tc,
724 3102 842 3170 cbristo,
854 3117 954 3227 ctraem

162 3246 357 3308 circumcisio,
367 3240 540 3314 sanguineas
549 3240 643 3310 sudor,
659 3245 687 3299 ιι
701 3242 801 3315 tluqro,
816 3261 829 3300 s
848 3171 949 3316 {affl

158 3318 275 3374 fixurae
289 3317 421 3390 qui-nque,
446 3314 555 3379 lateris,
568 3329 762 3387 manuumque
784 3331 817 3388 pe
837 3331 950 3390 amque.

156 3441 223 3495 Tam
238 3439 307 3497 mira
330 3454 381 3512 pro
395 3437 581 3510 redemptione
596 3436 734 3494 hominum
762 3438 883 3511 pertulit,
906 3440 953 3516 qui

156 3530 240 3587 solius
253 3528 402 3599 majestatis
415 3527 529 3600 imperio
542 3527 728 3599 potentissime
756 3528 887 3585 redimere
904 3545 951 3600 po·

156 3621 218 3675 tuit.
233 3619 339 3684 Audio
353 3619 446 3685 lronvo,
462 3616 648 3673 necessitatem
659 3629 742 3683 tuam,
759 3626 785 3673 et
795 3633 849 3674 non
864 3634 950 3674 suam.

156 3707 343 3776 Protoplaslus
370 3704 506 3775 piacularc
531 3703 636 3758 lncious
663 3705 800 3760 commisit
823 3708 952 3778 praevari·

157 3795 253 3861 modo,
275 3791 348 3862 quod
364 3789 466 3862 expiari
481 3789 540 3844 sine
561 3791 656 3847 hostiae
670 3792 805 3849 oblatione
831 3810 885 3851 nou
900 3811 952 3867 po·

157 3882 218 3937 tuit.
233 3880 319 3936 Purus
329 3881 411 3936 bomo
426 3894 521 3951 puram
533 3879 649 3935 bostiam
664 3881 764 3938 ollerre
782 3898 838 3939 non
857 3885 949 3953 valuit,

62 4021 65 4028 ,
157 3984 238 4039 quom
249 3968 784 4040 pecmticontagtopenttusimmundum
803 3988 863 4029 esse
880 3988 950 4029 con-

158 4056 229 4112 listit
244 4073 251 4111 ι
267 4072 318 4114 nec
331 4057 443 4128 simplex
457 4057 539 4122 Deus,
556 4072 606 4113 nec
618 4057 742 4130 Angelus
756 4059 890 4117 immolari
906 4062 957 4117 de-

1008 3081 1095 3150 (Prot.
1107 3097 1185 3149 exn,
1204 3085 1263 3153 lb),
1280 3091 1307 3140 et
1320 3083 1440 3142 liberasti
1460 3085 1577 3142 animum
1590 3100 1683 3143 meam
1693 3100 1713 3142 ι
1724 3086 1809 3159 perdi·

1008 3174 1081 3228 tione
1097 3172 1193 3243 illecti.
1208 3187 1245 3240 ιι,
1268 3176 1325 3244 lo).
1346 3173 1417 3230 licce
1436 3174 1690 3248 datumoptimum,
1710 3176 1747 3233 de
1759 3191 1808 3250 quo

1006 3261 1170 3331 promissum
1185 3269 1225 3317 est
1242 3262 1269 3317 in
1285 3263 1398 3319 exordio
1431 3264 1512 3334 hujus
1540 3262 1660 3335 capituli,
1691 3265 1728 3321 de
1756 3280 1809 3339 quo

1006 3350 1102 3406 isaias:
1115 3352 1191 3408 Pacr
1200 3355 1287 3409 matus
1298 3353 1341 3409 cst
1349 3353 1437 3417 uobis,
1447 3355 1572 3416 ctFiliat
1582 3353 1668 3412 datas
1676 3357 1725 3412 cst
1734 3355 1809 3412 mtb

1005 3439 1072 3510 (lca.
1088 3455 1131 3509 ιι,
1142 3440 1184 3512 6);
1201 3451 1227 3497 ιι
1243 3440 1320 3496 alibi:
1340 3442 1479 3511 Quomodo
1494 3459 1551 3500 nort
1565 3443 1657 3502 ettam
1679 3460 1750 3501 cam
1762 3444 1811 3503 itio

1006 3531 1104 3585 omnia
1118 3529 1322 3589 mnaoitmots
1336 3532 1429 3587 beas?
1439 3534 1527 3601 (Rom.
1540 3548 1598 3602 vnn,
1611 3530 1672 3605 ³2.)
1688 3532 1811 3590 sidona·

1004 3619 1043 3676 vit
1056 3617 1135 3674 nobis
1155 3633 1227 3687 eum,
1242 3620 1289 3692 qui
1305 3630 1346 3676 est
1369 3620 1459 3676 omnia
1473 3622 1500 3676 in
1521 3620 1670 3691 omnibus3
1701 3622 1812 3681 donarit

1006 3708 1100 3781 procul
1114 3708 1198 3765 dubio
1212 3709 1303 3766 omnia
1321 3710 1400 3768 nobis
1427 3727 1488 3768 cum
1515 3711 1619 3770 illesi
1639 3726 1711 3784 ergo
1734 3713 1812 3768 dutus

1006 3807 1048 3853 est
1068 3797 1156 3867 nobis,
1174 3806 1282 3856 ummur
1296 3800 1359 3857 dato
1374 3810 1502 3874 tanquam
1516 3811 1625 3867 nostro,
1653 3816 1691 3857 ne
1718 3802 1811 3858 demut

1006 3884 1116 3941 alienis:
1148 3887 1279 3944 bonoram
1293 3899 1425 3957 nostmm‚
1442 3899 1471 3948 ct
1481 3904 1565 3946 anuos
1579 3897 1692 3946 nostros
1707 3888 1811 3949 erudeli

1005 3974 1099 4047 (Pron.
1115 3991 1142 4048 v,
1161 3976 1200 4049 lt),
1220 3977 1253 4034 Et
1276 3979 1335 4036 haec
1362 3979 1507 4052 deprimo
1536 3977 1657 4052 capitulo
1681 3978 1811 4053 untispoe

1009 4064 1082 4120 dicta
1097 4065 1211 4137 prosint.

775 4392 909 4491 Plus
941 4395 1200 4501 suculae.

515 4605 610 4693 Qvtod
621 4610 713 4676 lesus
737 4608 841 4678 Filius
863 4612 927 4679 Dei
945 4610 1002 4680 dat
1021 4634 1055 4680 sc
1073 4614 1164 4681 nobis
1179 4616 1214 4682 im
1232 4614 1456 4684 Eucharistio.

407 4797 496 4859 Μ
507 4799 620 4857 CAPUT
650 4800 705 4858 vll.

157 4889 351 4963 Dcimessalnli
367 4893 396 4947 ct
405 4893 546 4963 perpetua
559 4889 695 4947 claritate
710 4891 786 4949 Verbi
794 4894 952 4952 incarnati.
972 4848 995 4927 ὓ

194 4983 238 5038 to.
265 4979 317 5050 Qui
344 4978 424 5034 datas
451 4988 495 5035 cst
516 4978 596 5036 nobis
610 4979 697 5050 primo
716 4979 743 5035 iu
757 4982 951 5055 redemptionis
967 5051 971 5060 ⁴

157 5074 285 5142 pretium,
302 5085 358 5125 non
372 5077 460 5126 cessat
479 5084 508 5125 se
523 5068 603 5124 nobis
622 5068 687 5124 dere
702 5068 822 5142 quotidie
840 5072 868 5126 in
884 5072 949 5128 Via-

158 5159 240 5215 ticum
255 5178 262 5216 :
279 5160 368 5232 primo
382 5156 522 5232 passibilis
544 5165 570 5214 et
598 5157 773 5230 passionibus
798 5160 946 5230 expositus,

156 5261 229 5305 nunc
246 5248 421 5322 impassibilis
437 5256 466 5305 et
483 5247 569 5321 gloria
592 5257 620 5305 et
652 5250 754 5306 bonore
785 5262 946 5324 coronatus3

157 5342 223 5392 tunc
250 5337 332 5394 bomo
360 5338 494 5404 mortalis,
510 5353 582 5395 nune
608 5339 690 5396 bomo
723 5338 810 5396 victor
837 5342 948 5408 mortis;

157 5425 221 5478 tunc
252 5425 332 5495 pauc
345 5425 434 5482 minua
444 5425 479 5482 ab
492 5425 605 5500 Angelis
619 5429 779 5499 minoratas,
808 5444 879 5485 nunc
892 5445 949 5502 prae

154 5508 267 5586 Angelis
292 5510 419 5569 omnibus
446 5512 629 5573 sublimatus:
662 5517 750 5582 Tanto
771 5520 883 5591 melior,
910 5518 951 5577 ait

1037 4809 1192 4879 Apostolus,
1200 4810 1441 4883 immitissimum,
1449 4809 1810 4890 quamtodisserurttiasproe

1012 4898 1071 4954 illis
1085 4899 1188 4955 momen
1202 4897 1390 4957 haereditavit.
1407 4901 1459 4957 Cui
1468 4902 1544 4957 enim
1553 4900 1711 4974 aliquando
1720 4904 1809 4976 dnm·

1007 4985 1099 5043 loram
1111 4986 1288 5057 dixitPater,
1296 4988 1385 5045 litias
1395 5003 1474 5046 meas
1484 5003 1513 5046 es
1524 4993 1566 5058 ta,
1574 5004 1623 5062 epo
1633 4989 1716 5049 bodie
1724 4992 1810 5064 qenai

1006 5079 1033 5131 te
1045 5074 1059 5129 i
1073 5080 1101 5133 ct
1116 5080 1246 5151 rarsamj
1264 5080 1318 5151 Epo
1333 5093 1379 5134 cro
1393 5078 1441 5134 illi
1454 5080 1486 5136 ιι
1499 5081 1622 5151 patrem,
1637 5080 1743 5155 etipse
1753 5082 1808 5138 crit

1005 5164 1079 5221 milti
1087 5164 1243 5235 trititiam?
1251 5169 1287 5223 Et
1295 5182 1419 5235 rursum,
1430 5166 1663 5225 cumtmrodactt
1668 5170 1809 5243 primos.

1004 5252 1106 5310 mitam
1115 5255 1148 5309 irt
1162 5254 1254 5312 orbem
1266 5255 1489 5321 terrestria-ut
1505 5255 1624 5316 adorent
1633 5273 1700 5314 cum
1712 5268 1808 5315 omnes

1005 5342 1105 5416 Anqclt'
1118 5344 1169 5401 Dei
1187 5344 1279 5414 (liebr.
1302 5359 1320 5410 ι,
1350 5344 1421 5414 io).
1437 5347 1466 5401 ln
1486 5345 1537 5401 boc
1556 5344 1629 5411 loco,
1643 5346 1745 5404 dilecte
1758 5344 1807 5403 liei

1007 5433 1151 5500 sacerdos,
1176 5434 1282 5491 ridetur
1305 5434 1371 5491 milri
1391 5418 1505 5493 manime
1527 5435 1675 5494 consistere
1700 5450 1808 5495 summa

1012 5519 1139 5578 desiderii
1158 5521 1210 5589 tui,
1225 5523 1297 5595 quod
1321 5524 1399 5598 cupis
1420 5522 1549 5584 ttastrart
1560 5522 1807 5599 ιῐιιιιιιιιιιιὰ*
