3706 5962
54 230 128 293 1289
608 227 705 287 traua
723 225 767 285 Dii
785 222 876 284 hotto
894 222 983 282 aaut
1004 222 1148 287 VIVENDI.
1630 232 1700 296 1290

56 368 129 430 pete,
144 359 276 417 bonorum
299 357 452 414 societatem
468 355 583 428 require,
600 354 700 411 sanctis
714 351 852 407 individue
868 360 892 439 Α
906 351 979 407 bona
994 368 1073 424 opera
1091 355 1243 413 debuerant
1260 358 1369 427 placere
1382 359 1449 424 Deo,
1459 358 1516 416 suis
1534 360 1628 418 amicis
1641 363 1699 432 pla·

53 447 171 505 adtnere.
187 448 215 503 b‘i
245 446 329 502 lucris
347 447 420 502 socia
436 459 533 500 eorum
558 441 784 506 conversationis,
799 440 853 494 eris
907 449 969 510 cent
984 442 1012 495 in
1029 444 1114 507 malo,
1128 444 1266 501 luxuriosa
1284 447 1355 502 dona
1369 447 1456 504 dando
1472 467 1479 514 3
1495 448 1540 504 ubi
1560 459 1602 506 εει
1623 451 1700 523 pudi-

55 544 83 591 et
107 536 221 592 virtutis.
249 534 379 604 Quicum
402 532 570 602 sapientibus
592 531 721 597 atubulat,
747 527 852 600 sapiens
907 527 981 595 citia,
1010 529 1056 584 ubi
1088 532 1262 601 continentia,
1292 535 1338 591 ubi
1364 538 1523 601 reverentia,
1548 537 1595 594 ubi
1623 555 1700 595 vere-

57 634 117 678 cst:
147 624 193 694 qui
219 638 280 678 curn
300 622 387 676 stultis
420 622 554 691 graditur,
574 619 671 674 stultus
692 625 734 673 est
759 621 851 687 (Prae.
906 617 1133 684 sardiniensi
1154 622 1373 679 sanctimoniales
1397 626 1504 682 lomina
1527 627 1590 698 plus
1608 628 1701 684 volunt

57 727 120 776 χιιι,
136 713 192 781 20).
208 710 311 765 Similis
325 710 398 763 enim
413 709 493 762 simili
509 707 640 777 conjungi
655 707 730 762 solet.
748 705 853 760 l'cricn·
906 705 1015 776 placere
1038 707 1193 763 bominibus
1221 712 1249 766 in
1272 713 1476 785 santrioquam
1504 716 1568 771 Iesu
1591 716 1700 774 Christo

58 799 147 855 losum
162 808 202 854 est
221 800 305 853 vitam
320 813 381 853 curn
398 797 552 852 hominibus
568 797 645 849 malis
660 796 775 849 ‹latrare-z
790 809 851 865 per·
906 805 1007 849 aeterno
1022 797 1077 865 regi
1093 797 1120 851 in
1135 798 1223 866 coelo;
1244 800 1289 855 uhi
1305 810 1345 857 cst
1365 804 1532 859 observantia
1551 803 1699 875 religionis,

59 890 190 945 niciosum
212 896 253 943 cst
279 887 363 943 vitam
386 901 449 939 cum
472 886 514 940 his
532 885 578 956 qni
598 899 688 954 pravae
709 881 852 938 voluntatis
906 882 950 935 uhi
972 885 1045 952 rigor
1069 884 1188 953 Ordinis,
1214 889 1260 945 ulti
1288 890 1370 946 ardor
1393 893 1638 963 contemplationis,
1653 893 1701 949 ubi

58 986 130 1043 sunt,
156 975 264 1032 sociari.
288 975 384 1029 Melius
407 981 447 1028 est
472 976 570 1029 battere
598 973 730 1026 malorum
758 971 848 1025 odium
906 971 1036 1024 munditia
1056 974 1162 1039 mentis,
1187 976 1232 1029 ubi
1258 979 1383 1034 contritio
1406 981 1507 1049 cordis,
1530 982 1577 1037 ubi
1601 983 1699 1052 sollici,

58 1064 330 1136 quamconsortium.
347 1061 515 1117 Sicutmulta
529 1062 695 1116 habetbona
708 1059 763 1114 vita
777 1074 851 1114 com·
907 1057 972 1112 tudo
994 1061 1136 1126 orationis,
1158 1063 1204 1116 ulti
1231 1066 1347 1136 gemitus
1369 1068 1496 1137 pectoris,
1519 1069 1566 1124 ubi
1594 1071 1701 1127 habitus

59 1155 148 1210 munis
162 1160 335 1208 sanctorum:
356 1151 395 1205 sic
417 1151 533 1221 plurima
552 1149 622 1202 mala
638 1147 715 1204 nllert
737 1148 852 1202 sacietas
907 1148 1097 1203 monachalis?
1117 1150 1145 1203 Si
1162 1152 1377 1209 sanctimoniales
1398 1154 1507 1211 femina
1528 1158 1650 1214 laetantur
1675 1159 1702 1214 in

59 1243 202 1298 malorum.
218 1241 270 1307 Oui
298 1238 369 1295 enim
394 1239 510 1308 tetigerit
533 1237 711 1303 immundum,
728 1236 851 1307 coinqui·
907 1237 1098 1305 temporalibus
1125 1239 1213 1306 donis,
1238 1241 1307 1296 sicat
1335 1242 1419 1299 laetari
1447 1247 1533 1302 solent
1557 1247 1703 1304 saeculares

60 1330 186 1386 nabiter:
201 1328 249 1399 qui
273 1326 394 1401 tetigerit
418 1326 569 1397 sordidum,
585 1325 780 1381 sordidabitur.
796 1326 851 1395 tpi—
908 1324 1052 1393 ltomines;
1069 1327 1116 1381 ubi
1135 1334 1175 1382 est
1190 1339 1361 1398 contemptus
1379 1332 1478 1403 saeculi,
1495 1333 1541 1388 ubi
1566 1335 1646 1392 timor
1660 1336 1702 1392 iu·

60 1427 114 1485 tur,
130 1432 209 1473 soror
233 1415 404 1480 venerabilis,
425 1416 447 1471 si
464 1414 543 1471 verba
558 1431 616 1470 mea
630 1413 743 1468 libenter
757 1413 851 1469 audie·
908 1411 986 1478 terni,
1002 1414 1047 1469 ubi
1062 1415 1191 1470 memoria
1203 1417 1309 1487 judicii,
1326 1419 1370 1475 ubi
1386 1421 1538 1477 recordatio
1552 1422 1646 1479 aeteini
1660 1424 1703 1479 in·

59 1506 107 1575 ris,
118 1513 146 1560 et
159 1521 191 1560 aa
204 1519 288 1576 opere
305 1502 551 1575 impleveris,inter
561 1502 660 1558 electus
676 1502 723 1556 uri
739 1516 850 1572 compu·
906 1501 1006 1567 cendii,
1023 1503 1068 1558 ubi
1090 1518 1166 1559 amor
1189 1505 1236 1560 Dei
1251 1504 1266 1560 i
1280 1506 1374 1581 igitur,
1391 1509 1412 1563 si
1427 1509 1646 1567 sanctimoniales
1667 1512 1704 1569 ie·

61 1594 173 1650 laberis.
193 1593 291 1650 Amen.
872 1592 987 1701 Bminae
1012 1594 1206 1663 concupiscunt
1232 1594 1302 1651 dona
1332 1598 1456 1653 vanitatis
1488 1600 1522 1654 ab
1549 1599 1704 1658 homiuibus

62 1683 131 1740 txt.
147 1684 230 1738 -De
244 1682 353 1739 litterar
367 1683 414 1736 vet
426 1680 782 1737 manaaaattsrtancatam
796 1694 855 1734 aare
909 1680 1053 1749 accipere:
1075 1680 1122 1735 ubi
1145 1689 1185 1736 eat
1209 1683 1339 1739 memoria
1362 1684 1531 1755 delictorum,
1548 1689 1595 1744 ubi
1618 1687 1706 1747 878

361 1769 551 1842 acceptandis.
910 1767 1037 1840 lacrymae
1050 1771 1201 1835 oculorum,
1217 1771 1262 1826 ubi
1276 1773 1426 1829 recordatio
1440 1782 1616 1846 peccatoram
1630 1779 1644 1833 i
1657 1778 1704 1835 vt-

98 1863 161 1916 att.
182 1860 347 1916 charissima
369 1874 457 1927 soror,
482 1858 544 1915 audi
572 1874 632 1929 quar
659 1858 730 1914 dico.
752 1855 857 1912 ancilla
910 1857 1065 1928 lipenditur,
1103 1859 1293 1924 contemnitur,
1336 1861 1495 1934 despicitur,
1532 1866 1705 1923 annihilatur.

64 1950 162 2005 Christi
177 1965 238 2020 quae
252 1948 280 2002 in
295 1946 456 2004 abscondito
480 1947 582 2002 litteras
601 1945 645 2002 vel
660 1946 729 2001 dona
750 1943 856 2012 recipit,
911 1946 1017 2002 Revera
1040 1948 1254 2004 sanctimonialis
1277 1948 1387 2017 temins,
1401 1966 1463 2021 quae
1490 1953 1525 2008 ab
1552 1953 1708 2012 homiuibus

62 2038 193 2093 Ordinem
217 2053 294 2091 suunt
318 2036 428 2107 trangit.
459 2036 584 2107 Magnum
613 2034 712 2089 malum
735 2032 809 2101 iacit,
832 2041 858 2087 et
912 2034 1019 2105 accipit,
1050 2036 1076 2090 in
1105 2036 1203 2107 quibus
1226 2037 1385 2103 delectetur,
1406 2039 1535 2097 Ordinem
1551 2058 1630 2098 suum
1642 2059 1708 2100 oon-

64 2125 167 2197 grandc
180 2133 323 2196 peccatum
337 2122 490 2187 committit,
505 2123 528 2176 si
542 2123 576 2176 ab
587 2122 742 2176 hominibus
757 2120 860 2175 litteras
913 2120 1018 2176 temnit.
1034 2120 1100 2190 Qua
1114 2123 1175 2192 utus
1195 2123 1295 2193 gaudet
1319 2123 1347 2178 in
1360 2139 1472 2181 suorum
1494 2128 1641 2185 amicorum
1654 2131 1707 2187 do·

62 2215 104 2270 vel
120 2213 192 2267 alind
215 2211 352 2282 quodlibet
375 2226 477 2266 munus
491 2208 615 2280 suscipit,
629 2208 784 2280 qniaauum
805 2207 859 2262 Or·
914 2208 965 2276 nis,
987 2224 1066 2280 quam
1094 2210 1122 2264 in
1146 2211 1290 2282 praecptis
1317 2211 1359 2267 sui
1382 2211 1499 2282 Ordinis,
1514 2217 1646 2288 propositi
1668 2226 1711 2276 eat

65 2302 156 2357 dinem
176 2301 287 2372 trangit.
318 2299 428 2355 Grande
455 2300 557 2353 malum
580 2297 645 2367 agit,
667 2313 728 2367 quae
750 2306 861 2369 propter
914 2297 1124 2368 praevaricatrix.
1153 2300 1193 2354 De
1218 2299 1317 2355 talibus
1348 2303 1478 2373 propheta
1501 2304 1556 2360 ait:
1585 2307 1710 2366 Dextera

66 2390 225 2461 temporalia
239 2390 321 2458 dona,
336 2388 380 2443 eui
402 2386 512 2442 Ordinis
539 2384 736 2458 praevaricatrix
760 2384 858 2440 existit.
914 2403 1011 2444 aarum
1025 2389 1132 2459 repleta
1143 2395 1184 2445 est
1197 2390 1363 2448 ιιιιιιιειὶῠιιι
1378 2391 1464 2460 (Psal.
1474 2408 1545 2458 xxv,
1561 2395 1616 2467 ta).
1632 2396 1672 2453 hc
1687 2397 1710 2452 ai

65 2478 285 2536 Sanctimoniatis
313 2477 415 2532 lamina
430 2492 492 2548 qnae
515 2491 575 2531 cnm
599 2474 704 2530 Christo
726 2473 862 2529 desiderat
915 2476 1018 2531 diceret
1039 2475 1192 2544 :Quamvis
1209 2493 1290 2548 opera
1304 2494 1398 2535 eorum
1417 2481 1556 2539 videantur
1574 2484 1655 2552 bona,
1673 2493 1713 2542 ta·

65 2569 165 2623 intrare
180 2567 213 2621 ad
231 2566 346 2636 nuptias,
367 2581 422 2620 non
437 2563 763 2620 debethominibusdare
777 2562 860 2617 suda·
919 2580 979 2618 men
1003 2564 1067 2635 plus
1090 2566 1211 2621 laetantur
1234 2567 1261 2621 in
1285 2568 1454 2638 muneribus,
1478 2587 1560 2643 quam
1583 2572 1610 2628 in
1634 2573 1712 2629 bonis

68 2656 144 2722 riola,
172 2655 306 2725 pectines,
334 2653 475 2724 corrigias,
492 2654 531 2710 vel
555 2652 674 2724 specula,
696 2657 741 2707 aut
755 2650 859 2706 lascias.
916 2651 1054 2723 operibus.
1072 2653 1160 2726 bingis
1174 2653 1266 2710 volunt
1279 2657 1313 2710 ab
1327 2655 1485 2713 bominibus
1494 2660 1616 2730 accipere
1630 2660 1710 2728 dona,

67 2748 135 2813 Qum
153 2746 290 2800 Christum
304 2750 442 2813 exspectat
457 2757 520 2797 cum
535 2741 647 2797 ardente
662 2741 794 2810 lampade,
807 2754 860 2794 non
920 2755 999 2810 quarn
1011 2755 1027 2792 a
1041 2740 1145 2796 Christo
1159 2749 1259 2797 aterna
1278 2743 1356 2801 bona.
1373 2743 1588 2803 sanctimonialis
1613 2748 1714 2804 lamina

64 2836 146 2890 debet
166 2835 200 2888 ab
222 2831 379 2889 hominibus
393 2830 517 2900 accipere
531 2831 602 2885 dona
617 2829 768 2900 saecularia,
784 2827 860 2884 scili-
917 2842 977 2897 quae
992 2827 1128 2883 Christum
1145 2830 1260 2900 perfecte
1274 2831 1371 2905 diligit,
1390 2832 1559 2891 delectabilia
1573 2843 1600 2891 et
1613 2852 1712 2908 super-

69 2932 113 2978 cet
139 2922 272 2992 pectines,
291 2921 411 2991 specula,
427 2927 454 2974 et
476 2927 571 2974 caetera
594 2917 662 2973 alia:
679 2933 740 2990 quta
754 2874 898 2988 propterc
916 2916 972 2971 ilua
987 2915 1060 2971 dona
1078 2919 1111 2972 ab
1128 2919 1279 2974 bominibus
1293 2936 1347 2975 non
1363 2923 1475 2994 recepit,
1491 2925 1554 2997 quia
1577 2925 1712 2983 Christum

69 3027 189 3067 amorem
214 3011 313 3065 Christi
335 3008 431 3075 velata,
455 3023 509 3062 nnn
533 3007 612 3062 debet
634 3008 669 3061 ab
693 3005 786 3061 amicis
805 3007 862 3061 suis
916 3006 1041 3061 omnibus
1064 3007 1144 3062 donia
1168 3010 1317 3079 anteponit.
1338 3011 1416 3068 Unde
1441 3012 1467 3066 in
1488 3013 1603 3070 Canticis
1624 3014 1714 3070 canti·

69 3099 194 3170 accipere
217 3097 342 3154 vanitatis
358 3099 447 3153 dona:
474 3111 535 3167 quae
557 3106 666 3164 propter
680 3095 766 3152 Deum
780 3109 862 3165 super
915 3113 1009 3153 eorum
1040 3096 1166 3152 Ecclesia
1193 3098 1303 3155 dicitur:
1324 3100 1459 3156 Pulchrae
1476 3107 1546 3158 auat
1567 3109 1716 3174 peaoetaoe
1767 3164 1773 3179 ,

70 3197 153 3259 caput
167 3203 246 3243 suum
262 3187 350 3242 velum
366 3200 473 3241 sacrum
489 3184 626 3254 imposuit,
642 3184 756 3237 multum
770 3191 863 3254 peccat
917 3189 993 3240 sicat
1011 3186 1269 3252 turturis(Carttic.
1282 3190 1308 3252 l,
1324 3186 1362 3257 9).
1374 3186 1483 3244 Turturi
1496 3191 1717 3248 assimilaturEo·

69 3277 92 3330 si
106 3278 140 3332 ab
166 3275 320 3331 bominibus
339 3274 409 3327 dona
432 3270 572 3327 saecularia
588 3271 696 3342 accipit.
713 3270 863 3326 Sanctimo-
916 3272 1009 3334 clesia,
1033 3271 1079 3326 vel
1099 3271 1226 3341 qualibet
1251 3283 1341 3329 sancta
1364 3275 1463 3344 anima,
1488 3277 1550 3348 qaia
1577 3278 1713 3334 Christum

69 3364 150 3421 nialis
164 3364 264 3419 demina
289 3376 350 3435 quiae
365 3361 392 3415 in
417 3359 516 3414 talibus
529 3359 688 3422 delectatur,
703 3373 802 3430 magna
814 3372 864 3413 ta·
917 3358 1036 3429 perlecta
1050 3358 1147 3431 diligit,
1163 3368 1190 3413 ct
1204 3358 1271 3416 nihil
1285 3360 1370 3416 amori
1385 3363 1444 3431 ejus
1458 3364 1601 3436 praeponit.
1611 3365 1713 3423 Turtur

71 3456 154 3509 nitate
176 3451 320 3523 decipitur,
342 3458 369 3504 et
392 3451 498 3519 signum
521 3447 689 3502 demonstrat
706 3445 862 3502 meretricis.
918 3463 951 3502 ex
976 3462 1030 3517 quo
1054 3462 1103 3518 per
1125 3447 1294 3502 occasionem
1314 3449 1459 3521 conjugem
1482 3466 1561 3505 sunm
1584 3452 1711 3523 perdidit,

73 3543 150 3597 Uudc
165 3541 230 3595 dicit
249 3541 344 3593 beatus
357 3537 537 3606 Hieronymus
558 3551 564 3588 ι
583 3555 595 3585 ι
612 3533 708 3590 Dulces
721 3534 823 3590 litteras
837 3540 864 3589 et
920 3550 1059 3606 nunqnam
1073 3532 1185 3590 alterum
1200 3534 1315 3605 amplius
1333 3538 1439 3608 quarti,
1454 3538 1518 3610 quia
1533 3540 1710 3599 adulterinum

78 3654 87 3676 ι
105 3629 243 3684 sudariola
265 3637 292 3682 et
306 3628 400 3681 crebra
425 3624 582 3679 munuscula
597 3630 705 3679 sanctus
720 3638 796 3679 amor
809 3638 862 3679 non
919 3637 1037 3677 amorem
1052 3637 1108 3679 non
1126 3621 1229 3694 recipit.
1245 3623 1288 3679 Sic
1308 3625 1517 3680 sanctimonialis
1530 3625 1631 3683 semina
1651 3643 1713 3698 quae

70 3718 190 3773 ahabet.
209 3739 221 3767 ι
238 3717 280 3771 hc
292 3713 315 3771 si
329 3715 448 3771 diceret:
465 3713 492 3769 Si
508 3713 533 3766 in
545 3721 635 3768 mente
650 3712 862 3769 sanctimonialis
923 3710 1058 3766 Christum
1093 3711 1209 3782 perferte
1246 3710 1344 3785 diligit,
1380 3713 1494 3786 amplius
1530 3713 1712 3772 adulterinum

73 3806 181 3862 tamine
195 3814 302 3862 sanctus
317 3809 486 3873 amarescat,
503 3802 573 3858 dona
590 3800 715 3857 vanitatis
728 3808 755 3858 et
769 3817 864 3872 supen-
885 3793 887 3798 ’
916 3814 1033 3855 amorem
1049 3816 1104 3857 nou
1120 3799 1223 3872 recipit,
1241 3800 1266 3854 id
1283 3810 1333 3868 est,
1350 3803 1466 3873 amplius
1480 3804 1565 3859 malos
1589 3804 1712 3861 hominaa

77 3894 190 3950 thritatis
205 3897 238 3951 ab
251 3893 407 3949 hominibus
430 3907 484 3948 tion
499 3893 641 3964 acciperet.
664 3892 738 3945 blena
752 3897 824 3947 casta
838 3897 864 3945 ct
921 3904 974 3943 nnn
989 3888 1087 3960 diligit.
1101 3887 1239 3961 Religiosa
1254 3888 1354 3944 lernina
1369 3906 1429 3962 quse
1447 3891 1510 3960 plus
1522 3891 1611 3966 diligit
1625 3892 1713 3950 homi-

74 3982 203 4054 rcligiosa
217 3997 272 4037 non
294 3981 427 4036 desiderat
451 3997 467 4036 a
489 3979 662 4036 saecularibus
685 3979 779 4036 aminis
792 3979 862 4034 acci·
917 3993 1076 4051 remquam
1099 3978 1246 4045 Christum,
1262 3993 1317 4034 non
1338 3986 1380 4034 est
1402 3987 1485 4051 casta,
1506 3982 1552 4037 sed
1574 3978 1707 4050 adultera,

75 4085 140 4141 pere
163 4072 246 4137 dona,
261 4068 339 4124 seda
366 4068 485 4134 Christo,
505 4082 557 4136 pro
579 4070 658 4137 eujtra
682 4082 774 4125 amore
794 4082 861 4124 cou-
913 4066 980 4137 quia
1003 4065 1137 4122 Christum
1161 4065 1322 4131 contemnit,
1351 4067 1395 4124 cui
1424 4066 1510 4123 iuerat
1536 4068 1711 4141 desponsata.

71 4157 167 4214 temnit
181 4157 270 4213 omnia
285 4163 409 4211 terrena:
426 4164 452 4211 ει
464 4157 499 4210 ab
512 4156 558 4210 illo
572 4158 631 4212 solo
641 4154 720 4212 dehet
733 4158 862 4227 concupi·
877 4141 901 4219 ὓ
916 4155 1055 4226 Religiosa
1077 4153 1174 4211 femina
1201 4154 1310 4224 quando
1332 4153 1449 4222 primum
1463 4157 1499 4211 ad
1518 4158 1709 4213 monasterium

67 4263 144 4302 scere
158 4248 238 4313 dona,
260 4261 321 4302 cum
336 4259 390 4315 quo
403 4251 495 4315 sperat
511 4243 630 4316 gaudere
645 4243 672 4296 in
694 4243 796 4299 caelesti
813 4259 863 4312 pa·
917 4243 1000 4308 venit,
1025 4242 1160 4296 Christum
1175 4242 1202 4296 in
1216 4254 1347 4311 sponsum
1362 4242 1482 4313 suscipit.
1499 4242 1561 4299 Post
1573 4244 1632 4302 haec
1644 4258 1709 4301 vero

74 4336 134 4392 tria.
158 4336 238 4391 Casta
258 4333 356 4389 lemina
383 4349 437 4389 non
461 4332 557 4404 qrttarit
580 4340 687 4387 terrena
704 4333 784 4397 dona,
813 4331 863 4385 sed
922 4331 945 4386 ai
960 4328 1104 4386 carnaliter
1118 4328 1253 4384 hominem
1268 4345 1351 4399 super
1361 4329 1496 4387 Christum
1516 4330 1614 4403 diligit,
1629 4332 1710 4388 adul·

73 4425 203 4482 roelestia.
227 4424 333 4495 Quanto
360 4425 441 4479 bomo
466 4422 580 4495 amplius
604 4423 630 4476 in
652 4421 766 4478 terrenis
784 4418 863 4476 donis
919 4414 1103 4486 teriumfacit3
1119 4424 1146 4471 et
1162 4415 1185 4472 si
1200 4430 1253 4472 non
1267 4431 1392 4488 corpore,
1408 4419 1466 4489 jam
1487 4429 1576 4475 ιιιιιιειι
1590 4419 1711 4476 adultera

67 4515 224 4582 aletretatur,
242 4521 316 4569 tanto
332 4511 447 4584 magisa
464 4511 513 4566 Dei
530 4526 622 4567 amore
636 4512 787 4583 elongatur.
919 4507 947 4561 in
963 4508 1218 4570 mente,secundum
1233 4506 1298 4562 illud
1312 4507 1384 4578 quod
1399 4507 1519 4564 dieitur:
1543 4510 1597 4578 Qui
1608 4510 1713 4568 arcem

110 4606 170 4658 tab.
186 4602 215 4657 Si
225 4600 441 4659 sanctimoniales
455 4601 560 4656 leminea
572 4600 673 4657 iaciunt
683 4600 710 4655 iu
725 4606 864 4654 monaste-
887 4654 890 4659 ,
918 4597 1069 4653 mulierem
1088 4597 1124 4651 ad
1138 4594 1390 4668 concupiscendam
1403 4613 1476 4665 eam,
1484 4599 1548 4670 jam
1557 4598 1711 4657 mactaret

66 4694 109 4750 rio
134 4693 205 4763 qnod
229 4689 358 4745 mulieres
380 4689 524 4745 saeculares
542 4690 631 4744 lacere
654 4690 742 4745 solent
764 4687 793 4743 in
806 4703 861 4743 ste-
916 4689 958 4742 est
973 4700 1036 4741 eam
1052 4687 1083 4740 in
1100 4686 1182 4743 corde
1197 4684 1404 4755 cantilenae,
1421 4686 1481 4758 ati:
1496 4687 1535 4745 sic
1548 4688 1627 4745 etiarn
1641 4703 1711 4746 moe·

75 4781 147 4847 culo,
168 4779 232 4834 satis
246 4778 394 4849 culpabiles
408 4790 468 4833 sara
484 4793 576 4833 coram
591 4776 659 4845 Deo,
675 4787 702 4834 et
726 4778 795 4833 inter
809 4792 862 4831 sa·-
918 4775 1012 4829 chatnr
1026 4773 1122 4830 mulier
1135 4789 1196 4830 cum
1212 4773 1279 4843 viro,
1296 4774 1317 4830 si
1334 4790 1395 4831 eum
1413 4774 1442 4829 in
1456 4777 1536 4833 corde
1551 4792 1601 4834 suo
1615 4793 1713 4834 concu-

74 4871 179 4924 enlarea
203 4877 229 4925 ot
242 4867 458 4923 sanctimoniales
479 4867 552 4921 nnlta
570 4877 612 4922 est
625 4865 787 4923 ditlerentia.
810 4866 864 4938 lgi-
919 4863 1011 4934 pierit,
1027 4863 1068 4919 tel
1082 4878 1144 4919 eum
1159 4863 1302 4919 carnaliter
1315 4863 1448 4922 dilexerit.

73 4965 127 5022 tar,
144 4955 167 5009 si
182 4956 308 5011 intereas
321 4971 381 5026 qua
392 4958 457 5009 aunt
471 4954 497 5007 in
513 4953 690 5024 monasterio,
703 4958 731 5007 et
745 4968 791 5008 eas
804 4966 865 5023 quoe
963 4955 1025 5008 ltu.
1046 4951 1229 5024 Quapropter,
1245 4953 1418 5009 dilectissima
1432 4953 1497 5010 mihi
1516 4957 1542 5011 in
1558 4955 1713 5010 Christoao·

75 5055 138 5100 snrt
163 5045 189 5100 in
205 5044 315 5108 seculo,
331 5043 406 5100 nulla
421 5048 463 5097 cst
486 5042 625 5107 distantia,
641 5042 711 5097 inter
724 5039 866 5112 religiosas
920 5059 978 5114 ror,
1002 5050 1027 5097 te
1054 5056 1162 5108 moneo,
1185 5049 1215 5097 ut
1235 5041 1372 5098 Christum
1391 5059 1519 5115 sponsum
1543 5051 1617 5100 taum
1632 5058 1715 5115 super

80 5129 773 5190 etiametsaecnlaresiemmasnullaesadissonantia.
784 5131 867 5203 Ergo,
924 5131 1014 5188 omnia
1027 5146 1111 5194 ames,
1127 5138 1153 5185 et
1162 5130 1197 5185 ab
1212 5128 1257 5185 illo
1271 5129 1330 5185 aolo
1344 5132 1415 5186 dona
1433 5131 1554 5200 accipere
1567 5130 1713 5188 desideres.

77 5223 101 5277 si
117 5221 332 5278 sanctimoniales
347 5220 453 5274 tamine.
467 5219 636 5274 delectabilia
649 5219 719 5274 dona
734 5217 798 5272 dant
811 5216 869 5275 suis
926 5220 1055 5288 Obsecro,
1070 5227 1099 5276 ut
1112 5219 1201 5275 lesum
1224 5218 1358 5275 Christum
1382 5234 1512 5292 sponsum
1535 5228 1610 5276 tuum
1635 5236 1719 5293 super

80 5310 186 5378 amicis,
207 5309 277 5365 sicut
297 5310 387 5365 lacere
411 5309 498 5364 solent
520 5309 685 5376 meretrices,
701 5309 747 5363 uhi
765 5316 807 5365 est
820 5308 869 5364 ho·
930 5311 1020 5366 omnia
1034 5310 1142 5380 diligas,
1163 5318 1191 5364 et
1208 5325 1258 5377 pro
1281 5323 1373 5364 amore
1396 5307 1468 5363 illius
1487 5308 1626 5366 secularia
1648 5310 1719 5368 dona

72 5408 174 5467 nestas,
199 5397 246 5455 ubi
270 5397 443 5469 religiositas,
470 5398 517 5456 ubi
545 5398 664 5469 castitas,
692 5397 738 5452 arbi
754 5398 866 5471 puritas,
928 5411 981 5452 non
1002 5393 1128 5467 arripias.
1144 5392 1240 5448 Procul
1263 5392 1347 5449 duhio
1368 5393 1413 5464 qui
1436 5401 1542 5450 terrena
1561 5394 1631 5450 dona
1652 5392 1722 5451 aile-

74 5489 123 5547 ubi
146 5487 298 5545 sauctitas?
322 5485 350 5543 Si
372 5486 588 5544 sancumoniales
610 5486 717 5543 leminae
739 5502 800 5558 quae
820 5502 869 5559 per
926 5490 989 5550 ctat,
1008 5481 1129 5537 caelestia
1144 5496 1197 5538 non
1212 5488 1313 5552 sperat.
1330 5481 1445 5538 Munera
1466 5487 1614 5540 excaecant
1631 5484 1724 5551 oculo,

182 5588 305 5646 Parnon.
323 5585 494 5646 CLXXXIV.
1579 5585 1612 5641 tt
