3706 5962
108 214 150 270 49
739 211 773 272 ΙΝ
791 211 930 276 cultrici
948 214 1057 276 salitio
1075 215 1144 276 Vlll.
1729 222 1766 285 50

113 355 147 396 ex
168 353 201 394 se
224 337 354 395 delicere.
378 336 509 394 Defectus
531 336 665 410 siquidem
687 339 726 396 illi
755 339 826 398 loret
848 356 951 437 omn
1005 347 1032 401 5.
1047 343 1167 415 Queatio
1182 343 1241 398 haec
1255 356 1311 399 non
1323 343 1382 413 jam
1395 343 1467 399 circa
1481 360 1563 400 unam
1576 347 1684 404 Domini
1697 349 1765 407 lesu

110 429 155 484 nis
189 427 307 483 mutatio
338 443 345 481 ε
375 442 426 482 nec
449 427 537 501 magis
561 427 589 481 in
613 427 688 483 illam
713 427 912 502 aliaprolicere
967 433 1052 489 solam
1086 430 1258 504 restringitur
1295 430 1430 499 animam,
1465 432 1514 489 sed
1541 449 1571 491 se
1604 434 1697 492 dilatat
1726 436 1762 494 ad

111 523 222 590 potest.
251 515 314 571 Non
343 524 523 582 commutare,
545 514 595 572 sed
615 517 817 575 communicare
840 519 915 576 illam
967 535 1063 578 omnes
1091 537 1153 592 quae
1184 519 1298 590 alcuius
1334 527 1397 576 sunt
1424 519 1573 592 participes
1600 524 1762 594 sapientiae:

109 623 273 680 possumus,
297 605 399 662 utendo
419 603 481 678 [pro
509 604 636 677 fruendo]
655 615 729 662 certe
756 624 811 665 nou
839 608 914 665 eris-
967 619 997 667 ut
1028 609 1148 665 similiter
1171 609 1256 681 quaeri
1283 608 1379 680 possit,
1405 625 1440 663 an
1473 625 1568 666 omnes
1592 626 1681 687 'unam
1711 614 1763 668 ha-

109 696 209 754 tendo.
969 700 1051 754 beant
1077 714 1138 754 cum
1166 697 1257 754 Verbo
1280 696 1330 752 Dei
1358 696 1531 768 sapientiam,
1560 697 1614 753 imo
1643 714 1677 753 an
1706 713 1764 755 om·

149 790 176 840 3.
203 786 295 840 Manet
315 783 408 855 itaque
427 782 533 839 naturis
547 781 608 838 istis
623 800 672 840 sua
691 784 789 857 cuique
803 793 858 841 tam
872 787 914 841 in·
968 804 1019 843 nes
1039 785 1118 841 aliam
1143 800 1198 841 non
1221 785 1340 840 habeant
1364 801 1444 857 quam
1466 785 1555 856 ipsum
1578 786 1628 842 Dei
1644 788 1765 844 Verbum

109 875 231 948 tegritas
246 888 328 946 mam
343 873 508 944 proprietas.
521 874 727 945 consequenter
741 875 822 930 etiam
836 891 914 933 com·
969 876 1140 948 sapientiam.
1165 873 1243 943 Quod
1272 874 1294 928 si
1317 875 1353 928 ita
1379 881 1432 940 est,
1456 890 1510 930 una
1531 876 1587 944 jam
1607 883 1634 932 et
1649 876 1766 933 indivisa

109 971 241 1035 petentes
261 963 304 1017 his
328 961 598 1033 comprehensiones,
620 970 648 1017 et
671 963 795 1033 allectus,
811 972 838 1020 et
853 981 916 1021 con·
969 966 1021 1021 erit
1047 964 1167 1021 omnium
1196 962 1338 1034 sapientia.
1369 964 1403 1018 Et
1440 979 1493 1034 qua
1534 965 1638 1021 ratione
1665 965 1766 1022 dicitur

110 1051 319 1123 templationes,
340 1056 367 1106 et
381 1050 566 1106 beatitudines
590 1051 765 1122 impermistae
789 1062 861 1119 sunt,
887 1060 915 1110 et
969 1055 1071 1118 omnis,
1099 1053 1122 1106 si
1150 1050 1258 1106 nonnisi
1287 1067 1341 1106 una
1368 1051 1432 1106 esti
1460 1050 1540 1120 Quid,
1571 1053 1594 1106 si
1621 1052 1682 1109 ideo
1711 1071 1766 1110 nu-

110 1140 261 1203 distincte,
273 1147 301 1195 et
311 1138 484 1202 differentes,
497 1145 524 1193 et
534 1140 720 1196 numerabiles
730 1141 915 1199 sinenumero
968 1157 1076 1197 merose
1095 1139 1203 1207 dicitur,
1220 1155 1274 1196 non
1289 1138 1353 1210 quia
1372 1139 1400 1193 in
1415 1155 1445 1195 se
1459 1141 1635 1196 numerabilis
1648 1141 1694 1204 sit,
1714 1142 1764 1198 sed

109 1227 328 1301 personarum
338 1226 400 1299 quis
411 1236 548 1283 assereret
558 1228 914 1285 beatissimamChristiani-
968 1235 1081 1301 propter
1107 1227 1331 1283 numerositatem
1346 1227 1502 1285 habentium
1532 1231 1616 1286 eam?
1644 1232 1713 1286 Nam
1737 1239 1766 1288 et

111 1334 184 1372 mam
199 1325 248 1371 aut
267 1316 336 1371 nibil
354 1317 456 1372 sentire
470 1317 579 1388 penitus
594 1316 745 1374 dulcedinis
760 1328 787 1377 et
800 1319 913 1389 gaudii;
967 1333 1022 1372 una
1036 1316 1133 1372 dicitur
1148 1316 1226 1384 tides,
1243 1323 1356 1388 propter
1374 1332 1456 1372 uuam
1470 1334 1529 1374 rem
1543 1318 1687 1389 creditam,
1702 1320 1765 1376 culn

109 1415 156 1461 aut
179 1406 292 1472 iterum,
313 1413 427 1476 gustum
441 1404 564 1461 intimum
580 1405 617 1460 illi
637 1408 797 1477 permittere
827 1407 915 1463 soavi-
967 1414 1057 1462 tamen
1073 1404 1172 1476 cuique
1196 1405 1230 1459 sit
1244 1421 1304 1461 sua.
1325 1404 1416 1472 Quare
1441 1423 1508 1480 ergo
1522 1425 1576 1463 una
1590 1424 1635 1465 res
1649 1423 1705 1464 non
1719 1409 1764 1465 di·

110 1495 174 1549 tatis
188 1502 217 1549 et
229 1493 346 1565 saporis,
359 1501 386 1548 et
401 1492 576 1549 beatitudinis
595 1493 734 1565 illiusque
757 1495 914 1551 beatissima
968 1504 1043 1551 catur
1057 1507 1213 1557 numerose,
1229 1509 1292 1548 cum
1315 1493 1405 1549 multa>
1424 1495 1600 1567 singulariter
1618 1497 1766 1553 dieantur?

110 1583 263 1655 perfruitur
290 1581 434 1638 Trinitas?
456 1582 568 1654 hlojoris
592 1583 727 1655 siquidem
752 1592 795 1640 est
823 1583 913 1640 excel·
966 1583 1090 1654 Denique
1114 1589 1142 1637 et
1164 1581 1254 1636 multae
1286 1580 1416 1647 scientiae,
1432 1590 1459 1636 ot
1487 1583 1580 1639 multae
1607 1584 1763 1641 voluntates

109 1672 207 1728 lentiae
231 1686 292 1727 esse
311 1670 379 1725 illud
401 1671 483 1727 vitale
508 1672 610 1726 honum
635 1687 718 1743 quem
744 1673 911 1744 participale,
968 1670 1091 1739 eiusdem
1121 1684 1245 1739 personna
1278 1667 1415 1734 dicuntur,
1445 1676 1472 1725 et
1504 1671 1601 1727 eodem
1629 1679 1763 1744 tempore,

110 1760 254 1833 longeque
265 1757 424 1829 expressior
434 1764 476 1813 est
485 1758 688 1829 experientiaet
698 1759 847 1818 domesticu
858 1777 914 1817 ma·
968 1766 1080 1830 propter
1097 1756 1299 1811 multitudinem
1317 1771 1408 1812 rorum
1433 1773 1501 1829 quas
1523 1759 1568 1813 vel
1586 1759 1636 1813 scit
1649 1760 1693 1816 vel
1708 1761 1767 1816 vult

109 1849 153 1922 gis
173 1848 203 1902 in
220 1847 342 1904 essentia
356 1863 438 1919 quam
456 1847 484 1903 in
501 1864 553 1903 usu
567 1847 662 1919 ipsius.
688 1850 756 1905 Esse
777 1851 871 1921 utique
886 1849 914 1905 id
967 1847 1049 1904 etiam
1063 1845 1151 1901 umal.
1177 1845 1219 1900 Ad
1244 1860 1289 1901 res
1310 1861 1377 1916 ergo
1401 1845 1483 1902 scitas
1501 1846 1694 1917 respicientes,
1709 1864 1764 1905 non
1827 1860 1833 1869 ’

110 1937 202 2008 ipsum
222 1936 261 1990 uti
285 1942 336 2002 est,
360 1951 417 1993 non
440 1943 531 1992 tamen
555 1952 622 1992 usus
637 1938 784 1994 essentiam
798 1939 912 1996 confert.
967 1936 1002 1991 ad
1017 1935 1102 2007 ipsius
1116 1935 1215 1989 mentis
1237 1933 1302 2002 vim,
1317 1951 1371 2007 qua
1391 1935 1505 2007 quisque
1530 1935 1581 1992 seit
1595 1950 1677 1992 omne
1691 1937 1765 2008 quod

109 2025 255 2096 Quomodo
275 2041 342 2098 ergo
360 2025 481 2081 essentia
505 2025 682 2097 perfruitione
701 2026 761 2082 sola
785 2043 841 2083 non
864 2043 913 2097 po·

112 2115 171 2184 tior,
200 2114 267 2187 quia
291 2113 463 2185 proximiori
490 2114 596 2172 Deinde
621 2115 684 2171 licet
703 2116 794 2171 anima
812 2116 913 2171 haecin

111 2203 201 2258 Verbo
228 2202 322 2259 omnia
348 2202 431 2268 videt,
461 2210 490 2258 et
511 2203 602 2274 ipsum
625 2203 745 2259 Verbum
770 2203 798 2258 in
823 2205 913 2260 Verbo

112 2292 183 2347 ridet
206 2307 214 2346 :
234 2300 327 2347 tamen
346 2291 411 2363 quia
435 2292 555 2347 admissa
578 2300 689 2347 nonest
705 2293 733 2347 in
750 2293 912 2350 societatem

113 2380 249 2447 ementire,
267 2395 319 2435 nec
332 2379 439 2436 admitti
453 2388 544 2452 potest
558 2380 587 2434 in
604 2379 785 2453 equalitatem
798 2381 911 2437 notitiae.

114 2470 178 2524 Nam
192 2471 246 2525 hoc
262 2468 354 2540 ipsum
370 2469 549 2525 essentialiter
562 2470 648 2525 Deum
663 2486 734 2535 esse,
753 2476 781 2525 et
801 2470 912 2541 sapien·

116 2559 177 2613 tiam
189 2573 263 2621 esse,
286 2565 315 2612 et
328 2573 463 2612 summam
483 2557 631 2613 honitatem
648 2573 719 2623 esse,
739 2566 766 2614 et
786 2558 913 2614 virtutem

113 2662 258 2714 summam,
285 2652 312 2701 et
332 2645 429 2716 solam,
450 2653 476 2701 et
499 2647 705 2717 sempiternam,
726 2648 791 2717 quid
815 2647 914 2702 habeat

112 2734 300 2791 delectationis
326 2742 355 2790 et
386 2733 490 2806 gaudii,
518 2735 561 2791 cui
590 2734 716 2790 dabimus
743 2749 837 2803 nosse,
861 2733 913 2789 nisi

111 2825 153 2881 eui
171 2825 269 2879 datum
283 2831 326 2879 est
340 2823 377 2880 let
400 2824 486 2878 essai
501 2824 622 2879 Verbum
646 2838 712 2897 ergo
732 2822 819 2878 Patris
838 2831 912 2878 tanto

967 2025 1037 2090 scit;
1053 2023 1175 2079 etunius
1196 2022 1304 2088 multas,
1327 2032 1355 2078 ct
1378 2026 1525 2081 multorum
1550 2024 1664 2082 dicimus
1682 2040 1764 2081 unam

968 2113 1120 2168 scientiam.
1150 2113 1217 2167 Cum
1240 2111 1331 2184 itaque
1353 2112 1462 2179 dicitur,
1481 2115 1578 2170 Omnis
1590 2116 1765 2186 sapientiae

966 2203 1084 2259 domino
1097 2203 1151 2258 lieo
1174 2205 1226 2269 cst,
1247 2201 1313 2256 nihil
1328 2201 1413 2258 officit
1434 2203 1468 2258 ad
1483 2205 1657 2259 astruendam
1670 2201 1763 2258 unita-

968 2294 1024 2345 tem
1039 2288 1198 2360 sapientiae:
1220 2288 1282 2361 quia
1297 2290 1349 2346 hoc
1363 2306 1418 2347 non
1441 2290 1475 2344 ad
1494 2290 1590 2362 ipsam,
1607 2291 1655 2346 sed
1670 2290 1705 2344 ad
1719 2288 1765 2345 illa

966 2395 1028 2449 quae
1054 2378 1177 2434 sciuntur
1203 2394 1255 2450 per
1279 2378 1377 2449 ipsam,
1407 2379 1525 2436 refertur
1552 2381 1625 2452 quod
1653 2378 1763 2449 dicitur,

967 2467 1060 2524 crenis
1084 2468 1179 2538 Neque
1205 2466 1278 2521 enim
1301 2468 1365 2538 quia
1390 2468 1473 2523 multa
1496 2476 1569 2534 sunt,
1586 2484 1647 2539 quae
1661 2465 1764 2522 illumi·

968 2561 1066 2608 uantur
1079 2560 1109 2605 ut
1123 2553 1209 2607 videri
1232 2554 1348 2620 possint,
1375 2562 1421 2606 aut
1443 2554 1520 2607 multi
1542 2562 1571 2607 ut
1594 2554 1687 2609 videre
1701 2570 1765 2624 pos·

966 2642 1030 2706 sint,
1049 2640 1111 2695 ideo
1134 2639 1274 2708 multiplex
1301 2638 1392 2695 lumen
1418 2647 1470 2704 est,
1495 2640 1568 2711 quod
1585 2647 1612 2696 et
1629 2640 1686 2696 risa
1701 2641 1764 2696 illu·

967 2730 1059 2796 minat,
1079 2738 1107 2785 et
1131 2726 1286 2785 videntibus
1312 2727 1395 2784 lucet.
1424 2727 1495 2795 Quid
1524 2731 1614 2800 ergo?
1643 2729 1766 2787 dicemus

966 2836 1046 2875 unam
1061 2817 1226 2874 eteamdem
1248 2832 1309 2872 esse
1333 2816 1474 2873 scientiam
1498 2817 1594 2873 animae
1618 2819 1683 2875 lesu
1701 2834 1764 2874 cum

109 2913 197 2987 magis
211 2912 308 2969 intime
322 2919 347 2968 et
369 2912 475 2968 docere
494 2920 521 2968 et
535 2911 694 2985 simpliciter
708 2928 738 2967 se
753 2911 843 2983 ipsum
858 2927 911 2967 no·
966 2907 1067 2976 Verbo,
1097 2906 1152 2962 imo
1181 2902 1233 2961 2⁷
1259 2905 1380 2961 omnium
1410 2905 1581 2961 rationalium
1609 2907 1763 2979 spirituum,

109 3001 344 3071 rit,etunirersa
363 3016 462 3072 perse
485 3000 586 3073 ipsum,
606 3007 708 3074 quanto
728 3002 842 3057 meliore
866 3000 911 3056 ni·
927 3036 949 3115 c
966 3005 993 3054 et
1008 2997 1081 3053 inter
1095 3012 1134 3062 se,
1161 3003 1268 3050 etcum
1290 2994 1339 3050 Dei
1363 2995 1453 3052 Verbo
1477 3012 1558 3051 unam
1574 3012 1635 3053 esse
1650 2998 1763 3069 sapien·
1830 3028 1832 3033 .

966 3086 1047 3151 tiam,
1058 3083 1120 3156 quio
1135 3082 1185 3139 Dei
1201 3081 1345 3139 Verbum?
1360 3083 1418 3139 Jam
1443 3099 1513 3155 crgo
1538 3084 1572 3141 de
1595 3085 1653 3141 sole
1673 3086 1765 3142 anima

964 3176 1028 3231 lesu
1048 3188 1102 3230 non
1118 3172 1169 3228 erit
1183 3173 1241 3228 haee
1260 3170 1442 3241 disceptatio:
1469 3180 1497 3227 et
1519 3172 1609 3229 nullus
1631 3175 1687 3244 jam
1712 3173 1765 3229 erit

108 3092 173 3147 titur
199 3089 344 3163 privilegio
364 3088 520 3146 essentialis
541 3089 637 3156 unitas,
659 3105 741 3163 quam
764 3089 827 3145 unio
845 3105 910 3161 per-

110 3179 225 3237 sonalis.

144 3271 172 3328 i.
202 3268 267 3324 llaec
284 3267 320 3322 ad
336 3268 387 3324 hoc
402 3267 576 3339 replicamur,
590 3268 624 3322 ad
639 3266 835 3324 discernendos
854 3269 909 3325 sci·
965 3261 1043 3318 nobis
1058 3261 1146 3317 exitus
1169 3261 1204 3315 ad
1233 3261 1362 3317 tuendam
1386 3262 1511 3331 superius
1537 3261 1763 3333 positamdiver·

106 3359 174 3414 licet
195 3357 279 3413 nnius
296 3358 377 3412 Jesus
404 3357 505 3414 Christi
532 3356 656 3422 uirtutes,
677 3371 728 3428 pro
751 3357 860 3429 gemina
882 3357 911 3413 in
964 3352 1073 3407 sitatem
1087 3350 1207 3407 scientia
1221 3349 1293 3405 inter
1308 3349 1427 3406 Verbum
1446 3357 1473 3406 et
1497 3351 1615 3407 enimam
1635 3351 1710 3406 lesu.
1727 3352 1764 3406 Et

110 3445 220 3502 Christo
240 3451 358 3512 notura3
379 3445 406 3499 id
422 3453 464 3500 est
478 3445 560 3501 Verbi
576 3445 759 3502 essentialiter
773 3462 807 3501 cx
831 3447 911 3502 Patre
964 3439 1100 3512 qu0m0d0
1128 3437 1231 3509 patebit
1252 3437 1350 3507 exitus,
1380 3453 1440 3494 cum
1469 3441 1520 3494 hoc
1541 3439 1622 3494 modo
1641 3439 1762 3494 omnium

106 3536 179 3602 nati,
197 3541 227 3589 et
242 3533 350 3605 mineus
365 3551 397 3589 ex
414 3540 536 3605 ternpore
550 3534 652 3590 creari:
668 3535 786 3591 maxime
800 3544 912 3606 propter
966 3545 1020 3584 uua
1037 3527 1214 3583 convincatur
1234 3526 1376 3595 sapientia,
1393 3526 1457 3595 uuio
1480 3541 1564 3579 unum
1580 3525 1672 3580 lumen
1687 3527 1761 3597 quod

107 3627 176 3684 illos
192 3624 240 3698 qui
250 3625 284 3681 de
299 3625 403 3681 unitate
417 3640 544 3697 personae
557 3625 752 3698 equalitatem,
768 3626 812 3684 vel
825 3625 913 3697 magis
964 3615 1098 3672 illuminat
1111 3613 1229 3670 omnes?
1244 3613 1287 3667 hn
1309 3612 1380 3669 forte
1405 3613 1467 3685 quia
1481 3612 1589 3669 diverso
1603 3612 1685 3668 modo
1700 3611 1763 3668 illu-

107 3716 246 3772 nnitatem
261 3713 557 3785 inducunt-etmrtutis,
572 3722 600 3770 et
611 3715 740 3772 scientiae.
756 3715 809 3786 Qui
823 3722 913 3771 tamen
966 3703 1079 3760 minatio
1100 3702 1140 3771 fil,
1165 3703 1247 3758 eliam
1272 3701 1388 3758 dilelsae
1416 3701 1489 3757 iniit
1506 3717 1537 3757 ὅθ
1551 3700 1763 3759 illuminationes

57 3806 60 3813 '
106 3804 275 3863 cumomnio
289 3803 511 3861 dimatanimam
526 3805 628 3863 habere
643 3821 693 3877 per
708 3805 834 3880 grauiam¹
851 3822 913 3878 quae
966 3804 1038 3862 sunt,
1056 3800 1083 3850 et
1106 3794 1140 3848 ab
1169 3806 1202 3849 eo
1222 3807 1273 3863 per
1296 3791 1371 3863 qnod
1399 3789 1466 3846 fiunt
1488 3791 1589 3847 lumine
1611 3790 1760 3850 differunt:

106 3897 190 3952 habet
207 3894 331 3952 Verbum
346 3911 396 3966 per
410 3903 549 3960 naturam;
571 3895 621 3966 ipsi
639 3896 765 3952 videntur
780 3895 912 3968 quasdam
966 3883 1002 3940 ita
1016 3883 1097 3940 etiam
1120 3881 1149 3937 in
1171 3880 1267 3936 animis
1291 3878 1477 3944 rationalibus,
1494 3888 1522 3936 et
1545 3879 1673 3936 divinitus
1697 3879 1761 3936 illu·
1799 3932 1801 3937 .

107 3983 254 4042 damnans
268 3991 295 4039 et
309 3983 421 4056 gradus,
437 3992 467 4041 ut
487 3984 527 4040 sie
544 3983 645 4051 dicam,
661 3985 792 4041 inducere
806 4002 855 4056 per
870 3984 911 4040 di.
965 3970 1074 4027 minatis
1094 3977 1122 4025 et
1142 3969 1233 4025 lumen
1257 3983 1311 4041 quo
1326 3967 1521 4034 illuminantur,
1538 3977 1567 4024 et
1584 3967 1644 4040 ipsa
1666 3967 1763 4024 illuuri·

109 4075 290 4132 stipationem
319 4073 459 4130 nominum
483 4073 606 4141 istorum,
633 4072 661 4128 id
680 4081 722 4130 est
740 4082 865 4129 naturam
885 4081 912 4130 et
965 4060 1038 4116 113ὓο
1054 4075 1114 4131 (Ιῡθθ
1129 4074 1177 4129 por
1191 4058 1283 4113 lumen
1307 4056 1347 4126 fil»
1362 4058 1397 4112 ab
1415 4056 1532 4113 inlicem
1547 4057 1762 4113 discernemur?

110 4164 236 4236 gratiam.
253 4161 393 4231 Quantum
408 4161 446 4217 illi
465 4163 610 4234 denegant,
628 4163 674 4237 qni
687 4163 740 4220 hoe
754 4161 843 4235 ipsum
858 4179 912 4218 non
965 4150 1033 4205 Nam
1062 4145 1221 4203 illuminatio
1240 4146 1352 4219 quidem
1376 4145 1406 4201 ht
1438 4145 1467 4201 in
1495 4145 1654 4212 illuminato,
1682 4155 1762 4203 etex

108 4250 234 4324 dautper
244 4256 373 4304 naturam
382 4250 484 4306 hahere
493 4250 537 4306 vel
555 4264 635 4307 nosse
646 4249 660 4304 i
671 4251 741 4305 Nam
755 4250 806 4305 etsi
821 4250 913 4304 anima
965 4244 1089 4309 tem1³⁰re
1103 4235 1152 4290 fiii
1169 4234 1261 4292 lumen
1283 4243 1373 4291 aliem
1395 4235 1484 4307 ipsum
1508 4252 1563 4293 ¹¹⁰ss
1586 4235 1624 4305 fil,
1645 4237 1694 4292 Sed
1709 4243 1762 4302 8⁵1·

106 4344 172 4399 Jesu
187 4341 283 4398 Verbo
294 4339 381 4407 uuita,
401 4341 568 4397 excellenter
583 4349 610 4396 et
624 4339 799 4414 pergratiam
814 4338 912 4395 illumi.
966 4336 993 4385 et
1008 4344 1042 4384 ex
1054 4334 1157 4383 aeterno
1168 4333 1220 4382 est.
1236 4327 1294 4382 lloc
1304 4326 1386 4383 modo
1400 4325 1429 4380 in
1447 4340 1501 4380 una
1514 4335 1606 4382 mente
1617 4326 1664 4396 qui
1678 4332 1762 4396 neget

106 4441 170 4488 maa
186 4429 237 4497 δίῃ
255 4428 382 4502 nunquid
400 4437 427 4486 er
440 4429 507 4485 illud
523 4430 626 4486 habere
641 4430 746 4486 dicetur
760 4444 794 4485 eg
813 4429 910 4501 grania,
966 4419 1064 4473 multas
1082 4415 1211 4472 scientias
1225 4431 1297 4481 esse,
1313 4415 1341 4470 iu
1356 4430 1410 4485 qua
1428 4414 1556 4486 intelligit
1570 4414 1668 4469 multas
1683 4429 1762 4470 com·

61 4564 65 4569 .
105 4530 136 4576 ur
159 4519 325 4576 nammtiter
342 4527 371 4574 er
389 4517 572 4576 essentialiter
593 4527 621 4575 et
639 4507 800 4591 simpliciter
820 4518 912 4573 tunm
967 4506 1161 4579 prehensiones
1175 4519 1246 4568 esse,
1271 4503 1394 4575 quamvis
1417 4518 1471 4557 una
1485 4502 1520 4558 sit
1532 4502 1632 4557 mentis
1646 4500 1686 4557 ris
1701 4518 1763 4573 quae

104 4610 151 4680 sir,
173 4614 206 4666 et
224 4608 381 4664 illuminans
400 4608 459 4665 sira
478 4609 532 4665 Aur
555 4623 674 4682 quonam
693 4609 775 4665 modo
794 4608 846 4664 ern
861 4624 912 4662 na.
967 4592 1321 4667 comprehenditetvidet;
1345 4598 1373 4646 ct
1388 4606 1470 4645 uuum
1484 4589 1576 4646 lumen
1595 4589 1763 4662 illuminans,
1809 4662 1813 4669 ἱ

102 4707 176 4755 201·ae
200 4714 285 4770 quam
305 4697 403 4772 μήθ
426 4696 522 4754 notitia
546 4698 729 4769 pfaesmnqop,
750 4697 771 4752 ,j
792 4713 847 4752 „011
866 4712 913 4752 ex.
965 4692 996 4741 ut
1022 4680 1259 4754 comprehendere
1286 4687 1314 4736 et
1340 4680 1434 4737 videre
1463 4680 1569 4752 queat?
1585 4680 1649 4737 llaec
1663 4680 1764 4738 distin-

104 4788 259 4861 pressior?
278 4787 314 4842 Αῑ
335 4786 403 4843 fflud
426 4787 567 4844 adducunt
590 4788 663 4859 quod
686 4787 795 4861 legitur,
816 4792 844 4842 er
865 4800 913 4841 ve.
967 4772 1077 4847 guenda
1101 4779 1164 4826 sunt
1188 4770 1345 4842 diligenter,
1365 4772 1466 4840 lumen,
1483 4778 1511 4827 et
1529 4770 1689 4829 illuminatio
1704 4787 1765 4845 qoae

103 4876 219 4934 tissime
245 4875 356 4949 legitur,
379 4876 443 4949 quia
469 4878 563 4935 omnig
588 4879 731 4948 sapientia
756 4891 774 4930 a
797 4873 914 4931 Domino
968 4879 1019 4937 per
1045 4862 1138 4919 lumen
1165 4860 1196 4915 fil
1224 4860 1252 4916 in
1280 4860 1370 4917 animo
1398 4860 1585 4936 inlelligenlis.
1617 4863 1685 4918 Nam
1714 4863 1765 4918 hoe

100 4969 162 5025 beo
176 4970 231 5033 est,
255 4969 284 5020 et
298 4982 363 5022 cum
376 4966 426 5022 illo
439 4968 627 5039 [aitscmpen
646 4969 674 5022 et
687 4968 810 5022 estante
823 4980 914 5021 eoum
968 4955 1058 5025 ipsum
1085 4950 1248 5024 isslssffittflres
1270 4958 1298 5007 ⁰2
1312 4951 1467 5017 illuminati,
1484 4958 1511 5007 el
1539 4953 1609 5008 scire
1633 4958 1683 5006 ⁰⁵¹·
1700 4949 1767 5018 Quis

98 5055 211 5129 [flecti.
232 5068 254 5120 t,
271 5056 309 5127 l).
325 5054 354 5110 si
368 5054 459 5111 omnis
479 5054 613 5126 sapientie
637 5069 652 5109 a
672 5054 729 5108 Deo
749 5059 777 5108 et
793 5068 853 5108 cum
869 5050 914 5105 illo
968 5043 1060 5115 itaque
1083 5056 1138 5098 uon
1164 5040 1273 5097 videat:
1300 5041 1424 5113 quamvis
1446 5041 1499 5096 nisi
1520 5039 1696 5096 subtilissime
1710 5054 1766 5094 nou

95 5154 158 5209 ομ,
183 5151 215 5200 et
238 5150 305 5200 ante
322 5161 432 5202 aevum:
449 5144 588 5218 quomodo
605 5160 673 5217 ergo
691 5143 783 5199 multae
807 5141 914 5214 sapien.
969 5132 1139 5188 discernatur
1176 5138 1290 5202 pl'0ptel'
1332 5130 1490 5187 nonnullam
1530 5125 1754 5186 similitudinem:

95 5220 152 5292 tiae
176 5241 246 5290 sunt
269 5248 331 5289 eum
355 5234 409 5299 illa,
435 5236 665 5308 qraealieoest,
681 5232 759 5290 etilli
778 5238 915 5289 coaeterua
969 5222 1039 5295 quis,
1065 5222 1185 5294 inquam,
1216 5236 1270 5277 n0n
1302 5220 1393 5276 videti
1424 5218 1537 5274 disserit
1569 5217 1640 5272 inter
1668 5235 1698 5274 ὅθ
1726 5218 1767 5273 lu·

95 5335 158 5391 ὥς,
178 5324 249 5396 quia
264 5338 326 5379 cum
349 5323 396 5379 illo
411 5331 575 5383 anteaevum
591 5323 655 5382 052?
671 5324 734 5380 Non
752 5322 844 5379 mulrae
863 5337 916 5378 nec
969 5328 1032 5368 men
1053 5328 1103 5384 per
1132 5311 1205 5383 quod
1231 5307 1391 5364 illuminatio
1425 5307 1463 5373 srt,
1490 5313 1517 5361 et
1544 5306 1767 5365 illuminationem

95 5410 370 5474 variaeetdinemae
387 5411 537 5487 sapientias,
553 5414 602 5471 sed
616 5429 670 5470 una
684 5413 786 5471 501292
800 5411 915 5469 inparia.
970 5419 1031 5476 quae
1045 5418 1095 5475 per
1109 5401 1201 5457 lumen
1227 5399 1256 5453 fit
1285 5398 1311 5452 in
1341 5395 1436 5468 quovis
1458 5394 1630 5453 illuminato?
1645 5398 1768 5455 Alterum

96 5506 172 5564 bilis
189 5511 244 5559 est.
971 5493 1043 5550 enim
1069 5500 1190 5548 creatum
1217 5496 1269 5556 est,
1298 5487 1413 5543 alterum
1446 5501 1566 5558 ereans,
1599 5487 1714 5545 alterum
1741 5488 1771 5543 il·
