3706 5962
55 226 122 288 lala

734 223 826 284 vtall
844 219 1002 283 natatili.

1625 223 1695 285 tall

52 354 120 423 Quae
133 353 204 408 mala
218 353 363 418 damnatis,
378 368 439 424 quae
452 352 506 406 sint
520 351 590 406 bona
604 357 680 422 parta
694 350 789 407 beatis.
860 364 883 442 g
899 348 1030 417 {nsipiens
1044 355 1072 402 et
1085 346 1171 403 hebes
1186 361 1193 403 t
1206 345 1253 402 sed
1269 353 1299 401 tu
1309 345 1378 401 bene
1391 347 1502 402 credere
1515 346 1597 404 debet

51 445 189 510 Quantum
206 444 361 514 gaurlrliupt
375 458 443 512 qnos
458 440 557 511 gaudia
571 438 841 509 summareplebunt;
901 435 1005 490 Christo
1019 435 1115 489 dicenti
1134 453 1140 488 :
1158 436 1273 505 llapiunt
1293 433 1358 488 illud
1374 435 1492 492 violenti.

52 531 129 599 Quos
143 529 294 592 illustrabit.
309 544 378 599 quos
392 545 500 599 semper
515 527 660 584 latitantia

53 616 127 671 l'isio
139 624 232 673 sancta
242 617 302 685 Dei,
318 617 501 686 splendorque
516 631 574 671 suae
588 613 677 670 laciei.

54 704 128 759 Talia
144 705 275 775 quaerenti
287 704 398 759 venient
410 719 480 760 nova
492 702 588 773 gaudia
603 701 698 764 menti,

54 792 120 846 Cum
136 793 224 848 studio
240 790 437 848 talidulcedine
450 790 581 862 spirituali

53 881 129 937 llens
143 888 187 936 tua
202 889 337 951 pascetur,
354 882 376 934 si
394 879 496 950 jugiter
511 881 568 934 haec
578 877 731 933 meditetur.

90 971 146 1024 Hoc
160 969 278 1024 studium
298 976 400 1024 mentes
413 968 531 1024 Domino
545 965 607 1021 lacit
626 981 687 1021 esse
702 968 847 1035 placentes.

54 1060 125 1112 cura
140 1064 259 1113 terrenas
273 1070 386 1126 magnos
409 1055 569 1112 cruciamine
583 1054 678 1125 plenas

54 1145 186 1200 Funditus
204 1145 322 1214 expellit,
335 1145 462 1198 citiorum
476 1142 599 1215 germina
611 1141 695 1196 vellit.

55 1232 99 1286 Src
114 1240 275 1287 eternorum
298 1247 373 1287 mous
384 1239 469 1288 tactas
483 1231 578 1286 timore
593 1228 726 1295 dolorum,
745 1285 751 1298 ,

54 1320 161 1376 Deserit
175 1336 305 1387 errorem,
320 1319 468 1391 mundique
483 1319 585 1389 repellit
601 1333 732 1375 amorem.

54 1408 152 1464 Postea
165 1424 332 1464 summorum
343 1408 480 1480 flagrescit
494 1422 586 1463 amora
605 1408 752 1463 bonorum.

54 1497 164 1552 Confert
178 1498 231 1552 tale
249 1498 349 1551 bouum
363 1497 469 1552 Domini
482 1495 605 1552 mirabile
622 1495 733 1551 donum.

54 1585 122 1638 Nam
136 1600 198 1639 cum
212 1592 330 1641 mutatur
344 1585 414 1639 mala
424 1599 509 1651 meus,
521 1584 593 1641 Deus
607 1585 658 1640 hoc
672 1591 808 1654 oporatur.

57 1672 195 1729 Virtutum
211 1687 308 1729 munus
321 1680 451 1745 praestare
464 1680 555 1745 potest
567 1674 639 1728 Deus
652 1687 735 1734 unus,

54 1759 108 1828 Qui
123 1761 162 1815 sic
177 1776 317 1818 servorum
331 1762 409 1816 docet
429 1763 501 1817 intus
511 1761 591 1816 corda
606 1775 728 1828 suorum,

55 1848 109 1919 Qui
123 1850 193 1904 bona
202 1858 349 1916 sectantur,
364 1851 406 1904 vel
421 1848 524 1916 dicunt,
545 1849 586 1904 rel
601 1848 775 1903 meditantur.

14 2011 16 2014 .
56 1936 102 1992 Sic
116 1937 247 1992 Dominus
262 1952 351 1992 mores
365 1935 509 1993 illoslevat
522 1936 556 1990 sd
571 1935 709 2003 meliores,

56 2023 132 2094 Quos
145 2031 327 2097 exsurgentes
341 2024 415 2080 videt
428 2025 613 2094 auxiliumque
623 2032 758 2094 petentes.

55 2113 128 2183 Ergo
138 2111 191 2166 fide
207 2128 272 2181 pura
283 2110 388 2166 Christo
402 2119 428 2165 te
442 2112 558 2166 subdere
571 2127 647 2174 cura,

55 2199 165 2256 Auxilio
180 2198 258 2268 cujus
278 2198 367 2271 lugies
381 2198 452 2253 mala
466 2198 596 2271 temporis
616 2200 704 2268 liujus.

55 2288 135 2345 Atria
149 2296 211 2341 sunt
225 2286 288 2343 coeli
303 2303 369 2341 uero
382 2285 517 2355 patefacta
533 2285 616 2343 fideli.

54 2377 166 2446 Semper
179 2374 216 2429 ibi
226 2376 299 2431 vives
312 2374 404 2430 divino
418 2391 530 2431 munere
540 2376 627 2443 dives,

57 2466 86 2520 Si
99 2464 139 2518 ris
152 2463 257 2519 sincere
272 2461 371 2518 chricti
387 2472 519 2534 praecepta
535 2473 626 2520 tenere
641 2481 649 2519 :

55 2553 164 2608 Christo
176 2553 329 2623 junguntur
344 2567 394 2608 sua
412 2553 458 2624 qui
478 2561 613 2625 praecepta
627 2560 787 2625 sequuntur.

56 2642 127 2696 Nam
139 2642 222 2696 decus
236 2648 366 2696 aemrnum
377 2642 458 2696 datur
467 2640 510 2695 laia
518 2655 685 2716 regnumque
694 2656 851 2712 supernum,

56 2729 151 2784 Gloria
165 2729 281 2785 coelestis
296 2728 414 2799 peradisi
428 2728 523 2785 debita
537 2729 611 2786 iestis

56 2821 112 2874 llos
126 2817 205 2874 laciet
218 2816 305 2883 laetos,
321 2823 349 2873 et
364 2833 415 2889 pax
425 2825 525 2874 aeterna
539 2819 656 2891 quietos.

55 2907 116 2960 lam
130 2907 273 2963 delectaris
284 2905 330 2975 qui
341 2906 403 2961 talia
418 2906 616 2976 praemeditaris
631 2924 638 2961 ε

57 2995 111 3049 Ista
125 2993 212 3048 libens
226 2995 314 3059 audis,
330 2999 358 3049 et
372 2994 406 3048 ad
419 2995 478 3051 haec
493 2996 539 3065 pis
553 2994 652 3069 gaudia
664 2994 772 3065 plaudis

56 3084 99 3138 Ne
119 3091 207 3138 tamen
217 3083 325 3154 ignores
336 3099 384 3153 per
394 3098 507 3155 magnos
517 3083 567 3140 ista
577 3083 683 3140 labores

59 3170 185 3226 Sanctius
199 3169 315 3242 acquiri,
329 3185 380 3225 nec
390 3170 502 3226 fortuito
511 3172 636 3242 reperiri.

58 3256 146 3315 896
159 3257 212 3313 Sed
227 3257 349 3329 quamvis
361 3257 443 3326 gratis
461 3258 562 3313 tribuat
576 3260 650 3317 Deus
675 3259 727 3314 ista
750 3261 850 3324 beatis;

56 3348 142 3403 Nemo
157 3355 247 3404 tamen
261 3344 352 3418 segnis
365 3346 426 3399 ritae
442 3347 491 3400 lert
505 3347 576 3401 dona
588 3347 726 3417 perennis,

57 3436 92 3490 Ni
107 3433 203 3491 melior
216 3435 304 3490 lactus
319 3431 444 3505 proprios
458 3432 651 3502 contempserit
664 3440 748 3488 aetus.

58 3524 144 3592 Quem
156 3522 220 3579 lacit
231 3522 272 3577 lris
282 3521 394 3593 dignum
403 3519 544 3591 Dominus,
556 3519 615 3578 uult
623 3536 685 3577 esse
694 3522 853 3594 benignum,

58 3612 224 3682 Promptum,
251 3609 408 3676 terrentem,
425 3609 472 3664 aed
494 3622 548 3665 nou
572 3609 630 3664 naec
644 3624 712 3665 rana
736 3604 854 3680 sequen·¹

57 3787 98 3841 Ad
110 3803 221 3860 regnum
236 3787 296 3845 coeli
308 3801 363 3844 non
379 3787 567 3844 teuditmanto
583 3784 657 3842 fideli
743 3696 818 3769 [tem.

900 524 1007 579 Scilicet
1021 522 1136 591 austeri,
1152 525 1198 578 sed
1213 523 1404 595 distinguendo
1416 524 1503 579 severi
1517 545 1523 581 :

901 612 992 667 Mollia
1006 619 1164 683 spernentes
1178 621 1205 665 et
1218 612 1306 665 carnis
1319 610 1372 667 vim
1388 610 1535 680 iacientes,

901 700 1016 771 Semper
1025 708 1052 755 et
1066 700 1162 755 intenti
1180 700 1295 755 Domino
1310 715 1406 770 parere
1420 700 1529 758 volenti.

903 789 956 844 iles
975 799 1016 844 est
1035 799 1097 843 uota
1119 788 1196 854 satis,
1217 802 1266 843 ooo
1280 789 1361 843 lrabet
1381 789 1531 860 quidquam
1547 791 1695 848 novitatis:

903 876 1019 945 Spiritus
1034 877 1095 931 inde
1111 878 1189 945 perit,
1204 891 1303 947 corpus
1317 877 1339 930 sl
1352 877 1439 932 dulcia
1454 877 1561 948 quaerit.

903 965 935 1018 Et
950 964 1016 1019 dum
1029 972 1143 1020 vexatur
1158 980 1231 1034 caro,
1251 965 1362 1037 spiritus
1377 966 1519 1022 alleviatur
1534 984 1542 1022 ε

903 1054 1024 1124 Cumque
1040 1053 1183 1119 relaxatur,
1200 1053 1347 1109 mortaliter
1361 1053 1407 1108 ille
1426 1065 1562 1128 gravatur.

938 1139 1027 1196 Omne
1041 1140 1113 1212 quod
1127 1142 1251 1209 ostendo,
1265 1152 1342 1212 potes
1356 1141 1415 1212 ipse
1425 1142 1516 1198 videre
1531 1145 1661 1215 regendo.

904 1228 998 1285 indice
1012 1229 1152 1298 Scriptura
1166 1229 1267 1298 poteris
1279 1243 1444 1303 cognoscere
1459 1230 1556 1300 plura.-

906 1316 992 1371 Vitam
1006 1318 1139 1388 quaerenti
1154 1321 1199 1373 dat
1210 1320 1261 1374 iter
1274 1333 1348 1374 sacra
1364 1319 1443 1376 lectio
1458 1320 1551 1375 menti.

905 1406 1007 1476 Accipe
1021 1408 1182 1477 scriptorum
1195 1422 1276 1477 super
1289 1406 1348 1462 haec
1370 1416 1545 1464 monumenta
1558 1423 1697 1464 meorume

905 1496 974 1562 Quae
989 1492 1036 1548 tibi
1047 1494 1201 1563 monstrari,
1217 1510 1279 1565 qua
1289 1495 1405 1552 dulciter
1420 1496 1561 1561 insinuavi,

906 1583 965 1636 Non
980 1598 1012 1638 ea
1026 1583 1106 1638 corde
1119 1583 1196 1655 gravi
1209 1583 1310 1652 videas,
1326 1585 1373 1639 sed
1389 1593 1478 1642 mente
1488 1585 1574 1641 suari.

904 1669 1037 1741 Quidquid
1052 1671 1124 1726 enim
1138 1670 1245 1742 scripsi,
1261 1673 1375 1729 multum
1394 1668 1442 1729 tibi
1466 1672 1584 1744 proderit
1597 1672 1698 1744 ipsum,

907 1757 935 1811 Si
946 1758 988 1812 via
1004 1757 1114 1814 uirtutis
1124 1759 1240 1816 delectat
1252 1760 1360 1831 iterque
1374 1762 1478 1817 salutis.

904 1844 977 1898 Nam
996 1845 1050 1901 llex
1064 1846 1193 1913 ooelestis,
1211 1864 1291 1920 quem
1307 1849 1343 1903 nil
1353 1848 1427 1915 latet,
1444 1858 1486 1905 est
1498 1849 1564 1904 milri
1579 1849 1663 1917 tastis,

904 1933 946 1986 Nil
961 1933 1010 1988 tibi
1021 1933 1140 2004 narravi,
1156 1935 1210 1990 nisi
1220 1935 1292 2007 quod
1308 1937 1435 2006 prodesse
1449 1939 1553 2007 putavi.

904 2022 962 2075 Nec
974 2021 1043 2077 ratio
1057 2021 1116 2078 reri
1130 2021 1209 2078 debet
1224 2023 1271 2077 tibi
1281 2024 1349 2079 dura
1359 2024 1443 2080 rideri
1461 2043 1467 2079 :

905 2110 1029 2180 Namque
1042 2125 1091 2181 per
1105 2120 1249 2180 augustum
1266 2112 1312 2165 tibi
1327 2111 1381 2167 dixi
1396 2128 1505 2170 currere
1512 2115 1628 2182 justum

906 2195 952 2252 Sic
967 2196 1069 2268 probus
1082 2198 1202 2263 ascendi,
1213 2197 1275 2252 dum
1291 2214 1397 2269 semper
1407 2200 1442 2254 ad
1455 2199 1538 2257 ardua
1550 2202 1633 2257 tendit
1649 2220 1657 2257 ε

907 2283 930 2337 Η
944 2300 996 2340 unc
1010 2283 1094 2340 iacies
1108 2300 1217 2341 cursum
1229 2287 1253 2340 si
1267 2285 1307 2341 tis
1320 2287 1467 2344 ascendere
1481 2303 1594 2345 sursum.

948 2372 1081 2428 Fortassis
1096 2389 1181 2445 puero
1198 2375 1246 2430 tibi
1265 2375 1363 2431 trustra
1377 2376 1483 2433 mittere
1497 2393 1590 2450 quaero

905 2462 989 2517 latum
1003 2477 1165 2527 sermonem,
1178 2464 1243 2536 quia
1261 2479 1315 2521 oon
1328 2464 1402 2536 capis
1411 2465 1628 2524 honorationem.

905 2550 959 2605 Sed
975 2551 1055 2608 Pater
1068 2550 1214 2608 immensus
1223 2553 1355 2625 perlectos
1368 2554 1413 2610 det
1431 2554 1478 2610 tibi
1488 2570 1585 2611 sensus

906 2639 1027 2695 lloboret
1041 2646 1158 2709 etatem,
1177 2642 1275 2697 tribuat
1287 2641 1368 2698 simul
1380 2649 1407 2698 et
1421 2642 1591 2714 probitatem.

907 2726 991 2783 Filius
1002 2727 1062 2800 ipse
1078 2728 1125 2784 Dei
1133 2745 1196 2801 spes
1211 2739 1309 2786 nostrae
1323 2731 1473 2806 progeniei,

869 2800 1009 2879 eductor
1028 2816 1185 2884 honestatis,
1200 2817 1407 2891 ionaperpetuae
1426 2819 1564 2889 bonitatis,

907 2904 1045 2961 Virtutum
1060 2904 1175 2963 floreset
1188 2908 1318 2964 honestos
1331 2909 1375 2964 det
1391 2908 1437 2965 tibi
1452 2924 1550 2965 mores.

908 2992 1027 3066 Spiritus
1044 2995 1188 3050 amborum
1207 2997 1254 3067 qui
1269 2996 1354 3071 tangit
1367 2997 1448 3053 corda
1463 3011 1584 3062 auorum,

906 3082 938 3136 Et
953 3081 1012 3138 siue
1027 3083 1172 3139 verborum
1186 3083 1274 3141 sonitu
1294 3085 1324 3141 tlt
1337 3085 1433 3142 doctor
1446 3100 1550 3142 eorum.

905 3171 966 3239 lpse
985 3178 1059 3225 tuam
1073 3179 1192 3227 mentem
1207 3181 1291 3245 regat,
1308 3183 1335 3226 et
1349 3171 1429 3229 iaciat
1440 3171 1600 3244 sapientem,

906 3257 991 3312 Recte
1005 3256 1171 3326 credentem,
1188 3262 1359 3328 monitusque
1374 3261 1458 3314 bonos
1471 3260 1644 3315 retinentem:

906 3344 943 3400 Ut
956 3345 1027 3398 bene
1042 3344 1158 3400 vivendo
1180 3345 1363 3418 mandataque
1377 3353 1467 3404 saneta
1481 3346 1628 3419 sequendo,

907 3429 1040 3486 Laetitiam
1051 3447 1122 3487 verae
1137 3432 1205 3488 lucis
1219 3436 1347 3490 merearis
1360 3434 1471 3491 habere.

908 3517 975 3587 Quae
994 3519 1119 3576 tenebras
1132 3523 1227 3588 nescit,
1239 3522 1380 3595 nimioque
1399 3524 1497 3580 decore
1511 3523 1626 3593 nitescit,

909 3608 944 3662 Et
956 3606 1108 3679 cuicunque
1122 3608 1211 3679 datur,
1228 3617 1287 3667 alne
1302 3610 1355 3668 fine
1364 3610 1540 3669 beatificatur.

909 3696 966 3753 Hoc
982 3695 1030 3751 tibi
1040 3697 1087 3752 del
1098 3713 1196 3754 munus
1205 3701 1252 3771 qui
1264 3710 1357 3770 regnat
1371 3700 1469 3758 Trinus
1482 3708 1508 3757 et
1523 3701 1606 3758 Unus.

1016 3789 1111 3841 Amen.

428 4165 701 4246 RHYTHMUS
731 4170 795 4246 DE
830 4167 1138 4249 CONTEMPTU
1165 4168 1335 4249 MUNDl.

714 4344 1027 4378 ...ἢν-

93 4496 252 4553 Omirauds
267 4494 385 4553 vanitasl
403 4512 419 4554 o
436 4496 591 4553 divitiarum

56 4586 142 4641 Amor
162 4585 354 4641 lamentabilis!
367 4601 383 4641 o
397 4586 472 4642 virus
482 4584 618 4640 amarum!

58 4674 110 4728 Cur
130 4683 167 4729 tot
185 4675 257 4730 viros
272 4673 368 4738 inticis,
382 4673 504 4730 faciendo
523 4676 645 4741 clarum,

56 4762 135 4830 Quod
148 4764 293 4835 pertransit
309 4763 388 4819 citius
398 4778 477 4834 quam
493 4762 601 4817 flamma
614 4764 775 4831 stuparum‘.>

93 4851 179 4907 llomo
194 4850 281 4918 miser,
297 4851 405 4923 cogita3
422 4866 494 4907 mors
505 4866 600 4907 omnes
614 4850 774 4921 compescit,

56 4938 125 5009 Quis
139 4946 180 4995 est
194 4939 228 4994 ab
235 4938 319 5006 initio,
336 4941 381 5011 qui
396 4940 474 4996 morti
488 4954 543 4997 uon
557 4939 658 4996 cessit‘t

56 5028 170 5096 Quando
185 5027 332 5084 moriturus
348 5035 399 5097 est,
416 5027 598 5085 omnishomo
615 5027 700 5084 nescit
718 5044 725 5084 :

56 5118 103 5172 llic
124 5118 170 5188 qui
183 5117 249 5174 vivit
262 5116 357 5184 hodie,
372 5132 433 5172 cras
443 5117 510 5173 forte
524 5119 667 5188 putrescit.

95 5204 148 5274 Qui
162 5205 195 5260 de
211 5212 297 5261 morte
310 5206 421 5276 cogitat,
436 5206 518 5262 miror
537 5205 609 5278 quod
625 5207 747 5272 letatum

55 5296 128 5349 Cum
148 5293 189 5348 sic
201 5309 286 5363 genus
300 5293 440 5350 hominum
454 5294 533 5350 morti
544 5294 695 5365 deputatur,

56 5382 119 5452 Quo
135 5388 326 5452 postmortem
341 5389 454 5439 trauseat
468 5384 558 5452 homo,
579 5381 722 5439 nesciatur.

57 5469 136 5529 Unde
151 5468 264 5543 quidem
273 5468 381 5542 sapiens
394 5470 431 5527 ita
443 5472 478 5528 de
492 5487 524 5528 se
533 5472 620 5533 latur:

868 4511 891 4590 n
949 4497 1018 4551 Dum
1033 4497 1067 4552 de
1080 4506 1168 4553 morte
1181 4496 1280 4569 cogito,
1296 4495 1438 4553 contristor
1453 4503 1480 4553 et
1493 4495 1581 4568 ploro,

906 4584 1007 4641 Verum
1021 4586 1149 4656 estquod
1164 4587 1272 4654 moriar,
1287 4594 1315 4641 et
1328 4594 1435 4660 tempus
1443 4585 1549 4660 ignoro,

907 4674 1036 4731 Ultimum
1051 4677 1122 4746 quod
1138 4675 1239 4744 nescio,
1256 4674 1298 4731 eui
1308 4675 1406 4746 iungar
1420 4674 1502 4731 choro
1518 4692 1524 4727 :

907 4763 940 4818 Ut
951 4779 1013 4819 oum
1028 4764 1127 4821 sanctis
1141 4780 1246 4821 merear
1255 4764 1346 4840 jungi,
1363 4765 1447 4819 Deum
1462 4779 1521 4818 oro.

946 4854 1003 4908 Cur
1017 4853 1133 4910 mundus
1145 4853 1241 4909 militat
1252 4854 1304 4910 sub
1319 4868 1385 4908 rana
1402 4851 1510 4924 gloria?

905 4941 996 5010 Cuius
1008 4942 1172 5013 prosperitas
1181 4950 1222 4999 est
1230 4941 1400 4998 transitoria:

908 5031 975 5085 Tam
986 5030 1039 5086 cito
1047 5031 1143 5088 labitur
1160 5033 1219 5102 ejus
1234 5033 1363 5103 potentia,

909 5118 997 5189 Quam
1012 5134 1078 5176 vasa
1088 5118 1173 5194 figuli,
1190 5136 1250 5192 quae
1264 5131 1326 5176 suot
1341 5118 1455 5190 fragilia.

952 5208 1016 5265 Plus
1031 5208 1084 5264 lide
1099 5209 1204 5276 litteris,
1218 5210 1323 5280 scriptis
1338 5208 1468 5282 inglorie,

908 5296 999 5366 Quam
1015 5296 1210 5353 muudimiseri
1225 5313 1301 5354 vanae
1315 5296 1427 5354 fallaciae
1442 5315 1449 5352 :

908 5383 1001 5440 Fallax
1016 5385 1045 5441 in
1054 5385 1182 5458 premiis,
1197 5386 1303 5443 virtutis
1316 5386 1415 5457 specie,

906 5472 959 5543 Qui
967 5490 1105 5547 uunquam
1119 5473 1214 5532 habuit
1225 5477 1332 5547 tempus
1345 5473 1460 5536 fiducie.
