3706 5962
57 184 110 242 501
611 182 721 245 nunu.
742 184 784 244 ne
804 152 945 246 nunaut
962 187 1174 254 cononicus.
1657 196 1710 257 sca

53 319 105 366 aut
120 310 209 381 aliquo
224 308 306 366 modo
329 308 466 376 excusavi,
481 317 528 364 aut
541 322 574 365 ex
599 316 655 366 toto
679 311 774 382 negavi
793 318 862 368 :aut
879 325 903 403 fl
920 313 976 372 otio
988 316 1126 373 utilitatem
1145 334 1198 375 non
1217 318 1318 390 cogitet
1341 320 1477 390 proximi:
1498 336 1548 377 nec
1561 319 1601 377 sic
1615 329 1709 378 actuo·

57 400 134 471 quod
147 397 265 454 deterius
279 405 333 465 cst,
350 397 466 463 delendi,
478 401 504 454 ει
518 396 689 468 impatienter
711 401 852 470 respondi:
920 420 976 471 sus,
998 413 1026 458 ut
1040 405 1091 459 Dei
1105 407 1358 476 contemplationem
1385 422 1439 461 non
1459 407 1589 479 requirat.
1612 411 1710 466 Parum

57 504 121 543 cum
137 486 241 544 nullum
253 486 293 543 sic
312 493 450 557 peccatum
468 502 483 541 a
498 501 551 558 quc
566 502 620 543 non
648 488 699 542 sim
732 489 861 545 contami·
917 492 988 547 enim
1002 492 1118 562 proficit,
1135 495 1180 564 qui
1195 494 1271 550 alteri
1285 510 1339 550 non
1349 495 1468 565 prodest,
1483 511 1544 551 cum
1560 502 1657 566 potest.
1673 498 1712 554 De

59 583 201 643 natus,aut
213 576 391 633 contaminari
404 591 458 633 non
473 574 585 646 possim.
601 576 707 632 Justum
726 587 766 632 εει
784 593 861 652 ergo,

59 675 88 720 ut
114 664 189 720 omni
212 664 387 721 excusatione
416 672 520 720 remota
548 665 766 722 emendationem
796 684 862 738 pru-

58 753 173 819 mittam,
210 753 389 825 undceunquc
418 762 463 807 aut
490 769 506 807 a
541 768 702 824 quocunque
727 771 860 825 accuser;

56 851 196 915 quatenus
218 841 256 898 sic
279 841 386 898 liberari
414 842 548 897 valeama
573 851 682 914 peccato
710 854 863 916 perpetrato

56 932 99 987 vel
118 930 314 1002 perpetrando.
327 929 522 985 hlultitudinem
540 931 711 1003 imquitatem
740 950 863 990 mearum

55 1035 253 1090 expavescens,
274 1018 389 1074 aliorum
405 1019 636 1093 transgressiones
665 1023 863 1092 reprehendere

57 1107 146 1176 timui,
157 1116 185 1164 et
199 1108 261 1165 ideo
275 1109 372 1164 mortis
387 1116 481 1165 auctor
497 1108 587 1166 exstiti
604 1129 611 1177 3
624 1109 687 1182 quia
706 1110 778 1166 virus
792 1114 864 1183 quod

56 1196 200 1252 clamando
215 1197 349 1268 expellere
373 1199 459 1268 potui,
488 1213 541 1254 nun
574 1199 675 1270 expuli.
708 1200 865 1273 indignatus

56 1302 118 1342 sum
139 1286 273 1342 adversus
292 1285 370 1352 alios,
387 1288 433 1360 qui
446 1288 534 1343 mede
547 1287 618 1344 vitiis
637 1288 705 1345 meis
721 1289 866 1359 reprehen-

56 1373 184 1446 debant;
206 1386 232 1431 et
242 1390 310 1447 quos
331 1391 420 1431 amare
434 1376 522 1443 debui,
540 1376 621 1432 odivi.
644 1376 690 1433 llla
714 1394 773 1448 quae
800 1378 865 1433 mihi

58 1464 204 1531 nocebant,
233 1465 274 1520 vel
303 1463 489 1536 displicebant,
516 1464 664 1523 desideravi
694 1476 723 1522 ut
751 1482 805 1521 non
827 1483 866 1523 es

56 1560 129 1608 sent.
139 1551 265 1610 Sciebam
278 1560 366 1609 tamen
381 1553 454 1624 quod
470 1554 603 1610 innatum
618 1554 659 1610 sui
687 1565 762 1610 erant
780 1555 860 1626 bona,

55 1649 84 1697 ει
102 1657 120 1696 a
141 1641 215 1698 bono
244 1642 346 1698 lectore
378 1641 456 1710 facta,
478 1642 525 1697 sed
551 1643 611 1700 ideo
630 1643 696 1698 mihi
719 1644 860 1712 nocebant,

55 1730 122 1804 quia
138 1730 322 1797 maluseram,
344 1742 370 1787 et
399 1731 467 1786 male
492 1731 543 1786 illis
566 1733 671 1788 utebar.
694 1732 767 1789 Nihil
790 1732 861 1789 enim

56 1819 124 1875 mihi
144 1818 309 1876 contrarium
319 1827 370 1887 est,
387 1818 504 1892 nisiago
524 1820 592 1893 ipse.
609 1823 713 1878 llecum
728 1831 769 1878 est
780 1824 861 1893 quid·

55 1908 124 1981 quid
140 1908 206 1971 mihi
227 1923 324 1965 nocere
344 1916 439 1980 potest,
456 1917 483 1964 et
511 1925 562 1982 ego
582 1910 640 1982 ipse
662 1911 729 1967 mihi
757 1911 861 1967 sarcina

55 2013 128 2054 sum.

92 2090 127 2142 28
144 2085 243 2158 Optavi
264 2086 344 2142 etiam
359 2094 389 2142 ut
420 2087 495 2143 Deus
520 2098 627 2160 peccata
651 2104 709 2143 mea
734 2088 858 2156 nesciret,

55 2183 103 2232 aut
117 2174 216 2246 punire
230 2174 322 2244 nollet,
340 2182 385 2230 aut
399 2190 453 2232 non
465 2185 557 2246 posset
573 2194 579 2245 3
596 2176 672 2232 etita
686 2177 758 2234 uolui
772 2179 859 2233 Deum

55 2263 314 2335 esseinsipientem,
331 2263 495 2334 injustumet
511 2265 687 2337 impotentem
704 2285 710 2324 :
740 2268 812 2338 quod
838 2267 860 2322 si

55 2352 226 2422 secaneos
245 2349 326 2410 331
346 2368 401 2408 non
411 2363 492 2410 esset.
504 2354 564 2410 Non
581 2362 621 2410 est
636 2355 761 2427 superbia
776 2372 860 2426 snper

57 2441 216 2514 superbiam
240 2456 340 2511 meam,
363 2452 506 2512 propterea
534 2444 616 2515 longe
644 2460 659 2498 a
679 2444 766 2500 salute
790 2460 859 2511 mea,

53 2532 141 2589 verba
162 2531 321 2587 delictorum
342 2547 475 2603 meorum,
504 2543 627 2601 suspecta
654 2539 695 2587 est
726 2532 859 2606 siquidem

54 2622 115 2678 Deo
132 2619 261 2692 snperbia
277 2629 303 2676 et
317 2620 410 2675 odiosa
428 2638 434 2689 ς
452 2636 501 2676 nec
515 2620 572 2676 heri
588 2628 678 2693 potest
692 2628 721 2676 nt
735 2638 799 2677 cum
826 2637 859 2678 eo

915 580 987 636 vitiis
1002 582 1070 636 meis
1085 582 1221 638 multoties
1235 599 1278 639 me
1303 583 1417 653 jactavi3
1436 590 1531 654 putans
1559 599 1618 638 esse
1642 586 1710 641 insi-

916 685 968 739 gne
983 670 1098 740 virtutis,
1116 672 1160 726 ubi
1175 679 1232 727 erat
1247 672 1340 742 lapsus
1360 672 1496 731 criminis.
1513 675 1551 728 De
1567 672 1711 730 virtutibus

916 758 995 813 etiam
1006 758 1069 814 vitia
1096 760 1156 817 leci.
1184 760 1291 816 tostius
1314 778 1374 816 nam
1400 761 1464 816 dum
1497 777 1577 816 suum
1600 760 1710 816 modum

917 848 1031 912 excedit,
1047 849 1212 905 crudelitatis
1240 849 1333 906 vitium
1356 850 1445 922 gignit
1460 871 1465 907 :
1478 857 1506 904 et
1530 849 1615 905 nimia
1628 848 1714 920 pietat

917 935 1122 993 dissolutionem
1138 938 1286 1007 disciplinae
1301 938 1426 1007 parturit.
1447 938 1491 994 Sic
1514 954 1586 1008 saepe
1614 937 1712 994 vitium

918 1036 958 1080 est
973 1026 1046 1094 quod
1068 1026 1152 1082 uirtus
1166 1034 1285 1098 putatur.
1302 1027 1345 1082 Sic
1360 1028 1473 1083 remissa
1488 1028 1618 1100 segnities
1632 1042 1711 1082 man·

918 1113 1030 1169 suetudo
1044 1114 1170 1180 creditur,
1187 1121 1214 1169 ot
1237 1114 1354 1187 pigritiae
1364 1114 1457 1170 vitium
1477 1113 1576 1185 quietis
1590 1113 1713 1169 virtutem

918 1201 1047 1258 imitatur.
1072 1203 1149 1259 l'inxi
1162 1218 1207 1258 me
1221 1219 1281 1260 esse
1307 1203 1380 1275 quod
1409 1218 1461 1258 non
1475 1218 1549 1258 eram
1566 1221 1572 1260 :
1592 1201 1648 1257 dixi
1671 1216 1715 1256 me

918 1289 987 1347 velle
1011 1291 1083 1360 quod
1099 1291 1234 1357 nolebam,
1252 1292 1293 1348 vel
1309 1291 1380 1348 nolle
1396 1293 1468 1362 quod
1479 1290 1614 1347 volebam.
1629 1287 1711 1345 Aliud

919 1395 966 1435 ere
979 1378 1114 1447 dicebam,
1134 1388 1161 1434 et
1180 1379 1250 1435 aliud
1273 1383 1354 1438 corde
1378 1379 1544 1436 volvebam:
1562 1379 1639 1435 etita
1663 1378 1713 1433 sub

917 1469 998 1531 opina
1027 1468 1096 1538 pelle
1123 1467 1264 1541 vulpinam
1292 1467 1483 1525 conscientiam
1505 1465 1710 1524 conservabam.

920 1555 1033 1627 Vulpina
1062 1557 1139 1627 plane
1163 1557 1324 1613 conscientia
1347 1565 1388 1613 εει
1416 1556 1504 1627 tepida
1532 1553 1712 1618 conversatio,

916 1645 1037 1701 animalis
1056 1646 1194 1719 cogitatio,
1224 1645 1285 1704 licta
1312 1645 1456 1712 contessio,
1490 1643 1580 1701 brevis
1600 1650 1627 1699 et
1652 1657 1713 1698 rara

916 1734 1101 1804 compunctio;
1127 1733 1278 1790 ohedientia
1306 1733 1530 1801 sinedevotione,
1545 1730 1631 1787 oratio
1655 1730 1714 1786 sine

915 1820 1073 1887 intentione,
1089 1822 1170 1877 lectio
1187 1821 1246 1878 sine
1269 1821 1460 1886 aedificatione,
1480 1835 1569 1875 sermo
1584 1819 1643 1874 sine
1658 1818 1713 1875 cir·

915 1911 1128 1983 cumspectione.

951 2003 995 2055 30.
1023 2000 1146 2072 Oquam
1173 1999 1242 2055 dura
1261 1997 1327 2052 mihi
1356 2005 1419 2053 suut
1447 1997 1497 2052 istu
1518 2012 1578 2068 quae
1599 1995 1710 2068 loquor!

914 2089 1042 2160 quoniam
1067 2088 1202 2159 meipsum
1230 2086 1367 2158 loquendo
1396 2083 1475 2141 lario.
1520 2086 1711 2142 Verumtamen

914 2178 976 2249 quia
991 2193 1034 2232 me
1050 2184 1217 2248 peccatorem
1242 2191 1295 2231 non
1307 2190 1388 2245 nego,
1403 2173 1448 2228 sed
1464 2181 1606 2244 peccatum
1622 2189 1712 2230 meum

914 2265 1127 2339 cognoscenti
1153 2265 1265 2320 fortasse
1298 2263 1370 2333 apud
1402 2263 1487 2317 Deum
1506 2262 1579 2332 pium
1592 2262 1711 2331 judicem

914 2356 972 2425 ipsa
985 2354 1102 2427 cognitio
1113 2354 1209 2425 culpe,
1233 2350 1384 2422 impetratio
1398 2352 1493 2407 veniae.
1524 2351 1616 2407 Dicam
1632 2366 1709 2422 ergo,

914 2444 1001 2500 dicam
1020 2442 1156 2497 miseriam
1171 2457 1268 2506 meam,
1296 2439 1319 2494 si
1335 2439 1405 2495 forte
1425 2454 1473 2493 sua
1501 2439 1585 2508 pietas
1607 2445 1712 2495 moveat

914 2535 1000 2590 illum.
1028 2534 1122 2587 Dicam
1161 2537 1298 2601 peccatum
1329 2543 1430 2594 meum,
1455 2527 1581 2599 quoniam
1616 2527 1711 2582 notitia

913 2621 1013 2695 peceati
1030 2620 1133 2676 initium
1149 2628 1191 2675 est
1208 2617 1312 2673 salutis.
1336 2618 1460 2689 hlagnam
1477 2624 1553 2686 porto
1570 2630 1707 2683 eoronam,

51 2708 215 2782 ingratiam
241 2716 404 2765 revertatur.
430 2709 573 2766 Diversum
599 2709 740 2781 utriusque
763 2711 859 2780 hospi·
914 2722 941 2770 et
969 2720 1068 2769 vestem
1096 2709 1254 2777 rotundam3
1273 2706 1394 2779 regulam
1423 2720 1502 2761 servo
1523 2705 1707 2775 jejuniorum

55 2802 132 2866 tium,
151 2814 203 2854 nec
217 2797 245 2853 in
265 2799 363 2854 eodem
378 2784 534 2854 cohabitant
557 2799 657 2868 animo,
682 2799 781 2870 quibus
806 2815 859 2855 non
914 2801 1020 2857 statutis
1039 2799 1122 2870 psallo
1145 2797 1227 2863 horis,
1242 2796 1290 2850 sed
1304 2810 1351 2851 cor
1365 2810 1454 2850 mcum
1469 2793 1552 2866 longe
1570 2800 1612 2849 est
1625 2809 1641 2848 a
1653 2794 1711 2851 Deo

55 2889 132 2945 licuit
146 2887 302 2945 cohabitare
325 2889 352 2942 in
374 2888 454 2945 coelo.
478 2889 508 2941 ln
536 2888 606 2944 coelo
636 2897 697 2944 nata
725 2895 784 2957 est;
811 2891 857 2945 sed
874 2870 896 2949 c
913 2905 984 2947 mee.
1001 2888 1168 2945 Extericrcm
1182 2883 1352 2958 superficiem
1367 2884 1475 2939 intuens
1489 2881 1540 2955 [cl.
1556 2880 1710 2955 mundans],

55 2978 129 3034 velut
145 2977 357 3050 immemorque
382 2977 426 3031 via
447 2976 511 3032 inde
538 2977 643 3049 cecidit,
674 2976 737 3034 illuc
764 2988 859 3048 postea

55 3065 146 3123 redire
167 3079 222 3121 non
249 3065 345 3136 potuit.
369 3065 436 3120 Cum
463 3081 510 3120 aer
530 3065 629 3135 pluvia,
649 3066 690 3123 vel
718 3066 801 3123 nimio
814 3066 862 3122 iri·

54 3170 135 3228 gere,
150 3161 200 3210 aut
212 3153 303 3210 calore
319 3154 442 3209 turbatus
464 3154 522 3223 luit,
549 3164 644 3211 contra
665 3155 751 3210 Deum
770 3155 862 3228 inique

54 3242 234 3300 murmuravi.
262 3241 359 3298 Omnia
369 3259 483 3316 namque
498 3260 559 3315 <puae
574 3243 608 3298 ad
628 3260 706 3298 nsum
731 3243 792 3299 vitea
812 3261 861 3299 ac-

56 3333 189 3406 cepimus,
211 3332 244 3387 ad
260 3347 338 3387 usum
355 3331 444 3403 eulpae
468 3333 662 3389 convertimus.
691 3331 861 3403 Quapropter

53 3424 157 3493 iustum
173 3429 217 3478 est
232 3420 318 3494 utqui
344 3420 370 3473 in
381 3422 482 3476 cunctis
509 3421 691 3492 peccavimus,
709 3421 737 3474 in
758 3421 862 3477 cunctis

56 3510 197 3568 feriamur.
212 3511 289 3580 Saepc
303 3510 453 3566 adsacrum
473 3509 629 3582 llysterium
652 3526 744 3569 vocem
774 3525 859 3564 meam

56 3599 139 3674 fregi,
154 3607 185 3654 ut
200 3597 304 3655 dulcius
320 3607 457 3653 cantarem
474 3617 480 3652 :
501 3597 589 3672 magis
603 3597 757 3654 delectabar
771 3600 797 3654 in
811 3614 860 3654 vo·

55 3691 91 3746 cis
120 3686 315 3754 modulatione,
345 3704 426 3759 quam
462 3688 489 3741 in
527 3686 616 3743 cordis
639 3689 857 3759 compunctione.

55 3780 129 3836 Deus
143 3791 221 3842 vero,
237 3776 282 3849 qui
306 3791 359 3833 non
385 3776 558 3832 absconditur
586 3776 715 3849 quidquid
739 3777 860 3833 illicitum

56 3869 240 3939 perpetmtur,
255 3881 309 3921 non
333 3866 430 3938 qmnrit
444 3865 519 3921 vocis
546 3864 698 3933 lenitatem,
714 3866 760 3921 sed
772 3866 861 3922 cordis

56 3958 214 4028 puritatem.
229 3954 299 4009 Nam
318 3954 382 4009 dum
406 3963 500 4010 cantor
514 3954 613 4011 mulcet
627 3955 758 4027 populum
786 3955 861 4011 voci-

56 4046 118 4112 bus,
143 4045 232 4100 Deum
263 4043 347 4099 irritat
383 4043 472 4112 pravis
486 4043 618 4101 moribus.
647 4044 795 4100 Licentiam
819 4046 861 4100 lo-

914 2977 1060 3035 salvamihi
1075 2977 1166 3032 omnia
1180 2974 1306 3040 arbitror,
1321 2987 1376 3029 non
1393 2972 1514 3028 sentiens
1532 2985 1649 3028 vermem
1665 2972 1709 3027 in-

916 3068 1042 3125 teriorem
1058 3066 1104 3140 qui
1117 3064 1245 3121 interiora
1258 3061 1388 3120 corrodit.
1403 3061 1480 3118 Unde
1503 3061 1596 3126 Oseas,
1614 3061 1710 3119 Come·

915 3159 1020 3215 derant
1033 3156 1123 3213 alieni
1132 3154 1216 3212 robur
1226 3169 1329 3222 meum,
1339 3155 1368 3210 ct
1376 3152 1505 3223 ignoraui
1513 3150 1590 3222 [Osce
1598 3164 1647 3218 vn,
1663 3152 1710 3220 9);

914 3255 942 3302 ει
956 3246 1018 3302 ideo
1033 3260 1150 3317 pergens
1165 3252 1236 3300 tutus
1250 3242 1276 3297 in
1292 3256 1324 3296 ea
1350 3256 1409 3312 quae
1424 3239 1490 3295 loris
1504 3248 1576 3306 svtnt,
1589 3247 1616 3295 et
1629 3239 1710 3311 ignu-

915 3352 962 3391 rus
975 3333 1134 3391 interiorum
1150 3346 1281 3394 meorum,
1298 3329 1368 3385 sicut
1387 3344 1459 3398 aqua
1472 3326 1576 3384 effusus
1601 3343 1672 3392 sum,
1687 3336 1713 3383 et

914 3426 947 3479 ad
963 3424 1077 3478 nihilum
1091 3421 1215 3477 redactus
1233 3434 1304 3484 sum,
1319 3416 1516 3489 praeteritorum
1536 3413 1709 3482 obliviscens,

915 3511 1088 3583 praesentium
1102 3509 1254 3582 negligens,
1266 3506 1355 3560 lutura
1368 3519 1424 3560 non
1438 3504 1593 3575 providens.
1615 3503 1712 3574 lngra-

915 3613 957 3660 tus
972 3617 1031 3657 sum
1050 3600 1083 3654 ad
1093 3597 1234 3667 beneficia,
1250 3609 1351 3666 pronus
1365 3594 1399 3648 ad
1415 3593 1495 3661 mala,
1521 3598 1549 3647 et
1571 3591 1663 3647 tardus
1677 3592 1711 3646 ad

914 3694 992 3748 hona.

952 3785 998 3839 31.
1013 3779 1041 3835 Si
1057 3795 1099 3835 me
1114 3792 1168 3832 non
1183 3773 1308 3846 inspicio,
1332 3771 1425 3829 nescio
1449 3769 1584 3841 meipsum
1600 3786 1606 3823 :
1622 3769 1646 3827 si
1665 3786 1713 3826 au-

914 3881 967 3928 tem
984 3885 1027 3925 me
1041 3865 1162 3938 inspicio,
1181 3865 1296 3920 tolerare
1308 3877 1350 3918 me
1364 3877 1419 3916 non
1435 3875 1562 3930 possum,
1580 3866 1652 3916 tanta
1667 3860 1711 3914 in·

915 3961 994 4018 venio
1011 3959 1037 4013 in
1052 3973 1094 4012 me
1113 3970 1173 4029 quae
1197 3953 1278 4025 digna
1292 3959 1355 4008 sunt
1370 3949 1581 4020 reprehensione
1595 3955 1622 4005 ει
1644 3965 1712 4006 con·

915 4052 1019 4106 lusione
1040 4061 1046 4101 :
1062 4054 1090 4102 ει
1103 4051 1203 4117 quanto
1232 4058 1275 4099 me
1289 4039 1418 4098 subtilius
1430 4048 1458 4097 et
1471 4038 1570 4111 saepius
1588 4038 1714 4109 discutio,

58 4134 155 4206 tuendi
174 4135 218 4189 l'el
233 4132 331 4204 aliquid
348 4132 473 4201 faciendi,
497 4148 568 4202 saette
593 4133 676 4189 nimia
704 4134 902 4226 importuni-0
920 4148 992 4196 tanto
1020 4138 1111 4208 plures
1136 4131 1353 4190 abominationes
1368 4132 1394 4186 in
1423 4129 1530 4201 angulis
1548 4129 1639 4186 cordis
1662 4128 1716 4186 mei

59 4232 119 4289 tate,
136 4223 181 4279 vel
195 4222 341 4279 calliditate
359 4238 375 4275 a
394 4222 511 4292 praelatis
531 4222 600 4277 meis
618 4222 717 4278 extorsi
734 4243 741 4278 :
758 4238 813 4278 non
826 4231 866 4276 at·
924 4229 1040 4287 invento,
1064 4226 1103 4280 Ex
1130 4236 1316 4295 quonamque
1338 4234 1449 4291 peccare
1472 4218 1553 4287 coepi,
1579 4233 1717 4290 nunquam

60 4311 171 4369 eruens
180 4312 273 4382 miser,
286 4310 414 4382 quoniam
435 4310 479 4365 ille
503 4327 531 4366 se
553 4310 662 4384 decipit,
688 4311 734 4383 qni
758 4310 861 4367 occulte
916 4336 1000 4381 unum
1019 4316 1095 4373 diem
1110 4312 1168 4368 sine
1191 4317 1301 4383 peceato
1317 4309 1432 4364 transire
1450 4305 1539 4379 potui;
1555 4320 1605 4361 uec
1626 4304 1717 4363 adhuc

62 4401 101 4457 vel
115 4409 208 4472 aperte
222 4400 323 4473 satagit
342 4408 371 4454 ut
387 4401 439 4456 huc
457 4401 483 4455 ei
498 4400 575 4455 Pater
601 4399 752 4471 spiritualis
772 4401 862 4469 injun·
916 4422 1028 4486 peceare
1044 4418 1133 4472 casso,
1148 4400 1194 4456 sed
1205 4400 1239 4456 de
1253 4398 1296 4453 die
1310 4399 1337 4454 in
1352 4396 1426 4452 diem
1455 4403 1564 4467 peecata
1598 4393 1716 4465 peccatis

63 4499 103 4561 gat
117 4489 191 4562 quod
201 4489 261 4560 ipse
273 4488 421 4544 desiderat.

94 4583 138 4635 29.
156 4580 253 4645 Aoum,
269 4580 310 4637 vel
324 4578 470 4643 cultellum,
485 4580 527 4634 vel
543 4576 642 4649 aliquid
670 4577 734 4634 utile
762 4578 864 4634 multo-

67 4668 113 4724 ties
138 4667 253 4724 niminm
285 4667 448 4735 desideravi,
474 4683 522 4724 nec
549 4666 688 4723 consessus
711 4683 788 4738 sum3
804 4667 866 4739 quia

10 4760 12 4771 '
68 4764 201 4828 peceatum
230 4772 285 4815 non
315 4757 491 4823 aestimabam,
518 4762 627 4828 propter
656 4756 694 4811 rei
725 4755 867 4813 vilitatem.

71 4845 256 4903 Verumtamen
282 4863 337 4903 non
362 4847 476 4900 multum
506 4845 586 4902 distat
619 4860 787 4918 quaecunque
807 4847 869 4901 sub·

71 4937 160 4995 stantia
176 4936 237 4995 vilis
253 4936 294 4992 vel
321 4935 441 5007 pretiosa
459 4936 625 5005 requiratur,
641 4934 704 4991 dum
733 4935 872 5006 aequaliter

21 5042 24 5052 ·
72 5026 102 5081 sit
123 5035 266 5099 corruptus
281 5026 405 5090 allectus.
419 5025 478 5080 Nun
494 5023 565 5080 enim
580 5024 702 5080 cultellus
725 5024 752 5080 in
779 5023 873 5080 vitium

72 5126 119 5182 εει,
131 5117 177 5172 sed
191 5114 295 5173 cultelli
307 5115 465 5186 appetitus:
494 5130 582 5186 neque
610 5130 705 5169 aurum
725 5114 753 5168 in
776 5112 871 5170 vitium

72 5215 118 5273 est,
133 5205 181 5263 sed
191 5205 249 5262 auri
263 5204 404 5276 cupiditas.
425 5204 456 5259 ln
474 5203 565 5260 labore
580 5220 636 5258 non
647 5202 766 5260 laboravi
787 5219 876 5275 quan-

71 5305 124 5351 tum
153 5295 248 5361 debui,
271 5302 400 5368 quantum
436 5294 519 5366 potui.
543 5295 572 5348 ln
598 5293 706 5349 silentio
728 5292 808 5348 etiam
840 5289 877 5347 lui

70 5386 183 5451 otiosus,
200 5385 275 5457 quod
299 5393 341 5442 est
363 5383 510 5440 maximum
535 5390 685 5455 peccatum.
706 5383 736 5436 lu
762 5380 871 5436 silentio

71 5490 187 5549 namque
209 5490 289 5532 nemo
303 5474 342 5538 sio
355 5473 506 5532 debetesse
533 5474 649 5541 otiosus,
673 5478 701 5528 ut
726 5470 755 5526 in
778 5469 872 5528 eodem

917 4500 999 4569 addo,
1027 4505 1053 4551 ει
1066 4508 1097 4548 ea
1117 4505 1177 4562 quae
1202 4504 1257 4559 prae
1272 4485 1359 4542 oculis
1381 4485 1477 4548 habeo,
1511 4481 1635 4554 inspicio,
1666 4497 1717 4538 nec

920 4602 1017 4662 gemo,
1043 4577 1227 4638 erubescenda
1245 4572 1336 4641 video,
1365 4588 1416 4630 nec
1433 4572 1572 4628 erubesco.
1597 4568 1720 4627 Dolenda

923 4687 1037 4746 intucor,
1065 4685 1116 4726 nec
1148 4666 1251 4721 doleo:
1276 4663 1348 4735 quod
1376 4672 1417 4720 est
1444 4660 1538 4717 mortis
1560 4659 1679 4732 signum,
1694 4666 1722 4716 et

924 4855 1044 4912 dolorem
1057 4866 1112 4906 non
1128 4845 1218 4914 sentit,
1236 4852 1371 4901 vnnrtuum
1387 4850 1444 4911 est;
1461 4851 1487 4898 et
1501 4841 1615 4900 morbus
1625 4840 1721 4896 insen-

926 4943 1021 5009 sibilis,
1037 4949 1076 4998 est
1101 4935 1267 4994 incurabilia.
1282 4935 1363 4992 Levis
1385 4949 1445 4990 sum
1460 4941 1487 4988 et
1501 4931 1657 4996 dissolutus,
1674 4943 1724 4984 nec

928 5052 971 5091 me
999 5030 1116 5103 corrigo,
1147 5027 1195 5084 sed
1216 5026 1249 5083 ad
1278 5033 1386 5097 peccata
1414 5039 1475 5096 quae
1494 5020 1721 5084 confessussum,

929 5122 1048 5199 quotidie
1066 5121 1164 5185 redeo,
1186 5132 1236 5172 nec
1248 5130 1329 5171 caveo
1348 5115 1463 5180 foveam,
1485 5112 1513 5166 in
1540 5123 1621 5181 quam
1641 5105 1723 5163 miser

931 5231 984 5289 ego
1000 5212 1096 5279 cecidi,
1112 5209 1156 5266 vel
1180 5205 1250 5263 alios
1265 5204 1362 5261 cadere
1373 5202 1435 5269 leci,
1460 5209 1506 5257 aut
1520 5197 1586 5256 vidi.
1601 5197 1725 5269 Cumque

932 5305 1037 5376 plorare
1051 5307 1079 5357 ει
1087 5312 1165 5355 orare
1181 5294 1307 5351 deberem
1322 5308 1370 5365 pro
1390 5291 1466 5346 malis
1479 5304 1540 5361 quae
1555 5286 1618 5359 ieci,
1633 5296 1661 5344 ει
1674 5286 1726 5344 bo·

928 5396 970 5450 nis
983 5407 1043 5464 quoe
1067 5386 1184 5459 neglexi,
1212 5385 1281 5455 proh
1304 5380 1400 5439 dolor!
1416 5395 1524 5438 versum
1543 5388 1584 5437 est
1611 5377 1679 5435 mihi
1694 5377 1722 5433 io

927 5480 1099 5540 contrarium.
1118 5476 1187 5533 Nam
1210 5472 1289 5548 tepui
1300 5481 1327 5531 et
1346 5470 1427 5547 lrigui
1441 5487 1458 5529 a
1472 5467 1726 5534 fervoreorat‘teuiv,
