3706 5962
53 249 119 311 tttt

600 216 697 316 unsa
716 254 759 314 ιι
778 242 870 320 nono
889 255 975 317 ιιιι
994 253 1144 317 umam.
1163 264 1166 269 ·

1630 262 1701 323 tait

50 379 201 437 Fornicatio
213 379 313 443 carnis,
329 386 357 433 ut
372 378 409 434 ait
423 380 520 436 beatus
535 380 665 447 Isidorus,
681 382 841 439 adulterium
857 398 881 479 Α
896 380 1092 447 amantissima,
1110 382 1132 436 si
1156 383 1325 453 pulchritudo
1347 385 1436 441 carnis
1449 401 1518 443 rana
1536 396 1588 460 est,
1600 389 1624 446 si
1640 391 1701 462 pul·
1778 376 1781 381 ’

49 478 109 539 ιιι,
126 467 264 525 lornicatio
279 467 386 536 animae,
407 469 673 526 servitusidolorum
687 478 738 527 est.
756 472 844 528 Prima

51 555 190 614 fornicatio
203 556 258 612 tela
277 556 418 613 oculorum
434 565 514 628 sunt;
531 557 659 625 secunda,
676 559 820 617 verborum
837 580 844 616 :

51 644 97 701 sed
111 645 157 718 qui
175 660 230 700 non
252 643 355 714 capitur
378 644 473 715 oculis,
493 654 582 717 potest
603 647 728 705 resistere
742 650 843 704 verbis.

51 733 146 791 Omnis
160 732 298 790 immunda
317 732 429 803 pollutio
446 732 586 791 tornicatio
600 735 708 805 dicitur,
723 736 847 808 quamvis

51 824 166 895 quisque
185 821 294 879 diversa
319 821 493 892 turpitudinis
515 824 652 892 voluptate
681 824 845 895 perfruatur.

53 912 91 967 lix
104 909 280 966 delectatione
296 909 367 966 enim
383 909 535 968 fornicandi
544 912 619 969 varia
633 912 783 986 gignuntur
796 914 844 970 ila·

52 998 129 1069 gitis,
144 998 242 1070 quibus
257 1013 370 1071 reguum
387 997 436 1054 Dei
449 999 584 1056 clauditur
606 1008 633 1057 et
654 1001 735 1057 homo
756 1017 773 1057 a
790 1003 847 1059 Deo

52 1094 201 1158 separatur.
216 1086 290 1143 luter
311 1094 410 1143 ιιιιιιι
428 1097 532 1159 septem
548 1087 612 1146 vitia
628 1089 771 1146 fornicatio
785 1106 846 1145 ma-

52 1176 153 1230 ximum
182 1173 269 1230 scelus
294 1185 353 1242 est,
375 1174 440 1248 quia
462 1191 512 1248 per
535 1177 624 1233 carnis
651 1178 848 1235 immunditiam

53 1262 182 1333 templum
195 1262 247 1319 bei
276 1262 376 1334 violat3
391 1271 417 1319 ιι
444 1263 544 1320 tollens
567 1265 719 1323 membrum
737 1267 848 1333 Christi,

901 470 1025 528 claritudo
1039 468 1127 526 carnis
1144 473 1255 542 putredo
1270 479 1313 528 est
1325 481 1351 527 ιι
1366 473 1476 540 vermis,
1489 475 1512 531 si
1528 475 1701 545 pulchritudo

900 557 1024 630 corporis
1038 557 1107 614 cinis
1126 566 1153 614 et
1176 565 1248 614 terra
1268 567 1329 625 est;
1345 575 1409 616 cave
1431 578 1466 616 ne
1491 563 1553 619 ideo
1575 565 1703 621 homines

901 646 1032 719 aspicias,
1060 655 1087 703 et
1119 663 1214 703 eorum
1241 648 1472 721 pulchritudinem
1502 651 1699 724 concupiscas.

901 735 1014 804 Quare?
1040 734 1107 802 Quin
1136 736 1252 791 mucidus
1281 736 1396 802 transit,
1425 746 1453 792 et
1485 739 1702 809 concupiscentia

901 824 971 892 cius.
987 821 1075 878 Omne
1089 831 1162 894 quod
1177 821 1203 876 in
1221 823 1323 878 mundo
1339 831 1390 891 est,
1410 824 1628 896 concupiscentia
1642 842 1703 881 car-

902 912 944 968 nis
957 920 1008 975 est,
1023 920 1050 966 et
1071 909 1289 981 concupiscentia
1310 911 1450 968 oculorum
1469 913 1497 985 (l
1506 915 1589 971 lona.
1606 931 1635 983 ιι,
1659 916 1701 986 l'l,

904 997 1159 1071 ld).l)espicioodus
1168 1014 1234 1071 ergo
1248 1005 1291 1054 est
1305 1000 1421 1056 muudus
1432 1010 1542 1074 propter
1552 1002 1701 1075 Christum,

902 1105 963 1147 cum
982 1086 1107 1144 omnibus
1120 1102 1181 1160 quae
1196 1087 1222 1141 in
1236 1101 1269 1143 eo
1284 1094 1359 1142 sunt.
1374 1088 1415 1143 'l'u
1429 1104 1505 1155 vcro,
1520 1090 1634 1146 honesta
1648 1091 1703 1146 rir-

903 1194 950 1251 go,
966 1193 1027 1250 quae
1052 1184 1163 1246 propter
1183 1175 1321 1231 Christum
1347 1177 1476 1249 reliquisti
1492 1179 1631 1247 seculum,
1647 1194 1703 1235 non

904 1268 988 1323 dehes
1003 1264 1086 1320 laetari
1100 1263 1128 1319 in
1141 1263 1341 1335 pulchritudine
1354 1264 1503 1320 hominum,

53 1350 117 1406 lacit
130 1350 280 1406 membrum
304 1351 463 1408 meretricis.
485 1353 580 1425 lgitur,
595 1355 707 1410 honesta
721 1355 810 1429 virgo,
826 1356 849 1410 si
940 1357 984 1408 68.
1000 1353 1039 1408 'l'e
1052 1367 1120 1425 ergo
1146 1367 1254 1417 moneo,
1269 1367 1348 1409 soror
1368 1353 1395 1408 iu
1417 1353 1525 1409 Christo
1550 1354 1658 1425 dilecta,
1674 1364 1704 1411 ιι

53 1453 148 1495 rernm
170 1437 295 1510 estquod
322 1439 349 1494 in
371 1446 398 1493 te
421 1440 495 1496 Deus
508 1441 583 1513 sivit,
609 1450 712 1499 mortua
732 1443 767 1499 sit
780 1443 809 1499 in
824 1451 850 1499 to
903 1444 994 1499 lesum
1014 1441 1151 1496 Christum
1166 1455 1296 1511 sponsum
1311 1449 1387 1496 tunm
1406 1441 1504 1515 diligas
1518 1440 1704 1514 superomnia

55 1525 208 1582 lomicatio.
224 1525 343 1582 busuria
356 1526 464 1584 inimica
478 1538 519 1584 est
536 1529 608 1594 Deo,
625 1539 652 1586 et
666 1539 785 1602 paternae
799 1532 850 1587 ιι-
906 1538 936 1587 ιι
951 1546 1011 1587 cum
1032 1545 1065 1586 eo
1081 1545 1193 1602 regnare
1213 1529 1299 1602 possis
1318 1530 1346 1585 in
1359 1531 1461 1587 coelesti
1473 1531 1561 1589 curia.
1576 1531 1666 1596 Certe,
1681 1531 1704 1586 si

55 1613 216 1671 nedictionis
248 1621 329 1687 atque
356 1615 513 1672 substantias
541 1612 679 1688 perditio,
699 1617 852 1677 Fornicatio
906 1621 968 1691 plus
990 1618 1107 1676 delectat
1129 1628 1246 1674 mentem
1261 1619 1477 1690 concupiscentia
1505 1618 1703 1682 fornicationis.

55 1719 111 1759 non
125 1702 212 1757 solum
227 1704 344 1759 maculat
358 1719 469 1776 corpus,
486 1705 535 1762 sed
549 1706 853 1777 etconscientinm.Qui
905 1723 985 1779 quam
1013 1724 1090 1764 amor
1117 1706 1259 1776 castitatis,
1283 1707 1372 1764 adhuc
1395 1718 1535 1780 peccatum
1557 1714 1652 1779 regnat
1677 1707 1704 1762 in

57 1791 215 1862 luxuriatur,
227 1792 351 1864 quamvis
370 1792 492 1850 videntur
507 1793 611 1864 vivens,
630 1803 716 1853 tamen
734 1807 854 1852 mortuus
907 1796 1025 1851 homine.
1040 1796 1104 1863 Sed,
1119 1795 1142 1849 si
1158 1794 1243 1866 magis
1263 1793 1377 1851 delectat
1398 1803 1516 1852 mentem
1531 1792 1704 1866 pulchritudo

57 1887 107 1937 est.
123 1879 311 1936 Fornicstores
325 1887 353 1935 ιι
362 1880 499 1938 adulteros
510 1882 643 1953 indicabit
653 1884 744 1953 Deus,
762 1885 788 1939 id
801 1891 852 1953 ιιι,
907 1883 1047 1956 castitatis,
1076 1900 1156 1955 quam
1181 1882 1320 1952 turpitudo
1343 1881 1545 1947 fornicationis,
1569 1884 1626 1952 jam
1651 1896 1705 1937 non

56 1969 194 2025 damnabit
216 1984 273 2028 eos.
298 1969 368 2025 anni
391 1969 484 2041 igitur,
498 1986 576 2028 soror
598 1973 767 2039 charissima,
783 1971 854 2029 beati
908 1983 1005 2046 regnat
1028 1979 1168 2042 peccatum
1193 1969 1221 2024 in
1251 1971 1379 2035 bomine,
1401 1972 1447 2026 secl
1472 1978 1568 2044 regnat
1589 1968 1704 2042 justitia.

57 2055 154 2113 isidori
165 2058 249 2114 rerba
265 2074 271 2110 :
291 2078 303 2108 ι
327 2057 519 2115 Fornicatione
542 2059 713 2130 coinquinari
736 2061 855 2118 deterius
907 2059 1034 2130 Quamvis
1049 2062 1130 2115 homo
1144 2058 1179 2113 ιιι
1194 2065 1284 2113 castus
1298 2059 1325 2113 in
1340 2072 1467 2126 corpore,
1484 2069 1570 2114 tannen
1585 2057 1608 2112 ιι
1623 2058 1705 2112 loru-

58 2150 101 2201 est
112 2144 184 2202 omni
195 2143 479 2216 peccat03iornicatio
490 2147 577 2216 major
590 2155 632 2203 est
647 2149 776 2205 omnibus
791 2165 854 2221 pec
908 2148 1091 2206 riosusestin
1108 2153 1206 2211 mente,
1223 2155 1363 2217 peccatum
1387 2154 1482 2218 regnat
1496 2145 1702 2214 incordeejus.

57 2234 133 2288 catis.
156 2233 310 2289 Fornicatio
334 2249 417 2305 grave
451 2242 591 2306 peccatum
619 2245 681 2303 ιιι,
711 2234 854 2292 ιιιιιιιιιο
908 2235 1059 2292 Fornicatio
1078 2233 1170 2290 cordis
1192 2241 1232 2288 est
1251 2233 1383 2290 idolorum
1398 2232 1524 2289 servitus.
1544 2233 1593 2287 Est
1607 2241 1635 2288 et
1653 2232 1706 2286 alia

58 2320 148 2376 omnia
169 2319 240 2376 mala
265 2330 387 2391 superat,
411 2320 554 2379 lornioatio
577 2323 687 2398 gravior
701 2332 743 2379 est
757 2334 853 2381 morte.
908 2322 1049 2382 fornicatio
1063 2319 1219 2394 spiritualis,
1235 2322 1269 2377 de
1284 2337 1336 2393 qua
1360 2321 1491 2377 Dominus
1514 2320 1572 2377 ait:
1593 2322 1646 2390 Qui
1660 2321 1705 2375 ιι-

58 2408 153 2467 llelius
176 2416 217 2465 est
238 2409 318 2475 mori,
334 2426 417 2483 quana
439 2410 565 2468 fornicari
582 2426 589 2467 :
606 2411 704 2469 melius
718 2420 759 2469 est
774 2415 853 2483 mori,
908 2409 1706 2482 dmirmutteremademeupisecndnrneamjammoecte

59 2513 139 2571 quarn
154 2497 331 2556 inminutione
345 2499 476 2556 maculari
492 2517 499 2555 :
516 2499 613 2556 melius
627 2507 670 2556 est
684 2500 762 2567 mori,
774 2517 856 2572 quam
907 2510 953 2562 rus
967 2508 1009 2560 est
1023 2517 1087 2560 eom
1101 2502 1133 2556 in
1144 2499 1227 2558 corde
1236 2516 1285 2557 suo
1295 2500 1409 2570 (hotto.
1422 2516 1447 2564 ι,
1459 2500 1514 2569 28).
1529 2497 1641 2554 llanime
1658 2514 1707 2569 per

61 2605 109 2661 per
128 2588 332 2647 fornicationem
348 2589 466 2645 animam
486 2589 607 2662 perdere.
623 2588 739 2644 Luxuria
755 2592 855 2661 perdu-
908 2590 998 2647 caruis
1013 2588 1144 2645 luxuriam
1166 2587 1290 2645 homines
1309 2587 1489 2658 subjiciuntur
1508 2586 1627 2650 diabolo,
1645 2601 1706 2639 ma·

60 2676 96 2733 cit
110 2677 248 2734 hominem
262 2678 296 2734 ad
312 2694 408 2749 poenas
431 2677 530 2735 inferni
549 2695 556 2732 ι
573 2677 678 2733 luxuria
693 2677 792 2750 mergit
805 2678 855 2735 ho·
907 2679 950 2754 gis
964 2694 1046 2752 qnam
1061 2694 1109 2750 per
1131 2685 1230 2733 caetera
1253 2676 1327 2734 vitia.
1344 2675 1459 2732 Castitas
1478 2685 1518 2731 est
1533 2673 1706 2747 pulchritudo

59 2766 160 2821 minem
185 2766 213 2821 in
236 2766 371 2823 internum
399 2784 406 2821 ;
433 2767 538 2824 ιιιιιιι
561 2767 645 2822 mittit
668 2766 804 2824 hominem
823 2768 856 2823 ad
910 2767 1016 2833 animae,
1033 2773 1060 2820 ιι
1075 2780 1122 2839 ριι
1135 2766 1205 2820 hanc
1226 2763 1353 2823 virtutem
1375 2773 1531 2836 coaequatur
1550 2763 1632 2819 homo
1647 2777 1706 2817 nie-

59 2860 201 2909 tartarum.
225 2873 237 2903 ι
911 2858 970 2913 ritis
992 2855 1173 2930 Angelorum.
1189 2855 1273 2909 Soror
1295 2852 1320 2906 in
1344 2852 1451 2908 Christo
1476 2850 1611 2916 amabilis,
1627 2849 1708 2906 crede

95 2943 139 3002 67.
159 2941 239 2999 Oculi
266 2944 387 2999 annuntii
417 2951 479 2999 sunt
502 2943 698 3003 fornicationis.
724 2944 798 3002 Visio
817 2952 858 3001 est
872 2943 894 3022 fl
907 2946 984 3015 mihi,
1000 2945 1063 3018 quia
1078 2943 1154 3000 multi
1176 2958 1226 3015 per
1249 2941 1381 2998 incuriam
1400 2940 1540 2998 oculorum
1555 2939 1708 2996 inciderunt

59 3030 145 3102 prims
161 3032 268 3089 occasio
292 3030 489 3090 fornicationis.
510 3034 586 3091 hiens
607 3035 678 3089 enim
701 3051 749 3108 per
762 3036 855 3092 oculos
910 3037 937 3091 in
951 3034 1102 3108 periculum
1117 3032 1267 3087 animarum
1283 3047 1403 3086 auarum.

57 3119 173 3192 capitur.
188 3121 241 3176 Per
254 3121 348 3177 oculos
371 3121 452 3179 intrat
476 3122 508 3179 ad
531 3131 648 3180 mentem
667 3123 763 3196 sagitta
776 3139 855 3180 amo·
945 3127 989 3181 69.
1004 3120 1216 3196 (interrogatio.)
1230 3120 1323 3177 Frater
1343 3119 1447 3184 dilecte,
1464 3116 1507 3174 dic
1521 3116 1597 3181 mihi,
1617 3115 1641 3171 si
1655 3115 1705 3172 ali·

58 3208 96 3263 ris
124 3226 130 3262 :
160 3206 229 3266 visio
256 3209 400 3265 oculorum
424 3211 506 3266 mittit
529 3211 641 3283 sagittas
664 3211 855 3268 fornicationis
910 3211 1142 3285 quemhominem
1157 3208 1228 3264 nosti
1247 3224 1294 3277 per
1312 3206 1448 3262 visionem
1467 3207 1607 3262 oculorum
1623 3207 1705 3261 deca·

58 3296 154 3371 igitur,
170 3297 197 3351 in
221 3295 326 3352 Christo
344 3313 432 3364 soror,
449 3298 566 3369 reprime
590 3299 684 3355 oculos
703 3307 774 3364 tuos,
790 3314 856 3372 ergo

58 3386 190 3442 subtrahe
205 3385 304 3440 visum
316 3385 377 3441 Non
391 3385 496 3458 defigas
510 3389 603 3443 oculos
618 3395 679 3443 tuos
694 3387 721 3442 in
736 3389 856 3457 speciem

58 3475 166 3545 carnis3
183 3477 283 3529 nullum
309 3474 446 3529 hominem
473 3475 522 3531 hac
537 3475 684 3531 intentione
697 3475 812 3544 aspicias
827 3484 857 3532 ut

58 3579 119 3620 eum
134 3564 318 3634 concupiscas,
333 3561 436 3619 nullum
457 3564 592 3619 hominem
614 3563 675 3620 ideo
698 3564 811 3634 aspicias
829 3572 857 3620 ut

58 3668 122 3710 eum
144 3653 286 3709 carnaliter
308 3652 415 3725 diligas.
440 3651 546 3708 Faciem
571 3652 619 3710 riri
644 3670 698 3711 non
720 3653 814 3710 videas
828 3661 857 3708 ut

59 3758 124 3800 eum
138 3741 165 3796 in
181 3742 250 3797 malo
265 3741 364 3813 diligas
380 3759 386 3798 τ
408 3752 501 3799 ιιιιιι
515 3742 609 3798 oculos
625 3752 685 3799 tuos
701 3757 735 3798 ne
749 3741 857 3798 uideant

58 3832 198 3889 vanitatem
214 3833 299 3904 (Psoi.
317 3848 409 3897 ιιι-ιιι,
432 3833 478 3900 37)
495 3850 501 3886 z
521 3831 747 3903 pulchritudinem
766 3831 857 3887 homi·

911 3301 1011 3372 ptumi
1025 3297 1212 3368 (Responsio.)
1231 3295 1255 3352 Ο
1269 3310 1346 3350 ιιιοι
1359 3292 1529 3363 ιιιιιιιιιιι,
1543 3308 1623 3364 quarn
1638 3291 1707 3347 mul·

912 3402 953 3444 tos
969 3388 1025 3443 scio
1039 3403 1088 3458 ριι
1105 3385 1192 3440 risum
1208 3398 1269 3439 esse
1283 3383 1411 3453 deceptos
1424 3388 1452 3437 et
1466 3382 1493 3436 in
1509 3381 1633 3453 laqueum
1647 3381 1707 3435 dia·

910 3475 965 3532 boli
980 3474 1093 3529 missosl
1109 3472 1210 3527 Tamen
1228 3486 1259 3525 es
1276 3468 1318 3524 his
1332 3483 1400 3541 quos
1418 3467 1519 3535 audivi,
1541 3466 1645 3538 aliquos
1662 3465 1707 3521 di-

910 3579 970 3622 cam
986 3563 1044 3619 tibi.
1067 3561 1135 3631 Quia
1149 3558 1218 3615 Dina
1239 3557 1294 3613 iilia
1308 3557 1392 3613 Jacob
1407 3571 1517 3629 egressa
1530 3564 1572 3610 est
1587 3563 1614 3611 nt
1627 3553 1708 3610 vide-

912 3661 952 3707 ret
968 3650 1091 3706 mulieres
1101 3646 1231 3725 regionis,
1245 3654 1273 3703 et
1287 3644 1423 3701 adamavit
1436 3659 1495 3700 eam
1512 3642 1618 3700 Sichem
1628 3651 1709 3715 atque

911 3739 1009 3812 rapuit,
1026 3747 1052 3795 ιι
1076 3737 1256 3810 sirginitatem
1276 3733 1349 3789 illius
1363 3733 1478 3804 turpiter
1492 3732 1612 3803 corrupit
1626 3729 1707 3803 (Cen.

913 3828 1059 3897 exscribit
1073 3829 1112 3884 sic
1134 3825 1237 3882 misera
1253 3823 1341 3895 puella
1354 3821 1418 3895 quia
1433 3820 1542 3878 incaute
1556 3820 1623 3878 vidit
1636 3820 1709 3891 quod

59 3921 102 3976 nis
119 3936 171 3977 noo
196 3920 382 3992 concupiscas.
405 3920 454 3976 Dic
477 3921 558 3987 milri,
583 3936 660 3978 soror
683 3918 856 3987 venerabilis,
910 3918 1004 3974 videre
1017 3930 1073 3972 non
1086 3916 1189 3981 debuit,
1206 3916 1371 3969 honestatem
1387 3926 1421 3968 sc
1433 3910 1615 3985 virginitatem
1629 3924 1708 3965 suam

58 4010 146 4080 qualis
158 4007 298 4080 proiectus
312 4008 339 4062 in
350 4009 547 4080 pulchritudine
561 4012 673 4067 carnisi
685 4026 777 4067 nonne
789 4011 858 4066 sicut
911 4006 1040 4079 perdidit.
1056 4005 1140 4061 David
1163 4004 1244 4060 etiam
1266 4003 1383 4075 quadam
1405 3999 1450 4056 die
1464 4007 1538 4055 stans
1561 4001 1589 4054 in
1609 3997 1709 4055 solario

60 4096 151 4152 ionum
165 4095 281 4152 siccatur
296 4096 387 4164 bomo,
400 4103 428 4152 ιι
447 4095 515 4169 fugit
535 4098 709 4170 pulchritudo
729 4100 788 4169 rrjus
802 4097 856 4155 sic·
911 4096 1008 4152 domus
1022 4110 1089 4165 suae,
1104 4093 1170 4150 vidit
1193 4091 1342 4157 mulierem,
1360 4098 1387 4147 ιι
1409 4089 1545 4145 adamavit
1558 4102 1618 4143 eam
1635 4104 1641 4140 :
1659 4102 1709 4158 pro

60 4193 90 4240 ut
117 4183 234 4240 umbrat
262 4184 297 4240 Et
323 4184 432 4254 quando
458 4199 532 4240 mors
558 4187 672 4252 venerit,
696 4187 750 4255 dic,
778 4201 855 4260 rogo,
874 4184 990 4297 ncujus
1004 4198 1096 4239 amore
1111 4180 1248 4238 commisit
1261 4179 1423 4235 adulterium
1438 4185 1464 4230 et
1483 4173 1668 4238 homicidium,
1683 4181 1711 4228 ιι

62 4282 162 4347 quanta
179 4273 347 4345 pulchritudo
370 4272 399 4329 in
420 4287 533 4344 corpore
547 4276 719 4330 remanebit?
733 4275 799 4330 Cum
813 4275 857 4329 ri·
912 4273 953 4327 sic
965 4272 1098 4341 deceptus
1113 4269 1199 4324 lactus
1221 4272 1263 4322 est
1285 4265 1353 4337 legis
1377 4263 1426 4319 Dei
1449 4277 1512 4319 reus
1527 4261 1568 4333 (ll
1582 4264 1646 4333 llep.
1660 4261 1709 4325 xil.

62 4363 137 4419 deris
160 4371 245 4419 totum
268 4378 368 4434 corpus
390 4361 523 4417 tumidum
548 4378 618 4433 esse,
644 4372 671 4418 et
698 4363 725 4417 in
746 4363 859 4419 letorrm
912 4362 945 4414 Et
965 4359 1028 4430 quia
1043 4357 1110 4415 sidit
1128 4356 1239 4412 incante
1253 4355 1325 4426 quod
1345 4368 1397 4408 non
1410 4351 1504 4406 debuit
1517 4350 1621 4417 ridere,
1641 4363 1710 4405 con-

62 4467 232 4520 consersum,
247 4466 339 4507 nonne
354 4450 457 4507 claudis
477 4466 557 4506 nares
575 4457 645 4522 tuns,
662 4457 691 4506 ut
705 4466 758 4507 non
775 4449 859 4505 susti·
913 4447 993 4503 traxit
1009 4446 1141 4502 maculam
1155 4443 1229 4502 omni
1244 4451 1366 4512 tempore
1377 4441 1437 4496 aitae
1452 4454 1518 4495 suae.
1536 4436 1710 4494 Fortissimus

63 4556 128 4598 neas
141 4539 254 4597 fetorem
268 4539 475 4596 fetidissimum?
490 4539 539 4596 llic
557 4554 633 4610 ergo,
650 4539 697 4595 ubi
717 4547 781 4594 tunc
795 4541 858 4609 ρι’·
912 4537 1022 4593 Samson
1047 4533 1187 4592 descendit
1208 4534 1235 4588 iu
1263 4531 1403 4605 regionem
1427 4527 1662 4592 Philisthiuornm,
1682 4536 1712 4582 st

62 4629 187 4686 chritudo
210 4628 382 4685 vultosiuhi
404 4628 503 4684 blanda
527 4628 609 4687 verba
627 4643 688 4699 qnae
706 4626 788 4682 corda
807 4643 858 4683 au·
912 4624 978 4679 vidit
1003 4623 1041 4679 ibi
1071 4623 1209 4679 mulierem
1233 4628 1313 4694 atque
1335 4617 1481 4687 adamarit,
1504 4624 1531 4673 ιι
1558 4616 1585 4671 in
1608 4612 1710 4688 gremio

61 4718 193 4774 dientium
206 4717 389 4774 molliebant?
404 4717 451 4774 obi
465 4728 529 4774 tunc
543 4733 684 4774 sermones
703 4715 797 4772 dulces
810 4715 857 4788 qui
911 4713 983 4770 illius
997 4711 1140 4778 dormivit;
1155 4712 1200 4767 illa
1216 4724 1281 4769 vero
1295 4708 1386 4765 omnes
1401 4705 1498 4778 capitis
1513 4708 1573 4775 ejus
1587 4706 1665 4769 rasit,
1682 4712 1710 4761 ιι

62 4807 188 4863 homines
203 4805 398 4864 laetificabant?
412 4807 459 4862 llic
482 4808 559 4872 mihi,
582 4807 695 4862 honesta
709 4805 796 4879 virgo,
811 4802 859 4859 ubi
911 4802 1021 4860 tradidit
1035 4818 1097 4858 eum
1111 4802 1138 4857 in
1154 4796 1280 4857 manibus
1290 4798 1460 4854 inimicorum
1473 4798 1544 4866 ejus,
1558 4795 1604 4865 qui
1619 4794 1709 4850 statim

60 4906 126 4952 tunc
143 4898 195 4952 erit
218 4895 411 4952 immoderatus
430 4895 511 4961 risus,
536 4905 562 4952 ιι
583 4897 662 4966 jocus
686 4894 795 4965 turpisi
813 4892 858 4949 ubi
912 4892 1006 4950 oculos
1020 4893 1081 4964 ejus
1099 4900 1228 4947 eruerunt
1247 4888 1351 4961 (ladio.
1368 4885 1508 4956 siv-xv1):
1533 4892 1560 4940 et
1575 4883 1614 4940 sic
1627 4881 1711 4938 miser

61 4994 123 5040 tunc
138 5000 205 5040 rana
224 4991 251 5039 et
271 4982 373 5038 inutilis
391 4982 571 5057 laetitiaque
591 4983 719 5039 inrisum
735 4981 859 5038 homines
911 4981 973 5055 qnia
988 4981 1056 5037 sidit
1069 4980 1142 5052 quod
1158 4980 1251 5035 sidere
1270 4993 1326 5034 non
1348 4975 1450 5042 debuit,
1472 4973 1569 5031 oculos
1583 4970 1708 5046 perdidit,

58 5073 268 5130 commovebat?
291 5072 381 5139 Periit,
404 5072 436 5127 ad
457 5072 570 5127 nibilum
590 5072 707 5140 devenit,
729 5072 798 5129 sicut
813 5070 857 5126 lu·
911 5079 938 5125 ιι
953 5070 979 5126 ιι
994 5070 1140 5142 periculum
1155 5067 1276 5140 corporis
1289 5065 1393 5122 incidit.
1415 5066 1556 5137 Cognosce
1570 5075 1647 5132 ergo,
1662 5073 1709 5115 so·

59 5177 119 5217 mus
146 5161 254 5218 evanuit
279 5178 285 5216 :
315 5161 349 5215 ita
372 5169 412 5216 est
434 5161 630 5217 consummatio
653 5159 858 5233 pulchritudinis
912 5173 958 5213 ror
973 5157 1077 5223 dilecta,
1094 5172 1175 5230 quam
1196 5153 1274 5210 multi
1296 5168 1343 5224 ριι
1358 5149 1491 5208 visionem
1510 5149 1650 5206 oculorum
1664 5145 1710 5204 in·

58 5249 157 5314 earnis,
170 5248 364 5304 consummatio
380 5250 511 5320 corporis.
528 5250 671 5322 Cognosce
688 5263 763 5322 ergo,
780 5262 859 5304 soror
910 5246 1034 5303 ciderunt
1050 5248 1077 5301 in
1089 5245 1243 5318 periculum
1267 5257 1409 5314 corporum
1434 5247 1462 5295 ιι
1476 5238 1626 5293 animarum
1649 5251 1711 5320 sus·

60 5334 231 5398 venerabilis,
246 5336 309 5405 quia
334 5350 401 5389 rana
422 5343 463 5389 est
483 5335 667 5405 pulchritudo.
684 5335 762 5394 Unde
776 5333 857 5389 etism
912 5352 982 5391 rum.
1000 5337 1095 5392 Moneo
1110 5348 1176 5406 ergo
1192 5340 1227 5399 te,
1250 5346 1329 5387 soror
1344 5330 1372 5384 in
1387 5327 1504 5384 'Christo
1526 5324 1658 5393 amabilis,
1681 5332 1711 5380 ut

59 5423 185 5480 Salomon
202 5423 239 5477 sit
254 5440 261 5476 ε
274 5423 490 5495 ιἰιιιιριιιιι,
508 5427 536 5480 ιι
549 5439 622 5478 oeno
637 5428 681 5480 est
693 5420 777 5481 8⁴15
791 5422 858 5495 pal·
911 5424 997 5481 iacias
1019 5436 1128 5496 ριιιιιι
1152 5437 1215 5478 curn
1229 5419 1317 5477 oculis
1342 5418 1405 5489 tuis,
1432 5432 1466 5472 ne
1492 5415 1599 5471 incauto
1621 5413 1712 5469 videns

59 5510 296 5584 chritndoll‘roo.
312 5527 384 5578 ans,
400 5513 454 5582 30).
479 5512 577 5586 igitur,
597 5525 676 5570 soror
696 5512 724 5568 in
747 5510 857 5568 Christo
910 5513 983 5586 qnod
997 5511 1089 5569 ridere
1102 5527 1157 5569 non
1169 5510 1263 5568 debes.
1279 5508 1350 5566 Cave
1372 5507 1455 5564 etiem
1479 5519 1514 5562 ns
1535 5518 1609 5561 mors
1627 5502 1711 5560 intret
