3706 5962
96 226 165 288 tots
660 221 769 284 sultuo
788 221 830 282 ull
851 217 960 279 DECEM
979 216 1176 283 vuettinus.
1668 225 1739 288 tutu

95 357 230 416 Sodomae.
244 369 304 424 quae
315 355 391 424 juxta
408 353 481 423 juste
495 351 580 419 ardet,
595 366 648 406 nou
669 364 719 405 nos
733 348 885 420 apprehen·
905 358 929 437 Α
944 360 991 417 ue,
1006 345 1104 419 inquit,
1119 347 1215 405 catelo
1243 348 1304 415 titi,
1319 353 1347 406 el
1375 351 1469 408 videbo
1496 353 1584 423 (Paul.
1609 370 1639 424 v,
1654 354 1692 423 b).
1714 352 1738 411 0

94 443 194 509 derint,
209 458 262 498 non
277 456 327 498 nos
341 439 510 498 incenderint
526 438 623 495 lavillae
636 439 754 496 caducae.
770 437 810 492 De
839 438 890 492 hac
945 451 1025 507 quam
1043 435 1165 504 iucundo
1189 436 1296 494 interim
1323 453 1425 509 sopore
1448 440 1600 512 sopiuntur,
1625 458 1738 514 quarum

95 531 213 588 Sodoma
228 529 351 586 exierunt
364 529 484 603 virgines
504 528 614 584 obviam
636 542 737 598 sponso
757 533 784 582 et
804 539 890 598 spon·
944 538 1008 579 caro
1021 523 1048 580 iu
1063 539 1112 597 spe
1125 524 1281 597 requiescit,
1295 533 1322 582 et
1337 526 1364 582 iu
1387 542 1437 600 spe
1451 527 1562 598 spiritns
1584 529 1736 588 hilarescit!

95 636 133 675 see
159 636 166 675 :
196 620 278 691 longe
305 617 377 674 enim
398 624 473 673 esta
496 615 648 688 virginibus
668 615 777 671 flamma
805 614 891 671 sodo·
945 611 1010 684 (lsu.
1026 614 1076 684 ιι.)
1097 613 1176 669 Libet
1196 613 1265 671 inter
1284 616 1343 673 haec
1357 616 1527 685 meminisse,
1543 618 1614 688 quod
1629 628 1739 676 sauctus

94 725 212 766 morum.
944 700 1098 758 Germanus
1113 702 1233 772 pontifex
1247 704 1495 763 Autissiodorensis
1507 706 1619 763 Romam
1634 715 1737 779 petens,

131 804 156 854 3.
173 799 301 856 Exierunt
327 807 416 854 autem
431 811 494 853 cnm
513 793 694 864 impediose,
715 792 820 848 lumbos
844 793 892 846 ha·
944 805 1006 846 cum
1019 789 1133 846 AEduam
1159 792 1324 862 devenisset,
1342 794 1375 848 ad
1404 795 1537 851 tumulum
1562 797 1646 850 sancti
1669 795 1739 850 Cas-

96 890 188 945 beutes
206 888 376 960 praecinctos,
388 888 548 943 etlueernas
558 883 585 937 in
604 882 732 937 manibus
746 881 889 949 ardentes;
944 877 1127 935 sianidivertit
1138 896 1145 947 ;
1157 896 1237 951 quem
1251 882 1362 954 proprio
1372 883 1590 940 vocansnomiue
1607 902 1639 938 :‹
1657 883 1738 954 Quid,

96 986 125 1032 ut
141 986 168 1032 et
190 976 319 1032 eastitatis
337 974 473 1047 cingulum
489 972 653 1044 astringatur
667 969 695 1024 iu
716 984 839 1041 corpore,
864 975 891 1023 et
944 967 1041 1036 inquit,
1057 968 1125 1039 agis,
1143 969 1223 1024 frater
1242 970 1422 1027 cbarissime‘l
1448 972 1479 1026 Et
1493 973 1539 1030 ille
1562 974 1595 1028 de
1611 973 1715 1029 tumulo
1731 992 1738 1029 ε

95 1062 127 1118 ad
142 1062 283 1118 utilitatem
305 1062 419 1134 proximi
446 1071 474 1118 et
486 1060 598 1132 gloriam
615 1058 713 1125 Patris,
730 1059 776 1114 lux
800 1071 891 1113 exem·
947 1077 959 1109 ι
975 1055 1104 1121 Dulciter,
1120 1056 1215 1127 iuquit,
1233 1057 1259 1112 in
1279 1075 1346 1130 pace
1361 1061 1512 1132 requiesco,
1534 1070 1561 1133 et
1592 1062 1737 1118 adventum

96 1151 133 1222 pli
148 1153 248 1208 clareat
262 1152 289 1206 in
304 1151 470 1224 operatione.
487 1149 533 1207 Sic
553 1148 664 1206 Gedeou
685 1146 712 1201 in
741 1143 892 1219 lagunculis
945 1144 1134 1216 Redemptoris
1148 1154 1276 1216 exspecto
1295 1147 1364 1218 (61),
1382 1172 1395 1197 s
1412 1151 1481 1205 Eece
1496 1150 1667 1219 prudentium
1683 1151 1740 1204 vtr-

94 1240 232 1311 lampades
247 1241 394 1305 occultans,
411 1239 461 1294 sud
481 1237 508 1293 in
534 1239 601 1294 hora
618 1233 773 1293 certaminis
801 1232 892 1289 fractis
946 1233 1039 1306 pinum
1053 1248 1173 1301 somnus,
1185 1235 1283 1306 quibus
1294 1237 1405 1292 coelicus
1418 1238 1484 1293 dicit
1494 1237 1611 1304 Spiritus
1627 1253 1633 1291 :
1654 1240 1685 1296 ut
1696 1255 1740 1295 re-

94 1329 212 1386 vasoulis
232 1330 435 1397 demonstrans,
450 1327 589 1399 repentina
604 1323 665 1382 lucc
679 1325 771 1379 hostes
786 1323 889 1384 terruit,
945 1324 1094 1396 unmechtet
1108 1340 1126 1379 a
1140 1323 1280 1380 laboribus
1293 1327 1351 1382 suta
1366 1325 1461 1395 (Apoe.
1474 1342 1535 1391 xtv,
1554 1326 1612 1397 13).
1627 1326 1687 1381 Non
1698 1341 1742 1381 au-

95 1425 123 1474 et
137 1418 218 1474 vertit
232 1416 259 1471 in
276 1416 368 1490 fugam
379 1417 485 1487 (ludio.
495 1415 556 1486 vu).
569 1416 715 1470 Torrentur
728 1411 799 1469 enim
812 1412 890 1483 priu-
946 1421 999 1466 tem
1015 1413 1066 1469 hoc
1089 1411 1170 1469 fatuis
1189 1412 1342 1485 virginibus
1362 1413 1471 1481 dieitur,
1493 1430 1542 1469 nec
1558 1414 1619 1470 talis
1633 1414 1740 1470 iuterim

95 1506 171 1578 cipes
184 1506 357 1561 tenebramm
384 1504 442 1561 visa
464 1505 525 1561 luce
552 1503 686 1558 bonorum
700 1516 814 1571 operum
830 1500 892 1570 quia
945 1513 1027 1571 sopor
1048 1515 1149 1557 earum.
1167 1500 1261 1571 Neque
1275 1500 1348 1556 enim
1367 1516 1382 1555 a
1402 1501 1540 1558 laboribus
1556 1501 1739 1574 requiescunt,

96 1600 243 1650 amreante
263 1592 351 1648 lucem
368 1593 488 1648 tenebrae
506 1606 561 1647 non
583 1599 705 1662 possunt.
734 1586 890 1644 Prudentea
945 1603 1058 1660 quarum
1072 1588 1444 1659 carovidetoorruptionem‚
1459 1590 1674 1664 utingrediatur
1688 1605 1739 1661 pu-

95 1681 169 1736 euim
178 1681 301 1752 viraines
310 1686 482 1753 occeperunt
499 1681 595 1738 oleum
607 1681 639 1735 io
652 1681 727 1736 vasis
742 1677 800 1734 auia
822 1692 891 1732 enm
907 1665 929 1742 B
946 1675 1056 1732 tredoin
1071 1676 1179 1733 ossibus
1193 1691 1294 1742 earum,
1311 1686 1338 1733 et
1350 1678 1444 1734 subter
1457 1693 1505 1734 eas
1518 1686 1627 1735 scateat.
1645 1679 1676 1733 lit
1689 1679 1742 1733 hoc

96 1768 283 1841 lampadibus.
310 1769 378 1825 Vide
409 1769 579 1840 prudentiam
603 1767 738 1839 virgiuum
766 1764 889 1820 istamm.
944 1764 1053 1836 quidem
1066 1780 1140 1821 earo.
1166 1764 1264 1819 Anima
1285 1779 1351 1823 vero
1376 1766 1480 1837 sepulta
1494 1767 1521 1819 iu
1545 1765 1654 1822 inferno
1668 1781 1740 1839 quo-

96 1857 221 1914 Seiebant
235 1865 342 1913 noctem
365 1856 423 1914 fore
446 1856 601 1928 productam
619 1872 625 1911 ε
642 1864 669 1911 et
678 1852 891 1922 nescientesque
943 1852 1024 1908 modo
1048 1853 1146 1908 dormit
1166 1854 1334 1919 conturbata,
1358 1870 1419 1925 quae
1433 1855 1461 1909 in
1487 1855 1630 1910 tormentis
1655 1855 1740 1923 posita

96 1947 163 2002 bora
172 1945 257 2003 noctis
266 1960 383 2017 sponsus
392 1946 506 2011 veniret,
521 1960 580 2000 non
590 1950 724 2001 contentae
739 1941 802 1998 oleo
822 1940 890 1995 lam·
943 1951 1001 1998 aret
1015 1941 1067 2010 siti,
1093 1958 1144 1999 nec
1168 1952 1257 2012 sperat
1282 1949 1384 2017 guttam
1405 1942 1547 2015 refrigerii,
1575 1946 1601 1998 et
1615 1959 1740 1999 resurre-

94 2034 204 2104 padum,
219 2033 300 2088 etiam
314 2033 342 2088 in
359 2033 429 2089 vasis
444 2033 535 2089 oleum
548 2038 656 2087 sumunt
671 2030 761 2098 ;ut,ai
771 2029 840 2086 forte
856 2028 889 2082 il·
942 2031 1039 2088 otiouis
1052 2031 1124 2086 diam
1137 2037 1164 2085 et
1183 2030 1328 2087 adveutum
1351 2031 1455 2088 tudieis
1484 2033 1552 2088 male
1567 2031 1619 2089 sibi
1632 2031 1740 2089 conscia

94 2121 144 2178 lud
156 2121 229 2192 quod
243 2132 301 2177 erat
311 2120 339 2176 in
352 2120 523 2191 lampadibus
536 2119 729 2176 annihilaretur
743 2125 770 2173 ct
791 2115 891 2173 deiice-
944 2117 1152 2192 perhorrescit?

95 2219 147 2276 ret,
168 2211 202 2265 de
217 2209 336 2282 eoquod
361 2209 388 2264 in
415 2207 488 2263 vasis
503 2216 678 2278 reposuerant
691 2205 725 2261 sd
741 2203 889 2261 custodiam
979 2210 1006 2264 b.
1016 2208 1250 2264 dormitaverunt
1261 2205 1481 2278 igiturornucset
1491 2207 1741 2265 obruerentur-

94 2297 216 2363 lumiuis‚
230 2296 369 2368 lampades
398 2295 553 2366 implerent.
577 2293 673 2351 Oleum
698 2294 725 2348 in
753 2291 887 2362 lampade,
944 2293 1098 2351 dicantem
1108 2294 1740 2367 rtocteelumorfuetnaeat:decerpensuave-

95 2398 138 2444 est
147 2402 216 2459 opus
230 2385 332 2441 bonnm
348 2385 376 2440 in
397 2384 608 2441 manifestatione
622 2384 686 2452 ,sed
702 2383 768 2438 dum
784 2381 892 2438 videtur
944 2384 1010 2440 etit!
1020 2385 1096 2440 exite
1110 2384 1218 2439 obuium
1227 2385 1264 2440 ea'.
1274 2381 1297 2439 0
1307 2384 1452 2441 clamorem
1464 2384 1643 2457 prudentibus
1654 2382 1740 2456 virgi,

95 2492 114 2532 a
138 2474 267 2546 proximis
292 2474 400 2530 claritas
428 2473 529 2545 operis,
545 2473 610 2528 dnm
639 2472 769 2527 mirantur
783 2479 811 2526 et
831 2470 891 2526 lau·
944 2473 1025 2529 nibus
1039 2472 1115 2528 omni
1134 2471 1334 2544 modulatione,
1351 2472 1478 2529 omuibus
1501 2472 1617 2528 modulis
1634 2471 1741 2527 dulcio·

96 2564 171 2630 daut,
186 2562 323 2619 extollitur
336 2563 493 2633 plerumque
507 2569 534 2617 et
547 2560 664 2633 assurgit
679 2559 768 2616 elatus
786 2557 892 2614 animus
944 2561 1020 2618 remi
1037 2563 1105 2618 Ecce
1119 2577 1238 2634 sponsus
1260 2561 1359 2618 venit!
1375 2563 1454 2616 Putas
1477 2576 1529 2618 vox
1550 2561 1602 2617 istu
1621 2571 1663 2621 eet
1682 2559 1741 2617 hilii

96 2649 247 2722 operantis,
263 2653 291 2706 et
305 2649 367 2705 dum
397 2649 423 2705 in
442 2666 473 2729 se
486 2658 512 2705 et
537 2664 592 2704 nou
612 2650 637 2702 iu
660 2648 776 2711 Domino
790 2645 890 2719 gloria-
944 2651 1002 2717 Dei,
1017 2667 1098 2723 quam
1118 2667 1179 2707 eum
1200 2649 1304 2706 venerit
1319 2651 1400 2706 beata
1415 2649 1461 2704 illa
1484 2651 1563 2721 hora,
1578 2665 1674 2706 omues
1693 2648 1741 2720 qui

96 2749 150 2808 tur,
165 2737 255 2793 lumen
269 2737 403 2810 lampadis
421 2736 585 2803 annullatur,
614 2745 750 2792 eteareus
771 2735 891 2791 fomento
945 2741 973 2796 in
987 2737 1168 2795 monumentis
1192 2744 1255 2793 sunt
1273 2737 1394 2807 audient,
1420 2746 1447 2794 et
1470 2738 1516 2810 qui
1538 2738 1674 2794 audierint
1697 2737 1740 2793 vi-

96 2843 219 2902 00ΰεῖὓο
233 2828 345 2898 lampat,
360 2843 422 2898 quae
439 2841 530 2882 eoram
544 2825 699 2881 bominibus
722 2823 794 2881 clare
812 2824 891 2892 lucei.
945 2829 1031 2886 venti
1050 2830 1141 2899 (foen.
1165 2844 1193 2896 v,
1209 2828 1267 2897 25.)
1282 2827 1398 2884 Domine
1415 2827 1479 2884 lesu
1493 2827 1608 2894 Christe,
1628 2825 1677 2882 liiii
1692 2825 1742 2884 Dei

97 2933 187 2972 eoram
202 2914 319 2970 Domino
334 2916 500 2971 tenebratur.
525 2914 673 2972 Prudentes
689 2929 755 2971 vero
774 2913 892 2986 virgines
945 2918 1008 2983 vivi,
1025 2917 1059 2972 da
1074 2916 1100 2971 iu
1121 2916 1167 2972 illa
1187 2918 1252 2973 hora
1273 2915 1374 2971 auditui
1399 2930 1458 2972 meo
1477 2916 1607 2989 gaudium
1630 2923 1657 2969 et
1670 2915 1741 2971 laeti-
1800 2931 1804 2939 ·

96 3019 196 3077 prater
222 3004 314 3060 oleum
328 3006 400 3078 quod
423 3004 452 3061 in
471 3003 640 3076 lampadibus
663 3004 772 3068 ament,
801 3003 891 3058 oleum
908 2963 930 3041 Β
946 3009 1021 3074 tiam,
1037 3019 1063 3064 er
1078 3008 1249 3063 exsultabunt
1276 3022 1338 3062 ossa
1367 3007 1519 3063 humiliata.
1549 3007 1611 3062 Non
1633 3007 1741 3061 timum

97 3093 171 3150 aliud
189 3093 217 3148 in
232 3092 305 3149 vasis
319 3101 453 3164 reponuni
468 3107 476 3148 :
490 3092 556 3164 quill
569 3091 696 3149 nimirum
720 3099 819 3147 Shnciae
832 3090 891 3146 alli·
947 3109 1017 3165 [unc.
1032 3113 1135 3171 quaeso,
1151 3097 1273 3166 Domine,
1292 3095 1327 3152 ab
1347 3095 1486 3151 auditione
1500 3094 1580 3161 mala,
1593 3108 1675 3166 quam
1690 3109 1742 3150 gu.

98 3197 148 3237 ¹1¹ae
164 3182 228 3237 'ium
242 3182 334 3252 ’illusi
355 3182 396 3235 ⁵1¹1
425 3181 617 3250 praestolantur
644 3180 798 3244 ailwium,
828 3182 892 3234 dum
947 3187 1029 3245 dituri
1044 3198 1106 3243 suut
1124 3186 1223 3258 quibus
1246 3184 1370 3241 dicturus
1389 3199 1420 3240 es
1437 3202 1444 3238 :
1463 3187 1513 3254 lte,
1535 3182 1696 3249 maledicti,
1710 3184 1744 3239 ire

98 3278 154 3326 toto
164 3268 300 3326 desiderio
309 3268 336 3325 oi
349 3268 466 3325 clamant
478 3268 608 3341 qnotidie,
625 3268 760 3326 adnotent
776 3283 893 3339 reponat

99 3363 182 3417 teum
198 3359 309 3432 lllottlt.
324 3374 358 3413 vx.
378 3360 433 3428 lb),
447 3364 546 3430 praeter
559 3357 605 3412 illa
624 3372 709 3427 opera
727 3372 788 3428 quae
800 3347 893 3426 proxi-

99 3449 150 3504 ruis
164 3449 253 3506 lucent
272 3447 304 3502 ad
319 3448 367 3502 Dei
386 3447 503 3520 muriam
517 3456 543 3502 et
570 3445 707 3511 videntur,
737 3443 831 3514 aliqua
866 3443 895 3498 in

97 3537 214 3603 occulto,
231 3536 278 3591 ubi
305 3535 379 3589 solus
403 3534 482 3589 Pater
509 3533 592 3599 videt,
621 3546 705 3603 opera
727 3531 840 3601 faciunt,
867 3538 897 3586 ut

77 3625 120 3679 ·si
135 3626 204 3680 forte
216 3624 272 3692 illa,
287 3639 346 3696 quae
359 3621 506 3694 conspicua
520 3627 547 3678 et
573 3621 644 3679 clara
660 3632 732 3690 suut,
754 3620 831 3675 datus
850 3622 898 3676 hu·

98 3730 187 3769 manee
211 3713 298 3769 lau-dis
315 3712 482 3781 exstinxerit,
498 3713 587 3769 oleum
599 3709 712 3766 occultae
725 3709 897 3767 conscientiae

98 3803 272 3874 suffragetur.
291 3803 353 3859 llaec
368 3814 409 3858 cst
423 3801 512 3874 gloria
526 3802 588 3857 liliae
603 3800 676 3872 regis
690 3800 723 3855 ab
739 3799 821 3865 intus,
833 3802 895 3854 dum

100 3892 365 3963 plusdeoleoquod
381 3894 409 3945 in
436 3892 509 3946 vasis
541 3888 715 3946 conscientiae
742 3888 894 3952 dilucescit,

99 3996 178 4052 quam
192 3982 226 4034 de
241 3996 274 4036 eo
294 3981 365 4051 quod
382 3979 453 4036 lucet
467 3979 502 4035 de
520 3979 598 4049 foris,
613 3978 767 4051 gloriatum
785 3976 897 4046 periisse

100 4071 215 4123 aestimat
233 4083 313 4123 omna
330 4067 402 4137 quod
417 4068 546 4136 cernitur,
569 4083 619 4124 nec
645 4067 672 4123 id
687 4067 799 4140 dignum
822 4067 897 4137 judi·

101 4167 145 4214 cat
174 4155 401 4221 remuneratione,
428 4158 501 4224 quod
529 4157 786 4212 lavoreshomiuum
803 4171 896 4225 prose·

948 3278 1042 3349 ipuem
1051 3280 1192 3333 aeteruum
1204 3272 1316 3342 (dotet.
1333 3289 1403 3339 xxv,
1415 3275 1473 3340 41).
1488 3270 1545 3326 Erit
1558 3270 1680 3326 fortassis
1691 3285 1743 3326 vox

949 3368 999 3422 iata
1018 3365 1090 3421 illius
1110 3361 1230 3419 tubantis
1252 3360 1419 3432 archangeli,
1444 3359 1472 3413 in
1490 3359 1571 3427 eujus
1591 3372 1659 3414 voce
1673 3367 1702 3414 et
1715 3358 1743 3413 in

949 3453 1096 3513 novissima
1107 3453 1170 3506 tuba
1180 3448 1313 3504 Dominus
1324 3445 1517 3503 deseeudctde
1530 3446 1598 3502 coelo
1613 3445 1641 3514 (l
1653 3444 1742 3502 Thess.

950 3561 989 3613 ιν,
1007 3543 1061 3614 ld).
1077 3540 1162 3595 Canet
1175 3536 1248 3595 enim
1271 3535 1336 3592 tuba
1356 3534 1412 3605 ,ad
1437 3535 1515 3604 culus
1533 3534 1699 3607 clangorem,
1715 3542 1745 3589 ut

950 3628 1104 3701 llierouymi
1122 3626 1214 3684 verbis
1231 3631 1301 3691 utar,
1322 3631 1394 3680 totus
1418 3621 1524 3678 timebit
1539 3621 1664 3678 muudus.
1680 3621 1744 3677 Fra·

950 3738 1002 3797 gor
1015 3717 1098 3794 igitur
1111 3717 1183 3773 tubae
1197 3714 1281 3781 illius,
1292 3712 1358 3770 dum
1369 3711 1472 3769 tubabit
1481 3710 1604 3786 angelus,
1620 3712 1685 3767 dum
1700 3725 1747 3767 ex·

952 3811 1139 3885 pergisceutur
1158 3805 1294 3871 homines,
1314 3811 1413 3860 tartara
1426 3802 1507 3858 etium
1522 3802 1663 3859 tenebrosa
1675 3817 1744 3857 con-

950 3903 1043 3962 cutiet.
1059 3900 1175 3957 hudieut
1189 3895 1279 3954 uberi
1298 3895 1346 3966 qni
1360 3895 1399 3950 ibi
1422 3901 1496 3960 sunt,
1516 3892 1563 3966 qni
1586 3890 1632 3948 illo
1647 3899 1745 3948 teneu-

951 3999 995 4048 tur
1009 3989 1157 4065 ergastulo,
1176 3985 1286 4042 audient
1301 3995 1374 4051 tune,
1386 3982 1432 4054 qui
1446 3998 1519 4039 nunc
1533 3982 1648 4039 audiunt
1662 3988 1689 4038 at
1702 3980 1745 4036 fa-

951 4095 1011 4138 cere
1025 4078 1120 4135 uolnnt
1136 4075 1240 4132 :Exite
1253 4073 1364 4131 obuiam
1378 4072 1415 4129 ei.
1431 4073 1548 4146 Magum
1561 4070 1674 4145 quidem
1690 4070 1746 4126 cla-

950 4185 1011 4226 mor
1027 4185 1034 4223 z
1049 4166 1186 4238 quoniam,
1208 4172 1238 4219 ut
1260 4162 1363 4233 Sibylla
1386 4161 1453 4216 dicit
1475 4160 1534 4230 (62)
1555 4160 1664 4232 quando
1685 4161 1747 4214 tuba

102 4254 233 4320 linuntur·
260 4245 386 4300 lemnii?
401 4243 482 4315 iiim?
506 4260 567 4314 ‘luae
592 4245 728 4317 praevalet,
758 4256 896 4314 ⁰ltssl³²l¹fr
914 4265 937 4343 ῃ
952 4259 1070 4316 sonitum
1084 4256 1185 4312 tristem
1210 4252 1326 4308 dimittat
1351 4250 1384 4305 ab
1410 4247 1463 4306 aito
1486 4250 1552 4304 orbe
1569 4255 1597 4303 et
1615 4245 1748 4301 Dominus

101 4337 166 4404 petit
205 4340 349 4399 secretum,
373 4332 537 4388 orationibus
553 4333 641 4402 pulsat
667 4334 777 4398 coelum,
811 4334 898 4392 fundit

102 4425 235 4493 lacrymas
263 4432 343 4478 testes
371 4421 481 4489 amoris,
506 4430 533 4475 et
557 4435 616 4476 cnm
645 4420 740 4476 dilecto
760 4422 804 4478 illo
832 4440 895 4491 sno,

103 4513 220 4586 suspirio
235 4512 390 4586 geratituque
400 4511 545 4567 fabulatur.
565 4509 649 4567 m
665 4512 728 4567 liaec
742 4524 783 4567 est
801 4512 897 4585 gloria,

103 4603 151 4658 sed
165 4603 295 4673 abintus,
311 4602 357 4658 sed
380 4600 474 4666 invise,
495 4600 555 4655 fiiiae
580 4599 652 4673 regis
667 4607 694 4656 et
720 4600 827 4657 amicae.
843 4601 900 4657 Hoc

104 4692 192 4747 oleum
209 4689 290 4746 fatuae
305 4690 421 4762 virgines
443 4704 496 4745 nou
511 4690 609 4745 babent
625 4706 632 4757 ;
648 4688 711 4761 quia
739 4690 789 4743 uisi
804 4691 840 4746 ad
854 4690 898 4745 ni-

105 4792 190 4838 torem
203 4796 281 4837 vanae
296 4780 390 4852 gloriae
404 4788 433 4836 et
446 4777 565 4834 favorem
586 4777 725 4834 hominum
748 4781 819 4835 bona
847 4794 899 4833 nnn

103 4872 259 4935 operantur.
275 4863 332 4922 Hoe
346 4866 446 4932 oleum,
461 4863 488 4918 iu
504 4878 557 4933 quo
572 4864 721 4936 prudentes
748 4862 899 4936 confidunt,

104 4953 131 5006 in
145 4952 242 5008 abditis
255 4951 478 5009 conscientiarum
494 4949 609 5006 vasculis
624 4957 768 5021 reponunt.

141 5043 167 5099 l.
183 5043 287 5098 Moram
301 5041 649 5112 outemseeienteapouso,
675 5039 901 5098 dormitaverunt

104 5145 200 5185 emeres
215 5134 242 5185 et
257 5128 447 5186 dormierunt.
471 5128 613 5183 Doruiuut
642 5127 762 5201 virgines
776 5131 857 5185 bouae
874 5131 900 5184 in

105 5218 232 5284 Domino,
248 5227 275 5272 et
289 5216 315 5272 in
330 5216 430 5272 Christi
452 5227 562 5288 pectore
592 5215 670 5273 dulce
701 5215 902 5272 reclinatorium

106 5308 244 5370 habentes,
269 5321 345 5361 mane
372 5305 435 5361 illud
463 5304 587 5361 ultimum
615 5304 817 5377 prestolantur.
840 5306 900 5362 lfo-

142 5412 199 5482 (ut)
216 5411 409 5468 Constantinus
422 5412 567 5485 presbyter
591 5412 617 5466 in
634 5412 695 5467 Vita
715 5413 744 5468 S.
761 5412 900 5479 Germani,

106 5485 155 5543 lib.
174 5498 204 5552 u,
219 5499 280 5556 cap.
296 5482 325 5553 7,
339 5486 412 5557 apud
427 5485 488 5542 Sur.
517 5487 563 5542 at.
578 5482 650 5540 tulii.

952 4347 1051 4403 eaelum
1062 4341 1204 4400 advocabit
1217 4342 1360 4394 desursum
1376 4344 1403 4394 ct
1415 4347 1524 4403 terram,
1538 4335 1693 4392 discernere
1703 4349 1748 4390 vo

952 4436 1011 4491 lens
1028 4432 1161 4505 populum
1184 4445 1264 4486 sunm
1278 4434 1340 4482 ante
1358 4442 1399 4494 se,
1422 4431 1449 4479 et
1467 4424 1613 4496 prudentes
1631 4421 1749 4494 virgines

953 4525 987 4578 ab
1001 4520 1137 4577 infatuatis
1151 4531 1296 4588 separare,
1317 4512 1458 4570 advocabit
1480 4511 1578 4568 coelum
1593 4511 1747 4575 desursum,

953 4619 984 4667 ut
997 4610 1109 4666 virtutes
1119 4608 1173 4663 illas
1186 4604 1318 4662 ooelorum
1333 4604 1368 4660 de
1379 4600 1436 4657 suis
1452 4599 1563 4657 sedibus
1577 4610 1748 4667 moveantur,

954 4708 981 4757 et
1002 4714 1096 4757 omues
1115 4694 1213 4770 hugoli
1233 4709 1294 4749 cum
1319 4707 1352 4748 eo
1371 4691 1405 4747 ad
1428 4689 1604 4762 judicandum
1626 4704 1748 4764 conpro-

954 4795 1061 4865 gentur.
1095 4784 1245 4850 Psalmista,
1281 4780 1433 4838 dduoeobt't
1468 4778 1573 4836 celem
1596 4777 1750 4836 detersum

955 4880 1042 4950 (Ptol.
1059 4892 1137 4946 xtrx,
1154 4875 1196 4944 l);
1226 4872 1255 4927 id
1273 4880 1316 4928 est
1343 4870 1457 4943 spiritus
1484 4867 1641 4938 animasque
1660 4867 1750 4936 justo-

956 4984 1026 5036 rum,
1058 4965 1155 5037 quibus
1191 4970 1252 5018 ante
1285 4961 1386 5017 dietum
1423 4959 1513 5014 fuerat
1543 4964 1571 5012 ut
1599 4954 1751 5026 requiesce-

956 5067 1014 5112 rent
1041 5065 1147 5126 tempus
1173 5051 1262 5106 adbuc
1298 5048 1444 5117 modicum,
1473 5047 1562 5102 donec
1594 5043 1752 5115 impleretur

957 5161 1085 5202 uumerus
1117 5143 1228 5198 fratrum
1264 5154 1358 5194 cortun
1384 5139 1483 5208 (Apoo.
1521 5152 1561 5202 vt,
1597 5133 1654 5204 ll).
1678 5133 1754 5188 Tunc

956 5234 1061 5293 eoelesti
1090 5235 1135 5289 illa
1163 5228 1324 5286 habitatione
1348 5227 1451 5293 relicta,
1483 5232 1581 5279 sancta
1611 5222 1663 5277 itlae
1691 5220 1752 5275 ani-

957 5326 1077 5383 maesuia
1103 5319 1266 5391 corporibus
1287 5314 1408 5380 redditae,
1436 5320 1508 5368 latito
1534 5312 1627 5376 tutius,
1653 5318 1753 5383 quanto

992 5413 1133 5542 (62)3)]ι“άθ
1151 5407 1340 5481 augustinum,
1356 5406 1397 5462 De
1411 5402 1519 5461 civitate
1532 5402 1592 5469 itai,
1608 5402 1656 5458 lib.
1671 5415 1752 5466 xvttv,

958 5508 1017 5562 cap.
1037 5493 1053 5543 *2
1074 5528 1081 5542 .
