3706 5962
162 205 215 277 ιι
553 164 1411 276 runuarroramssroaaumaasuaaaor.mutar.
1753 196 1807 273 tet

161 341 256 408 inum,
271 338 399 393 babentes
418 334 450 392 ad
475 342 557 407 caput
581 349 660 392 suum
688 331 786 404 pellem
805 328 956 400 caprinam,
971 338 997 420 Ι
1013 329 1159 391 ιίιιιιίιιι
1179 337 1277 395 nostris
1291 380 1298 408 ,
1310 324 1444 413 quatenus
1458 340 1485 397 in
1501 340 1675 408 teetiieum,
1691 339 1722 398 c't
1747 335 1808 411 prd-

161 435 335 502 peccatorum
362 441 475 482 suorum
499 423 647 480 memorien
680 422 819 478 fetentem.
860 419 958 475 Beatus
1012 419 1112 479 ximum
1140 424 1294 498 diligamus.
1324 429 1565 488 Circumdederunt
1605 446 1655 487 uns
1691 428 1809 488 dolores

159 526 250 575 autem
264 516 312 588 qui
329 514 425 587 vigilat
439 514 473 569 ad
489 513 696 570 monumentum
710 522 784 568 tuum
805 516 835 565 ut
866 515 958 566 cuso-
1011 512 1116 581 mortis,
1131 521 1158 571 et
1177 524 1308 574 torrentes
1327 518 1478 590 iniquitatis
1490 521 1719 576 conturbaverunt
1733 501 1808 577 nos}

160 606 217 663 diat
231 615 270 677 te,
284 613 312 663 et
324 603 441 660 luctatur
461 617 541 658 mane
556 617 615 659 cum
629 600 732 672 angelo
742 596 956 669 resurrectionis,
1011 598 1187 662 circumdedit
1213 621 1264 662 nos
1291 607 1463 664 mortalitatis
1484 615 1585 665 nostrae
1613 608 1809 666 vestimentum

161 709 197 751 ne
211 691 328 751 dimittat
342 707 415 760 eum,
440 688 526 745 donec
552 687 643 744 audiat
660 685 762 758 aliquid
785 687 820 741 de
847 685 958 740 nomine
1012 693 1161 748 scaturiens
1174 709 1289 766 uermes,
1302 697 1348 769 qui
1368 713 1412 754 me
1426 697 1533 754 assidue
1551 697 1695 755 comedunt
1710 697 1740 755 ιι
1752 706 1809 756 non

161 783 233 853 ejus,
242 780 315 855 quod
329 786 371 836 est
392 777 528 847 mirabile,
543 784 575 833 ut
587 783 723 832 etuomen
735 775 818 830 Jacob
832 788 957 830 commu·
1010 777 1160 849 dormiunt,
1171 784 1218 855 qui
1232 795 1295 841 sunt
1308 786 1419 844 dolores
1433 786 1578 857 praenuntii
1601 786 1705 843 doloris
1731 786 1808 844 illius

162 879 234 928 tatur
246 870 275 927 iu
286 869 378 936 lsrael,
403 877 431 924 et
454 866 612 924 transmisso
627 864 725 921 animae
749 863 825 937 [odd.
854 860 956 935 gladio]
1012 870 1130 938 maximi,
1147 873 1278 943 quiveuit
1291 890 1373 947 super
1385 876 1523 934 nosvelut
1546 885 1685 944 armatus,
1703 882 1733 932 et
1751 876 1808 932 lm.

163 960 266 1017 doloris
281 957 370 1016 statim
379 959 482 1016 oriatur
495 956 520 1012 ei
534 954 575 1012 sol
591 953 715 1025 justitia.
1011 955 1140 1027 providos
1152 960 1258 1018 molitur
1278 964 1404 1021 obruere.
1419 948 1547 1032 Quamvis
1561 973 1590 1021 et
1602 964 1664 1038 quis
1674 971 1806 1039 temptu-

429 1063 513 1122 bu
537 1061 651 1120 cpppT
672 1060 724 1117 xl,
1012 1044 1101 1115 nidus,
1122 1054 1153 1105 ut
1180 1056 1308 1108 terrorem
1322 1052 1394 1109 illius
1408 1052 1494 1126 possit
1511 1052 1668 1111 sustinere?
1681 1055 1809 1111 Attamen

162 1159 202 1215 lie
219 1156 320 1230 lapidis
338 1154 521 1220 revolutione,
539 1151 709 1224 repeterem
727 1147 915 1222 apparitione,
932 1149 961 1203 et
1012 1134 1138 1204 velimus,
1153 1138 1280 1209 nolimus,
1295 1149 1367 1199 certe
1376 1141 1549 1199 sustinendus
1561 1149 1613 1210 est,
1627 1151 1705 1200 certe
1719 1149 1808 1199 trans·

272 1243 275 1249 ·
388 1225 495 1285 dirimi
513 1224 731 1282 resurrectione.
1014 1225 1153 1303 meandus.
1168 1228 1221 1285 Sed
1237 1228 1292 1287 noli
1315 1229 1436 1290 oblivisci
1450 1230 1561 1303 pallium
1585 1231 1667 1305 Elisa
1690 1225 1809 1305 alioquin

198 1319 243 1372 itt.
258 1317 323 1386 Quis
341 1316 463 1374 reuoluat
479 1314 557 1373 noim
573 1313 694 1385 lapidem
712 1309 746 1366 ab
769 1311 840 1367 catio
856 1320 961 1365 mono·
1015 1318 1120 1371 torrens
1131 1315 1178 1372 tibi
1189 1317 1247 1375 sino
1261 1318 1308 1376 iilo
1322 1335 1375 1376 uon
1396 1320 1537 1377 dividetur.
1554 1321 1622 1377 Sunt
1635 1329 1663 1377 et
1689 1321 1735 1377 alii
1752 1328 1809 1378 tor-

164 1404 381 1476 mentilfflorc.
393 1420 453 1474 ιιι,
466 1404 506 1476 3.)
515 1403 644 1461 Clausum
655 1408 707 1469 est,
716 1397 842 1469 Domine,
857 1395 958 1454 oenum
1014 1412 1105 1460 rentes
1119 1404 1275 1478 iniquitatis,
1290 1409 1401 1483 pelagus
1416 1419 1585 1481 peccatorum
1599 1424 1737 1476 meorum,
1763 1410 1810 1484 qui

164 1494 263 1550 mentis
279 1509 354 1561 meae,
369 1500 396 1550 et
410 1494 507 1566 premit
521 1490 685 1548 intellectum
694 1503 784 1545 meum
799 1486 869 1560 lapis
887 1499 961 1541 mor·
1008 1493 1178 1549 conturbant
1190 1510 1244 1568 me,
1260 1504 1340 1570 atque
1366 1499 1466 1554 utinam
1490 1497 1529 1555 sic
1552 1500 1759 1567 conturbarent,
1780 1506 1810 1555 ut

161 1582 282 1651 talitatis,
297 1591 484 1659 praegravatus
498 1581 619 1655 pondere
632 1578 782 1652 iniquitatis
804 1590 887 1646 meae3
908 1587 959 1631 uec
1014 1594 1077 1637 com
1095 1581 1190 1639 dolore
1202 1583 1345 1643 clamarem
1362 1603 1368 1642 :
1384 1590 1469 1645 Pater
1482 1588 1534 1653 mi,
1543 1593 1626 1661 pater
1639 1586 1693 1658 mi,
1704 1602 1809 1646 carm

156 1673 285 1729 humanae
299 1688 411 1743 prorsus
437 1671 528 1729 valent
551 1670 626 1725 illum
649 1681 778 1724 amovere
795 1666 879 1739 uires,
906 1663 959 1720 nisi
1014 1668 1100 1726 lsrael
1114 1675 1144 1728 ct
1156 1674 1331 1747 oaripoejtts
1354 1677 1403 1745 (ll'
1414 1679 1478 1750 llcp.
1494 1677 1536 1747 tr).
1553 1677 1723 1734 conturbant
1737 1670 1809 1733 enirn

162 1763 334 1835 omnipotens
349 1763 445 1818 διιιιο
464 1777 480 1816 ι
498 1758 636 1832 regalibus
661 1756 772 1814 sedibus
787 1755 884 1824 veniat,
899 1758 957 1811 An·
1013 1773 1056 1813 me
1083 1762 1216 1819 torrentm
1243 1763 1402 1837 iniquitatis,
1436 1764 1590 1821 auferentes
1619 1762 1685 1821 milri
1710 1764 1807 1821 lumen

163 1845 239 1921 g'eltts
252 1850 366 1917 consilii,
386 1849 432 1923 qui
456 1850 544 1905 diruat
572 1848 718 1906 maceriam
744 1845 955 1912 inimicitiarum,
1012 1845 1150 1904 oculorum
1169 1864 1303 1919 meorum,
1319 1861 1347 1908 ιι
1364 1868 1419 1910 ιιι
1431 1853 1531 1924 possim
1547 1852 1637 1909 ridere
1656 1851 1807 1924 piissimu-

162 1947 190 1995 ct
203 1938 308 2011 aperiat
330 1938 409 1997 nobis
423 1954 533 1995 sensum
547 1947 576 1995 ut
590 1937 772 2012 intelligamus
793 1934 957 2006 Scripturas,
977 1977 982 1991 .
1011 1931 1106 2003 liliam,
1121 1937 1228 2010 ιιιιιο
1245 1940 1345 1996 tollitur
1359 1957 1375 1996 a
1388 1957 1442 1997 me.
1458 1943 1488 1997 Si
1502 1942 1574 1998 euim
1590 1939 1727 2006 viderem,
1743 1954 1807 2013 prn-

162 2033 190 2084 et
199 2027 338 2084 videamus
350 2027 503 2084 linteamina
518 2027 609 2102 posita
627 2035 689 2085 ante
703 2042 763 2094 uns,
783 2022 957 2080 humanitatis
1011 2019 1084 2079 lecto
1094 2023 1195 2091 duplex
1209 2025 1287 2082 deret
1300 2027 1453 2099 inmanius
1467 2029 1591 2101 spiritus,-
1606 2035 1634 2087 et
1648 2029 1807 2098 clamarem,

163 2124 191 2173 at
205 2116 411 2174 moneodnni's
425 2125 479 2174 tuae
493 2118 636 2175 verissima
659 2114 819 2174 testimonia.
849 2115 878 2170 ln
892 2111 957 2186 qui·
1011 2111 1099 2166 Pater
1108 2111 1160 2181 mi,
1168 2117 1254 2186 poter
1262 2117 1313 2183 mi,
1324 2117 1479 2176 llicitlleur
1488 2121 1624 2192 spiritam
1639 2117 1710 2176 Filii
1721 2116 1807 2174 eoem

162 2206 213 2262 bus
225 2207 272 2279 qui
286 2213 313 2263 te
334 2206 478 2278 adjurante
492 2208 606 2263 scrutari
621 2215 647 2262 te
660 2205 788 2279 potuerit,
809 2208 958 2276 praegusta·
1011 2198 1095 2256 cordo
1107 2204 1216 2273 nostra,
1227 2204 1265 2258 ait
1278 2204 1434 2277 Apostolus,
1449 2208 1635 2276 clamantem,
1650 2206 1736 2273 Abla,
1751 2208 1805 2263 Po·

159 2294 203 2351 bit
217 2294 316 2368 aliquid
330 2295 366 2353 de
379 2296 465 2367 gloria
476 2295 692 2362 resurrectionis,
706 2309 786 2364 quarn
800 2290 957 2365 praeparasti
1014 2289 1058 2342 tce·
1075 2289 1180 2359 (Galat.
1195 2306 1233 2360 tv,
1254 2295 1293 2363 6).
1321 2293 1425 2363 Duplex
1452 2296 1564 2369 spiritus
1592 2295 1675 2368 duplo
1700 2294 1805 2366 clamat,

124 2444 128 2449 ,
159 2383 373 2456 diligentibustc
393 2401 401 2440 ε
425 2385 505 2456 cujus
517 2384 650 2458 primitias
667 2384 696 2439 in
715 2382 777 2440 sinu
801 2391 848 2439 tun
867 2379 957 2438 colle·
1011 2377 1159 2447 Patcrmi,
1172 2384 1257 2454 poter
1274 2384 1325 2440 mi.
1340 2383 1420 2440 Pater
1433 2383 1470 2439 mi
1484 2391 1598 2454 creator,
1629 2383 1757 2454 pataron
1771 2397 1807 2439 rc·

164 2472 303 2546 pisti‚jam
318 2473 436 2531 oiierens
449 2488 509 2531 eam
537 2489 646 2544 semper
667 2473 694 2528 iu
708 2479 856 2545 conspectu
870 2468 958 2526 Putris
1011 2463 1150 2532 formator,
1179 2477 1257 2541 pater
1269 2471 1317 2539 mi,
1350 2482 1427 2544 pater
1445 2473 1491 2530 mi.
1520 2472 1544 2531 0
1568 2488 1620 2531 uox
1639 2468 1804 2530 animumn!

163 2561 214 2634 tui,
230 2568 315 2618 tostas
329 2563 392 2634 igne
414 2562 531 2635 Spiritus
552 2565 649 2619 sarrcti.
665 2563 700 2618 Et
713 2561 758 2618 illo
781 2560 891 2633 quidem
907 2572 958 2613 an·
1013 2553 1114 2611 Currus
1127 2558 1208 2615 lsrael
1223 2569 1251 2617 et
1264 2561 1358 2637 auriga
1371 2563 1441 2634 ejus,
1457 2560 1549 2634 portas
1561 2569 1589 2619 et
1611 2561 1697 2637 regis,
1723 2558 1806 2617 susd-

163 2649 241 2723 gelus
254 2650 321 2707 tanti
336 2651 426 2724 gaudii
439 2652 617 2723 praenuntius,
633 2650 680 2724 qni
695 2649 806 2707 revulsit
829 2645 956 2720 lapidem,
1012 2658 1061 2698 nas
1071 2653 1098 2702 et
1105 2647 1252 2719 gubernas.
1267 2649 1378 2719 Quem?
1393 2649 1476 2708 lsrael
1492 2651 1645 2708 credentem
1660 2648 1690 2706 in
1703 2657 1743 2716 te,
1757 2649 1807 2706 ιι·

163 2745 192 2793 et
204 2739 301 2808 impias
316 2749 418 2796 mentm
431 2740 583 2812 perterruit,
604 2739 664 2813 pias
685 2741 776 2794 autem
792 2735 888 2793 blande
915 2734 957 2791 le·
1012 2733 1161 2805 spirantem
1174 2739 1207 2794 ad
1231 2747 1268 2795 te.
1282 2740 1352 2797 Ecce
1371 2741 1495 2799 sublatus
1519 2756 1560 2812 es,
1576 2738 1694 2812 amplius
1709 2747 1738 2796 te
1753 2750 1806 2793 non

164 2826 244 2884 niens
258 2828 353 2885 timere
369 2829 523 2902 prohibuit;
539 2829 595 2900 ilie,
611 2829 733 2900 inquam,
761 2825 875 2899 angelus
902 2838 958 2880 non
1012 2821 1098 2881 5Ιῦ
1111 2826 1214 2885 videbit
1228 2836 1289 2886 tuus
1307 2829 1428 2888 Elisaeus.
1445 2828 1584 2888 liemausit
1597 2837 1688 2886 nmen
1706 2827 1734 2885 ei
1750 2826 1806 2900 psl·

164 2925 267 2974 tanturn
280 2919 375 2986 uerbo,
395 2919 442 2973 sed
458 2920 542 2986 uultu,
562 2916 666 2982 habitu,
683 2916 725 2973 vel
736 2923 798 2972 actu
811 2915 897 2970 beata
910 2929 958 2970 re·
972 2867 996 2950 ⁰
1012 2910 1079 2968 lium
1094 2921 1171 2971 tuum
1184 2914 1212 2971 in
1234 2919 1392 2975 memoriam
1407 2919 1454 2986 tui,
1467 2925 1498 2975 ut
1514 2918 1657 2992 praeseatia
1678 2916 1806 2974 ιιιιιιῐι

159 3007 324 3066 surrectioni
351 3006 534 3064 testimonium
562 3004 707 3079 perbibuit.
736 3002 860 3060 Resolvit
886 3003 957 3059 enim
1012 3007 1066 3057 ιιι
1075 3002 1202 3061 dolorem
1220 3006 1280 3076 ejns
1294 3023 1401 3081 semper
1422 3016 1450 3066 et
1476 3006 1599 3081 augendo
1613 3006 1705 3075 leniat,
1719 3012 1748 3063 et
1773 3005 1809 3064 lc·

161 3097 290 3170 iapidem‚
310 3103 338 3152 et
351 3112 433 3169 snper
445 3111 507 3153 enm
519 3095 599 3161 sedit,
621 3095 747 3167 lapidem,
776 3091 896 3167 iuquam,
911 3090 958 3163 qni
1011 3088 1111 3147 nieudo
1126 3092 1233 3167 augeat.

163 3187 241 3244 ctiam
265 3200 338 3243 nunc
351 3184 493 3243 advolutus
506 3194 548 3244 est
570 3201 653 3257 super
667 3200 727 3251 uos,
747 3190 775 3243 et
795 3181 889 3240 taciem
904 3193 958 3235 no·
1048 3181 1293 3255 saboranense,
1309 3183 1354 3252 ait,
1365 3185 1396 3242 ia
1410 3185 1809 3246 mecmeommemcrcttoaea

164 3285 246 3333 stram
266 3275 407 3350 deprimit.
435 3275 513 3346 Quod
541 3274 568 3331 iu
591 3275 677 3347 prima
699 3287 810 3347 quoque
837 3284 959 3328 resurre-
1011 3270 1090 3340 (ιιι.
1105 3287 1179 3340 xxm,
1197 3276 1252 3346 ts).
1267 3273 1324 3330 lloc
1338 3284 1379 3331 est
1400 3273 1601 3334 Sacramentum
1615 3273 1740 3346 corporis
1757 3270 1808 3340 tm',

158 3366 253 3424 ctione
267 3382 329 3438 ιιι
337 3374 379 3424 est
391 3366 498 3435 anima,
520 3380 573 3422 nnu
583 3373 625 3422 est
638 3364 751 3421 dubium
766 3361 835 3431 lieri,
850 3368 881 3417 ut
891 3375 958 3432 pro·
1012 3360 1084 3432 quod
1099 3361 1233 3427 sumimus
1245 3362 1273 3419 in
1287 3364 1326 3418 tui
1336 3365 1632 3431 commemorationem,
1652 3365 1742 3422 donec
1755 3377 1808 3420 ne·

164 3457 283 3514 mentem
297 3473 328 3514 so
342 3456 525 3530 corruptionis
537 3455 670 3514 sarcinam
683 3470 761 3513 versa
775 3455 834 3511 vice
847 3451 960 3522 spiritus
1013 3449 1083 3507 nias.
1099 3451 1211 3508 Polliam
1225 3453 1303 3510 tuum
1318 3460 1360 3509 est
1373 3470 1435 3511 carn
1449 3462 1506 3525 tua,
1520 3470 1574 3529 qua
1587 3446 1746 3512 uestitusad
1760 3466 1810 3509 uns

164 3545 302 3618 subjiciat,
317 3561 349 3604 ac
361 3546 435 3605 velut
455 3547 539 3618 judex
557 3553 584 3602 et
603 3545 730 3603 dominus
756 3542 895 3601 inferioris
918 3541 959 3599 sui
1014 3541 1178 3614 processisti,
1195 3549 1222 3599 et
1236 3542 1335 3599 latuisti
1345 3543 1454 3623 quidem
1468 3543 1595 3616 perildns,
1611 3538 1660 3601 sed
1684 3541 1811 3600 ddclibus

162 3635 284 3707 regimen
296 3635 420 3707 accipiat.
861 3637 863 3640 ⁴
1013 3631 1066 3688 tuis
1079 3638 1106 3686 te
1119 3633 1208 3703 ipsum
1222 3631 1374 3704 ostendisti,
1391 3634 1461 3689 siout
1484 3642 1512 3690 et
1531 3648 1618 3704 usqne
1643 3631 1735 3689 lrndic.
1751 3631 1808 3689 Sub

199 3725 245 3778 il.
262 3722 333 3793 Quid
348 3734 436 3780 autem
450 3725 501 3795 per
515 3723 661 3778 eandorem
681 3722 760 3793 uinis,
783 3723 960 3781 vestimento·
1013 3720 1065 3776 boc
1079 3719 1160 3792 pallio
1172 3721 1327 3779 abscondita
1349 3728 1395 3778 'est
1412 3722 1529 3779 maxima
1549 3721 1679 3779 tortitudo
1707 3728 1764 3792 tua,
1793 3734 1809 3777 o

164 3828 224 3870 rum
234 3811 362 3884 speciem,
377 3812 429 3869 uisi
444 3810 567 3884 corporis
589 3811 676 3868 nostri
701 3811 798 3884 frigida
826 3820 853 3868 et
875 3827 958 3867 mun·
1013 3806 1160 3864 fortissime
1169 3809 1292 3877 Samson,
1303 3825 1384 3883 quam
1399 3811 1477 3868 etiam
1491 3810 1597 3870 dilecta
1609 3826 1663 3867 uon
1683 3809 1810 3885 diligenti

164 3902 276 3958 dissime
289 3903 410 3967 castitas,
424 3916 486 3974 quae
500 3899 646 3972 presidenti
662 3903 688 3956 in
711 3917 740 3958 so
754 3902 881 3975 angelicas
900 3901 958 3958 cla·
1014 3907 1040 3956 te
1051 3896 1084 3953 ad
1101 3897 1224 3955 ultimum
1239 3913 1293 3954 nnn
1304 3899 1405 3970 celasti,
1431 3907 1461 3958 ut
1475 3899 1609 3957 inimicam
1636 3908 1761 3956 rcrtmcs
1782 3897 1810 3954 in

60 3996 63 4001 '
164 3991 237 4047 ritati
251 3998 279 4048 et
294 3990 476 4047 testimonium
492 3989 605 4061 praebet,
621 3999 650 4047 et
663 3989 844 4061 obsequium?
862 3990 957 4047 'Porro
1013 3987 1139 4045 amicam.
1150 3988 1180 4043 ln
1194 3996 1298 4045 tantum
1318 3989 1415 4045 amasti
1435 3987 1573 4046 mulierem
1600 4002 1653 4044 nou
1678 3995 1811 4045 amantem

165 4086 292 4151 aspectus
311 4081 372 4151 ejus
386 4079 507 4143 interior,
522 4078 570 4134 ubi
590 4078 724 4153 signatum
739 4088 782 4135 est
795 4078 888 4137 lumen
902 4079 961 4137 val·
1015 4085 1052 4147 te,
1066 4077 1116 4134 sed
1131 4087 1336 4150 persequentem
1350 4086 1385 4148 te,
1401 4085 1430 4134 ιι
1442 4088 1552 4150 propter
1565 4092 1685 4134 amorem
1696 4077 1760 4148 ejus
1767 4090 1811 4133 ss·

164 4174 209 4226 tus
224 4168 408 4240 tullinmiue,
437 4168 507 4225 sicut
528 4165 630 4243 fulgur,
652 4177 679 4227 et
702 4168 831 4227 terribilis
856 4181 908 4236 est,
932 4148 999 4228 eall
1016 4164 1117 4239 pientia
1132 4175 1176 4224 tua
1196 4168 1378 4234 stultesceret,
1407 4169 1435 4225 et
1467 4166 1597 4225 fortitudo
1619 4165 1810 4250 infirmaretur.

164 4258 270 4317 lucidus
286 4275 293 4315 ε
310 4259 447 4326 terribilis,
463 4258 628 4317 utinirnicos
646 4260 743 4317 animae
766 4259 870 4318 scindat
897 4276 959 4316 me·
1015 4256 1067 4314 Sed
1096 4256 1168 4330 quod
1196 4255 1305 4312 stultum
1331 4263 1372 4312 est
1398 4254 1459 4324 Del,
1476 4255 1624 4328 sapientius
1647 4253 1749 4314 iactum
1771 4261 1812 4312 est

163 4348 564 4420 diosetperterrea231ucidos
583 4356 684 4422 autem,
705 4359 736 4408 ut
753 4350 802 4407 tibi
824 4328 891 4408 uero
920 4353 959 4408 lu·
1015 4345 1180 4413 bominibus,
1194 4352 1222 4403 et
1242 4345 1313 4418 quod
1334 4345 1473 4402 infirmum
1498 4344 1559 4412 Dei,
1583 4343 1680 4402 iontius
1697 4343 1813 4424 bomini·-

164 4440 229 4497 mini
240 4455 300 4496 oum
311 4439 414 4512 justitia
430 4455 539 4512 semper
561 4447 700 4514 appareat.
714 4440 787 4499 'l'alis
801 4448 860 4497 erat
874 4440 957 4498 iacies
1015 4436 1068 4493 bus
1083 4452 1090 4492 ε
1104 4435 1230 4508 qnoniam
1242 4434 1392 4493 voluntarie
1406 4439 1432 4490 te
1446 4434 1534 4505 ipsum
1545 4433 1629 4502 Patri,
1644 4432 1812 4505 sacrificam,

162 4529 249 4601 bioysi
259 4544 291 4584 ea
305 4528 442 4586 consortio
462 4527 594 4586 sermonis
607 4529 657 4597 tui,
676 4528 703 4585 id
719 4537 769 4598 est,
785 4538 813 4585 ct
825 4529 960 4588 luminosa
1013 4533 1040 4582 et
1052 4540 1084 4582 ex
1100 4528 1244 4596 postestate
1258 4531 1303 4580 tua
1330 4523 1461 4593 moriens,
1482 4523 1644 4580 concussisti
1671 4523 1812 4597 principis

162 4626 189 4675 et
208 4616 347 4688 terribilis,
363 4617 424 4690 quia
437 4621 550 4674 cornuta
564 4624 623 4675 erat
640 4616 675 4674 ad
699 4617 882 4675 ventilandum
908 4618 961 4676 iui-
1014 4614 1186 4671 tenebrarum
1204 4621 1252 4680 ,et
1267 4628 1378 4686 regnum
1388 4628 1482 4670 eorum
1493 4610 1630 4683 attrivisti,
1644 4621 1672 4669 ot
1685 4612 1813 4683 ianuffnsl

163 4705 258 4771 minos,
282 4713 309 4761 et
334 4706 422 4763 relata
446 4706 601 4779 splendore,
636 4721 715 4780 ιιιιι
741 4709 862 4765 carnales
888 4709 960 4767 oculi
1014 4702 1250 4763 cruatualudteis
1264 4702 1374 4774 quidem
1389 4700 1555 4772 scandalum,
1570 4698 1708 4759 Gentibus
1721 4712 1812 4760 auten

49 4782 60 4799 ⁸
163 4795 233 4853 rome
255 4810 308 4850 non
329 4803 462 4869 poterant.
484 4796 517 4852 lit
538 4812 620 4869 nuno,
650 4796 773 4864 Domine,
803 4798 904 4855 scimus
931 4801 961 4857 ot
1014 4792 1134 4859 stultitia,
1149 4791 1192 4848 lris
1207 4807 1271 4849 vero
1285 4791 1331 4864 qui
1346 4791 1470 4860 credunt,
1486 4791 1536 4848 liei
1551 4791 1636 4849 uirtus
1649 4797 1679 4848 ct
1698 4784 1751 4849 bei
1764 4800 1811 4851 n·

161 4882 324 4956 gaudemus,
357 4884 420 4956 quia
451 4884 622 4941 resurrexisti
643 4901 707 4943 vere
740 4899 757 4941 a
782 4887 905 4955 mortuis,
933 4894 961 4945 ct
1013 4881 1114 4955 pientia
1127 4880 1153 4953 (l
1162 4882 1223 4939 Gor·
1235 4896 1256 4945 ι,
1269 4882 1375 4951 23³5)-

160 4973 243 5048 longe
270 4972 373 5030 diuisus
395 4990 426 5030 es
447 4989 462 5028 a
485 4973 566 5031 nobis
583 4974 671 5031 adbuc
699 4974 867 5047 mortalibus,
896 4975 959 5050 quia
1316 4971 1431 5029 CAPUT
1447 4970 1510 5028 Xll.

62 5098 69 5110 ·
160 5063 306 5121 ascendisti
334 5078 414 5134 super
449 5078 535 5138 equos
567 5071 628 5122 tuos
662 5064 768 5140 igneos,
792 5072 820 5123 et
846 5078 956 5124 currum
1011 5064 1049 5120 Dc
1071 5054 1178 5119 Christi
1200 5056 1382 5134 apparitione
1398 5063 1481 5134 sacto
1503 5058 1650 5135 discipulis
1673 5059 1810 5119 cantilat

158 5153 279 5228 igneum,
296 5152 342 5227 qui
360 5152 455 5210 decem
469 5152 589 5210 millibus
603 5152 743 5225 multiplex
761 5159 804 5209 est
818 5170 826 5209 ι
841 5161 956 5211 'rernm-
1335 5152 1480 5208 Emmaus.

159 5248 247 5299 tamen
261 5243 356 5301 cecidit
380 5241 460 5299 nobis
474 5258 490 5297 a
504 5251 540 5310 te,
552 5252 579 5300 et
594 5242 664 5316 apud
683 5256 735 5298 uns
762 5257 849 5315 osque
875 5243 955 5300 bodie
1045 5242 1090 5298 ιι.
1112 5236 1239 5307 Quandiu
1255 5240 1352 5297 snmus
1370 5240 1397 5295 in
1425 5241 1477 5296 boc
1503 5253 1628 5312 corpore,
1649 5238 1811 5313 peregrina*-

87 5390 91 5399 ,
159 5331 286 5391 remansit
299 5333 411 5405 pallium
435 5341 596 5407 tuumque
623 5339 687 5390 snut
710 5331 866 5389 linteamina
893 5346 956 5390 cor·
1009 5342 1070 5387 mur
1078 5329 1128 5387 abs
1142 5338 1180 5397 te,
1194 5328 1319 5386 Domine.
1332 5328 1463 5385 ambulas
1476 5327 1585 5402 quidem
1602 5331 1670 5386 ‘cum
1690 5324 1736 5386 ιιι
1762 5329 1810 5402 qni

158 5419 232 5493 poris
245 5421 407 5495 tui,quibus
424 5424 615 5495 potentioetoae
634 5420 896 5498 opemexperiamr'rr
927 5424 954 5479 in
1009 5416 1125 5494 diligunt
1145 5425 1183 5490 ιι,
1200 5417 1387 5492 etlnqunntnr
1407 5416 1686 5490 et'tristsntnr·'supor
1699 5424 1748 5484 tat
1761 5417 1810 5476 scd

156 5508 279 5582 tctnp‘orc
290 5517 456 5584 opportuno,
468 5516 498 5567 nt
509 5508 623 5583 spiritns
642 5518 704 5568 tuus
717 5507 829 5585 'dumea
845 5508 899 5570 {nat
926 5509 955 5568 in
1009 5503 1099 5605 tanati
1117 5504 1260 5583 pomam
1284 5505 1326 5566 ιιι
1346 5505 1503 5582 incitatus,
1527 5503 1555 5567 ιι
1581 5502 1811 5579 causamn
