3706 5962
154 200 206 261 103
798 182 997 246 clamaturi
1013 184 1152 246 neutris
1746 183 1798 248 104

152 324 268 388 videtur,
283 325 313 376 ut
330 315 393 374 filie
406 315 471 374 Sion
489 313 667 389 egrediantur
684 311 720 369 de
735 325 778 378 es,
795 309 945 383 praesertim
962 339 985 420 Ι
1001 309 1080 376 Dina,
1097 325 1152 368 non
1166 309 1273 380 educte
1287 318 1315 368 et
1328 323 1443 384 egressa
1457 315 1570 366 estnon
1588 315 1618 364 nt
1631 321 1724 382 regem
1744 307 1798 365 Sa·

153 411 188 468 ad
203 407 347 468 videndum
366 406 465 477 ipsum,
487 401 708 475 quushabitatio
723 400 751 456 in
765 399 841 466 Sion,
858 406 886 454 ει
899 398 946 470 qui
1000 399 1148 465 lomonem,
1172 399 1222 456 sed
1245 406 1275 456 ut
1302 399 1430 455 mulieres
1452 397 1559 454 videret
1581 396 1703 471 regionis
1725 397 1798 454 iilius

152 509 232 556 natus
242 509 284 554 est
294 497 364 566 inea
377 495 465 567 (Psoi.
477 508 596 560 nxxxvr,
609 495 635 559 b,
647 489 804 561 libamini
812 486 946 543 disertum
1000 488 1080 560 (den.
1096 503 1202 560 xxxiv,
1230 489 1267 561 1).
1292 488 1363 559 Quid
1386 487 1529 554 invenerit,
1554 502 1604 542 vos
1627 487 1723 558 nostis,
1744 487 1799 543 Vos

154 596 182 645 et
194 586 328 647 eruditum
343 583 487 656 quomdam
500 583 599 646 virum,
616 596 677 636 cum
691 594 773 649 super
788 577 840 634 hoc
852 576 946 647 dispu·
1000 576 1095 649 egredi
1119 577 1214 644 nolite,
1238 577 1291 632 nisi
1320 576 1429 649 mando
1460 592 1510 632 vos
1533 582 1582 631 aut
1608 591 1737 646 sponsus,
1752 582 1800 630 aut

153 685 224 734 taret
236 675 307 739 loco,
323 672 425 728 dixisse
441 689 448 729 :
468 692 480 723 ι
496 670 565 726 Male
578 669 674 726 locatae
688 667 815 724 videntur
828 682 889 738 quar
903 667 947 734 ju·
1000 665 1092 736 sponsi
1107 666 1220 722 invitent
1244 665 1360 723 sodales.
1376 667 1514 740 Egressus
1538 672 1579 721 est
1603 665 1720 719 Lerarus
1734 680 1798 720 cnm

156 785 169 818 r
193 765 293 820 bantur
315 760 420 834 egredi.
451 782 465 809 ι
487 758 558 815 Satis
581 756 724 814 commode
747 771 798 826 pro
821 762 946 824 ternpore
999 753 1075 810 ilium
1090 755 1221 812 Dominus
1235 765 1364 813 evocaret
1374 757 1409 812 ad
1424 757 1506 813 vitam
1522 757 1613 826 (loon.
1630 771 1671 822 ει,
1683 757 1727 822 id,
1739 755 1797 826 ιι).

154 854 230 920 dixit,
257 852 291 907 ad
315 850 479 906 audientium
503 848 576 922 quod
602 852 781 919 proposuerat
803 843 946 898 utilitatem
999 843 1135 914 Egressus
1156 853 1200 898 est
1226 843 1285 900 Noe
1304 843 1340 900 de
1368 860 1402 900 ea
1425 852 1493 916 qne·
1513 843 1601 914 ipsum
1624 843 1696 899 inter
1717 844 1799 913 bujus

154 942 327 999 defflectens.
343 938 408 995 llibi
423 946 514 994 tamen
529 937 609 992 nimis
619 937 690 992 bene
703 934 800 990 locatae
808 932 944 997 videntur,
1000 930 1094 985 mundi
1108 930 1205 987 tinctus
1218 931 1332 987 illesum
1346 947 1409 988 arca
1432 932 1584 996 conclusit;
1605 932 1655 988 sed
1670 948 1798 1004 egressus

154 1030 189 1087 ad
203 1045 271 1104 quas
298 1027 439 1099 presentis
464 1026 541 1083 verbi
564 1027 688 1080 hortatus
710 1020 869 1077 intenditur.
894 1016 946 1073 Ubi
1000 1026 1042 1075 est
1056 1035 1117 1075 cnm
1134 1020 1160 1076 ci
1178 1020 1289 1076 reclusit
1311 1022 1380 1076 ostia
1403 1021 1535 1077 Dominus
1557 1022 1638 1092 (den.
1663 1036 1721 1088 ιιιιι,
1740 1021 1796 1093 ti).

155 1122 276 1196 queris?
287 1121 317 1175 ln
331 1117 506 1176 reclinatorio
521 1132 615 1181 aureo,
626 1116 660 1170 de
669 1130 723 1187 quo
738 1110 878 1184 praecessit
891 1125 947 1165 εει·-
999 1107 1135 1178 Egressus
1149 1116 1192 1164 est
1206 1109 1343 1165 Abraham
1358 1108 1393 1164 de
1408 1116 1481 1164 terra
1492 1124 1550 1175 sna,
1568 1117 1597 1163 ut
1610 1108 1799 1181 repromissio·

155 1227 199 1268 mo
214 1212 369 1266 hesternus.
384 1205 560 1264 Delectabilis
581 1204 627 1259 ille
642 1203 718 1259 locus
732 1208 783 1266 est,
794 1207 822 1255 et
837 1197 946 1254 uberior
999 1196 1043 1250 nis
1057 1204 1158 1251 terram
1172 1196 1294 1261 videret;
1311 1197 1359 1252 sed
1372 1206 1485 1252 vocatus
1499 1197 1640 1270 egreditur
1650 1198 1730 1266 (Gen.
1742 1211 1795 1265 xrs,

155 1300 190 1355 ad
209 1299 340 1363 letitiam,
366 1312 447 1371 quam
468 1297 586 1351 bumana
606 1300 687 1366 queat
707 1289 815 1346 allectio
835 1303 944 1359 cepere.
1002 1282 1039 1355 i).
1057 1285 1092 1339 Et
1109 1301 1158 1340 vos
1182 1284 1355 1355 egredimini,
1372 1284 1434 1340 srliae
1448 1285 1524 1352 Sion,
1546 1285 1667 1342 invitatae
1682 1285 1717 1340 ad
1732 1282 1801 1339 lcti-

155 1384 349 1446 delectationis
371 1386 498 1442 nimietas
512 1401 542 1440 se
566 1384 654 1455 ipsam
669 1380 801 1444 exhaurit,
817 1384 845 1433 et
863 1376 947 1432 ebibit
1001 1371 1083 1428 cioris
1098 1373 1211 1447 gratiam
1226 1373 1347 1430 visionis.
1363 1374 1513 1430 Conclusus
1535 1382 1587 1443 cst,
1603 1380 1633 1428 et
1654 1373 1799 1429 conclusus

155 1477 274 1532 animum
290 1476 413 1547 voluptas
435 1472 586 1530 exundans.
603 1469 713 1525 Vicibus
735 1468 882 1523 alternatur
896 1466 948 1522 boc
1001 1459 1109 1528 misere,
1126 1462 1172 1533 qui
1187 1463 1295 1517 beatam
1309 1461 1343 1516 ad
1354 1463 1423 1519 bano
1438 1461 1570 1519 visionem
1585 1460 1680 1536 egredi
1695 1475 1747 1516 nec
1757 1459 1800 1514 ni·

155 1565 293 1640 gaudium,
319 1578 370 1618 nec
388 1569 476 1634 potest
491 1575 553 1616 esse
576 1558 743 1623 oonbnuum,
764 1556 836 1629 quod
849 1563 891 1610 est
904 1554 947 1609 ni·
1002 1549 1077 1616 titur,
1087 1566 1137 1606 nec
1151 1558 1283 1608 meretur.
1299 1551 1412 1608 Servilis
1426 1550 1575 1619 conclusio,
1590 1549 1714 1622 egressio
1728 1550 1797 1604 libe·

154 1653 249 1709 mium.
260 1653 343 1708 Bonae
356 1658 446 1705 umen
455 1648 540 1715 vices,
556 1646 603 1701 ubi
617 1661 672 1700 non
682 1645 832 1700 disceditur
842 1660 857 1698 a
868 1658 949 1714 spon·
964 1677 987 1756 n
1002 1655 1043 1696 ra.
1060 1639 1183 1711 Denique
1198 1656 1262 1696 eum
1275 1642 1377 1711 fueris,
1389 1640 1486 1712 inquit,
1498 1655 1645 1697 conversus
1658 1637 1695 1694 od
1705 1637 1800 1693 Domi·

155 1758 197 1798 so.
212 1741 272 1796 Non
287 1738 402 1794 daturin
416 1751 499 1793 earne
513 1733 693 1792 commoranti
708 1732 862 1789 hereditate
880 1748 948 1802 pos·
1002 1727 1801 1802 num,aufereturvelamemrelamenignorantiaeetigno-

156 1831 248 1885 sidere
263 1826 464 1884 reclinatorium
488 1839 611 1881 aureum.
628 1822 690 1877 ideo
711 1823 840 1893 jubentur
854 1820 948 1892 egredi
1003 1817 1134 1873 bilitntis:
1158 1819 1293 1874 Dominus
1314 1818 1387 1873 eninr
1401 1819 1521 1890 spiritus
1537 1821 1589 1874 est.
1616 1817 1664 1874 Dii
1677 1815 1799 1890 spiritus

156 1917 219 1973 filie
235 1917 310 1982 Sion,
327 1914 519 1987 sedquomodo
528 1912 551 1968 si
566 1911 650 1968 dicat.
661 1912 703 1966 Ne
713 1910 822 1983 longius
832 1909 946 1965 abeatis.
1002 1908 1126 1976 Domini,
1136 1907 1175 1962 ibi
1190 1906 1375 1965 libertarent
1393 1909 1481 1976 major
1495 1905 1661 1963 abundantia
1675 1904 1797 1976 spiritns,

193 2011 219 2064 2.
232 2004 416 2078 Egredimini,
427 2001 523 2075 inquit,
534 2006 562 2058 et
572 2002 663 2058 uidete
673 2015 763 2072 regem
774 1999 949 2056 Salomonem
1003 1994 1040 2050 ibi
1055 1995 1169 2051 libertas
1184 1996 1305 2051 uberior.
1320 1994 1391 2064 Quid
1414 1994 1583 2051 concluditur
1597 2002 1624 2050 et
1641 1992 1798 2059 involvitur,

156 2096 192 2151 in
206 2094 364 2151 diademate
378 2107 432 2166 quo
455 2089 601 2148 coronarit
624 2105 688 2144 eum
702 2094 797 2144 mater
810 2103 871 2144 sua.
887 2087 948 2141 Non
1004 2092 1113 2140 ιειιιιειιι
1127 2086 1209 2140 babet
1224 2083 1375 2154 respirandi
1385 2082 1550 2140 libertatem.

156 2183 214 2240 vult
227 2197 306 2239 ensa
323 2181 428 2237 Christo
451 2179 604 2243 discedere,
629 2177 685 2232 sive
700 2184 790 2232 mente
806 2175 948 2242 excedant,
1040 2176 1066 2231 l.
1082 2173 1249 2248 Egredimini
1264 2188 1341 2246 ergo,
1358 2172 1420 2228 filie
1435 2173 1511 2242 Sion,
1528 2179 1557 2227 ut
1580 2187 1642 2227 cnm
1655 2170 1739 2226 Paulo
1753 2170 1800 2225 di·

158 2271 216 2327 sive
239 2269 339 2326 sobriae
357 2268 431 2326 fiant.
454 2270 529 2324 Bona
546 2266 678 2323 sobrietas
692 2265 852 2337 simplicitas
873 2261 948 2332 fidei,
1004 2276 1069 2318 cere
1083 2263 1268 2334 possitistil'os
1283 2268 1380 2320 autem
1396 2263 1518 2318 revelata
1531 2261 1606 2332 facie
1619 2262 1738 2332 gloriam
1750 2261 1801 2316 Dei

158 2376 239 2432 quarn
254 2359 416 2416 intuentium
425 2358 511 2430 possit
525 2365 651 2430 aspectus
661 2357 740 2423 serre,
755 2359 784 2412 et
797 2371 851 2428 qua
864 2355 950 2425 possit
1004 2352 1189 2423 speculantes,
1205 2355 1235 2408 in
1249 2351 1376 2408 eamdem
1391 2353 1542 2424 imaginem
1559 2354 1801 2422 transformamur

158 2448 256 2505 foveri.
270 2448 344 2504 Felix
353 2447 399 2520 qui
410 2445 556 2519 hocgradu
566 2460 627 2502 cum
638 2444 788 2512 descendit,
800 2443 947 2515 excipitur,
1006 2442 1044 2511 (ll
1062 2442 1123 2498 Cor.
1154 2454 1195 2510 ru,
1224 2440 1267 2512 16,
1294 2441 1348 2505 ta).
1374 2440 1447 2496 visio
1466 2438 1526 2506 Dei,
1550 2438 1666 2511 quodam
1681 2445 1724 2492 est
1738 2452 1800 2493 oum

158 2545 186 2594 et
208 2553 270 2594 cum
293 2535 425 2601 ascendit,
447 2533 552 2605 incipit.
576 2532 795 2590 ascendentibus
818 2532 890 2586 enim
906 2531 949 2588 bic
1004 2521 1104 2584 atiectu
1119 2543 1230 2600 semper
1241 2526 1409 2598 accipienda.
1421 2526 1454 2581 Et
1467 2541 1530 2581 rere
1546 2524 1642 2581 efficax
1651 2532 1694 2580 est
1704 2532 1732 2579 et
1747 2524 1802 2580 rio-

158 2624 351 2699 speculationis
363 2624 439 2679 locus
449 2623 554 2693 primus
565 2621 694 2678 occurrit.
710 2623 784 2676 Bona
798 2620 870 2674 enim
885 2637 949 2691 spe-
1003 2617 1077 2673 lenta
1091 2617 1158 2674 visio
1174 2626 1229 2681 tua,
1245 2618 1316 2673 bone
1325 2617 1399 2681 lesu,
1416 2632 1477 2687 que
1490 2614 1652 2671 intuentium
1665 2614 1694 2668 in
1708 2629 1738 2668 se
1753 2629 1802 2668 ra-

158 2712 302 2770 culationis
325 2710 462 2767 emulatio
488 2725 495 2762 r
520 2708 568 2763 sed
586 2707 700 2764 scientia
718 2707 873 2763 necessaria
897 2716 951 2766 est.-
1004 2707 1044 2778 pit
1058 2705 1183 2762 allectus.
1208 2705 1307 2762 Nonne
1330 2705 1438 2760 dulcem
1457 2704 1602 2777 quemdam
1616 2701 1746 2758 desiderii
1760 2701 1802 2757 sui

158 2798 369 2857 Declinatorinm
387 2797 423 2853 ad
445 2797 511 2852 illud
525 2812 637 2852 aureum
660 2795 834 2852 succenderis
848 2803 876 2851 ct
891 2811 952 2852 suc·
1005 2809 1102 2866 passus
1116 2801 1158 2849 est
1172 2792 1327 2849 violentiam
1342 2795 1459 2864 Moyses,
1470 2799 1501 2846 ut
1515 2791 1644 2847 transiret
1656 2797 1685 2845 et
1697 2789 1804 2846 videret

159 2883 288 2958 cingeris,
309 2882 397 2938 locum
420 2897 484 2939 rere
507 2880 725 2953 speculatorium.
749 2880 872 2936 Studium
887 2897 950 2952 pro·
1004 2883 1135 2939 visionem
1146 2881 1220 2936 illam
1233 2880 1387 2955 magnam‘l
1401 2880 1504 2953 (Eeod.
1515 2895 1557 2946 ur,
1571 2880 1610 2952 3.)
1622 2879 1668 2934 Vis
1678 2878 1803 2949 accipere

159 2974 206 3040 bo,
221 2972 271 3029 sed
285 2978 410 3043 exspecta
425 2979 454 3026 ut
468 2984 628 3041 componam
646 2969 693 3025 tibi
707 2985 835 3042 gressum
846 2979 873 3025 et
886 2986 950 3045 gra·
1005 2988 1088 3045 quam
1100 2971 1259 3029 siteuimxt
1273 2974 1341 3030 Cam
1356 2971 1502 3030 exaltatus
1514 2974 1594 3041 suero
1609 2985 1627 3024 n
1643 2973 1731 3034 terra,
1746 2984 1804 3024 ona-

159 3062 224 3117 dum
238 3076 349 3133 ponam.
368 3057 483 3131 Speculo
497 3066 549 3129 est,
565 3068 593 3114 et
615 3058 724 3131 specula
737 3075 801 3115 vere
816 3059 949 3128 sublimis,
1004 3065 1055 3119 nia
1070 3062 1183 3119 trabum
1193 3060 1281 3117 adme
1292 3062 1385 3133 ipsum
1400 3059 1493 3133 (loon.
1509 3075 1560 3125 xrr,
1577 3058 1634 3130 32).
1649 3056 1720 3126 Quid
1735 3069 1803 3113 vero

159 3149 268 3223 specula
281 3149 371 3206 omnis
381 3156 499 3205 terrene
516 3147 693 3204 exhalationis
706 3163 884 3220 supergressa
897 3165 950 3205 ne·
1004 3168 1067 3209 cum
1081 3150 1239 3206 humiliatus
1261 3151 1344 3206 tueris
1362 3150 1397 3205 ad
1420 3149 1548 3205 terram?
1567 3163 1659 3203 nonne
1680 3145 1803 3203 omnium

159 3239 248 3296 badas.
266 3241 421 3294 inassuetus
444 3236 509 3310 quid
522 3235 587 3293 iiiuc
600 3237 697 3292 saltum
712 3238 812 3308 paras?
826 3238 952 3294 Manibus
1003 3241 1039 3296 ad
1053 3248 1080 3296 ιε
1093 3239 1179 3295 trahis
1194 3238 1322 3295 animos?
1336 3239 1404 3312 Ego,
1421 3237 1578 3303 bonelesn,
1595 3233 1803 3292 resurrectionis

159 3328 242 3401 (sicut
264 3327 395 3399 scriptum
419 3325 472 3397 εει)
486 3325 581 3393 nitere,
601 3334 631 3380 ut
652 3340 795 3382 assuescas
809 3325 911 3382 morari
924 3325 951 3380 in
1004 3337 1058 3387 tue
1073 3346 1127 3385 non
1141 3339 1272 3401 exspecto
1286 3328 1412 3403 gloriam,
1428 3342 1479 3383 neo
1488 3324 1702 3382 admirationem
1710 3337 1802 3378 meam

159 3418 218 3474 aede
232 3416 304 3488 11311
318 3419 407 3487 ίΡιθυ·
422 3430 492 3482 ¹¹¹,
507 3413 554 3487 2⁸)
571 3414 736 3472 5110110111·
752 3415 862 3471 inierim
874 3431 950 3486 repe,
1004 3419 1177 3477 ascendentis
1191 3419 1219 3473 in
1232 3419 1332 3475 coelum
1352 3432 1463 3474 reservo
1487 3415 1631 3487 potentie;
1647 3413 1697 3469 sed
1711 3413 1802 3469 statim

159 3507 247 3563 donec
262 3504 386 3576 rapiaris.
410 3504 471 3560 Non
485 3504 557 3560 enim
582 3503 678 3572 saltus,
692 3504 742 3560 sed
763 3504 949 3572 ascensiones,
1004 3510 1032 3565 in
1060 3508 1137 3566 initio
1160 3507 1383 3577 annuntiationis,
1408 3506 1453 3564 vel
1472 3504 1618 3562 nativitatis
1641 3511 1695 3561 tue
1718 3517 1802 3560 voces

160 3595 248 3666 inquit
262 3593 395 3659 Psalmus,
411 3589 549 3665 disposuit
571 3592 604 3647 in
618 3593 773 3652 cordetuo.
788 3593 847 3650 Erit
862 3601 952 3649 autem
1004 3596 1137 3671 angelice
1159 3613 1243 3652 aures
1269 3612 1346 3652 meas
1370 3593 1530 3666 percellunt,
1550 3602 1578 3649 et
1600 3608 1694 3650 rumor
1716 3605 1802 3648 novus

160 3681 271 3755 quando
284 3681 410 3737 ascensio
420 3680 447 3735 in
458 3679 565 3747 saltum,
575 3683 665 3753 magis
675 3682 778 3738 veroin
792 3683 952 3754 assumptio-
1005 3686 1149 3758 stupefacit
1162 3702 1217 3754 me,
1232 3687 1308 3742 etad
1322 3701 1353 3741 sc
1375 3683 1445 3756 rapit
1467 3684 1574 3740 insueta
1593 3682 1638 3739 lux
1664 3688 1760 3739 exorta
1774 3679 1802 3736 in

161 3786 223 3825 nem
238 3775 420 3826 convertetur.
436 3766 577 3837 Quaesnnt
590 3777 680 3824 summ
693 3769 753 3825 istae
767 3772 950 3839 ascensiones,
1006 3774 1136 3831 tenebris.
1152 3774 1232 3829 Nuda
1245 3773 1323 3841 visio,
1338 3781 1366 3828 et
1394 3789 1456 3845 qne
1479 3787 1510 3829 se
1531 3772 1560 3828 in
1579 3771 1694 3827 allectus
1708 3770 1803 3827 condi·

160 3859 213 3916 nisi
225 3858 350 3931 quedam
365 3855 462 3912 mentis
475 3855 674 3929 purgationes?
684 3858 747 3915 ideo
766 3861 798 3915 in
813 3862 885 3917 colle
910 3862 952 3917 lo·
1005 3879 1077 3938 gnos
1089 3878 1145 3920 non
1160 3862 1297 3931 transfert,
1311 3863 1475 3936 ignorantie
1488 3869 1516 3919 ct
1530 3861 1646 3918 ceritati
1655 3861 1804 3918 connumo·

161 3947 422 4019 crymarumil’sal.
432 3950 585 4014 nxxxur,6,
596 3948 635 4020 7),
645 3947 774 4020 quoniam
784 3949 883 4006 delicta
893 3965 954 4022 que
1006 3962 1090 4011 ratur.
1112 3951 1198 4008 Vultis
1212 3952 1346 4008 visionem
1369 3951 1535 4008 fructuosam
1553 3949 1703 4023 acciperet
1732 3948 1806 4006 lide

161 4035 302 4107 plorantur
316 4041 477 4108 purgantur.
502 4035 578 4092 Felix
592 4036 640 4109 qui
653 4037 721 4092 satis
739 4037 804 4093 lavit
822 4038 952 4094 lectulum
1006 4048 1078 4099 runt
1092 4043 1205 4109 insule,
1217 4047 1245 4099 et
1256 4043 1464 4109 timuerunt,et
1474 4046 1604 4098 eatremo
1613 4043 1697 4095 terre
1712 4039 1807 4096 obstu-

161 4122 261 4189 oordis,
278 4123 324 4196 qui
338 4122 504 4180 sufficienter
517 4123 633 4196 ploravit
647 4141 655 4181 :
671 4126 750 4197 cujus
764 4126 897 4197 completa
912 4135 955 4183 est
1003 4135 1138 4204 puerunt,
1147 4135 1175 4186 et
1182 4129 1412 4197 arcesserentur
1424 4129 1507 4184 lsaias
1517 4129 1582 4201 (ira.
1589 4143 1643 4194 aar,
1651 4127 1689 4199 5).
1697 4125 1805 4182 Videtis

162 4211 281 4282 tristitia,
296 4214 375 4284 cujus
390 4213 425 4268 ad
438 4228 486 4269 cor
500 4214 701 4272 consolationes
714 4215 855 4287 inspiratio
869 4217 955 4292 loqui·
1006 4235 1076 4291 quos
1098 4219 1229 4277 virtutum
1252 4219 1355 4276 tructus
1379 4218 1430 4274 Dei
1453 4218 1521 4275 visio
1546 4217 1652 4289 pariat:
1668 4216 1802 4280 timorem,

162 4310 206 4358 tur
224 4299 283 4368 68
305 4301 405 4370 divina,
429 4310 456 4358 et
478 4302 512 4360 de
526 4303 648 4362 convalle
673 4304 832 4376 plorationis
846 4316 952 4378 evocat,
1008 4316 1160 4381 stuporem,
1175 4322 1307 4367 amorem.
1327 4308 1468 4376 Viderunt,
1486 4307 1802 4380 inquit,ettimuerunt‚

161 4392 241 4463 0¹¹l¹¹⁸
256 4391 373 4448 11111011
386 4391 488 4449 iudicis
498 4408 553 4450 non
562 4393 688 4449 turbatur
696 4395 803 4463 oculus,
818 4403 848 4451 ιιι
860 4395 953 4453 videre
968 4370 993 4449 Β
1009 4398 1229 4470 obstupuerunt,
1241 4402 1467 4456 etaeeesserunt.
1480 4397 1617 4454 Viderunt
1629 4394 1696 4452 lead
1706 4393 1807 4450 intelli·

161 4482 252 4538 valeat
265 4497 360 4556 regem
379 4480 553 4540 Salomonem
574 4482 722 4557 tranquillo
736 4492 849 4557 aspectu
866 4485 895 4542 in
910 4485 955 4542 die
1009 4489 1141 4562 gentiam,
1159 4488 1323 4545 timuerunt
1336 4487 1372 4543 ad
1391 4486 1582 4555 reverentiam,
1599 4487 1806 4557 obstupuerunt

160 4569 261 4626 letitie
274 4571 365 4628 cordis
379 4571 452 4642 ejus.

198 4664 224 4716 3.
235 4660 498 4732 Egredimini,fitioe
505 4663 583 4734 Sion,
591 4667 620 4719 et
631 4663 723 4721 videte
730 4681 822 4737 regem
832 4664 956 4722 Solomo-

162 4764 238 4805 nem.
253 4747 293 4802 illi
307 4748 382 4804 enim
399 4749 534 4805 habentur
547 4750 624 4823 digni
639 4752 691 4809 bac
702 4752 767 4809 leta
780 4752 892 4822 visione,
909 4753 956 4828 qui

162 4854 193 4895 se
207 4835 325 4910 quadam
338 4837 507 4908 poenitentiae
520 4839 582 4912 lege
595 4841 787 4912 concluserint,
799 4850 826 4898 ot
835 4843 956 4915 discipli-

163 4944 206 4984 ne
223 4925 422 4983 coarctaverint
442 4928 576 4999 custodia,
606 4946 722 5002 quorum
751 4932 839 4987 renuit
866 4931 956 4989 anima

163 5016 311 5074 consolari.
322 5015 369 5071 Vis
383 5031 466 5072 nosse
479 5032 561 5090 quam
575 5017 648 5075 bona
661 5020 697 5075 sit
710 5019 870 5077 conclusio?
884 5023 956 5076 llor-

163 5111 211 5163 tnr
223 5107 381 5176 amiciatur,
397 5109 462 5178 som
474 5108 607 5181 rignmm
622 5110 718 5179 (dant.
734 5125 771 5177 rr,
786 5110 841 5180 12).
859 5111 954 5181 Surge,

162 5210 291 5267 propera,
300 5199 393 5253 amieo
402 5211 475 5268 mea,
488 5203 516 5254 et
525 5201 589 5255 ueni
598 5201 694 5260 (dant.
702 5213 733 5265 u,
746 5198 801 5269 lb).
809 5197 889 5254 Vides
897 5201 955 5270 jam

163 5283 302 5354 quomodo
323 5283 397 5340 illam
419 5285 525 5354 inritat,
547 5293 575 5342 et
597 5287 713 5344 amicam
740 5293 829 5354 vocat,
848 5304 910 5360 qne
923 5304 954 5346 se

163 5369 251 5442 ipsam
265 5373 427 5432 concludere
440 5375 534 5434 noviti
543 5375 623 5446 Quod
637 5376 803 5435 siconduse
813 5377 889 5447 estis,
905 5395 955 5436 no·

154 5457 210 5521 ,lite
229 5460 335 5536 egredi,
350 5461 437 5525 donec
458 5464 583 5528 christu
595 5481 645 5525 ros
660 5467 766 5526 inritet
782 5469 900 5542 Egmssa
914 5485 957 5545 es,

1009 4576 1045 4632 ad
1061 4576 1217 4647 novitatem,
1234 4581 1413 4634 accesserunt
1429 4592 1480 4647 per
1493 4573 1721 4632 coniormitatem.
1733 4570 1806 4627 Visio

1010 4667 1226 4739 comprehendit,
1247 4667 1327 4721 timor
1345 4665 1509 4736 comprimit,
1534 4663 1677 4736 suspendit
1699 4667 1807 4732 stupor,

1010 4756 1082 4827 rapit
1096 4763 1124 4810 ει
1137 4754 1197 4811 ιιιιίι
1210 4755 1343 4812 accessio.
1358 4754 1399 4809 llli
1413 4754 1486 4809 enirn
1509 4753 1644 4809 accedunt
1662 4751 1708 4824 qui
1724 4765 1808 4806 semu·

1010 4845 1112 4901 latione
1126 4843 1323 4900 accenduntur.
1340 4843 1462 4899 videntis
1477 4843 1594 4899 animum
1617 4842 1698 4897 timor
1716 4839 1806 4896 bumi-

1011 4933 1067 5000 liat,
1082 4941 1176 5004 stupor
1191 4931 1268 5005 quasi
1281 4931 1405 4999 infatuat,
1432 4947 1513 4988 amor
1535 4930 1710 5006 conglutinat.
1725 4928 1809 4984 Cassa

1010 5023 1078 5078 visio
1092 5028 1143 5091 est,
1158 5037 1210 5077 nec
1223 5021 1460 5093 contemplationis
1483 5021 1567 5095 digna
1589 5018 1731 5085 vocabulo,
1747 5032 1808 5089 que

1011 5111 1109 5166 talibus
1132 5125 1188 5166 uon
1203 5116 1246 5167 est
1259 5110 1357 5167 vestita
1378 5110 1533 5167 aflectibus.
1558 5110 1602 5166 An
1622 5108 1699 5163 illum
1715 5107 1809 5164 videro

1010 5199 1136 5267 definies,
1150 5199 1197 5271 qni
1211 5200 1246 5256 de
1265 5198 1387 5272 mysterii
1409 5198 1564 5274 cognitione
1585 5214 1635 5255 nec
1656 5198 1743 5264 timet,
1758 5209 1812 5252 nec

1011 5296 1112 5361 stupet,
1127 5303 1179 5346 nec
1193 5288 1295 5345 ardet?
1309 5289 1419 5346 Timore
1433 5288 1544 5346 sobrius
1558 5288 1588 5344 iit
1606 5287 1734 5353 animus;
1750 5293 1809 5341 stn-

1011 5393 1089 5453 pore,
1104 5380 1269 5453 absorptum
1287 5392 1409 5450 accessu,
1425 5385 1568 5437 consertus
1582 5385 1610 5434 et
1624 5376 1810 5435 consociatus.

1012 5467 1175 5541 Euiusmodi
1188 5467 1331 5528 minibus
1343 5466 1580 5542 contemplationis
1593 5466 1683 5542 gratia
1703 5471 1813 5525 εοιιειει
