3706 5962
48 231 107 291 397
518 227 615 290 LIBER
631 228 676 289 DE
693 226 826 290 utrum
845 225 886 287 tlt
903 226 1080 289 lllONllh'lE
1099 231 1232 294 hthRlS.
1649 239 1703 299 398

49 357 113 412 rius
125 352 291 426 processerit
305 353 332 422 (l
345 354 409 426 ltcp.
425 353 509 422 xxx).
522 352 618 410 Nonne
638 353 713 409 locus
735 359 777 409 est
791 368 851 408 sar·
865 364 891 447 Α
906 351 968 419 tiis,
994 357 1144 413 ostendens
1163 375 1193 414 se
1208 357 1331 415 hilariter
1349 362 1429 432 (Sap.
1446 377 1485 428 vr,
1502 362 1564 435 tu);
1582 379 1633 421 nec
1650 381 1701 421 uo·

49 444 187 512 cinerum,
202 442 249 498 ubi
263 442 503 514 patimureosqui
517 441 730 513 perpotentiam
745 456 795 498 nos
805 456 853 512 op-
905 439 994 497 lunms
1009 444 1146 511 movisset,
1162 462 1298 503 nccamor
1311 448 1505 520 promovisset;
1517 467 1569 507 nec
1578 454 1701 510 charitati

51 533 185 606 primum,
200 531 374 604 quusicaput
388 538 511 586 nostmm
535 531 737 597 conculcantes,
760 529 852 585 inimi·
907 532 1118 602 comtemplatio,
1148 551 1200 591 nec
1229 536 1367 608 sapientiae
1398 538 1569 608 provenisset
1599 541 1699 600 fruitio.

50 638 100 679 cos
114 636 201 693 supra
214 621 327 676 dorsum
341 619 524 684 fabricantem
539 617 610 676 filios
630 619 707 691 quasi
721 619 749 674 in
764 619 853 674 medio
907 617 1001 689 lthue
1016 620 1085 677 sicut
1098 637 1277 695 coeperamus,
1294 640 1492 698 prosequamur
1506 627 1540 682 de
1555 638 1647 702 gustu.

49 710 144 767 cordis
159 710 331 781 amplexibus
351 708 516 764 iubaerentos
536 707 585 779 [cl.
608 710 682 766 mole
703 708 853 764 vulneren·
943 710 988 762 29.
1003 708 1108 780 Corpus
1122 711 1358 769 Christiuniversa
1374 721 1416 769 est
1428 715 1560 783 Ecclesia,
1579 728 1632 774 tam
1651 736 1701 777 ve-

51 799 125 873 teslf
140 798 212 857 foris
234 813 344 871 puqnae,
372 796 446 852 intus
466 796 591 862 timoree;
607 795 775 868 quotidiana,
801 796 854 850 imo
909 793 974 849 teris
998 812 1079 866 quam
1095 799 1157 855 nori
1179 799 1354 857 Testamenti.
1370 802 1400 856 ln
1420 804 1500 873 hujus
1514 807 1636 877 corporis
1659 825 1704 863 cu-

50 887 186 945 continua
210 887 328 942 omnium
349 885 512 941 sollicitudo.
528 884 582 942 Sed
597 884 687 942 adhuc
702 885 783 940 hebet
797 883 853 938 ldi-
908 884 974 954 pite,
989 883 1016 937 id
1032 894 1074 940 est
1092 888 1177 957 prima
1200 897 1227 944 ct
1248 890 1392 964 antiquiori
1412 903 1440 950 et
1462 893 1597 965 superiori
1615 905 1704 968 parte,

50 977 141 1041 thum,
169 989 224 1047 qun
247 973 395 1039 transiliat;
417 973 508 1028 adhuc
522 973 637 1045 grandis
657 980 743 1028 restat
757 973 800 1027 via
814 987 856 1026 as·
909 986 970 1040 quae
985 981 1027 1028 est
1047 975 1181 1045 primitiva
1200 978 1332 1046 Ecclesia,
1358 989 1474 1052 quatuor
1495 991 1558 1038 sunt
1581 1000 1703 1041 sensus:

50 1063 187 1122 cendenti
199 1061 228 1117 in
238 1070 359 1117 montem
373 1061 492 1132 Domini,
502 1068 529 1115 et
539 1061 572 1115 ad
583 1062 693 1116 domum
702 1060 752 1117 Dei
761 1060 855 1115 Jacob.
908 1060 991 1125 visus,
1008 1062 1124 1129 auditus,
1146 1066 1284 1135 odoratus,
1297 1076 1325 1124 et
1336 1077 1430 1125 tactus.
1443 1071 1521 1127 Oculi
1531 1082 1595 1129 sunt
1605 1074 1705 1148 Angeli

53 1151 178 1210 litterius
194 1160 284 1206 temen
298 1149 449 1221 procedere
469 1148 511 1204 fas
526 1163 581 1203 non
595 1157 638 1204 est
652 1164 713 1204 cum
729 1147 853 1228 sarcinis,
910 1157 1022 1219 propter
1043 1154 1280 1223 contemplationis
1294 1155 1471 1214 subtilitatem
1487 1175 1493 1213 :
1511 1176 1601 1228 sures,
1619 1163 1705 1218 Patri·

51 1241 103 1296 sed
116 1248 147 1296 et
160 1238 295 1296 senectuti
308 1254 360 1293 sue
368 1238 485 1295 debetur
499 1237 662 1294 reverentia.
675 1237 715 1292 llx
726 1235 856 1292 hocenim
910 1239 1000 1295 erchae
1013 1249 1126 1313 propter
1140 1245 1304 1302 obedientie
1316 1248 1443 1303 virtutem
1459 1265 1465 1306 :
1483 1266 1564 1307 nares
1578 1252 1621 1308 rel
1634 1253 1705 1309 odo·

50 1329 109 1400 jin
126 1334 260 1384 senectus
274 1325 377 1398 incipit,
390 1325 439 1382 sed
452 1325 626 1391 venerabilis,
642 1340 697 1380 non
712 1340 857 1392 annorum,
910 1335 993 1393 ratus,
1010 1329 1161 1400 Prophetae‚
1179 1340 1291 1405 propter
1318 1336 1469 1393 absentium
1488 1339 1633 1396 notitiam:
1660 1351 1704 1397 ta-

51 1416 103 1473 sed
125 1415 259 1471 virtutum
282 1428 396 1470 numero
410 1421 579 1485 computata,
595 1415 701 1484 spirans
716 1412 857 1484 sapientiae
910 1421 969 1469 ctus
991 1431 1056 1471 vero
1083 1420 1234 1475 communis
1249 1430 1291 1478 est
1312 1439 1417 1480 seusus.
1442 1425 1545 1484 Omnes
1567 1428 1594 1484 hi
1608 1445 1705 1487 seusus

52 1504 241 1561 maturitatem
256 1511 284 1560 et
293 1503 417 1577 requiem
430 1501 565 1573 luborum,
581 1503 658 1574 quasi
672 1503 794 1559 emeritae
807 1500 857 1556 mi·
911 1511 975 1558 ente
988 1504 1143 1562 llediutoris
1166 1508 1310 1566 adventum
1325 1510 1352 1566 in
1367 1512 1455 1584 cupite
1480 1523 1567 1583 erant,
1583 1517 1633 1573 sed
1648 1517 1707 1575 lun-

52 1592 120 1651 litiae
138 1591 295 1665 proemium·
911 1593 1034 1663 grrehcnt
1058 1593 1179 1651 inferiori
1201 1613 1316 1670 corpore
1339 1608 1464 1657 emortuo
1491 1613 1605 1676 propter
1626 1606 1706 1662 unius

87 1686 140 1743 27.
157 1680 318 1753 Suscipiens
331 1679 403 1736 enim
414 1679 549 1752 sapientis
561 1678 721 1750 proficiendi
732 1677 784 1734 iter
797 1693 859 1749 per·
872 1667 897 1749 Β
912 1697 1009 1739 sensus
1023 1684 1184 1754 absentiam,
1197 1687 1225 1741 id
1240 1696 1282 1743 est
1295 1698 1398 1762 gustus,
1419 1690 1478 1747 sine
1493 1694 1571 1763 cujus
1589 1694 1707 1752 admini-

53 1769 216 1838 nuendum
239 1769 400 1827 charitatem
425 1768 536 1841 quidem
552 1783 606 1825 non
620 1767 724 1838 abjicit,
737 1781 793 1823 non
807 1766 858 1822 de·
911 1771 973 1827 rulo
992 1787 1043 1826 nec
1057 1771 1148 1829 vivere
1163 1789 1262 1846 corpus
1278 1783 1393 1845 poterat,
1411 1794 1462 1835 nec
1476 1795 1575 1836 seusus
1589 1782 1708 1841 uimsute

54 1859 134 1927 uerit.
155 1858 207 1915 red
225 1857 369 1930 provebit:
388 1858 437 1913 sed
462 1864 566 1913 uotum
590 1864 737 1928 pertesum
766 1856 857 1922 habet,
913 1859 1062 1916 vivacitatis
1071 1862 1206 1919 obtinere.
1217 1864 1354 1936 Qudquid
1364 1867 1575 1926 enimadtotius
1587 1873 1710 1943 eorporis

55 1959 86 2007 ut
98 1948 207 2005 unum
226 1955 278 2017 est,
294 1946 416 2002 sarcinas
439 1947 500 2015 ejus
514 1953 638 2017 portare,
654 1961 715 2017 quae
729 1942 790 1999 aliis
803 1945 859 2013 jum
913 1956 1019 2020 spectat
1036 1949 1205 2020 alimentum,
1230 1954 1335 2009 cunctis
1349 1955 1486 2023 sensibus,
1500 1958 1629 2018 universo
1643 1976 1709 2019 003.

55 2036 208 2095 intendem
220 2035 304 2091 rehus
318 2049 416 2105 parere
433 2048 474 2098 se,
496 2041 524 2089 et
537 2041 631 2104 aptare
650 2041 764 2090 conatur
774 2031 809 2087 ad
822 2030 862 2086 in·
914 2037 976 2108 pori
989 2053 1108 2110 appone,
1124 2055 1258 2112 suppone,
1274 2042 1464 2116 circumpone3
1480 2046 1503 2101 si
1517 2047 1592 2104 solus
1615 2058 1711 2121 gustus

58 2126 188 2183 handum
211 2124 238 2178 in
252 2122 380 2194 gaudium
395 2121 502 2178 Domini
525 2121 576 2176 sui.
601 2121 665 2178 Odit
689 2136 756 2191 erqo
781 2135 861 2175 curas
914 2125 1011 2192 deerit,
1041 2127 1106 2199 quid
1129 2129 1276 2199 proderit?
1308 2130 1422 2188 lnfunde
1449 2135 1567 2202 auribus,
1601 2136 1710 2194 intrude

59 2227 250 2287 quoscunque.
275 2210 325 2267 etsi
351 2210 459 2282 quando
475 2209 582 2282 aliquos
605 2209 717 2281 suscipit
741 2209 859 2277 labores,
915 2215 1038 2280 neribus,
1066 2215 1109 2273 vel
1141 2233 1190 2287 per
1217 2218 1340 2290 quamvis
1361 2219 1439 2275 mam
1463 2231 1582 2292 purtem3
1613 2226 1710 2282 obesse

58 2302 105 2361 ted
125 2302 255 2377 laborum
270 2315 326 2357 non
340 2305 413 2354 emat
432 2298 640 2355 sollicitudines.
659 2297 736 2354 Vires
749 2298 860 2369 quidem
916 2304 1025 2375 poterit,
1067 2304 1200 2376 prodesse
1233 2322 1288 2361 non
1324 2309 1435 2379 poterit.
1468 2310 1584 2369 Gustum
1620 2322 1711 2371 autem

63 2406 119 2447 nou
142 2388 275 2447 deficiunt
298 2389 333 2443 ad
358 2387 531 2460 portandum,
549 2386 598 2442 sed
621 2385 720 2456 refugit
743 2384 860 2458 impedi·
916 2392 1041 2463 quaedam
1057 2393 1296 2465 sequitursaporis
1311 2393 1437 2462 dulcedo,
1450 2414 1531 2469 quam
1545 2401 1574 2455 in
1587 2401 1712 2458 interiori

61 2488 200 2537 mentum.
223 2477 355 2535 &citans
381 2491 449 2549 ergo
470 2475 498 2531 in
517 2477 569 2532 hoc
588 2473 750 2547 proficiendi
773 2473 861 2546 gradu
916 2495 966 2536 suo
981 2479 1102 2536 sentiens
1116 2481 1215 2546 anima,
1233 2481 1440 2553 modoquopgm
1454 2485 1713 2557 „iugum-peteme,

61 2567 205 2631 limium,
221 2573 249 2622 el
263 2580 414 2637 pr0V⁰0³11³
436 2573 559 2620 tantiam
573 2562 690 2619 animam
704 2562 740 2618 ad
754 2563 861 2618 intutu·
917 2568 955 2624 ris
973 2568 1098 2623 sensibus
1121 2569 1376 2636 incommunicabili,
1393 2588 1453 2643 quae
1467 2574 1592 2646 suscipit,
1614 2587 1712 2634 cuncta

62 2655 136 2722 dum,
151 2663 184 2711 ¹¹¹
198 2654 301 2711 dictum
316 2661 367 2721 ‘⁵22
384 2654 411 2708 '¹¹¹
423 2654 552 2727 gaudium
566 2669 643 2708 suum
660 2653 797 2724 ῑῦῑὶἱθθδ,
817 2651 861 2705 in·
917 2657 1055 2724 discernit,
1073 2665 1099 2712 ot
1113 2657 1245 2726 dijudicat
1261 2673 1267 2712 :
1288 2674 1373 2731 seque
1388 2676 1538 2734 omnesque
1553 2681 1650 2722 sensus
1665 2683 1713 2723 ve·

63 2745 129 2816 quit,
149 2744 304 2802 mutinum
313 2745 398 2799 Deum
414 2747 496 2800 tuum
506 2758 542 2798 cx
553 2746 610 2799 toto
624 2740 707 2800 corde
719 2744 777 2808 tuo,
789 2744 816 2798 et
826 2756 863 2796 ex
916 2753 1002 2817 getat,
1026 2752 1053 2799 et
1067 2743 1219 2801 confunnat.
1250 2746 1348 2801 custus
1370 2763 1436 2818 ergo
1450 2749 1478 2804 in
1493 2751 1589 2821 capitis
1606 2760 1634 2808 et
1647 2770 1711 2810 001.

65 2837 124 2891 tota
139 2834 241 2889 auimo
261 2837 324 2897 tua,
341 2835 369 2888 et
380 2848 416 2888 oe
435 2830 563 2888 omuibus
581 2830 686 2886 viribus
703 2829 771 2899 tuis,
790 2833 863 2886 etex
916 2833 991 2906 poris
1000 2832 1127 2899 confinio,
1139 2832 1166 2888 id
1177 2833 1253 2889 estin
1264 2843 1372 2906 gutture
1383 2838 1496 2907 positus,
1518 2841 1710 2898 velututrum·

66 2925 233 2980 'timuit
249 2919 408 2993 millevi-
424 2934 463 2984 tt.
478 2919 517 2991 5)·
916 2938 970 2994 que
999 2929 1174 2987 connectens
1203 2937 1265 2978 cum
1294 2922 1421 2997 designat
1446 2926 1492 2998 qui
1511 2944 1561 2998 per
1578 2930 1710 2989 conditio.

380 3026 495 3083 cppuq
514 3027 551 3082 x,
868 2966 901 3055 c
917 3027 979 3067 nem
1007 3010 1096 3068 carnis
1117 3009 1198 3082 paulo
1224 3010 1314 3067 minus
1337 3019 1380 3069 est
1401 3014 1553 3072 minoratus
1567 3019 1602 3073 ab
1621 3022 1712 3095 lnge·

69 3120 470 3190 Geometsoporemrerum
483 3113 863 3188 diuinoruoruohitinfuodi
916 3101 960 3171 ¹1⁸,
979 3107 1007 3156 θῑ
1029 3101 1133 3172 M⁰t⁸⁰2
1158 3108 1186 3155 ⁰2
1212 3100 1273 3155 Elia
1300 3102 1461 3176 ceterisque
1489 3103 1660 3174 patriarchi&
1684 3117 1713 3165 et

347 3202 400 3258 per
419 3187 578 3245 Christum.
917 3191 1070 3262 Prophetis.
1095 3190 1151 3246 Per
1176 3190 1369 3247 exhibitionem
1402 3195 1539 3264 patientiae
1555 3205 1582 3253 et
1602 3199 1712 3255 humili-

96 3281 144 3335 28.
158 3276 283 3346 Quatuor
303 3274 332 3330 in
355 3274 440 3331 Deum
462 3291 479 3330 a
502 3275 580 3331 uobis
602 3282 629 3331 et
644 3275 692 3331 tuti
713 3275 862 3347 exiguntur
918 3279 980 3334 tatis
994 3279 1128 3334 minorem
1137 3294 1168 3333 sc
1177 3278 1379 3351 quodammodo
1389 3279 1464 3349 fecit,
1477 3291 1505 3338 et
1520 3285 1711 3344 humiliorem:

68 3365 188 3423 efectus.
205 3363 236 3419 ln
248 3379 282 3419 eo
296 3363 370 3436 quod
383 3362 458 3430 dicit,
475 3366 519 3420 Ex
534 3368 592 3420 toto
607 3363 689 3421 corde
704 3369 763 3428 tuo,
780 3372 862 3419 totam
917 3384 978 3423 cum
991 3366 1028 3421 illi
1043 3367 1147 3437 potenti
1171 3366 1279 3431 virtute,
1300 3366 1351 3422 Dei
1367 3374 1395 3423 et
1417 3384 1482 3425 suos
1506 3381 1714 3443 prosternerent

67 3454 112 3511 sibi
125 3451 248 3511 vindieu
259 3451 426 3508 uoluntatem
439 3469 446 3506 ι
458 3450 487 3506 in
498 3456 559 3509 totu
568 3453 676 3515 auimo,
689 3457 774 3506 totum
784 3466 862 3506 amo·
917 3454 1053 3522 inimicos;
1070 3453 1128 3523 ipse
1143 3466 1208 3509 vero
1222 3467 1286 3508 suos
1301 3452 1414 3510 doceret
1423 3454 1588 3528 discipulos:
1606 3461 1637 3518 Si
1651 3464 1717 3534 quis

69 3556 146 3599 uem:
171 3541 201 3597 in
217 3541 344 3597 omuibus
358 3541 474 3606 viritas,
489 3538 616 3597 virtutem
632 3538 756 3612 designat
770 3539 863 3595 chari·
914 3545 1086 3615 percusserit
1102 3546 1129 3598 te
1144 3542 1174 3596 iu
1190 3541 1338 3597 dexterum
1357 3543 1521 3613 maxillam,
1535 3549 1667 3625 proieci
1685 3554 1716 3606 ot

67 3632 146 3689 tetis:
164 3630 193 3685 in
208 3635 269 3687 toto
278 3636 379 3697 mente,
402 3629 556 3685 fruitionem
577 3627 727 3699 sapientire.
744 3627 863 3684 Primum
917 3633 1039 3688 alteram
1054 3631 1164 3702 (illottti.
1185 3645 1213 3694 v,
1228 3632 1285 3699 39).

67 3720 136 3779 euim
149 3719 186 3775 ad
200 3717 288 3774 Deum
311 3717 436 3774 voluntas
454 3717 572 3773 animem
591 3724 690 3782 movet,
715 3731 792 3773 umor
805 3731 864 3787 pro
953 3724 997 3776 30.
1012 3719 1062 3774 llic
1080 3719 1153 3776 enim
1168 3727 1230 3790 post
1253 3719 1403 3790 Prophetes
1425 3720 1540 3778 veniens
1554 3730 1581 3780 et
1597 3725 1713 3782 Patriar-

67 3816 164 3876 met,
180 3806 299 3864 charitas
314 3805 525 3877 contemplatur,
542 3802 628 3863 255
643 3805 776 3876 sapientia
790 3804 861 3862 frui·
917 3810 992 3874 cbas,
1008 3807 1087 3865 limes
1101 3807 1209 3880 quidam
1228 3806 1311 3879 Legis
1325 3815 1352 3862 ct
1367 3806 1478 3875 Gratioe,
1499 3810 1597 3882 capitis
1609 3822 1637 3869 et
1650 3829 1712 3871 cor-

68 3904 115 3957 tur.
129 3895 274 3970 &pientia
287 3910 352 3952 vero
362 3896 444 3966 digne
455 3894 482 3949 in
494 3901 584 3950 mente
596 3894 778 3951 constituitur.
795 3893 864 3962 Qure
917 3896 1000 3968 poris,
1015 3911 1066 3968 per
1084 3895 1214 3967 mysteria
1228 3893 1404 3951 humanitatis
1425 3912 1491 3967 suae,
1517 3905 1544 3956 et
1565 3901 1712 3972 passionis,

68 3987 201 4045 antideo
215 4001 294 4041 mens
307 3984 423 4051 dicetur,
450 3983 523 4056 quod
548 3983 682 4052 meminit,
703 3982 746 4039 vel
761 3983 864 4039 eminet
917 3993 945 4040 et
964 3982 1180 4049 resurrectionis,
1205 3997 1374 4055 quaecunque
1387 3982 1416 4039 in
1430 3983 1501 4057 lege,
1516 3994 1543 4042 et
1557 3988 1710 4061 Prophetis,
1786 4022 1790 4031 ·

67 4073 205 4141 manime,
228 4075 300 4129 bene
321 4071 361 4128 illi
386 4072 550 4128 adscribitur
572 4071 673 4137 virtuti,
697 4087 757 4143 quae
780 4087 863 4143 super
917 4081 944 4128 et
957 4071 1079 4139 Psalmis,
1097 4079 1124 4128 et
1143 4071 1251 4144 hymnis
1273 4071 1400 4139 salubris,
1417 4089 1587 4149 quaecunque
1602 4078 1711 4150 corpori

68 4175 156 4221 omues
168 4161 293 4219 eminent
315 4160 431 4219 virtutes
446 4160 554 4216 animae.
574 4160 624 4215 Est
638 4161 710 4216 enim
729 4160 862 4218 mensuris
916 4161 1008 4217 vitalia
1026 4162 1070 4217 vel
1097 4160 1181 4227 utilia,
1212 4161 1289 4234 quasi
1317 4160 1452 4232 quoddam
1470 4163 1555 4234 ipsius
1569 4180 1601 4220 os
1623 4166 1711 4240 degu-
1771 4175 1777 4185 ’

69 4251 186 4323 quadum
209 4250 319 4316 enimse,
344 4265 398 4321 qua
426 4249 590 4305 inhmremus
613 4250 670 4304 Deo
684 4255 713 4304 et
727 4248 858 4305 fruimur:
869 4277 900 4363 θ
917 4260 1001 4318 stans,
1013 4251 1041 4305 id
1051 4258 1093 4306 est
1102 4249 1267 4320 intelligens,
1280 4256 1307 4304 et
1317 4265 1367 4319 per
1376 4267 1406 4306 se
1416 4251 1594 4323 intelligenda
1603 4256 1712 4327 corpori

68 4338 154 4397 fruitio
178 4347 271 4395 sutem
293 4339 352 4394 haec
373 4337 401 4392 in
416 4352 516 4409 sapore
543 4336 664 4409 quodam
692 4337 784 4396 divino
808 4346 876 4406 est,·
917 4339 1065 4408 trajiciens,
1089 4338 1170 4395 homo
1193 4336 1323 4404 Christus,
1347 4337 1466 4395 interiori
1481 4340 1598 4410 quodam
1612 4341 1712 4398 divini·

69 4425 460 4500 undeetasaporesepientia.
471 4425 558 4498 Sapor
569 4432 659 4482 autem
678 4426 728 4482 iste
740 4426 766 4481 in
782 4434 862 4500 gustu
918 4428 980 4483 tetis
993 4442 1050 4482 suae
1063 4439 1162 4498 sapore
1183 4423 1247 4498 {quo
1262 4424 1395 4496 sapientia
1413 4426 1492 4482 nobis
1507 4427 1594 4484 factus
1608 4438 1651 4486 est
1664 4446 1711 4484 sa-

69 4515 181 4589 quodam
195 4524 247 4573 est
262 4518 379 4575 Gustum
397 4521 488 4572 autem
502 4514 583 4570 istum
609 4515 692 4587 digno
716 4531 795 4572 nemo
810 4531 863 4589 po·
918 4516 1019 4590 pientia
1030 4515 1081 4571 Dei
1096 4515 1217 4570 Christus
1227 4514 1253 4585 (l
1265 4516 1327 4571 Cor.
1344 4530 1364 4579 r,
1381 4513 1437 4586 30)]
1452 4514 1546 4585 sapide
1561 4533 1593 4572 ca
1608 4518 1709 4590 habet3

70 4614 117 4662 test
142 4607 308 4679 exprimere,
337 4605 388 4662 nisi
420 4604 468 4676 qni
501 4613 622 4660 meretur
649 4613 759 4677 gustare
777 4621 783 4660 :
803 4609 862 4664 Go-
917 4606 1051 4676 nobisque
1065 4602 1129 4658 facit
1146 4600 1239 4671 sapida
1261 4601 1306 4656 vel
1319 4601 1405 4658 utilia.
1422 4603 1451 4658 ln
1465 4619 1496 4659 se
1519 4605 1591 4660 enim
1606 4607 1710 4676 vivens,

68 4696 300 4763 submistum,
312 4695 550 4770 quooinmsuuois
564 4698 606 4752 est
621 4695 758 4751 Durnium
772 4695 860 4767 (Psct.
916 4702 944 4749 et
964 4708 1012 4764 per
1035 4707 1065 4747 se
1083 4697 1168 4746 totum
1191 4704 1292 4763 corpus
1320 4700 1453 4763 vegetans
1476 4700 1505 4748 et
1526 4694 1709 4766 conformans,

68 4796 167 4849 nunt,
187 4788 227 4856 9).
257 4784 312 4841 Ηοε
340 4790 421 4857 gustu
446 4782 596 4839 secundum
611 4782 771 4854 Apostolum
794 4798 861 4855 gus·
915 4780 1045 4854 gaudium
1059 4778 1120 4845 sibi,
1136 4777 1265 4851 gaudium
1287 4781 1393 4855 angelis
1411 4780 1475 4839 fecit
1488 4782 1524 4840 de
1538 4800 1712 4843 consumma·

68 4876 135 4929 utar
158 4871 209 4930 Dei
232 4872 358 4939 uerbum,
382 4877 527 4946 gustentur
551 4871 631 4926 etiam
656 4870 756 4928 divitie
771 4871 861 4928 saeculi
916 4871 990 4927 tione
1004 4867 1143 4941 corporis;
1158 4868 1287 4941 gaudium
1303 4869 1464 4929 Putriarchis
1477 4881 1505 4929 et
1518 4874 1662 4947 Prophetis
1677 4874 1712 4932 de

66 4959 166 5017 mnu·
193 4961 285 5032 (liebr.
310 4977 350 5030 vr,
380 4960 418 5030 5).
447 4961 506 5014 tam
535 4974 603 5030 ergo
626 4960 661 5017 de
684 4970 765 5035 gustu
800 4960 859 5026 isto,
915 4959 1020 5017 visione
1033 4959 1087 5014 diei
1100 4975 1166 5026 suae,
1178 4959 1249 5015 sicut
1263 4959 1321 5030 ipse
1336 4959 1410 5027 dicit,
1427 4962 1568 5022 Abrohom
1574 4969 1659 5036 pater
1669 4980 1713 5022 uc·

63 5048 107 5121 qni
131 5064 261 5123 saporem
288 5049 372 5106 hebet
393 5047 479 5117 illum,
500 5046 529 5102 in
549 5063 604 5121 quo
620 5047 755 5118 supientia
778 5049 859 5120 sepit,
915 5047 1716 5123 sterccsultcoit,utuiderefdiemmecm,·uidit,etpooi·

62 5135 187 5196 eubulius
199 5137 393 5211 inquirendum
422 5144 474 5193 est.
496 5135 614 5192 Primum
639 5138 784 5194 dicendum
799 5138 862 5210 quie
916 5155 963 5195 sus
978 5142 1020 5195 est
1034 5137 1127 5207 (loun.
1140 5152 1200 5202 vui,
1212 5137 1259 5206 56)
1272 5151 1278 5190 :
1290 5136 1418 5208 gaudium
1429 5138 1556 5209 uniuerso
1571 5141 1679 5210 corpori
1690 5149 1718 5199 et

60 5226 125 5287 licet
147 5243 201 5300 per
222 5228 325 5302 gradus
348 5227 384 5282 ad
407 5242 497 5282 arcem
525 5225 666 5296 sapientise
687 5226 793 5281 venerit
817 5225 862 5299 qui
917 5227 1016 5291 uitem,
1036 5225 1117 5280 itaut
1132 5224 1249 5296 quodam
1265 5224 1364 5279 mentis
1379 5226 1497 5296 tripudio
1511 5227 1659 5284 universali
1673 5229 1720 5289 illo

59 5315 197 5382 mandit,
222 5326 314 5374 tamen
338 5315 391 5373 nisi
410 5315 512 5387 ubique
526 5314 554 5370 in
570 5315 644 5370 omni
665 5313 752 5385 gradu
776 5331 862 5386 usque
919 5323 991 5372 tactu
1017 5310 1148 5384 spirituali
1176 5310 1301 5368 vivificati
1325 5318 1353 5368 et
1374 5312 1528 5371 confirmati
1560 5318 1719 5389 clamemus,

57 5404 94 5463 ad
105 5404 248 5472 ultimum,
271 5404 406 5479 supientia
421 5404 504 5476 (sicut
527 5404 586 5475 ipse
612 5402 676 5458 dicit
694 5403 722 5458 in
735 5403 806 5460 libro
821 5404 862 5460 sui
922 5401 997 5474 Quod
1012 5400 1135 5457 uidimus
1149 5399 1358 5467 estuduimus,
1375 5405 1403 5457 et
1418 5419 1520 5460 munus
1534 5412 1641 5465 uostroe
1655 5426 1722 5468 cou-

58 5493 193 5573 uonuinis)
215 5504 373 5571 querentes
387 5507 418 5550 se
432 5491 583 5567 quesisset,
600 5499 627 5551 et
647 5492 810 5551 occurrisset
833 5492 862 5550 in
921 5486 1156 5551 tractaveramus
1171 5487 1253 5548 Verbo
1268 5490 1373 5565 vitet!
1380 5492 1461 5551 loco.
1472 5509 1493 5564 1,
1510 5495 1549 5571 t).
1559 5497 1680 5574 ldeoque
1694 5500 1722 5557 in
