3706 5962
63 234 118 295 att
621 235 655 297 tlt
673 234 769 297 ulula
789 234 813 296 ll
832 234 1012 297 Pascuavts
1029 235 1146 301 subito.
1655 238 1709 303 974

60 364 130 426 (fer.
158 376 195 427 vr,
227 360 280 430 lb).
296 359 366 415 Ecce
389 359 525 430 quomodo
547 361 644 417 summi
664 361 859 418 sacerdotesct
871 378 895 458 g
911 360 1066 429 Dominum,
1082 361 1190 434 quando
1215 361 1368 434 cogitamus
1382 362 1405 418 si
1421 365 1513 419 saltem
1535 366 1577 422 vel
1590 367 1617 420 in
1630 367 1708 422 elsu-

61 448 196 517 principes
212 448 403 504 crucifixerunt
417 464 490 503 otim.
910 447 974 505 stris
990 449 1135 519 religiosus
1149 451 1183 505 sit
1198 451 1337 523 requirens
1351 467 1381 507 ac
1395 451 1511 523 diligens
1527 454 1620 508 Deum.
1637 455 1708 511 Ante

101 539 140 590 tt.
158 539 210 592 ,fos
221 542 319 593 rtrrteru
329 539 510 608 sperabamus
520 537 592 609 quod
603 539 659 610 ipsc
669 542 740 595 esset
749 539 855 595 redem-
908 537 996 593 luceru
1010 547 1151 605 venerunt,
1168 547 1195 594 ct
1211 554 1310 609 corpus
1324 541 1382 610 ejus
1393 540 1569 598 invenerant.
1588 540 1709 615 Oquam

63 631 167 698 poturus
187 627 282 693 lsrael,
302 625 374 698 quod
389 625 578 696 interpretatur
593 627 641 683 Vir
655 626 746 684 vicens
757 629 853 692 Deum,
909 627 988 682 dulce
1012 636 1054 682 est
1078 637 1139 683 ante
1164 629 1252 686 lucem
1274 645 1384 703 surgere
1398 631 1431 684 ad
1446 631 1620 702 quaerendum
1636 633 1708 688 dile-

61 731 109 785 per
127 714 199 786 quod
211 714 314 770 litterati
329 722 355 770 et
370 715 500 786 religiosi,
516 716 562 788 qui
577 716 719 788 specialius
731 733 785 788 pra
799 732 854 772 cur--
909 714 999 770 ctuml
1014 716 1104 772 Dulcis
1115 725 1157 772 cst
1166 720 1296 789 quaerenti
1308 719 1393 776 illum.
1407 722 1436 774 fa
1447 720 1553 777 tectulo
1564 737 1624 777 rnen
1634 739 1711 794 quoe·

62 802 128 859 teris
142 805 244 859 debent
258 805 351 861 videre
374 806 459 860 Deum
473 821 522 875 per
530 805 729 877 intelligentiam
748 819 775 860 et
789 804 855 859 alle·
909 807 963 863 sici
972 822 1023 877 per
1041 812 1136 864 noctes
1149 825 1230 880 quem
1241 809 1334 879 dilipit
1348 810 1445 864 nrrireo
1458 827 1519 866 rrten
1528 830 1536 866 :
1545 811 1670 882 rpueaui,
1683 814 1711 869 et

60 899 144 961 ctum,
160 893 310 965 signantur.
328 893 396 950 llinc
410 903 451 950 est
469 910 524 951 non
544 895 654 952 minima
675 911 755 951 causa
770 893 855 949 tristi·
910 909 968 949 non
982 895 1078 951 inverti
1088 894 1303 966 illurquontic.
1319 913 1358 964 ur,
1375 901 1411 968 l).
1424 897 1515 954 Restat
1528 913 1607 971 ergo,
1621 906 1651 953 ut
1666 914 1712 954 va-

60 1072 141 1144 giosi,
166 1081 353 1143 comparantur
374 1073 513 1143 iumentis,
530 1082 558 1130 et
576 1074 771 1130 immundiores
794 1069 857 1127 facti

60 1170 124 1217 suut
138 1161 200 1218 illis.
226 1163 278 1232 lpsi
301 1163 372 1219 enim
387 1178 441 1219 non
464 1164 551 1218 solum
575 1163 661 1235 spinis
683 1165 856 1234 peccatorum

60 1266 172 1307 suorum
200 1249 359 1325 crucifigunt
386 1253 495 1320 Deum,
518 1253 565 1308 sed
579 1253 639 1308 aliis
660 1252 721 1310 facti
743 1259 806 1308 sunt
830 1252 858 1307 in

60 1338 234 1412 proverbium
257 1349 283 1395 et
300 1340 461 1410 exemplum.
486 1341 539 1398 Nos
557 1345 653 1399 nutent
676 1341 859 1415 sperabamus

61 1429 136 1502 quod
150 1430 208 1500 ipse
222 1433 293 1487 esset
307 1430 504 1503 redempturus
520 1432 616 1488 lsrael.
631 1431 692 1486 Nou
707 1431 861 1487 cssetdolo·
913 1426 1036 1483 stodiunt
1054 1428 1096 1484 isti
1111 1430 1221 1501 vigiles:
1238 1430 1335 1504 angeli
1358 1438 1430 1501 sunt,
1446 1447 1560 1502 quorum
1582 1431 1714 1490 visionem

60 1520 101 1573 ris
116 1519 235 1588 materia,
250 1533 300 1574 nec
314 1535 358 1575 res
368 1527 422 1574 tarn
436 1518 579 1589 stupenda,
595 1518 618 1572 si
634 1519 709 1590 plebs
729 1536 789 1591 quau
804 1534 859 1575 non
915 1517 1063 1574 sevidisse
1086 1526 1212 1576 asserunt
1234 1519 1370 1588 mulieres,
1395 1535 1456 1590 quse
1477 1520 1570 1577 dicunt
1592 1536 1657 1579 euru
1675 1521 1717 1578 vi-

60 1607 136 1664 novit
158 1606 258 1679 legem,
274 1607 330 1663 sola
353 1609 459 1664 caderet
471 1607 499 1662 in
514 1623 641 1674 errorem,
661 1608 725 1681 quia
748 1605 860 1662 relevari
914 1621 989 1676 vere,
1013 1617 1041 1664 et
1055 1623 1104 1679 per
1130 1607 1263 1666 fervorem
1291 1625 1362 1666 verae
1389 1608 1543 1673 dilectionis
1570 1610 1718 1668 ostendunt

60 1705 157 1767 posset
172 1712 220 1767 per
231 1696 408 1752 litteratorum
431 1704 458 1769 et
471 1696 657 1772 religiosorum
677 1695 857 1767 prudentium,
876 1654 1053 1754 Β(ιίιιίεῑιιιιι
1079 1697 1107 1752 in
1122 1696 1178 1753 suis
1206 1698 1334 1754 cordibus
1350 1697 1478 1756 habitare.
1506 1698 1552 1753 Isti
1575 1708 1638 1755 suot
1652 1698 1719 1771 vigi·

60 1784 86 1840 si
102 1784 153 1854 ipsi
176 1800 229 1841 non
253 1784 367 1841 fuissent
391 1785 469 1855 primi
492 1786 524 1839 ad
550 1785 664 1840 rttinam.
691 1786 741 1842 Nos
763 1789 860 1843 autent
913 1782 954 1841 les
979 1785 1151 1842 observantes
1181 1786 1256 1842 omni
1283 1794 1404 1856 tempora
1432 1787 1569 1844 custodias
1596 1786 1717 1844 Domini.

61 1875 244 1944 sperabamus
252 1874 323 1948 qued
333 1876 390 1946 ipse
398 1877 470 1930 essct
481 1873 677 1946 redempturus
686 1873 782 1931 lsrael.
793 1873 863 1929 Nom
914 1872 968 1945 fpsi
983 1874 1115 1931 excubant
1129 1874 1163 1929 ad
1178 1875 1280 1931 ostium
1299 1874 1472 1943 tabernaculi,
1486 1875 1537 1944 ipsi
1559 1883 1623 1932 sunt
1636 1875 1718 1932 Orio·

61 1961 88 2016 si
99 1962 165 2017 dicit
179 1962 247 2033 regi,
265 1966 438 2032 apostatant
448 1968 525 2018 vocat
539 1962 622 2019 duces
635 1962 742 2033 impios,
759 1965 782 2016 si
797 1978 862 2035 sup·
915 1978 963 2018 nes
977 1972 1003 2020 et
1021 1964 1138 2034 Hyades,
1152 1972 1179 2019 et
1193 1964 1320 2021 interiora
1343 1964 1438 2020 austri.
1454 1964 1542 2035 Quam
1562 1964 1720 2023 delectabile

61 2050 167 2122 plantet
186 2050 339 2121 optimates,
354 2060 381 2104 et
395 2051 466 2106 ducit
492 2051 642 2106 sacerdotes
664 2050 795 2123 inglorios
812 2068 819 2105 :
835 2057 862 2107 et
915 2060 955 2108 est
979 2050 1018 2106 eis
1045 2051 1175 2108 interesse
1194 2051 1313 2125 vigiliisl
1339 2053 1512 2126 Consurgunt
1529 2055 1564 2110 da
1592 2062 1672 2110 nocte
1690 2053 1720 2109 in

910 1076 1004 1136 strum,
1031 1069 1064 1124 ad
1092 1070 1193 1143 vigilias
1220 1071 1412 1139 claustralium,
1431 1073 1490 1147 quia
1520 1074 1556 1130 ibi
1582 1074 1711 1131 dilectum
1766 1136 1769 1141 ,

911 1157 1060 1223 inveniam,
1090 1159 1140 1215 etsi
1168 1175 1223 1216 non
1249 1163 1398 1218 secundum
1426 1178 1536 1236 corpus.
1565 1163 1712 1220 Etenimsi

911 1247 1088 1321 cognovimus
1120 1251 1273 1308 secundum
1286 1267 1394 1309 carnem
1408 1252 1552 1321 Christum,
1583 1254 1631 1308 sed
1658 1255 1713 1324 jam

914 1353 987 1394 nunc
1012 1354 1065 1394 non
1091 1339 1219 1397 novimus
1242 1341 1283 1412 (ff
1308 1343 1369 1400 Cor.
1391 1357 1419 1411 v,
1437 1345 1489 1413 lb).
1505 1344 1646 1401 Civitatem
1669 1359 1716 1401 cu·

59 2138 115 2209 ipsi
136 2138 247 2193 forsitan
273 2153 324 2194 non
350 2148 413 2193 sunt
431 2138 547 2205 litterati,
574 2146 601 2193 et
625 2139 750 2210 ignorant
772 2139 862 2211 legem

62 2225 172 2283 Domini
184 2243 191 2292 ;
209 2225 256 2280 lilii
269 2236 332 2280 sunt
345 2225 519 2294 diffidentiae,
535 2243 586 2282 nrc
600 2227 633 2282 de
648 2227 715 2298 ipsis
730 2243 823 2283 sumus
835 2227 861 2282 in

63 2316 271 2372 admirationem
294 2334 300 2371 :
323 2317 369 2371 sed
398 2319 431 2371 dc
454 2316 579 2372 litteratis
597 2326 746 2387 stupemus,
772 2316 863 2389 etqui

64 2405 238 2475 praetendunt
261 2405 383 2461 habitum
407 2405 557 2477 religionis,
573 2405 617 2476 qui
634 2406 732 2461 bonum
752 2407 862 2461 verbum

66 2495 116 2549 Dei
130 2502 318 2565 gustaverunt,
335 2503 361 2549 et
377 2497 479 2550 donum
494 2495 616 2563 coeleste,
632 2496 800 2567 virtutesque
815 2510 865 2549 sra-

65 2583 121 2639 cnli
143 2584 260 2651 centuri,
276 2593 303 2639 et
318 2599 381 2639 ecce
400 2599 488 2640 vaccae
513 2583 627 2656 pingues
649 2582 777 2640 Samariae
800 2580 864 2639 fscti

916 2139 1048 2210 principio
1067 2139 1220 2212 vigiliarum
1239 2155 1361 2207 suarum,
1380 2149 1410 2195 ut
1424 2139 1564 2194 effundant
1578 2156 1625 2198 cnr
1640 2157 1720 2197 suum

916 2243 1008 2284 coram
1032 2227 1158 2299 Domino,
1171 2237 1199 2283 et
1214 2228 1301 2284 oratio
1323 2243 1418 2285 eorum
1432 2229 1504 2299 apud
1519 2228 1690 2285 ditissimum
1710 2247 1719 2288 :

917 2315 953 2371 ibi
968 2316 995 2370 in
1011 2316 1100 2373 medio
1124 2318 1333 2389 juvencularum
1357 2317 1603 2388 tympanistriarum
1618 2317 1720 2389 princi·

917 2420 965 2475 pes
987 2407 1193 2478 conjunguntur
1217 2405 1393 2477 psallentibus
1408 2424 1415 2460 :
1432 2405 1469 2460 ibi
1483 2405 1510 2461 in
1521 2421 1632 2463 excessu
1647 2422 1722 2462 men·

918 2492 951 2548 tis
977 2493 1116 2562 Beniamin
1143 2493 1462 2564 adolescentulusff'snl.
1492 2510 1576 2561 ιιιιιι,
1603 2498 1648 2561 26,
1664 2494 1720 2568 28).

917 2581 954 2636 ibi
974 2590 1082 2637 resonat
1097 2583 1213 2639 coetesrts
1229 2582 1307 2638 simul
1321 2590 1480 2639 concentus.
1496 2583 1535 2638 lbi
1556 2592 1619 2639 sunt
1638 2584 1720 2640 Sera·

65 2683 139 2738 sunt,
169 2673 280 2728 arbores
304 2673 488 2739 autumnales,
508 2673 659 2742 eradicata,
677 2673 717 2727 bis
740 2679 862 2738 mortuae,
917 2669 1003 2740 pbim,
1019 2670 1143 2741 Sanctus,
1168 2681 1287 2739 sauctus,
1313 2679 1423 2727 sanctus
1441 2672 1594 2738 clamantia,
1614 2681 1641 2729 et
1655 2673 1722 2731 Che·

68 2761 131 2815 lacti
162 2763 252 2816 bostes
276 2761 302 2815 in
321 2761 419 2830 capite,
436 2761 482 2832 qui
512 2761 610 2819 docere
623 2762 772 2817 debuerant
794 2762 864 2818 viam

67 2850 138 2906 rita.
155 2851 208 2906 ll'os
222 2855 319 2906 cutem
329 2852 508 2923 sperabamus
518 2851 591 2923 quod
604 2854 662 2924 ipse
676 2856 747 2908 esset
762 2851 867 2909 redem-
919 2847 1025 2903 cientis.
1048 2847 1088 2903 lbi
1109 2849 1228 2919 jubilant
1252 2864 1345 2905 omues
1361 2847 1409 2904 fibi
1423 2848 1485 2922 Dei,
1499 2850 1610 2906 laudant
1632 2850 1724 2908 Domi·

66 2946 170 3009 pluras
188 2941 282 2996 lsrael.
884 2935 905 3015 Β
920 2953 985 2991 num
1000 2936 1089 2993 sidera
1102 2939 1242 2993 matutina.
1259 2939 1318 3010 lpse
1331 2946 1358 2994 et
1372 2945 1434 2994 sunt
1443 2954 1505 2996 vere
1518 2940 1622 2996 similes
1631 2943 1724 3016 Ange·

106 3033 147 3084 lb.
159 3032 193 3085 b't
204 3046 283 3084 reterre
293 3045 377 3102 super
388 3029 641 3087 frecornrrintertia
652 3031 710 3087 dies
720 3035 866 3103 aterque
918 3026 962 3095 lis,
979 3042 1026 3096 per
1042 3027 1160 3083 studium
1176 3027 1306 3101 angelice
1321 3028 1546 3088 conversationis.
1561 3029 1631 3103 lpsis
1644 3045 1723 3088 coru·

69 3118 128 3176 brer
140 3121 218 3188 ruera
233 3124 311 3175 sent.
329 3118 418 3175 Prima
433 3119 501 3188 dies,
516 3134 568 3190 qua
581 3120 726 3177 cruciarus
740 3129 779 3176 est
792 3119 872 3174 Chri·
919 3115 1002 3170 atissa
1023 3124 1063 3171 est
1085 3116 1208 3173 custodia
1232 3119 1410 3185 monumenti,
1426 3117 1529 3175 scilicet
1545 3120 1723 3178 observantiae

67 3217 137 3274 stus,
165 3215 372 3279 persecutorum
387 3217 414 3264 et
429 3207 618 3265 baereticorum
636 3207 772 3281 signifieat
792 3216 864 3263 tem·
919 3204 1059 3275 regulares
1081 3206 1202 3263 claustri.
1217 3207 1420 3264 Monumentum
1437 3208 1508 3264 istud
1525 3207 1649 3266 Christus
1666 3226 1720 3269 nou

74 3314 135 3368 pus,
155 3297 201 3370 qui
216 3296 376 3370 primitivam
402 3297 553 3353 Ecclesiam
573 3305 765 3354 tormentorum
783 3313 863 3368 aspc-
919 3293 1030 3358 deserit,
1046 3295 1092 3366 qni
1121 3295 1262 3351 nobiscum
1276 3310 1305 3350 se
1334 3296 1458 3366 promisit
1488 3311 1549 3352 esse
1574 3313 1659 3370 usque
1686 3297 1722 3354 ad

69 3385 195 3442 rilotibus
210 3397 382 3450 vexaverunt,
407 3401 575 3458 quaecorpus
589 3394 631 3442 est
645 3385 716 3454 eJus.
744 3384 867 3440 Secunda
918 3382 1183 3439 consummationem
1211 3382 1304 3438 saeculi
1318 3403 1325 3441 :
1340 3391 1367 3438 et
1388 3393 1454 3441 tunc
1475 3399 1524 3439 nos
1552 3384 1657 3441 eamus
1677 3402 1724 3443 se·

68 3476 139 3546 dies,
156 3491 209 3548 qua
228 3477 349 3544 sepultus
368 3475 432 3541 fuit,
457 3483 564 3545 tempus
587 3472 685 3547 figurat
712 3473 866 3545 hypocrita·
917 3485 1069 3537 cum,cum
1085 3487 1134 3528 nos
1161 3471 1297 3542 acceperit
1311 3472 1388 3526 adse
1412 3472 1510 3542 ipsum.
1541 3472 1666 3530 Mulieres
1694 3489 1725 3532 ac

68 3580 128 3620 rum
145 3565 192 3637 qui
218 3563 354 3619 Christum
378 3561 456 3636 quasi
481 3563 615 3633 sepultum
637 3563 664 3617 in
690 3573 759 3617 terra
783 3577 866 3631 repu·
918 3557 1011 3615 dicunt
1032 3559 1176 3615 illumnon
1200 3557 1335 3615 invenisse
1352 3598 1359 3624 ,
1375 3559 1421 3614 sed
1446 3557 1580 3615 visionem
1600 3561 1724 3633 Angelo-

70 3665 137 3726 tant,
154 3653 266 3711 terrenis
281 3652 433 3711 commodis
448 3660 476 3708 et
496 3651 646 3709 honoribus
658 3650 802 3720 inhiantes,
819 3648 866 3722 qui
919 3663 980 3703 rum
995 3646 1103 3718 vidisse,
1123 3647 1170 3720 qui
1184 3647 1279 3704 dieunt
1298 3663 1362 3704 eum
1376 3648 1486 3719 vivere;
1503 3648 1608 3721 quoties
1631 3665 1725 3708 versa·

70 3744 171 3800 nullam
194 3743 246 3799 nisi
269 3752 384 3801 terrenae
408 3742 542 3799 felicitatis
561 3743 675 3815 gloriam
695 3757 744 3812 pro
759 3739 814 3796 suis
829 3741 866 3794 la·
919 3752 980 3793 mus
994 3735 1024 3792 in
1038 3736 1249 3809 cogitationibus
1272 3737 1382 3802 nostris,
1397 3737 1460 3810 quia
1474 3737 1525 3794 etsi
1538 3746 1599 3794 snut
1613 3740 1724 3797 veresi-

71 3834 183 3890 boribns
205 3841 371 3905 exspectant.
399 3834 487 3905 Super
504 3832 563 3888 baec
590 3831 682 3888 omnia
705 3829 782 3887 tertia
809 3828 867 3886 dies
919 3826 998 3883 miles
1021 3826 1132 3899 Angelis
1154 3826 1200 3899 qui
1215 3825 1250 3882 dc
1265 3825 1308 3882 die
1332 3827 1360 3882 in
1382 3827 1464 3895 diem,
1480 3835 1507 3885 et
1520 3829 1547 3884 in
1568 3837 1645 3886 nocte
1667 3830 1725 3885 lan·

69 3932 120 3992 est,
136 3924 163 3979 in
182 3924 381 3995 quodebemus
396 3921 756 3995 aliudgraviuspericulum
780 3919 867 3976 cousi·
918 3917 980 3972 dem
999 3915 1106 3972 Domini
1129 3916 1272 3973 decantant
1285 3916 1313 3972 in
1338 3915 1427 3985 terris,
1443 3918 1512 3975 sicut
1534 3918 1575 3974 illi
1590 3919 1723 3986 incaelis:

69 4015 175 4078 derare,
201 4010 304 4068 scilicet
326 4012 352 4066 in
375 4011 450 4068 falsis
472 4009 611 4067 fratribus.
627 4013 661 4067 Et
675 4011 703 4066 in
723 4011 772 4067 bac
789 4009 867 4066 tertia
918 4019 972 4083 pon
997 4012 1087 4061 umen
1117 4005 1258 4079 possident
1284 4006 1398 4080 gloriam
1421 4015 1529 4064 aeternac
1553 4007 1726 4082 beaotudini,

70 4102 114 4155 dic
143 4101 266 4155 Cbristus
295 4100 422 4156 debuerat
450 4100 643 4171 resurrexisse,
668 4099 732 4171 quia
750 4100 866 4171 putaba-
920 4110 1025 4150 summa
1049 4097 1189 4153 sanctitate
1212 4103 1408 4152 consummata.
1433 4097 1601 4163 Paululum,
1625 4097 1723 4168 inquit,

72 4206 134 4245 ntus
152 4189 192 4242 bis
206 4187 303 4244 diebus
316 4188 416 4257 ubique
430 4187 546 4243 diffundi
561 4189 683 4245 virtutem
698 4204 770 4245 verte
790 4187 865 4258 fidei,
920 4201 987 4242 cum
1001 4186 1222 4258 pertransissem
1237 4200 1292 4250 eos,
1312 4188 1408 4244 inveni
1425 4202 1509 4257 quem
1528 4185 1725 4258 diligitonimn

71 4290 99 4336 et
114 4295 163 4351 per
193 4280 253 4335 loca
277 4276 405 4352 religiosa
426 4276 565 4334 charitatis
586 4277 677 4334 radios
699 4278 813 4344 dilatari,
836 4284 867 4333 ut
919 4276 1166 4346 mecfssnnticmu,
1180 4275 1724 4346 b).Scdquidestquoddioitur‚tcrrue·

74 4378 134 4442 post
148 4369 264 4426 Orionis
277 4376 304 4424 et
319 4367 427 4440 llyadas
450 4376 609 4438 apparerent
626 4366 752 4423 interiora
772 4365 865 4422 austri.
920 4368 990 4420 ruat
1004 4363 1081 4423 nos?
1099 4366 1160 4420 Non
1174 4371 1216 4420 est
1230 4371 1314 4418 terror
1327 4363 1372 4434 qui
1386 4364 1496 4418 incutiat
1510 4364 1660 4431 horrorem,
1674 4363 1723 4436 sad

71 4461 123 4516 Sed
137 4460 197 4531 quia
212 4474 281 4530 pene
295 4473 388 4515 omnes
401 4455 612 4525 declinaverunt,
633 4463 660 4513 et
672 4456 761 4512 adbuc
775 4455 802 4510 in
816 4452 869 4509 ini·
922 4450 969 4522 qui
985 4465 1084 4527 novam
1098 4450 1189 4507 cordis
1204 4451 1334 4522 parturiat
1346 4451 1552 4508 exsultationem
1571 4452 1615 4508 tel
1635 4451 1724 4509 admi·

72 4549 219 4623 quitatibus
238 4549 294 4603 suis
316 4547 452 4603 Cbristum
479 4545 649 4619 crucifigunt,
673 4543 762 4603 863
784 4559 867 4615 super
920 4539 1063 4596 rationem.
1089 4541 1160 4596 Dum
1183 4541 1254 4595 enim
1269 4538 1421 4612 cogitamus
1435 4557 1516 4612 quam
1544 4540 1636 4597 felices
1650 4541 1724 4598 deli·

67 4643 125 4695 laec
145 4638 234 4695 omnia
249 4637 382 4705 dolemus,
398 4637 461 4709 quia
476 4639 553 4693 tertia
566 4636 625 4692 dies
638 4645 680 4692 cst
693 4651 725 4693 ex
740 4649 794 4707 quo
810 4635 867 4690 buc
919 4630 968 4686 ciae
981 4630 1118 4686 abundant
1136 4631 1164 4685 in
1188 4627 1316 4698 claustro,
1337 4645 1419 4729 suppr
1440 4631 1492 4687 bos
1509 4630 1664 4705 expavescit
1677 4644 1728 4690 cot·

66 4727 157 4785 onrrria
171 4727 241 4782 facta
255 4734 327 4785 sunt.
922 4730 1054 4790 nostrum,
1075 4727 1101 4776 et
1128 4718 1244 4793 quadam
1271 4718 1342 4777 dulci
1370 4722 1520 4778 reverentia
1547 4731 1670 4781 movetur
1691 4721 1726 4779 de

108 4820 150 4871 lb.
161 4817 212 4874 Sed
221 4820 249 4872 et
261 4818 394 4874 merlierrs
404 4816 535 4889 quedem
545 4816 694 4873 excestria
703 4814 869 4872 terruerant
922 4811 984 4866 loco
996 4825 1057 4867 suo.

66 4924 127 4973 reos,
137 4907 368 4978 ‹prrornrrteloeem
373 4905 533 4977 fueruntne
541 4908 769 4978 monumentum,
777 4906 870 4961 etrrorr
962 4903 1004 4955 ll.
1019 4902 1056 4956 ut
1068 4901 1202 4959 abierunt
1217 4899 1331 4973 quidum
1340 4915 1377 4957 erc
1391 4902 1496 4957 nostru
1510 4901 1545 4956 cd
1558 4917 1725 4959 monumn-

71 4994 872 5067 r'nuerrtecorporeejosconcrematarumaeetiameisio·
925 4991 1726 5063 tentetitoineenerurttsicutmnlr'eresdiscreparem
1776 5043 1780 5050 .

73 5103 138 5141 uem
151 5086 317 5156 lrrprlorerrr
327 5085 770 5157 reatae,predicentenmvtnere.
784 5081 874 5138 liutic-
925 5083 1022 5137 nutent
1031 5081 1280 5137 aoniauenerunt.
1291 5080 1428 5137 atterunt
1438 5079 1554 5155 paidom
1563 5096 1599 5137 ea
1609 5081 1726 5149 nostrie,

71 5189 117 5231 res
142 5174 192 5245 pias
207 5182 269 5227 srmt
288 5173 477 5244 cogitationes.
500 5173 550 5228 Per
572 5181 773 5230 monumentum
794 5172 872 5228 clau·
926 5169 973 5225 lsti
987 5179 1050 5226 sttnt
1071 5168 1185 5226 affectus
1200 5168 1333 5240 religiosae
1356 5171 1462 5238 mentis,
1478 5168 1640 5241 quiomnio,
1660 5170 1729 5226 sicut

74 5274 161 5320 strum
189 5263 388 5334 Religiosorum
409 5269 498 5334 potest
520 5262 642 5337 intelligi,
657 5262 684 5318 in
709 5274 876 5334 quesumus
927 5258 1062 5328 mulieres,
1092 5259 1240 5325 inveniunt,
1266 5274 1320 5313 non
1344 5265 1431 5312 amau
1460 5264 1642 5330 revertuntur,
1661 5258 1727 5316 sicar

79 5352 187 5410 Christo
203 5369 250 5424 per
266 5351 457 5422 temporalium
470 5352 676 5410 delectationum
694 5349 874 5407 mortificatio·
928 5349 964 5405 de
977 5346 1138 5404 mulieribus
1156 5346 1262 5419 legitur.
1279 5347 1393 5416 Quando
1408 5344 1481 5402 enim
1504 5346 1569 5403 solis
1587 5347 1728 5422 cogitatio·

78 5459 155 5510 nem,
172 5449 200 5497 et
224 5449 322 5498 sancta
348 5441 525 5513 professionis
551 5441 683 5501 vinculum
713 5438 876 5514 consepulti.
930 5437 1009 5495 nibus
1036 5437 1071 5493 do
1092 5450 1185 5492 amore
1212 5435 1353 5509 religionis
1380 5442 1525 5492 tractamus
1548 5437 1579 5492 iu
1605 5436 1733 5495 cordibus

79 5535 156 5590 Tunc
184 5533 310 5590 mulieres
334 5531 435 5590 vadunt
460 5533 494 5588 sd
520 5536 722 5590 monumentum
753 5545 877 5602 quarere
931 5527 1043 5595 uostris,
1070 5523 1196 5583 mrrlieres
1223 5525 1257 5581 ud
1280 5532 1486 5583 monumentum
1513 5527 1614 5584 vadunt
1638 5538 1667 5584 et
1687 5541 1732 5583 re-

918 2759 1005 2814 rubim
1019 2775 1081 2816 sese
1102 2760 1189 2816 versis
1210 2760 1329 2817 vultibus
1351 2760 1380 2814 in
1403 2761 1608 2831 propitiatorum
1633 2762 1723 2833 respi·
1821 2798 1824 2803 ,
