<?xml version="1.0" encoding="UTF-8"?>
<!DOCTYPE html PUBLIC "-//W3C//DTD XHTML 1.0 Transitional//EN"
    "http://www.w3.org/TR/xhtml1/DTD/xhtml1-transitional.dtd">
<html xmlns="http://www.w3.org/1999/xhtml" xml:lang="en" lang="en">
 <head>
  <title>
</title>
<meta http-equiv="Content-Type" content="text/html;charset=utf-8" />
  <meta name='ocr-system' content='tesseract 3.04.00' />
  <meta name='ocr-capabilities' content='ocr_page ocr_carea ocr_par ocr_line ocrx_word'/>
</head>
<body>
  <div class='ocr_page' id='page_1' title='image "./patrologiaecurs00unkngoog_0057.png"; bbox 0 0 3706 5962; ppageno 0'>
   <div class='ocr_carea' id='block_1_1' title="bbox 55 205 1739 428">
    <p class='ocr_par' dir='ltr' id='par_1_1' title="bbox 55 205 1739 428">
     <span class='ocr_line' id='line_1_1' title="bbox 57 205 1739 285; baseline 0.005 -21"><span class='ocrx_word' id='word_1_1' title='bbox 57 214 97 280; x_wconf 75' lang='lat'>101</span> <span class='ocrx_word' id='word_1_2' title='bbox 677 207 710 270; x_wconf 86' lang='lat' dir='ltr'>tlt</span> <span class='ocrx_word' id='word_1_3' title='bbox 729 205 869 270; x_wconf 78' lang='lat' dir='ltr'>ctttlct</span> <span class='ocrx_word' id='word_1_4' title='bbox 887 206 995 271; x_wconf 76' lang='lat' dir='ltr'>stato</span> <span class='ocrx_word' id='word_1_5' title='bbox 1014 206 1082 285; x_wconf 71' lang='lat' dir='ltr'>lill-¹</span> <span class='ocrx_word' id='word_1_6' title='bbox 1648 219 1700 282; x_wconf 71' lang='lat' dir='ltr'>toll</span> <span class='ocrx_word' id='word_1_7' title='bbox 1734 207 1739 215; x_wconf 85' lang='lat'>&#39;</span> 
     </span>
     <span class='ocr_line' id='line_1_2' title="bbox 55 330 1700 428; baseline 0.003 -31"><span class='ocrx_word' id='word_1_8' title='bbox 55 340 175 399; x_wconf 66' lang='lat' dir='ltr'>retecta</span> <span class='ocrx_word' id='word_1_9' title='bbox 196 333 310 395; x_wconf 86' lang='lat' dir='ltr'>dilectio</span> <span class='ocrx_word' id='word_1_10' title='bbox 324 339 444 391; x_wconf 80' lang='lat' dir='ltr'>mentem</span> <span class='ocrx_word' id='word_1_11' title='bbox 458 330 487 389; x_wconf 91' lang='lat' dir='ltr'>in</span> <span class='ocrx_word' id='word_1_12' title='bbox 500 330 619 393; x_wconf 84' lang='lat' dir='ltr'>solidmn</span> <span class='ocrx_word' id='word_1_13' title='bbox 633 332 763 404; x_wconf 86' lang='lat' dir='ltr'>possidet,</span> <span class='ocrx_word' id='word_1_14' title='bbox 787 338 853 390; x_wconf 84' lang='lat' dir='ltr'>om-&#39;</span> <span class='ocrx_word' id='word_1_15' title='bbox 866 348 890 428; x_wconf 59' lang='grc' dir='ltr'><strong>Α</strong></span> <span class='ocrx_word' id='word_1_16' title='bbox 906 333 1075 406; x_wconf 86' lang='lat' dir='ltr'>obsequendi</span> <span class='ocrx_word' id='word_1_17' title='bbox 1086 334 1239 393; x_wconf 87' lang='lat' dir='ltr'>necessitas</span> <span class='ocrx_word' id='word_1_18' title='bbox 1247 338 1311 408; x_wconf 84' lang='lat' dir='ltr'>jure</span> <span class='ocrx_word' id='word_1_19' title='bbox 1325 337 1498 409; x_wconf 91' lang='lat' dir='ltr'>conditionis,</span> <span class='ocrx_word' id='word_1_20' title='bbox 1514 343 1564 399; x_wconf 88' lang='lat' dir='ltr'>sed</span> <span class='ocrx_word' id='word_1_21' title='bbox 1574 347 1700 402; x_wconf 84' lang='lat' dir='ltr'>necessi-</span> 
     </span>
    </p>
   </div>
   <div class='ocr_carea' id='block_1_2' title="bbox 10 420 1719 5564">
    <p class='ocr_par' dir='ltr' id='par_1_2' title="bbox 10 420 1719 5564">
     <span class='ocr_line' id='line_1_3' title="bbox 53 420 1698 506; baseline 0.003 -19"><span class='ocrx_word' id='word_1_22' title='bbox 53 428 158 487; x_wconf 83' lang='lat' dir='ltr'>nitsoli</span> <span class='ocrx_word' id='word_1_23' title='bbox 173 427 232 483; x_wconf 87' lang='lat' dir='ltr'>sibi</span> <span class='ocrx_word' id='word_1_24' title='bbox 244 423 359 496; x_wconf 78' lang='lat' dir='ltr'>Justitiae</span> <span class='ocrx_word' id='word_1_25' title='bbox 381 436 496 477; x_wconf 89' lang='lat' dir='ltr'>munere</span> <span class='ocrx_word' id='word_1_26' title='bbox 519 420 644 492; x_wconf 88' lang='lat' dir='ltr'>deputari</span> <span class='ocrx_word' id='word_1_27' title='bbox 666 420 772 479; x_wconf 85' lang='lat' dir='ltr'>volens.</span> <span class='ocrx_word' id='word_1_28' title='bbox 795 422 849 477; x_wconf 86' lang='lat' dir='ltr'>Fri·</span> <span class='ocrx_word' id='word_1_29' title='bbox 905 428 986 478; x_wconf 90' lang='lat' dir='ltr'>tatem</span> <span class='ocrx_word' id='word_1_30' title='bbox 998 423 1105 494; x_wconf 88' lang='lat' dir='ltr'>ignorat</span> <span class='ocrx_word' id='word_1_31' title='bbox 1119 423 1230 480; x_wconf 85' lang='lat' dir='ltr'>libertas</span> <span class='ocrx_word' id='word_1_32' title='bbox 1240 425 1403 483; x_wconf 89' lang='lat' dir='ltr'>dilectionis.</span> <span class='ocrx_word' id='word_1_33' title='bbox 1414 428 1487 497; x_wconf 92' lang='lat' dir='ltr'>Quid</span> <span class='ocrx_word' id='word_1_34' title='bbox 1496 438 1537 485; x_wconf 86' lang='grc' dir='ltr'>εει</span> <span class='ocrx_word' id='word_1_35' title='bbox 1547 432 1628 490; x_wconf 90' lang='lat' dir='ltr'>timor</span> <span class='ocrx_word' id='word_1_36' title='bbox 1642 433 1698 506; x_wconf 85' lang='lat' dir='ltr'>ille,</span> 
     </span>
     <span class='ocr_line' id='line_1_4' title="bbox 51 509 1700 595; baseline 0.003 -22"><span class='ocrx_word' id='word_1_37' title='bbox 51 518 123 593; x_wconf 73' lang='lat' dir='ltr'>gidus</span> <span class='ocrx_word' id='word_1_38' title='bbox 137 519 228 571; x_wconf 89' lang='lat' dir='ltr'>timor</span> <span class='ocrx_word' id='word_1_39' title='bbox 243 521 293 578; x_wconf 75' lang='lat' dir='ltr'>est,</span> <span class='ocrx_word' id='word_1_40' title='bbox 311 519 340 568; x_wconf 91' lang='lat' dir='ltr'>et</span> <span class='ocrx_word' id='word_1_41' title='bbox 353 510 433 583; x_wconf 88' lang='lat' dir='ltr'>pigre</span> <span class='ocrx_word' id='word_1_42' title='bbox 456 509 567 575; x_wconf 78' lang='lat' dir='ltr'><strong>incedit,</strong></span> <span class='ocrx_word' id='word_1_43' title='bbox 585 510 651 565; x_wconf 86' lang='lat' dir='ltr'>setis</span> <span class='ocrx_word' id='word_1_44' title='bbox 667 510 772 566; x_wconf 90' lang='lat' dir='ltr'>babens</span> <span class='ocrx_word' id='word_1_45' title='bbox 787 517 851 566; x_wconf 89' lang='lat' dir='ltr'>tan·</span> <span class='ocrx_word' id='word_1_46' title='bbox 904 510 957 566; x_wconf 86' lang='lat' dir='ltr'>nisi</span> <span class='ocrx_word' id='word_1_47' title='bbox 972 512 1132 569; x_wconf 86' lang='lat' dir='ltr'>temeritatis</span> <span class='ocrx_word' id='word_1_48' title='bbox 1145 521 1174 570; x_wconf 91' lang='lat' dir='ltr'>et</span> <span class='ocrx_word' id='word_1_49' title='bbox 1187 514 1362 588; x_wconf 72' lang='lat' dir='ltr'>negligentis</span> <span class='ocrx_word' id='word_1_50' title='bbox 1376 516 1465 589; x_wconf 79' lang='lat' dir='ltr'>magis</span> <span class='ocrx_word' id='word_1_51' title='bbox 1478 519 1602 590; x_wconf 80' lang='lat' dir='ltr'>privatio,</span> <span class='ocrx_word' id='word_1_52' title='bbox 1618 538 1700 595; x_wconf 88' lang='lat' dir='ltr'>quam</span> 
     </span>
     <span class='ocr_line' id='line_1_5' title="bbox 51 597 1702 682; baseline 0.002 -20"><span class='ocrx_word' id='word_1_53' title='bbox 51 618 98 665; x_wconf 82' lang='lat' dir='ltr'>mm</span> <span class='ocrx_word' id='word_1_54' title='bbox 114 607 235 677; x_wconf 86' lang='lat' dir='ltr'>impune</span> <span class='ocrx_word' id='word_1_55' title='bbox 250 601 381 660; x_wconf 78' lang='lat' dir='ltr'>eradere.</span> <span class='ocrx_word' id='word_1_56' title='bbox 399 602 483 654; x_wconf 80' lang='lat' dir='ltr'>Amor</span> <span class='ocrx_word' id='word_1_57' title='bbox 497 597 635 654; x_wconf 81' lang='lat' dir='ltr'>fastidium</span> <span class='ocrx_word' id='word_1_58' title='bbox 652 599 748 663; x_wconf 84' lang='lat' dir='ltr'>nescit,</span> <span class='ocrx_word' id='word_1_59' title='bbox 768 598 851 656; x_wconf 80' lang='lat' dir='ltr'>serri-</span> <span class='ocrx_word' id='word_1_60' title='bbox 905 599 1075 655; x_wconf 87' lang='lat' dir='ltr'>necessitatis</span> <span class='ocrx_word' id='word_1_61' title='bbox 1098 601 1222 657; x_wconf 80' lang='lat' dir='ltr'>coactio?</span> <span class='ocrx_word' id='word_1_62' title='bbox 1238 602 1318 659; x_wconf 80' lang='lat' dir='ltr'>vides</span> <span class='ocrx_word' id='word_1_63' title='bbox 1334 613 1463 676; x_wconf 85' lang='lat' dir='ltr'>quantum</span> <span class='ocrx_word' id='word_1_64' title='bbox 1487 605 1568 663; x_wconf 91' lang='lat' dir='ltr'>timor</span> <span class='ocrx_word' id='word_1_65' title='bbox 1585 608 1638 665; x_wconf 91' lang='lat' dir='ltr'>iste</span> <span class='ocrx_word' id='word_1_66' title='bbox 1652 625 1702 682; x_wconf 90' lang='lat' dir='ltr'>ap-</span> 
     </span>
     <span class='ocr_line' id='line_1_6' title="bbox 50 688 1701 767; baseline 0.002 -15"><span class='ocrx_word' id='word_1_67' title='bbox 50 697 92 752; x_wconf 82' lang='lat' dir='ltr'>lns</span> <span class='ocrx_word' id='word_1_68' title='bbox 105 702 163 759; x_wconf 87' lang='lat' dir='ltr'>est,</span> <span class='ocrx_word' id='word_1_69' title='bbox 180 701 212 750; x_wconf 95' lang='lat' dir='ltr'>et</span> <span class='ocrx_word' id='word_1_70' title='bbox 231 692 260 747; x_wconf 93' lang='lat' dir='ltr'>in</span> <span class='ocrx_word' id='word_1_71' title='bbox 285 688 422 746; x_wconf 75' lang='lat' dir='ltr'><strong>anteriora</strong></span> <span class='ocrx_word' id='word_1_72' title='bbox 446 694 591 743; x_wconf 86' lang='lat' dir='ltr'>extentus:</span> <span class='ocrx_word' id='word_1_73' title='bbox 617 695 704 744; x_wconf 86' lang='lat' dir='ltr'>metus</span> <span class='ocrx_word' id='word_1_74' title='bbox 724 696 853 743; x_wconf 88' lang='lat' dir='ltr'>contrac·</span> <span class='ocrx_word' id='word_1_75' title='bbox 905 688 1039 758; x_wconf 87' lang='lat' dir='ltr'>proximat</span> <span class='ocrx_word' id='word_1_76' title='bbox 1049 688 1084 743; x_wconf 92' lang='lat' dir='ltr'>ad</span> <span class='ocrx_word' id='word_1_77' title='bbox 1093 691 1270 746; x_wconf 78' lang='lat' dir='ltr'>charitatem?</span> <span class='ocrx_word' id='word_1_78' title='bbox 1280 707 1350 763; x_wconf 86' lang='lat' dir='ltr'>pene</span> <span class='ocrx_word' id='word_1_79' title='bbox 1362 692 1406 748; x_wconf 91' lang='lat' dir='ltr'>illa</span> <span class='ocrx_word' id='word_1_80' title='bbox 1421 702 1473 759; x_wconf 90' lang='lat' dir='ltr'>est,</span> <span class='ocrx_word' id='word_1_81' title='bbox 1486 697 1534 751; x_wconf 87' lang='lat' dir='ltr'>sod</span> <span class='ocrx_word' id='word_1_82' title='bbox 1550 697 1631 767; x_wconf 90' lang='lat' dir='ltr'>plene</span> <span class='ocrx_word' id='word_1_83' title='bbox 1646 715 1701 755; x_wconf 90' lang='lat' dir='ltr'>non</span> 
     </span>
     <span class='ocr_line' id='line_1_7' title="bbox 48 774 1700 856; baseline 0.004 -18"><span class='ocrx_word' id='word_1_84' title='bbox 48 786 103 849; x_wconf 84' lang='lat' dir='ltr'>tior,</span> <span class='ocrx_word' id='word_1_85' title='bbox 120 780 297 841; x_wconf 85' lang='lat' dir='ltr'>necessitate</span> <span class='ocrx_word' id='word_1_86' title='bbox 317 785 422 834; x_wconf 89' lang='lat' dir='ltr'>tantum</span> <span class='ocrx_word' id='word_1_87' title='bbox 434 775 549 845; x_wconf 82' lang='lat' dir='ltr'>justitiae</span> <span class='ocrx_word' id='word_1_88' title='bbox 564 775 640 831; x_wconf 89' lang='lat' dir='ltr'>subit</span> <span class='ocrx_word' id='word_1_89' title='bbox 652 774 753 833; x_wconf 86' lang='lat' dir='ltr'>ollicia.</span> <span class='ocrx_word' id='word_1_90' title='bbox 768 779 852 831; x_wconf 74' lang='lat' dir='ltr'>rimor</span> <span class='ocrx_word' id='word_1_91' title='bbox 906 783 956 831; x_wconf 90' lang='grc' dir='ltr'><strong>εει.</strong></span> <span class='ocrx_word' id='word_1_92' title='bbox 973 776 1062 832; x_wconf 90' lang='lat' dir='ltr'>Causa</span> <span class='ocrx_word' id='word_1_93' title='bbox 1071 776 1163 845; x_wconf 90' lang='lat' dir='ltr'>distat,</span> <span class='ocrx_word' id='word_1_94' title='bbox 1179 794 1228 849; x_wconf 88' lang='lat' dir='ltr'>par</span> <span class='ocrx_word' id='word_1_95' title='bbox 1242 786 1284 836; x_wconf 89' lang='lat' dir='ltr'>est</span> <span class='ocrx_word' id='word_1_96' title='bbox 1295 779 1407 837; x_wconf 77' lang='lat' dir='ltr'>affectu.</span> <span class='ocrx_word' id='word_1_97' title='bbox 1418 781 1524 850; x_wconf 79' lang='lat' dir='ltr'>Quaeris</span> <span class='ocrx_word' id='word_1_98' title='bbox 1535 799 1588 856; x_wconf 90' lang='lat' dir='ltr'>qua</span> <span class='ocrx_word' id='word_1_99' title='bbox 1599 788 1700 843; x_wconf 74' lang='lat' dir='ltr'>cansa?</span> 
     </span>
     <span class='ocr_line' id='line_1_8' title="bbox 48 863 1701 946; baseline 0.003 -18"><span class='ocrx_word' id='word_1_100' title='bbox 48 872 187 946; x_wconf 81' lang='lat' dir='ltr'>perfectus</span> <span class='ocrx_word' id='word_1_101' title='bbox 200 868 254 925; x_wconf 90' lang='lat' dir='ltr'>soli</span> <span class='ocrx_word' id='word_1_102' title='bbox 271 866 345 940; x_wconf 87' lang='lat' dir='ltr'>quod</span> <span class='ocrx_word' id='word_1_103' title='bbox 364 864 423 938; x_wconf 89' lang='lat' dir='ltr'>agit</span> <span class='ocrx_word' id='word_1_104' title='bbox 446 864 529 919; x_wconf 88' lang='lat' dir='ltr'>debet</span> <span class='ocrx_word' id='word_1_105' title='bbox 547 863 671 935; x_wconf 69' lang='lat' dir='ltr'>justitiis,</span> <span class='ocrx_word' id='word_1_106' title='bbox 688 864 755 919; x_wconf 81' lang='lat' dir='ltr'>nihil</span> <span class='ocrx_word' id='word_1_107' title='bbox 776 863 805 918; x_wconf 92' lang='lat' dir='ltr'>in</span> <span class='ocrx_word' id='word_1_108' title='bbox 819 877 854 918; x_wconf 88' lang='lat' dir='ltr'>ea</span> <span class='ocrx_word' id='word_1_109' title='bbox 906 863 1044 920; x_wconf 78' lang='lat' dir='ltr'>Inferioris</span> <span class='ocrx_word' id='word_1_110' title='bbox 1055 866 1218 922; x_wconf 88' lang='lat' dir='ltr'>conditionis</span> <span class='ocrx_word' id='word_1_111' title='bbox 1228 877 1355 939; x_wconf 87' lang='lat' dir='ltr'>respectu</span> <span class='ocrx_word' id='word_1_112' title='bbox 1365 870 1535 942; x_wconf 87' lang='lat' dir='ltr'>obsequendi</span> <span class='ocrx_word' id='word_1_113' title='bbox 1546 873 1581 928; x_wconf 88' lang='lat' dir='ltr'>ad</span> <span class='ocrx_word' id='word_1_114' title='bbox 1591 890 1701 932; x_wconf 86' lang='lat' dir='ltr'>omnem</span> 
     </span>
     <span class='ocr_line' id='line_1_9' title="bbox 44 951 1702 1033; baseline 0.001 -15"><span class='ocrx_word' id='word_1_115' title='bbox 44 962 111 1033; x_wconf 78' lang='lat' dir='ltr'>juris</span> <span class='ocrx_word' id='word_1_116' title='bbox 130 959 298 1030; x_wconf 85' lang='lat' dir='ltr'>relinquens</span> <span class='ocrx_word' id='word_1_117' title='bbox 315 954 415 1011; x_wconf 73' lang='lat' dir='ltr'>dmori.</span> <span class='ocrx_word' id='word_1_118' title='bbox 430 951 555 1022; x_wconf 73' lang='lat' dir='ltr'>Quidni?</span> <span class='ocrx_word' id='word_1_119' title='bbox 568 954 609 1007; x_wconf 77' lang='lat' dir='ltr'>dn</span> <span class='ocrx_word' id='word_1_120' title='bbox 631 968 686 1009; x_wconf 90' lang='lat' dir='ltr'>non</span> <span class='ocrx_word' id='word_1_121' title='bbox 701 951 768 1008; x_wconf 89' lang='lat' dir='ltr'>satis</span> <span class='ocrx_word' id='word_1_122' title='bbox 782 952 810 1008; x_wconf 90' lang='lat' dir='ltr'>in</span> <span class='ocrx_word' id='word_1_123' title='bbox 824 968 853 1008; x_wconf 91' lang='lat' dir='ltr'>se</span> <span class='ocrx_word' id='word_1_124' title='bbox 906 960 1001 1008; x_wconf 90' lang='lat' dir='ltr'>nutum</span> <span class='ocrx_word' id='word_1_125' title='bbox 1015 962 1097 1010; x_wconf 79' lang='lat' dir='ltr'>tantae</span> <span class='ocrx_word' id='word_1_126' title='bbox 1115 956 1258 1025; x_wconf 88' lang='lat' dir='ltr'>majestati.</span> <span class='ocrx_word' id='word_1_127' title='bbox 1275 957 1410 1013; x_wconf 77' lang='lat' dir='ltr'>Incumbit</span> <span class='ocrx_word' id='word_1_128' title='bbox 1429 958 1477 1014; x_wconf 92' lang='lat' dir='ltr'>tibi</span> <span class='ocrx_word' id='word_1_129' title='bbox 1489 961 1563 1031; x_wconf 78' lang='lat' dir='ltr'>J‘usta</span> <span class='ocrx_word' id='word_1_130' title='bbox 1577 965 1702 1020; x_wconf 88' lang='lat' dir='ltr'>necessi-</span> 
     </span>
     <span class='ocr_line' id='line_1_10' title="bbox 47 1040 1701 1123; baseline 0.001 -16"><span class='ocrx_word' id='word_1_131' title='bbox 47 1050 154 1107; x_wconf 88' lang='lat' dir='ltr'>obtinet</span> <span class='ocrx_word' id='word_1_132' title='bbox 171 1046 264 1103; x_wconf 89' lang='lat' dir='ltr'>meriti</span> <span class='ocrx_word' id='word_1_133' title='bbox 278 1044 315 1100; x_wconf 91' lang='lat' dir='ltr'>ad</span> <span class='ocrx_word' id='word_1_134' title='bbox 328 1058 409 1099; x_wconf 90' lang='lat' dir='ltr'>omne</span> <span class='ocrx_word' id='word_1_135' title='bbox 425 1043 528 1099; x_wconf 88' lang='lat' dir='ltr'>bonnm</span> <span class='ocrx_word' id='word_1_136' title='bbox 546 1057 616 1112; x_wconf 91' lang='lat' dir='ltr'>opus</span> <span class='ocrx_word' id='word_1_137' title='bbox 629 1040 758 1111; x_wconf 78' lang='lat' dir='ltr'>justitia?</span> <span class='ocrx_word' id='word_1_138' title='bbox 771 1040 853 1096; x_wconf 87' lang='lat' dir='ltr'>Chri·</span> <span class='ocrx_word' id='word_1_139' title='bbox 907 1047 958 1108; x_wconf 88' lang='lat' dir='ltr'>tas,</span> <span class='ocrx_word' id='word_1_140' title='bbox 974 1042 1024 1098; x_wconf 90' lang='lat' dir='ltr'>sed</span> <span class='ocrx_word' id='word_1_141' title='bbox 1037 1043 1071 1098; x_wconf 85' lang='lat' dir='ltr'>nd</span> <span class='ocrx_word' id='word_1_142' title='bbox 1094 1059 1203 1099; x_wconf 89' lang='lat' dir='ltr'>causam</span> <span class='ocrx_word' id='word_1_143' title='bbox 1227 1045 1309 1101; x_wconf 89' lang='lat' dir='ltr'>istam</span> <span class='ocrx_word' id='word_1_144' title='bbox 1329 1046 1449 1103; x_wconf 86' lang='lat' dir='ltr'>charitas</span> <span class='ocrx_word' id='word_1_145' title='bbox 1464 1065 1519 1105; x_wconf 89' lang='lat' dir='ltr'>non</span> <span class='ocrx_word' id='word_1_146' title='bbox 1539 1061 1676 1123; x_wconf 88' lang='lat' dir='ltr'>respectat</span> <span class='ocrx_word' id='word_1_147' title='bbox 1692 1069 1701 1108; x_wconf 75' lang='grc' dir='ltr'><strong>ε</strong></span> 
     </span>
     <span class='ocr_line' id='line_1_11' title="bbox 47 1128 1703 1207; baseline 0.001 -13"><span class='ocrx_word' id='word_1_148' title='bbox 47 1147 102 1194; x_wconf 66' lang='lat' dir='ltr'>ans</span> <span class='ocrx_word' id='word_1_149' title='bbox 117 1137 199 1194; x_wconf 90' lang='lat' dir='ltr'>enim</span> <span class='ocrx_word' id='word_1_150' title='bbox 213 1133 293 1191; x_wconf 86' lang='lat' dir='ltr'>nobis</span> <span class='ocrx_word' id='word_1_151' title='bbox 307 1131 398 1188; x_wconf 85' lang='lat' dir='ltr'>lactus</span> <span class='ocrx_word' id='word_1_152' title='bbox 412 1138 455 1186; x_wconf 90' lang='lat' dir='ltr'>est</span> <span class='ocrx_word' id='word_1_153' title='bbox 467 1129 581 1200; x_wconf 84' lang='lat' dir='ltr'>justitia.</span> <span class='ocrx_word' id='word_1_154' title='bbox 599 1129 670 1198; x_wconf 86' lang='lat' dir='ltr'>Quid</span> <span class='ocrx_word' id='word_1_155' title='bbox 682 1128 855 1202; x_wconf 76' lang='lat' dir='ltr'>ergoiChri·</span> <span class='ocrx_word' id='word_1_156' title='bbox 907 1128 1006 1186; x_wconf 83' lang='lat' dir='ltr'>divinae</span> <span class='ocrx_word' id='word_1_157' title='bbox 1025 1131 1147 1200; x_wconf 75' lang='lat' dir='ltr'>majestis</span> <span class='ocrx_word' id='word_1_158' title='bbox 1170 1132 1351 1191; x_wconf 80' lang='lat' dir='ltr'>admiratione</span> <span class='ocrx_word' id='word_1_159' title='bbox 1375 1136 1488 1207; x_wconf 85' lang='lat' dir='ltr'>rapitur,</span> <span class='ocrx_word' id='word_1_160' title='bbox 1504 1152 1560 1193; x_wconf 92' lang='lat' dir='ltr'>non</span> <span class='ocrx_word' id='word_1_161' title='bbox 1579 1141 1703 1196; x_wconf 90' lang='lat' dir='ltr'>contuitu</span> 
     </span>
     <span class='ocr_line' id='line_1_12' title="bbox 47 1216 1702 1297; baseline 0.001 -14"><span class='ocrx_word' id='word_1_162' title='bbox 47 1237 104 1283; x_wconf 85' lang='lat' dir='ltr'>stus</span> <span class='ocrx_word' id='word_1_163' title='bbox 134 1241 194 1282; x_wconf 91' lang='lat' dir='ltr'>non</span> <span class='ocrx_word' id='word_1_164' title='bbox 223 1223 292 1279; x_wconf 87' lang='lat' dir='ltr'>satis</span> <span class='ocrx_word' id='word_1_165' title='bbox 316 1222 344 1277; x_wconf 96' lang='lat' dir='ltr'>in</span> <span class='ocrx_word' id='word_1_166' title='bbox 367 1236 399 1276; x_wconf 87' lang='lat' dir='ltr'>se</span> <span class='ocrx_word' id='word_1_167' title='bbox 417 1219 502 1275; x_wconf 82' lang='lat' dir='ltr'>habet</span> <span class='ocrx_word' id='word_1_168' title='bbox 529 1219 600 1274; x_wconf 91' lang='lat' dir='ltr'>dotis</span> <span class='ocrx_word' id='word_1_169' title='bbox 618 1219 653 1275; x_wconf 90' lang='lat' dir='ltr'>ad</span> <span class='ocrx_word' id='word_1_170' title='bbox 668 1217 854 1290; x_wconf 74' lang='lat' dir='ltr'>placendum?</span> <span class='ocrx_word' id='word_1_171' title='bbox 907 1216 1008 1274; x_wconf 83' lang='lat' dir='ltr'>intimae</span> <span class='ocrx_word' id='word_1_172' title='bbox 1021 1219 1193 1275; x_wconf 88' lang='lat' dir='ltr'>conditionis.</span> <span class='ocrx_word' id='word_1_173' title='bbox 1209 1222 1281 1296; x_wconf 87' lang='lat' dir='ltr'>Ergo</span> <span class='ocrx_word' id='word_1_174' title='bbox 1304 1224 1439 1280; x_wconf 88' lang='lat' dir='ltr'>rationem</span> <span class='ocrx_word' id='word_1_175' title='bbox 1455 1241 1537 1297; x_wconf 87' lang='lat' dir='ltr'>quam</span> <span class='ocrx_word' id='word_1_176' title='bbox 1557 1227 1640 1284; x_wconf 90' lang='lat' dir='ltr'>timor</span> <span class='ocrx_word' id='word_1_177' title='bbox 1655 1245 1702 1284; x_wconf 89' lang='lat' dir='ltr'>re-</span> 
     </span>
     <span class='ocr_line' id='line_1_13' title="bbox 47 1305 1671 1387; baseline 0.001 -15"><span class='ocrx_word' id='word_1_178' title='bbox 47 1316 147 1372; x_wconf 74' lang='lat' dir='ltr'>Alieno</span> <span class='ocrx_word' id='word_1_179' title='bbox 162 1328 233 1386; x_wconf 87' lang='lat' dir='ltr'>ergo</span> <span class='ocrx_word' id='word_1_180' title='bbox 247 1317 276 1366; x_wconf 91' lang='lat' dir='ltr'>et</span> <span class='ocrx_word' id='word_1_181' title='bbox 289 1310 360 1382; x_wconf 89' lang='lat' dir='ltr'>ipse,</span> <span class='ocrx_word' id='word_1_182' title='bbox 372 1316 402 1364; x_wconf 93' lang='lat' dir='ltr'>ut</span> <span class='ocrx_word' id='word_1_183' title='bbox 419 1308 537 1378; x_wconf 88' lang='lat' dir='ltr'>placeat,</span> <span class='ocrx_word' id='word_1_184' title='bbox 555 1306 658 1379; x_wconf 79' lang='lat' dir='ltr'>indiget</span> <span class='ocrx_word' id='word_1_185' title='bbox 672 1307 854 1377; x_wconf 71' lang='lat' dir='ltr'>adjumento?</span> <span class='ocrx_word' id='word_1_186' title='bbox 907 1305 997 1378; x_wconf 89' lang='lat' dir='ltr'>spicit,</span> <span class='ocrx_word' id='word_1_187' title='bbox 1012 1308 1130 1362; x_wconf 88' lang='lat' dir='ltr'>charitas</span> <span class='ocrx_word' id='word_1_188' title='bbox 1144 1309 1232 1365; x_wconf 88' lang='lat' dir='ltr'>nescit</span> <span class='ocrx_word' id='word_1_189' title='bbox 1247 1312 1337 1367; x_wconf 84' lang='lat' dir='ltr'>censis</span> <span class='ocrx_word' id='word_1_190' title='bbox 1353 1322 1491 1383; x_wconf 81' lang='lat' dir='ltr'>praerenta</span> <span class='ocrx_word' id='word_1_191' title='bbox 1509 1316 1671 1387; x_wconf 91' lang='lat' dir='ltr'>potioribus.</span> 
     </span>
     <span class='ocr_line' id='line_1_14' title="bbox 47 1395 1704 1477; baseline 0.001 -17"><span class='ocrx_word' id='word_1_192' title='bbox 47 1404 75 1460; x_wconf 88' lang='lat' dir='ltr'>Si</span> <span class='ocrx_word' id='word_1_193' title='bbox 89 1417 151 1459; x_wconf 93' lang='lat' dir='ltr'>non</span> <span class='ocrx_word' id='word_1_194' title='bbox 166 1402 230 1471; x_wconf 79' lang='lat' dir='ltr'>ejus</span> <span class='ocrx_word' id='word_1_195' title='bbox 242 1399 358 1455; x_wconf 92' lang='lat' dir='ltr'>obtentu</span> <span class='ocrx_word' id='word_1_196' title='bbox 380 1396 466 1452; x_wconf 89' lang='lat' dir='ltr'>solius</span> <span class='ocrx_word' id='word_1_197' title='bbox 488 1396 693 1467; x_wconf 88' lang='lat' dir='ltr'>obtemperatur</span> <span class='ocrx_word' id='word_1_198' title='bbox 703 1396 765 1468; x_wconf 87' lang='lat' dir='ltr'>ipsi,</span> <span class='ocrx_word' id='word_1_199' title='bbox 782 1411 854 1469; x_wconf 85' lang='lat' dir='ltr'>quo·</span> <span class='ocrx_word' id='word_1_200' title='bbox 944 1398 970 1449; x_wconf 84' lang='lat'>8.</span> <span class='ocrx_word' id='word_1_201' title='bbox 986 1395 1082 1449; x_wconf 86' lang='lat' dir='ltr'>Causis</span> <span class='ocrx_word' id='word_1_202' title='bbox 1096 1412 1161 1468; x_wconf 89' lang='lat' dir='ltr'>ergo</span> <span class='ocrx_word' id='word_1_203' title='bbox 1176 1397 1278 1454; x_wconf 89' lang='lat' dir='ltr'>distant</span> <span class='ocrx_word' id='word_1_204' title='bbox 1292 1399 1412 1456; x_wconf 85' lang='lat' dir='ltr'>timeret</span> <span class='ocrx_word' id='word_1_205' title='bbox 1427 1417 1513 1469; x_wconf 88' lang='lat' dir='ltr'>amor,</span> <span class='ocrx_word' id='word_1_206' title='bbox 1530 1404 1663 1477; x_wconf 85' lang='lat' dir='ltr'>obsequio</span> <span class='ocrx_word' id='word_1_207' title='bbox 1677 1412 1704 1461; x_wconf 94' lang='lat' dir='ltr'>et</span> 
     </span>
     <span class='ocr_line' id='line_1_15' title="bbox 46 1481 1703 1565; baseline 0 -16"><span class='ocrx_word' id='word_1_208' title='bbox 46 1491 130 1549; x_wconf 86' lang='lat' dir='ltr'>modo</span> <span class='ocrx_word' id='word_1_209' title='bbox 146 1489 201 1547; x_wconf 91' lang='lat' dir='ltr'>erit</span> <span class='ocrx_word' id='word_1_210' title='bbox 215 1489 277 1559; x_wconf 85' lang='lat' dir='ltr'>ejus</span> <span class='ocrx_word' id='word_1_211' title='bbox 298 1485 420 1559; x_wconf 84' lang='lat' dir='ltr'>perlecta</span> <span class='ocrx_word' id='word_1_212' title='bbox 439 1483 575 1541; x_wconf 76' lang='lat' dir='ltr'>dilectio?</span> <span class='ocrx_word' id='word_1_213' title='bbox 594 1484 714 1558; x_wconf 87' lang='lat' dir='ltr'>Diligam</span> <span class='ocrx_word' id='word_1_214' title='bbox 729 1492 766 1554; x_wconf 90' lang='lat' dir='ltr'>te,</span> <span class='ocrx_word' id='word_1_215' title='bbox 780 1485 854 1541; x_wconf 90' lang='lat' dir='ltr'>bone</span> <span class='ocrx_word' id='word_1_216' title='bbox 907 1481 1007 1538; x_wconf 77' lang='lat' dir='ltr'>effectu</span> <span class='ocrx_word' id='word_1_217' title='bbox 1021 1483 1108 1539; x_wconf 87' lang='lat' dir='ltr'>libero</span> <span class='ocrx_word' id='word_1_218' title='bbox 1123 1486 1243 1557; x_wconf 82' lang='lat' dir='ltr'>cognati.</span> <span class='ocrx_word' id='word_1_219' title='bbox 1260 1487 1367 1542; x_wconf 90' lang='lat' dir='ltr'>Primus</span> <span class='ocrx_word' id='word_1_220' title='bbox 1375 1504 1443 1562; x_wconf 87' lang='lat' dir='ltr'>ergo</span> <span class='ocrx_word' id='word_1_221' title='bbox 1454 1491 1534 1547; x_wconf 90' lang='lat' dir='ltr'>timor</span> <span class='ocrx_word' id='word_1_222' title='bbox 1544 1492 1640 1548; x_wconf 87' lang='lat' dir='ltr'>metuit</span> <span class='ocrx_word' id='word_1_223' title='bbox 1653 1510 1703 1565; x_wconf 92' lang='lat' dir='ltr'>pn·</span> 
     </span>
     <span class='ocr_line' id='line_1_16' title="bbox 45 1570 1703 1649; baseline 0.001 -14"><span class='ocrx_word' id='word_1_224' title='bbox 45 1581 133 1643; x_wconf 80' lang='lat' dir='ltr'>Jesn;</span> <span class='ocrx_word' id='word_1_225' title='bbox 150 1578 266 1649; x_wconf 75' lang='lat' dir='ltr'>diligam</span> <span class='ocrx_word' id='word_1_226' title='bbox 290 1582 327 1641; x_wconf 89' lang='grc' dir='ltr'>ιε,</span> <span class='ocrx_word' id='word_1_227' title='bbox 351 1574 441 1632; x_wconf 80' lang='lat' dir='ltr'>virtus</span> <span class='ocrx_word' id='word_1_228' title='bbox 459 1588 531 1640; x_wconf 90' lang='lat' dir='ltr'>mea,</span> <span class='ocrx_word' id='word_1_229' title='bbox 557 1588 639 1645; x_wconf 88' lang='lat' dir='ltr'>quem</span> <span class='ocrx_word' id='word_1_230' title='bbox 662 1587 718 1629; x_wconf 91' lang='lat' dir='ltr'>non</span> <span class='ocrx_word' id='word_1_231' title='bbox 741 1588 854 1645; x_wconf 90' lang='lat' dir='ltr'>possum</span> <span class='ocrx_word' id='word_1_232' title='bbox 907 1570 959 1625; x_wconf 86' lang='lat' dir='ltr'>uiri</span> <span class='ocrx_word' id='word_1_233' title='bbox 976 1589 981 1628; x_wconf 96' lang='lat'><strong>:</strong></span> <span class='ocrx_word' id='word_1_234' title='bbox 999 1571 1146 1638; x_wconf 87' lang='lat' dir='ltr'>secundus,</span> <span class='ocrx_word' id='word_1_235' title='bbox 1162 1573 1262 1644; x_wconf 88' lang='lat' dir='ltr'>privari</span> <span class='ocrx_word' id='word_1_236' title='bbox 1278 1592 1285 1632; x_wconf 91' lang='lat'>:</span> <span class='ocrx_word' id='word_1_237' title='bbox 1302 1576 1408 1647; x_wconf 90' lang='lat' dir='ltr'>tertius,</span> <span class='ocrx_word' id='word_1_238' title='bbox 1431 1585 1567 1634; x_wconf 89' lang='lat' dir='ltr'>nentrum.</span> <span class='ocrx_word' id='word_1_239' title='bbox 1582 1580 1703 1638; x_wconf 88' lang='lat' dir='ltr'>Primum</span> 
     </span>
     <span class='ocr_line' id='line_1_17' title="bbox 46 1658 1704 1742; baseline 0.002 -21"><span class='ocrx_word' id='word_1_240' title='bbox 46 1667 137 1742; x_wconf 77' lang='lat' dir='ltr'>gratis</span> <span class='ocrx_word' id='word_1_241' title='bbox 153 1666 279 1738; x_wconf 85' lang='lat' dir='ltr'>diligere,</span> <span class='ocrx_word' id='word_1_242' title='bbox 303 1679 355 1720; x_wconf 89' lang='lat' dir='ltr'>nec</span> <span class='ocrx_word' id='word_1_243' title='bbox 381 1677 494 1734; x_wconf 89' lang='lat' dir='ltr'>possum</span> <span class='ocrx_word' id='word_1_244' title='bbox 522 1668 614 1717; x_wconf 70' lang='lat' dir='ltr'>umen</span> <span class='ocrx_word' id='word_1_245' title='bbox 638 1662 706 1717; x_wconf 87' lang='lat' dir='ltr'>satis</span> <span class='ocrx_word' id='word_1_246' title='bbox 729 1661 852 1732; x_wconf 80' lang='lat' dir='ltr'>diligere.</span> <span class='ocrx_word' id='word_1_247' title='bbox 906 1658 982 1714; x_wconf 90' lang='lat' dir='ltr'>illum</span> <span class='ocrx_word' id='word_1_248' title='bbox 1011 1660 1130 1730; x_wconf 82' lang='lat' dir='ltr'>perfecta</span> <span class='ocrx_word' id='word_1_249' title='bbox 1151 1662 1269 1717; x_wconf 86' lang='lat' dir='ltr'>charitas</span> <span class='ocrx_word' id='word_1_250' title='bbox 1293 1665 1483 1721; x_wconf 84' lang='lat' dir='ltr'>exterminat:</span> <span class='ocrx_word' id='word_1_251' title='bbox 1504 1668 1704 1724; x_wconf 87' lang='lat' dir='ltr'>secundumad</span> 
     </span>
     <span class='ocr_line' id='line_1_18' title="bbox 47 1713 1703 1831; baseline 0 -19"><span class='ocrx_word' id='word_1_252' title='bbox 47 1757 216 1831; x_wconf 73' lang='lat' dir='ltr'>dirigantur</span> <span class='ocrx_word' id='word_1_253' title='bbox 229 1755 257 1810; x_wconf 92' lang='lat' dir='ltr'>in</span> <span class='ocrx_word' id='word_1_254' title='bbox 272 1762 299 1810; x_wconf 90' lang='lat' dir='ltr'>te</span> <span class='ocrx_word' id='word_1_255' title='bbox 313 1769 348 1809; x_wconf 83' lang='lat' dir='ltr'>cr</span> <span class='ocrx_word' id='word_1_256' title='bbox 372 1752 478 1823; x_wconf 81' lang='lat' dir='ltr'>integro</span> <span class='ocrx_word' id='word_1_257' title='bbox 500 1750 592 1807; x_wconf 87' lang='lat' dir='ltr'>studia</span> <span class='ocrx_word' id='word_1_258' title='bbox 614 1766 686 1820; x_wconf 85' lang='lat' dir='ltr'>mea,</span> <span class='ocrx_word' id='word_1_259' title='bbox 701 1751 854 1808; x_wconf 88' lang='lat' dir='ltr'>necalienc</span> <span class='ocrx_word' id='word_1_260' title='bbox 871 1713 893 1792; x_wconf 69' lang='grc' dir='ltr'><strong>Β</strong></span> <span class='ocrx_word' id='word_1_261' title='bbox 908 1755 1016 1820; x_wconf 87' lang='lat' dir='ltr'>tempus</span> <span class='ocrx_word' id='word_1_262' title='bbox 1040 1749 1138 1804; x_wconf 92' lang='lat' dir='ltr'>tolerat</span> <span class='ocrx_word' id='word_1_263' title='bbox 1168 1765 1173 1804; x_wconf 96' lang='lat'><strong>:</strong></span> <span class='ocrx_word' id='word_1_264' title='bbox 1202 1751 1312 1807; x_wconf 89' lang='lat' dir='ltr'>tertium</span> <span class='ocrx_word' id='word_1_265' title='bbox 1340 1751 1390 1807; x_wconf 87' lang='lat' dir='ltr'>sibi</span> <span class='ocrx_word' id='word_1_266' title='bbox 1410 1752 1525 1810; x_wconf 81' lang='lat' dir='ltr'>indivise</span> <span class='ocrx_word' id='word_1_267' title='bbox 1553 1755 1703 1814; x_wconf 89' lang='lat' dir='ltr'>collaterat.</span> 
     </span>
     <span class='ocr_line' id='line_1_19' title="bbox 48 1836 1705 1913; baseline -0.002 -10"><span class='ocrx_word' id='word_1_268' title='bbox 48 1845 225 1903; x_wconf 79' lang='lat' dir='ltr'>deducantur</span> <span class='ocrx_word' id='word_1_269' title='bbox 238 1850 267 1898; x_wconf 91' lang='lat' dir='ltr'>et</span> <span class='ocrx_word' id='word_1_270' title='bbox 279 1840 467 1898; x_wconf 86' lang='lat' dir='ltr'>distrabantur</span> <span class='ocrx_word' id='word_1_271' title='bbox 481 1839 594 1897; x_wconf 79' lang='lat' dir='ltr'>ellectu.</span> <span class='ocrx_word' id='word_1_272' title='bbox 610 1842 645 1895; x_wconf 86' lang='grc' dir='ltr'>Αι</span> <span class='ocrx_word' id='word_1_273' title='bbox 658 1854 740 1911; x_wconf 88' lang='lat' dir='ltr'>quam</span> <span class='ocrx_word' id='word_1_274' title='bbox 755 1839 854 1912; x_wconf 79' lang='lat' dir='ltr'>exigue</span> <span class='ocrx_word' id='word_1_275' title='bbox 906 1837 1053 1907; x_wconf 81' lang='lat' dir='ltr'>Huncros,</span> <span class='ocrx_word' id='word_1_276' title='bbox 1069 1836 1131 1893; x_wconf 84' lang='lat' dir='ltr'>tiliae</span> <span class='ocrx_word' id='word_1_277' title='bbox 1142 1839 1302 1905; x_wconf 83' lang='lat' dir='ltr'>Jerusalem,</span> <span class='ocrx_word' id='word_1_278' title='bbox 1314 1839 1439 1896; x_wconf 91' lang='lat' dir='ltr'>timorem</span> <span class='ocrx_word' id='word_1_279' title='bbox 1450 1849 1567 1913; x_wconf 88' lang='lat' dir='ltr'>captate.</span> <span class='ocrx_word' id='word_1_280' title='bbox 1584 1843 1705 1900; x_wconf 85' lang='lat' dir='ltr'>Primum</span> 
     </span>
     <span class='ocr_line' id='line_1_20' title="bbox 50 1925 1706 2006; baseline -0.003 -13"><span class='ocrx_word' id='word_1_281' title='bbox 50 1942 124 2002; x_wconf 86' lang='lat' dir='ltr'>snut,</span> <span class='ocrx_word' id='word_1_282' title='bbox 141 1932 229 1989; x_wconf 90' lang='lat' dir='ltr'>etiam</span> <span class='ocrx_word' id='word_1_283' title='bbox 243 1947 307 1989; x_wconf 91' lang='lat' dir='ltr'>cnm</span> <span class='ocrx_word' id='word_1_284' title='bbox 322 1929 432 2000; x_wconf 85' lang='lat' dir='ltr'>integra</span> <span class='ocrx_word' id='word_1_285' title='bbox 447 1935 522 1995; x_wconf 89' lang='lat' dir='ltr'>sunt,</span> <span class='ocrx_word' id='word_1_286' title='bbox 538 1928 566 1984; x_wconf 92' lang='lat' dir='ltr'>in</span> <span class='ocrx_word' id='word_1_287' title='bbox 580 1937 607 1984; x_wconf 88' lang='lat' dir='ltr'>to</span> <span class='ocrx_word' id='word_1_288' title='bbox 635 1928 725 1985; x_wconf 90' lang='lat' dir='ltr'>studia</span> <span class='ocrx_word' id='word_1_289' title='bbox 739 1930 852 1985; x_wconf 89' lang='lat' dir='ltr'>nostrai</span> <span class='ocrx_word' id='word_1_290' title='bbox 906 1933 1002 1983; x_wconf 89' lang='lat' dir='ltr'>cavete</span> <span class='ocrx_word' id='word_1_291' title='bbox 1020 1925 1107 1993; x_wconf 91' lang='lat' dir='ltr'>illum,</span> <span class='ocrx_word' id='word_1_292' title='bbox 1132 1942 1213 1998; x_wconf 85' lang='lat' dir='ltr'>quern</span> <span class='ocrx_word' id='word_1_293' title='bbox 1237 1928 1356 1984; x_wconf 88' lang='lat' dir='ltr'>charitas</span> <span class='ocrx_word' id='word_1_294' title='bbox 1379 1928 1454 1984; x_wconf 84' lang='lat' dir='ltr'>loros</span> <span class='ocrx_word' id='word_1_295' title='bbox 1478 1929 1581 1986; x_wconf 88' lang='lat' dir='ltr'>mittit:</span> <span class='ocrx_word' id='word_1_296' title='bbox 1606 1931 1706 2006; x_wconf 69' lang='lat' dir='ltr'>dedic,</span> 
     </span>
     <span class='ocr_line' id='line_1_21' title="bbox 48 2013 1704 2097; baseline -0.003 -16"><span class='ocrx_word' id='word_1_297' title='bbox 48 2022 193 2097; x_wconf 81' lang='lat' dir='ltr'>quomodo</span> <span class='ocrx_word' id='word_1_298' title='bbox 207 2037 275 2092; x_wconf 89' lang='lat' dir='ltr'>ergo</span> <span class='ocrx_word' id='word_1_299' title='bbox 290 2018 449 2082; x_wconf 87' lang='lat' dir='ltr'>diminuam,</span> <span class='ocrx_word' id='word_1_300' title='bbox 475 2017 549 2090; x_wconf 84' lang='lat' dir='ltr'>quod</span> <span class='ocrx_word' id='word_1_301' title='bbox 571 2033 634 2074; x_wconf 91' lang='lat' dir='ltr'>cum</span> <span class='ocrx_word' id='word_1_302' title='bbox 648 2017 787 2089; x_wconf 84' lang='lat' dir='ltr'>integrum</span> <span class='ocrx_word' id='word_1_303' title='bbox 801 2026 853 2085; x_wconf 88' lang='grc' dir='ltr'><strong>εει,</strong></span> <span class='ocrx_word' id='word_1_304' title='bbox 907 2013 1004 2086; x_wconf 90' lang='lat' dir='ltr'>inquit,</span> <span class='ocrx_word' id='word_1_305' title='bbox 1019 2015 1161 2072; x_wconf 78' lang='lat' dir='ltr'>charitate</span> <span class='ocrx_word' id='word_1_306' title='bbox 1176 2018 1342 2073; x_wconf 73' lang='lat' dir='ltr'>constravit.</span> <span class='ocrx_word' id='word_1_307' title='bbox 1361 2016 1410 2073; x_wconf 86' lang='lat' dir='ltr'>Ubi</span> <span class='ocrx_word' id='word_1_308' title='bbox 1424 2017 1513 2073; x_wconf 91' lang='lat' dir='ltr'>media</span> <span class='ocrx_word' id='word_1_309' title='bbox 1527 2018 1600 2087; x_wconf 90' lang='lat' dir='ltr'>dicit,</span> <span class='ocrx_word' id='word_1_310' title='bbox 1618 2025 1704 2076; x_wconf 91' lang='lat' dir='ltr'>totum</span> 
     </span>
     <span class='ocr_line' id='line_1_22' title="bbox 49 2102 1707 2174; baseline -0.004 -4"><span class='ocrx_word' id='word_1_311' title='bbox 49 2125 104 2171; x_wconf 85' lang='lat' dir='ltr'>tam</span> <span class='ocrx_word' id='word_1_312' title='bbox 111 2112 186 2168; x_wconf 80' lang='lat' dir='ltr'>exile</span> <span class='ocrx_word' id='word_1_313' title='bbox 199 2110 261 2166; x_wconf 86' lang='lat' dir='ltr'>est‘l</span> <span class='ocrx_word' id='word_1_314' title='bbox 272 2108 357 2164; x_wconf 88' lang='lat' dir='ltr'>Totus</span> <span class='ocrx_word' id='word_1_315' title='bbox 367 2107 395 2162; x_wconf 90' lang='lat' dir='ltr'>in</span> <span class='ocrx_word' id='word_1_316' title='bbox 410 2115 446 2172; x_wconf 92' lang='lat' dir='ltr'>te,</span> <span class='ocrx_word' id='word_1_317' title='bbox 456 2107 530 2162; x_wconf 84' lang='lat' dir='ltr'>Dens</span> <span class='ocrx_word' id='word_1_318' title='bbox 537 2106 661 2173; x_wconf 84' lang='lat' dir='ltr'>bone,ex</span> <span class='ocrx_word' id='word_1_319' title='bbox 670 2105 807 2162; x_wconf 88' lang='lat' dir='ltr'>desiderio</span> <span class='ocrx_word' id='word_1_320' title='bbox 817 2105 855 2160; x_wconf 89' lang='lat' dir='ltr'>le·</span> <span class='ocrx_word' id='word_1_321' title='bbox 908 2103 955 2158; x_wconf 92' lang='lat' dir='ltr'>dat</span> <span class='ocrx_word' id='word_1_322' title='bbox 970 2102 1096 2174; x_wconf 88' lang='lat' dir='ltr'>intelligi.</span> <span class='ocrx_word' id='word_1_323' title='bbox 1112 2104 1145 2158; x_wconf 87' lang='lat' dir='ltr'>Et</span> <span class='ocrx_word' id='word_1_324' title='bbox 1158 2104 1240 2160; x_wconf 84' lang='lat' dir='ltr'>vestri</span> <span class='ocrx_word' id='word_1_325' title='bbox 1261 2105 1352 2162; x_wconf 89' lang='lat' dir='ltr'>cordis</span> <span class='ocrx_word' id='word_1_326' title='bbox 1371 2106 1490 2162; x_wconf 87' lang='lat' dir='ltr'>medinm</span> <span class='ocrx_word' id='word_1_327' title='bbox 1506 2109 1624 2163; x_wconf 80' lang='lat' dir='ltr'>charitas</span> <span class='ocrx_word' id='word_1_328' title='bbox 1642 2123 1707 2164; x_wconf 92' lang='lat' dir='ltr'>con·</span> 
     </span>
     <span class='ocr_line' id='line_1_23' title="bbox 48 2193 1705 2266; baseline -0.001 -10"><span class='ocrx_word' id='word_1_329' title='bbox 48 2216 103 2258; x_wconf 82' lang='lat' dir='ltr'>rar.</span> <span class='ocrx_word' id='word_1_330' title='bbox 115 2198 211 2255; x_wconf 84' lang='lat' dir='ltr'>Trahe</span> <span class='ocrx_word' id='word_1_331' title='bbox 220 2212 266 2252; x_wconf 89' lang='lat' dir='ltr'>me</span> <span class='ocrx_word' id='word_1_332' title='bbox 277 2202 305 2250; x_wconf 91' lang='lat' dir='ltr'>tn</span> <span class='ocrx_word' id='word_1_333' title='bbox 316 2196 343 2249; x_wconf 87' lang='lat' dir='ltr'>in</span> <span class='ocrx_word' id='word_1_334' title='bbox 353 2202 379 2251; x_wconf 89' lang='lat' dir='ltr'>te</span> <span class='ocrx_word' id='word_1_335' title='bbox 389 2194 524 2266; x_wconf 88' lang='lat' dir='ltr'>ipsum,nt</span> <span class='ocrx_word' id='word_1_336' title='bbox 534 2194 609 2250; x_wconf 91' lang='lat' dir='ltr'>nullo</span> <span class='ocrx_word' id='word_1_337' title='bbox 624 2193 762 2265; x_wconf 82' lang='lat' dir='ltr'>indigeam</span> <span class='ocrx_word' id='word_1_338' title='bbox 775 2194 854 2249; x_wconf 92' lang='lat' dir='ltr'>timo·</span> <span class='ocrx_word' id='word_1_339' title='bbox 908 2199 1021 2260; x_wconf 87' lang='lat' dir='ltr'>sternat,</span> <span class='ocrx_word' id='word_1_340' title='bbox 1037 2193 1156 2248; x_wconf 88' lang='lat' dir='ltr'>ebaritas</span> <span class='ocrx_word' id='word_1_341' title='bbox 1169 2194 1278 2250; x_wconf 86' lang='lat' dir='ltr'>vestiat.</span> <span class='ocrx_word' id='word_1_342' title='bbox 1289 2194 1380 2251; x_wconf 85' lang='lat' dir='ltr'>Vestis</span> <span class='ocrx_word' id='word_1_343' title='bbox 1390 2196 1449 2252; x_wconf 83' lang='lat' dir='ltr'>baec</span> <span class='ocrx_word' id='word_1_344' title='bbox 1463 2204 1541 2253; x_wconf 90' lang='lat' dir='ltr'>estet</span> <span class='ocrx_word' id='word_1_345' title='bbox 1555 2213 1705 2254; x_wconf 86' lang='lat' dir='ltr'>crnamou-</span> 
     </span>
     <span class='ocr_line' id='line_1_24' title="bbox 49 2279 1705 2361; baseline 0 -17"><span class='ocrx_word' id='word_1_346' title='bbox 49 2290 86 2345; x_wconf 86' lang='lat' dir='ltr'>ris</span> <span class='ocrx_word' id='word_1_347' title='bbox 99 2285 288 2361; x_wconf 66' lang='lat' dir='ltr'>imputasset</span> <span class='ocrx_word' id='word_1_348' title='bbox 298 2283 419 2356; x_wconf 88' lang='lat' dir='ltr'>perlecta</span> <span class='ocrx_word' id='word_1_349' title='bbox 433 2283 551 2340; x_wconf 88' lang='lat' dir='ltr'>charitas</span> <span class='ocrx_word' id='word_1_350' title='bbox 561 2298 638 2339; x_wconf 93' lang='lat' dir='ltr'>usum</span> <span class='ocrx_word' id='word_1_351' title='bbox 648 2285 709 2354; x_wconf 87' lang='lat' dir='ltr'>ejus</span> <span class='ocrx_word' id='word_1_352' title='bbox 719 2284 854 2340; x_wconf 84' lang='lat' dir='ltr'>excludat.</span> <span class='ocrx_word' id='word_1_353' title='bbox 908 2288 965 2338; x_wconf 91' lang='lat' dir='ltr'>tum</span> <span class='ocrx_word' id='word_1_354' title='bbox 976 2279 1035 2337; x_wconf 56' lang='grc' dir='ltr'>θ’</span> <span class='ocrx_word' id='word_1_355' title='bbox 1052 2282 1183 2353; x_wconf 88' lang='lat' dir='ltr'>nuptiale.</span> <span class='ocrx_word' id='word_1_356' title='bbox 1199 2282 1267 2352; x_wconf 85' lang='lat' dir='ltr'>Quae</span> <span class='ocrx_word' id='word_1_357' title='bbox 1280 2283 1303 2338; x_wconf 91' lang='lat' dir='ltr'>si</span> <span class='ocrx_word' id='word_1_358' title='bbox 1317 2298 1333 2338; x_wconf 91' lang='lat' dir='ltr'>a</span> <span class='ocrx_word' id='word_1_359' title='bbox 1347 2284 1462 2355; x_wconf 87' lang='lat' dir='ltr'>nuptiali</span> <span class='ocrx_word' id='word_1_360' title='bbox 1476 2285 1594 2360; x_wconf 78' lang='lat' dir='ltr'>exigitur</span> <span class='ocrx_word' id='word_1_361' title='bbox 1608 2288 1705 2344; x_wconf 86' lang='lat' dir='ltr'>couvi·</span> 
     </span>
     <span class='ocr_line' id='line_1_25' title="bbox 84 2370 1706 2446; baseline 0 -14"><span class='ocrx_word' id='word_1_362' title='bbox 84 2379 114 2433; x_wconf 85' lang='grc'>’1.</span> <span class='ocrx_word' id='word_1_363' title='bbox 130 2375 206 2443; x_wconf 89' lang='lat' dir='ltr'>Quid</span> <span class='ocrx_word' id='word_1_364' title='bbox 219 2374 465 2446; x_wconf 77' lang='lat' dir='ltr'>igitnr‘tnonsunt</span> <span class='ocrx_word' id='word_1_365' title='bbox 477 2371 624 2426; x_wconf 86' lang='lat' dir='ltr'>metuenda</span> <span class='ocrx_word' id='word_1_366' title='bbox 638 2380 743 2428; x_wconf 85' lang='lat' dir='ltr'>aeteroa</span> <span class='ocrx_word' id='word_1_367' title='bbox 756 2372 856 2444; x_wconf 88' lang='lat' dir='ltr'>suppli·</span> <span class='ocrx_word' id='word_1_368' title='bbox 907 2385 951 2436; x_wconf 85' lang='lat' dir='ltr'>va,</span> <span class='ocrx_word' id='word_1_369' title='bbox 977 2377 1078 2441; x_wconf 88' lang='lat' dir='ltr'>quanto</span> <span class='ocrx_word' id='word_1_370' title='bbox 1102 2370 1191 2441; x_wconf 89' lang='lat' dir='ltr'>magis</span> <span class='ocrx_word' id='word_1_371' title='bbox 1213 2386 1229 2425; x_wconf 89' lang='lat' dir='ltr'>a</span> <span class='ocrx_word' id='word_1_372' title='bbox 1252 2371 1358 2443; x_wconf 75' lang='lat' dir='ltr'>nuptal</span> <span class='ocrx_word' id='word_1_373' title='bbox 1377 2373 1440 2428; x_wconf 88' lang='lat' dir='ltr'>Sola</span> <span class='ocrx_word' id='word_1_374' title='bbox 1458 2389 1653 2446; x_wconf 70' lang='lat' dir='ltr'>preoccupare</span> <span class='ocrx_word' id='word_1_375' title='bbox 1677 2383 1706 2433; x_wconf 90' lang='grc' dir='ltr'>ει</span> 
     </span>
     <span class='ocr_line' id='line_1_26' title="bbox 52 2457 1705 2531; baseline -0.004 -6"><span class='ocrx_word' id='word_1_376' title='bbox 52 2465 118 2525; x_wconf 76' lang='lat' dir='ltr'>citi</span> <span class='ocrx_word' id='word_1_377' title='bbox 130 2462 283 2520; x_wconf 84' lang='lat' dir='ltr'>lletuendc</span> <span class='ocrx_word' id='word_1_378' title='bbox 296 2459 379 2531; x_wconf 86' lang='lat' dir='ltr'>plane</span> <span class='ocrx_word' id='word_1_379' title='bbox 393 2468 466 2528; x_wconf 84' lang='lat' dir='ltr'>sunt,</span> <span class='ocrx_word' id='word_1_380' title='bbox 482 2467 510 2515; x_wconf 88' lang='lat' dir='ltr'>et</span> <span class='ocrx_word' id='word_1_381' title='bbox 523 2460 657 2516; x_wconf 86' lang='lat' dir='ltr'>cavenda.</span> <span class='ocrx_word' id='word_1_382' title='bbox 680 2460 768 2517; x_wconf 87' lang='lat' dir='ltr'>Nemo</span> <span class='ocrx_word' id='word_1_383' title='bbox 782 2460 855 2516; x_wconf 91' lang='lat' dir='ltr'>enim</span> <span class='ocrx_word' id='word_1_384' title='bbox 908 2457 1049 2530; x_wconf 88' lang='lat' dir='ltr'>possidere</span> <span class='ocrx_word' id='word_1_385' title='bbox 1062 2457 1120 2512; x_wconf 82' lang='lat' dir='ltr'>vult</span> <span class='ocrx_word' id='word_1_386' title='bbox 1132 2473 1227 2513; x_wconf 89' lang='lat' dir='ltr'>omnes</span> <span class='ocrx_word' id='word_1_387' title='bbox 1237 2461 1338 2515; x_wconf 89' lang='lat' dir='ltr'>mentis</span> <span class='ocrx_word' id='word_1_388' title='bbox 1347 2468 1444 2517; x_wconf 73' lang='lat' dir='ltr'>vestrae</span> <span class='ocrx_word' id='word_1_389' title='bbox 1459 2477 1595 2519; x_wconf 80' lang='lat' dir='ltr'>recessus.</span> <span class='ocrx_word' id='word_1_390' title='bbox 1612 2464 1705 2520; x_wconf 87' lang='lat' dir='ltr'>Nolite</span> 
     </span>
     <span class='ocr_line' id='line_1_27' title="bbox 53 2546 1706 2626; baseline -0.001 -16"><span class='ocrx_word' id='word_1_391' title='bbox 53 2569 175 2626; x_wconf 80' lang='lat' dir='ltr'>nuquam</span> <span class='ocrx_word' id='word_1_392' title='bbox 197 2566 314 2608; x_wconf 87' lang='lat' dir='ltr'>caruem</span> <span class='ocrx_word' id='word_1_393' title='bbox 335 2564 414 2605; x_wconf 89' lang='lat' dir='ltr'>suam</span> <span class='ocrx_word' id='word_1_394' title='bbox 426 2549 489 2604; x_wconf 92' lang='lat' dir='ltr'>odio</span> <span class='ocrx_word' id='word_1_395' title='bbox 507 2549 602 2604; x_wconf 88' lang='lat' dir='ltr'>babuit</span> <span class='ocrx_word' id='word_1_396' title='bbox 615 2549 728 2621; x_wconf 77' lang='lat' dir='ltr'>(Epiros.</span> <span class='ocrx_word' id='word_1_397' title='bbox 743 2566 771 2616; x_wconf 82' lang='lat' dir='ltr'>r,</span> <span class='ocrx_word' id='word_1_398' title='bbox 786 2551 856 2619; x_wconf 77' lang='lat' dir='ltr'>²9l²</span> <span class='ocrx_word' id='word_1_399' title='bbox 908 2546 969 2603; x_wconf 91' lang='lat' dir='ltr'>illos</span> <span class='ocrx_word' id='word_1_400' title='bbox 984 2546 1117 2617; x_wconf 84' lang='lat' dir='ltr'>degeneri</span> <span class='ocrx_word' id='word_1_401' title='bbox 1131 2555 1158 2600; x_wconf 89' lang='lat' dir='ltr'>et</span> <span class='ocrx_word' id='word_1_402' title='bbox 1176 2546 1263 2602; x_wconf 90' lang='lat' dir='ltr'>alieno</span> <span class='ocrx_word' id='word_1_403' title='bbox 1278 2548 1478 2604; x_wconf 89' lang='lat' dir='ltr'>communicare</span> <span class='ocrx_word' id='word_1_404' title='bbox 1491 2550 1612 2609; x_wconf 79' lang='lat' dir='ltr'>affectui.</span> <span class='ocrx_word' id='word_1_405' title='bbox 1624 2552 1706 2608; x_wconf 82' lang='lat' dir='ltr'>llollo</span> 
     </span>
     <span class='ocr_line' id='line_1_28' title="bbox 55 2632 1705 2710; baseline -0.002 -9"><span class='ocrx_word' id='word_1_406' title='bbox 55 2642 102 2701; x_wconf 78' lang='lat' dir='ltr'>sed</span> <span class='ocrx_word' id='word_1_407' title='bbox 115 2639 308 2699; x_wconf 76' lang='lat' dir='ltr'>vehementior</span> <span class='ocrx_word' id='word_1_408' title='bbox 326 2637 427 2694; x_wconf 84' lang='lat' dir='ltr'>Christi</span> <span class='ocrx_word' id='word_1_409' title='bbox 448 2636 556 2694; x_wconf 88' lang='lat' dir='ltr'>dilectio</span> <span class='ocrx_word' id='word_1_410' title='bbox 579 2646 655 2694; x_wconf 90' lang='lat' dir='ltr'>motn</span> <span class='ocrx_word' id='word_1_411' title='bbox 679 2637 783 2694; x_wconf 91' lang='lat' dir='ltr'>timoris</span> <span class='ocrx_word' id='word_1_412' title='bbox 800 2653 855 2695; x_wconf 91' lang='lat' dir='ltr'>nou</span> <span class='ocrx_word' id='word_1_413' title='bbox 909 2635 1019 2710; x_wconf 87' lang='lat' dir='ltr'>quidem</span> <span class='ocrx_word' id='word_1_414' title='bbox 1034 2642 1062 2690; x_wconf 92' lang='lat' dir='ltr'>et</span> <span class='ocrx_word' id='word_1_415' title='bbox 1075 2632 1222 2691; x_wconf 84' lang='lat' dir='ltr'>delicatum</span> <span class='ocrx_word' id='word_1_416' title='bbox 1235 2643 1279 2690; x_wconf 89' lang='lat' dir='ltr'>est</span> <span class='ocrx_word' id='word_1_417' title='bbox 1292 2642 1408 2693; x_wconf 86' lang='lat' dir='ltr'>stratum</span> <span class='ocrx_word' id='word_1_418' title='bbox 1422 2638 1571 2705; x_wconf 87' lang='lat' dir='ltr'>charitatis,</span> <span class='ocrx_word' id='word_1_419' title='bbox 1587 2640 1705 2698; x_wconf 86' lang='lat' dir='ltr'>molesto</span> 
     </span>
     <span class='ocr_line' id='line_1_29' title="bbox 54 2721 1705 2803; baseline -0.002 -16"><span class='ocrx_word' id='word_1_420' title='bbox 54 2738 116 2803; x_wconf 81' lang='lat' dir='ltr'>eget</span> <span class='ocrx_word' id='word_1_421' title='bbox 130 2731 160 2786; x_wconf 91' lang='lat' dir='ltr'>in</span> <span class='ocrx_word' id='word_1_422' title='bbox 174 2729 308 2786; x_wconf 83' lang='lat' dir='ltr'>aflectum</span> <span class='ocrx_word' id='word_1_423' title='bbox 320 2726 440 2798; x_wconf 82' lang='lat' dir='ltr'>justitiae.</span> <span class='ocrx_word' id='word_1_424' title='bbox 456 2729 542 2782; x_wconf 76' lang='lat' dir='ltr'>Amor</span> <span class='ocrx_word' id='word_1_425' title='bbox 554 2726 606 2783; x_wconf 89' lang='lat' dir='ltr'>iste</span> <span class='ocrx_word' id='word_1_426' title='bbox 621 2725 686 2781; x_wconf 89' lang='lat' dir='ltr'>nihil</span> <span class='ocrx_word' id='word_1_427' title='bbox 707 2734 763 2781; x_wconf 89' lang='lat' dir='ltr'>tam</span> <span class='ocrx_word' id='word_1_428' title='bbox 776 2742 856 2783; x_wconf 85' lang='lat' dir='ltr'>vere·</span> <span class='ocrx_word' id='word_1_429' title='bbox 909 2740 944 2779; x_wconf 86' lang='lat' dir='ltr'>ne</span> <span class='ocrx_word' id='word_1_430' title='bbox 957 2723 993 2777; x_wconf 90' lang='lat' dir='ltr'>ad</span> <span class='ocrx_word' id='word_1_431' title='bbox 1006 2721 1143 2778; x_wconf 87' lang='lat' dir='ltr'>modicum</span> <span class='ocrx_word' id='word_1_432' title='bbox 1159 2722 1269 2794; x_wconf 88' lang='lat' dir='ltr'>quidem</span> <span class='ocrx_word' id='word_1_433' title='bbox 1287 2723 1346 2781; x_wconf 83' lang='lat' dir='ltr'>vult</span> <span class='ocrx_word' id='word_1_434' title='bbox 1362 2732 1438 2781; x_wconf 89' lang='lat' dir='ltr'>metu</span> <span class='ocrx_word' id='word_1_435' title='bbox 1452 2726 1618 2783; x_wconf 89' lang='lat' dir='ltr'>contristari.</span> <span class='ocrx_word' id='word_1_436' title='bbox 1632 2731 1705 2784; x_wconf 85' lang='lat' dir='ltr'>Pro·</span> 
     </span>
     <span class='ocr_line' id='line_1_30' title="bbox 54 2811 1705 2890; baseline -0.001 -15"><span class='ocrx_word' id='word_1_437' title='bbox 54 2828 98 2875; x_wconf 90' lang='lat' dir='ltr'>tur</span> <span class='ocrx_word' id='word_1_438' title='bbox 110 2824 246 2890; x_wconf 80' lang='lat' dir='ltr'>qnantum</span> <span class='ocrx_word' id='word_1_439' title='bbox 263 2814 417 2871; x_wconf 79' lang='lat' dir='ltr'>offensam:</span> <span class='ocrx_word' id='word_1_440' title='bbox 441 2812 492 2870; x_wconf 83' lang='lat' dir='ltr'>sed</span> <span class='ocrx_word' id='word_1_441' title='bbox 512 2821 627 2885; x_wconf 91' lang='lat' dir='ltr'>propter</span> <span class='ocrx_word' id='word_1_442' title='bbox 640 2813 785 2881; x_wconf 77' lang='lat' dir='ltr'>offensam,</span> <span class='ocrx_word' id='word_1_443' title='bbox 801 2828 857 2871; x_wconf 90' lang='lat' dir='ltr'>non</span> <span class='ocrx_word' id='word_1_444' title='bbox 909 2811 1175 2886; x_wconf 76' lang='lat' dir='ltr'>ptcrfitiuc,inquit,</span> <span class='ocrx_word' id='word_1_445' title='bbox 1186 2813 1424 2870; x_wconf 66' lang='lat' dir='ltr'>terosotemJure</span> <span class='ocrx_word' id='word_1_446' title='bbox 1435 2813 1620 2887; x_wconf 78' lang='lat' dir='ltr'>quidemzpax</span> <span class='ocrx_word' id='word_1_447' title='bbox 1631 2818 1705 2874; x_wconf 89' lang='lat' dir='ltr'>enim</span> 
     </span>
     <span class='ocr_line' id='line_1_31' title="bbox 56 2899 1703 2978; baseline 0.001 -19"><span class='ocrx_word' id='word_1_448' title='bbox 56 2910 169 2976; x_wconf 86' lang='lat' dir='ltr'>propter</span> <span class='ocrx_word' id='word_1_449' title='bbox 191 2915 314 2972; x_wconf 83' lang='lat' dir='ltr'>poeuam.</span> <span class='ocrx_word' id='word_1_450' title='bbox 336 2903 371 2956; x_wconf 81' lang='lat' dir='ltr'>At</span> <span class='ocrx_word' id='word_1_451' title='bbox 393 2899 467 2955; x_wconf 86' lang='lat' dir='ltr'>istud</span> <span class='ocrx_word' id='word_1_452' title='bbox 490 2900 609 2973; x_wconf 88' lang='lat' dir='ltr'>quidem,</span> <span class='ocrx_word' id='word_1_453' title='bbox 626 2900 756 2974; x_wconf 88' lang='lat' dir='ltr'>quamdin</span> <span class='ocrx_word' id='word_1_454' title='bbox 770 2901 798 2957; x_wconf 91' lang='lat' dir='ltr'>in</span> <span class='ocrx_word' id='word_1_455' title='bbox 811 2899 856 2956; x_wconf 91' lang='lat' dir='ltr'>in·</span> <span class='ocrx_word' id='word_1_456' title='bbox 909 2900 996 2957; x_wconf 90' lang='lat' dir='ltr'>multa</span> <span class='ocrx_word' id='word_1_457' title='bbox 1009 2899 1187 2972; x_wconf 84' lang='lat' dir='ltr'>diligentibus</span> <span class='ocrx_word' id='word_1_458' title='bbox 1208 2900 1301 2974; x_wconf 87' lang='lat' dir='ltr'>legem</span> <span class='ocrx_word' id='word_1_459' title='bbox 1321 2911 1395 2958; x_wconf 90' lang='lat' dir='ltr'>tuam</span> <span class='ocrx_word' id='word_1_460' title='bbox 1408 2904 1496 2975; x_wconf 82' lang='lat' dir='ltr'>(Psoi.</span> <span class='ocrx_word' id='word_1_461' title='bbox 1512 2920 1612 2972; x_wconf 83' lang='lat' dir='ltr'>exvur,</span> <span class='ocrx_word' id='word_1_462' title='bbox 1629 2907 1703 2978; x_wconf 78' lang='grc'>165).</span> 
     </span>
     <span class='ocr_line' id='line_1_32' title="bbox 54 2988 1706 3066; baseline 0.001 -17"><span class='ocrx_word' id='word_1_463' title='bbox 54 3001 130 3049; x_wconf 87' lang='lat' dir='ltr'>certo</span> <span class='ocrx_word' id='word_1_464' title='bbox 144 2991 276 3047; x_wconf 76' lang='lat' dir='ltr'>humanas</span> <span class='ocrx_word' id='word_1_465' title='bbox 290 3005 335 3046; x_wconf 88' lang='lat' dir='ltr'>res</span> <span class='ocrx_word' id='word_1_466' title='bbox 349 2990 490 3058; x_wconf 88' lang='lat' dir='ltr'>lluctuant,</span> <span class='ocrx_word' id='word_1_467' title='bbox 507 2997 536 3046; x_wconf 88' lang='lat' dir='ltr'>et</span> <span class='ocrx_word' id='word_1_468' title='bbox 549 3005 605 3047; x_wconf 93' lang='lat' dir='ltr'>non</span> <span class='ocrx_word' id='word_1_469' title='bbox 616 2999 658 3046; x_wconf 97' lang='grc' dir='ltr'>εει</span> <span class='ocrx_word' id='word_1_470' title='bbox 668 2996 724 3047; x_wconf 90' lang='lat' dir='ltr'>tuta</span> <span class='ocrx_word' id='word_1_471' title='bbox 738 2989 800 3047; x_wconf 89' lang='lat' dir='ltr'>laus</span> <span class='ocrx_word' id='word_1_472' title='bbox 810 2991 857 3047; x_wconf 89' lang='lat' dir='ltr'>ho·</span> <span class='ocrx_word' id='word_1_473' title='bbox 911 2990 940 3046; x_wconf 89' lang='lat' dir='ltr'>Si</span> <span class='ocrx_word' id='word_1_474' title='bbox 954 2989 1016 3062; x_wconf 89' lang='lat' dir='ltr'>quis</span> <span class='ocrx_word' id='word_1_475' title='bbox 1030 2989 1065 3045; x_wconf 91' lang='lat' dir='ltr'>de</span> <span class='ocrx_word' id='word_1_476' title='bbox 1078 2988 1184 3045; x_wconf 90' lang='lat' dir='ltr'>indulta</span> <span class='ocrx_word' id='word_1_477' title='bbox 1196 2989 1331 3063; x_wconf 88' lang='lat' dir='ltr'>gloriatur</span> <span class='ocrx_word' id='word_1_478' title='bbox 1342 2991 1438 3063; x_wconf 83' lang='lat' dir='ltr'>gratia,</span> <span class='ocrx_word' id='word_1_479' title='bbox 1455 3001 1557 3064; x_wconf 82' lang='lat' dir='ltr'>quanto</span> <span class='ocrx_word' id='word_1_480' title='bbox 1573 2993 1663 3066; x_wconf 82' lang='lat' dir='ltr'>magis</span> <span class='ocrx_word' id='word_1_481' title='bbox 1678 3002 1706 3051; x_wconf 91' lang='lat' dir='ltr'>et</span> 
     </span>
     <span class='ocr_line' id='line_1_33' title="bbox 55 3060 1707 3156; baseline 0.001 -19"><span class='ocrx_word' id='word_1_482' title='bbox 55 3081 135 3137; x_wconf 90' lang='lat' dir='ltr'>minis</span> <span class='ocrx_word' id='word_1_483' title='bbox 150 3080 244 3136; x_wconf 81' lang='lat' dir='ltr'>inrita</span> <span class='ocrx_word' id='word_1_484' title='bbox 257 3078 351 3153; x_wconf 87' lang='lat' dir='ltr'>ipsius.</span> <span class='ocrx_word' id='word_1_485' title='bbox 366 3082 403 3136; x_wconf 88' lang='grc' dir='ltr'>Αι</span> <span class='ocrx_word' id='word_1_486' title='bbox 416 3095 478 3136; x_wconf 91' lang='lat' dir='ltr'>cnm</span> <span class='ocrx_word' id='word_1_487' title='bbox 495 3080 529 3134; x_wconf 89' lang='lat' dir='ltr'>ad</span> <span class='ocrx_word' id='word_1_488' title='bbox 542 3081 683 3136; x_wconf 85' lang='lat' dir='ltr'>veritatem</span> <span class='ocrx_word' id='word_1_489' title='bbox 698 3087 760 3151; x_wconf 92' lang='lat' dir='ltr'>post</span> <span class='ocrx_word' id='word_1_490' title='bbox 772 3079 857 3136; x_wconf 83' lang='lat' dir='ltr'>vitam</span> <span class='ocrx_word' id='word_1_491' title='bbox 872 3060 894 3139; x_wconf 72' lang='grc'><strong>0</strong></span> <span class='ocrx_word' id='word_1_492' title='bbox 910 3078 1051 3136; x_wconf 72' lang='lat' dir='ltr'>rosinam</span> <span class='ocrx_word' id='word_1_493' title='bbox 1065 3078 1115 3135; x_wconf 86' lang='lat' dir='ltr'>etsi</span> <span class='ocrx_word' id='word_1_494' title='bbox 1130 3085 1237 3135; x_wconf 88' lang='lat' dir='ltr'>constat</span> <span class='ocrx_word' id='word_1_495' title='bbox 1251 3079 1431 3151; x_wconf 87' lang='lat' dir='ltr'>spiritualium</span> <span class='ocrx_word' id='word_1_496' title='bbox 1444 3080 1578 3138; x_wconf 87' lang='lat' dir='ltr'>donorum</span> <span class='ocrx_word' id='word_1_497' title='bbox 1592 3099 1707 3156; x_wconf 84' lang='lat' dir='ltr'>magnas</span> 
     </span>
     <span class='ocr_line' id='line_1_34' title="bbox 56 3167 1706 3242; baseline 0.001 -14"><span class='ocrx_word' id='word_1_498' title='bbox 56 3170 138 3228; x_wconf 84' lang='lat' dir='ltr'>tuerit</span> <span class='ocrx_word' id='word_1_499' title='bbox 156 3169 341 3239; x_wconf 85' lang='lat' dir='ltr'>introductus,</span> <span class='ocrx_word' id='word_1_500' title='bbox 357 3167 512 3238; x_wconf 80' lang='lat' dir='ltr'>hujusmodi</span> <span class='ocrx_word' id='word_1_501' title='bbox 525 3168 558 3224; x_wconf 89' lang='lat' dir='ltr'>de</span> <span class='ocrx_word' id='word_1_502' title='bbox 568 3168 675 3240; x_wconf 87' lang='lat' dir='ltr'>reliquo</span> <span class='ocrx_word' id='word_1_503' title='bbox 689 3175 778 3225; x_wconf 88' lang='lat' dir='ltr'>metus</span> <span class='ocrx_word' id='word_1_504' title='bbox 792 3183 857 3225; x_wconf 88' lang='lat' dir='ltr'>ces·</span> <span class='ocrx_word' id='word_1_505' title='bbox 912 3184 973 3226; x_wconf 88' lang='lat' dir='ltr'>esse</span> <span class='ocrx_word' id='word_1_506' title='bbox 983 3167 1099 3235; x_wconf 84' lang='lat' dir='ltr'>divitias,</span> <span class='ocrx_word' id='word_1_507' title='bbox 1111 3168 1159 3223; x_wconf 85' lang='lat' dir='ltr'>sed</span> <span class='ocrx_word' id='word_1_508' title='bbox 1168 3168 1289 3226; x_wconf 83' lang='lat' dir='ltr'>charitas</span> <span class='ocrx_word' id='word_1_509' title='bbox 1299 3184 1487 3242; x_wconf 87' lang='lat' dir='ltr'>supergressa,</span> <span class='ocrx_word' id='word_1_510' title='bbox 1499 3180 1542 3228; x_wconf 88' lang='lat' dir='ltr'>cst</span> <span class='ocrx_word' id='word_1_511' title='bbox 1554 3172 1706 3231; x_wconf 76' lang='lat' dir='ltr'>universas.</span> 
     </span>
     <span class='ocr_line' id='line_1_35' title="bbox 54 3256 1709 3333; baseline 0.002 -18"><span class='ocrx_word' id='word_1_512' title='bbox 54 3260 138 3327; x_wconf 80' lang='lat' dir='ltr'>sabit,</span> <span class='ocrx_word' id='word_1_513' title='bbox 167 3257 259 3315; x_wconf 88' lang='lat' dir='ltr'>timori</span> <span class='ocrx_word' id='word_1_514' title='bbox 287 3257 367 3313; x_wconf 84' lang='lat' dir='ltr'>tertio</span> <span class='ocrx_word' id='word_1_515' title='bbox 395 3256 500 3314; x_wconf 82' lang='lat' dir='ltr'>faciens</span> <span class='ocrx_word' id='word_1_516' title='bbox 528 3257 629 3324; x_wconf 84' lang='lat' dir='ltr'>locum,</span> <span class='ocrx_word' id='word_1_517' title='bbox 653 3257 700 3330; x_wconf 86' lang='lat' dir='ltr'>qui</span> <span class='ocrx_word' id='word_1_518' title='bbox 723 3258 859 3328; x_wconf 87' lang='lat' dir='ltr'>prioribus</span> <span class='ocrx_word' id='word_1_519' title='bbox 911 3258 972 3314; x_wconf 88' lang='lat' dir='ltr'>Non</span> <span class='ocrx_word' id='word_1_520' title='bbox 998 3256 1078 3313; x_wconf 89' lang='lat' dir='ltr'>modo</span> <span class='ocrx_word' id='word_1_521' title='bbox 1107 3272 1299 3329; x_wconf 85' lang='lat' dir='ltr'>supergressa,</span> <span class='ocrx_word' id='word_1_522' title='bbox 1323 3257 1371 3313; x_wconf 88' lang='lat' dir='ltr'>sed</span> <span class='ocrx_word' id='word_1_523' title='bbox 1399 3259 1480 3315; x_wconf 89' lang='lat' dir='ltr'>etiam</span> <span class='ocrx_word' id='word_1_524' title='bbox 1504 3260 1656 3333; x_wconf 84' lang='lat' dir='ltr'>complexa.</span> <span class='ocrx_word' id='word_1_525' title='bbox 1675 3261 1709 3318; x_wconf 81' lang='lat' dir='ltr'>lit</span> 
     </span>
     <span class='ocr_line' id='line_1_36' title="bbox 55 3344 1709 3422; baseline 0 -18"><span class='ocrx_word' id='word_1_526' title='bbox 55 3349 171 3422; x_wconf 81' lang='lat' dir='ltr'>quidem</span> <span class='ocrx_word' id='word_1_527' title='bbox 183 3345 326 3418; x_wconf 84' lang='lat' dir='ltr'>succedat,</span> <span class='ocrx_word' id='word_1_528' title='bbox 340 3347 392 3403; x_wconf 87' lang='lat' dir='ltr'>sed</span> <span class='ocrx_word' id='word_1_529' title='bbox 414 3346 481 3403; x_wconf 84' lang='lat' dir='ltr'>nulli</span> <span class='ocrx_word' id='word_1_530' title='bbox 502 3344 600 3403; x_wconf 84' lang='lat' dir='ltr'>cedat:</span> <span class='ocrx_word' id='word_1_531' title='bbox 628 3354 772 3418; x_wconf 89' lang='lat' dir='ltr'>permanet</span> <span class='ocrx_word' id='word_1_532' title='bbox 785 3347 859 3404; x_wconf 86' lang='lat' dir='ltr'>euim</span> <span class='ocrx_word' id='word_1_533' title='bbox 912 3345 999 3402; x_wconf 89' lang='lat' dir='ltr'>dulcis</span> <span class='ocrx_word' id='word_1_534' title='bbox 1027 3353 1056 3402; x_wconf 91' lang='grc' dir='ltr'>ει</span> <span class='ocrx_word' id='word_1_535' title='bbox 1078 3345 1154 3401; x_wconf 79' lang='lat' dir='ltr'>dives</span> <span class='ocrx_word' id='word_1_536' title='bbox 1179 3354 1220 3401; x_wconf 90' lang='lat' dir='ltr'>est</span> <span class='ocrx_word' id='word_1_537' title='bbox 1244 3345 1371 3401; x_wconf 88' lang='lat' dir='ltr'>ebaritas.</span> <span class='ocrx_word' id='word_1_538' title='bbox 1395 3346 1520 3420; x_wconf 85' lang='lat' dir='ltr'>Denique</span> <span class='ocrx_word' id='word_1_539' title='bbox 1542 3349 1614 3406; x_wconf 88' lang='lat' dir='ltr'>sicut</span> <span class='ocrx_word' id='word_1_540' title='bbox 1627 3350 1709 3405; x_wconf 85' lang='lat' dir='ltr'>babet</span> 
     </span>
     <span class='ocr_line' id='line_1_37' title="bbox 55 3431 1707 3509; baseline 0 -17"><span class='ocrx_word' id='word_1_541' title='bbox 55 3439 83 3494; x_wconf 90' lang='lat' dir='ltr'>in</span> <span class='ocrx_word' id='word_1_542' title='bbox 97 3437 232 3494; x_wconf 61' lang='lat' dir='ltr'>mulum</span> <span class='ocrx_word' id='word_1_543' title='bbox 246 3435 350 3494; x_wconf 76' lang='lat' dir='ltr'>saeculi.</span> <span class='ocrx_word' id='word_1_544' title='bbox 365 3436 471 3493; x_wconf 85' lang='lat' dir='ltr'>Primus</span> <span class='ocrx_word' id='word_1_545' title='bbox 481 3451 550 3509; x_wconf 89' lang='lat' dir='ltr'>ergo</span> <span class='ocrx_word' id='word_1_546' title='bbox 565 3436 645 3492; x_wconf 87' lang='lat' dir='ltr'>timor</span> <span class='ocrx_word' id='word_1_547' title='bbox 654 3437 751 3494; x_wconf 90' lang='lat' dir='ltr'>metuit</span> <span class='ocrx_word' id='word_1_548' title='bbox 765 3452 801 3492; x_wconf 90' lang='lat' dir='ltr'>ne</span> <span class='ocrx_word' id='word_1_549' title='bbox 815 3443 859 3492; x_wconf 90' lang='lat' dir='ltr'>te·</span> <span class='ocrx_word' id='word_1_550' title='bbox 912 3436 1047 3501; x_wconf 90' lang='lat' dir='ltr'>Psalmns,</span> <span class='ocrx_word' id='word_1_551' title='bbox 1063 3434 1141 3491; x_wconf 78' lang='lat' dir='ltr'>luter</span> <span class='ocrx_word' id='word_1_552' title='bbox 1153 3431 1262 3490; x_wconf 82' lang='lat' dir='ltr'>medios</span> <span class='ocrx_word' id='word_1_553' title='bbox 1275 3433 1406 3489; x_wconf 79' lang='lat' dir='ltr'>virtutum</span> <span class='ocrx_word' id='word_1_554' title='bbox 1420 3435 1508 3492; x_wconf 84' lang='lat' dir='ltr'>cleros</span> <span class='ocrx_word' id='word_1_555' title='bbox 1518 3435 1606 3506; x_wconf 82' lang='lat' dir='ltr'>(Psoi.</span> <span class='ocrx_word' id='word_1_556' title='bbox 1622 3452 1707 3504; x_wconf 84' lang='lat' dir='ltr'>cxrn,</span> 
     </span>
     <span class='ocr_line' id='line_1_38' title="bbox 55 3520 1709 3595; baseline -0.002 -12"><span class='ocrx_word' id='word_1_557' title='bbox 55 3527 195 3584; x_wconf 71' lang='lat' dir='ltr'>merimtis</span> <span class='ocrx_word' id='word_1_558' title='bbox 215 3525 351 3584; x_wconf 79' lang='lat' dir='ltr'>cilenstm</span> <span class='ocrx_word' id='word_1_559' title='bbox 374 3525 449 3583; x_wconf 89' lang='lat' dir='ltr'>luat:</span> <span class='ocrx_word' id='word_1_560' title='bbox 475 3525 623 3591; x_wconf 89' lang='lat' dir='ltr'>secundus,</span> <span class='ocrx_word' id='word_1_561' title='bbox 646 3541 681 3581; x_wconf 90' lang='lat' dir='ltr'>ne</span> <span class='ocrx_word' id='word_1_562' title='bbox 703 3524 860 3583; x_wconf 88' lang='lat' dir='ltr'>infirmitate</span> <span class='ocrx_word' id='word_1_563' title='bbox 914 3526 970 3594; x_wconf 83' lang='lat' dir='ltr'>tt),</span> <span class='ocrx_word' id='word_1_564' title='bbox 985 3530 1013 3580; x_wconf 93' lang='lat' dir='ltr'>et</span> <span class='ocrx_word' id='word_1_565' title='bbox 1026 3523 1054 3577; x_wconf 94' lang='lat' dir='ltr'>in</span> <span class='ocrx_word' id='word_1_566' title='bbox 1063 3520 1242 3592; x_wconf 89' lang='lat' dir='ltr'>spiritualium</span> <span class='ocrx_word' id='word_1_567' title='bbox 1254 3521 1446 3578; x_wconf 90' lang='lat' dir='ltr'>communione</span> <span class='ocrx_word' id='word_1_568' title='bbox 1461 3523 1607 3594; x_wconf 87' lang='lat' dir='ltr'>gratiarum</span> <span class='ocrx_word' id='word_1_569' title='bbox 1624 3540 1709 3595; x_wconf 88' lang='lat' dir='ltr'>super</span> 
     </span>
     <span class='ocr_line' id='line_1_39' title="bbox 10 3609 1709 3686; baseline -0.003 -12"><span class='ocrx_word' id='word_1_570' title='bbox 10 3666 13 3679; x_wconf 88' lang='lat'>.</span> <span class='ocrx_word' id='word_1_571' title='bbox 55 3615 205 3674; x_wconf 79' lang='lat' dir='ltr'>offendat:</span> <span class='ocrx_word' id='word_1_572' title='bbox 234 3615 337 3682; x_wconf 87' lang='lat' dir='ltr'>tertius,</span> <span class='ocrx_word' id='word_1_573' title='bbox 368 3613 443 3686; x_wconf 85' lang='lat' dir='ltr'>qnod</span> <span class='ocrx_word' id='word_1_574' title='bbox 464 3622 569 3671; x_wconf 89' lang='lat' dir='ltr'>metuat</span> <span class='ocrx_word' id='word_1_575' title='bbox 598 3631 653 3671; x_wconf 94' lang='lat' dir='ltr'>non</span> <span class='ocrx_word' id='word_1_576' title='bbox 667 3615 759 3672; x_wconf 88' lang='lat' dir='ltr'>babet.</span> <span class='ocrx_word' id='word_1_577' title='bbox 789 3614 861 3682; x_wconf 83' lang='lat' dir='ltr'>Quid</span> <span class='ocrx_word' id='word_1_578' title='bbox 914 3622 1030 3670; x_wconf 87' lang='lat' dir='ltr'>stratum</span> <span class='ocrx_word' id='word_1_579' title='bbox 1048 3609 1182 3666; x_wconf 91' lang='lat' dir='ltr'>dormitur</span> <span class='ocrx_word' id='word_1_580' title='bbox 1205 3609 1353 3666; x_wconf 83' lang='lat' dir='ltr'>charitatis.</span> <span class='ocrx_word' id='word_1_581' title='bbox 1377 3610 1502 3666; x_wconf 85' lang='lat' dir='ltr'>Charitas</span> <span class='ocrx_word' id='word_1_582' title='bbox 1525 3612 1604 3685; x_wconf 88' lang='lat' dir='ltr'>quasi</span> <span class='ocrx_word' id='word_1_583' title='bbox 1618 3612 1709 3669; x_wconf 91' lang='lat' dir='ltr'>media</span> 
     </span>
     <span class='ocr_line' id='line_1_40' title="bbox 56 3697 1710 3775; baseline -0.002 -13"><span class='ocrx_word' id='word_1_584' title='bbox 56 3707 133 3762; x_wconf 84' lang='lat' dir='ltr'>enim</span> <span class='ocrx_word' id='word_1_585' title='bbox 146 3710 253 3760; x_wconf 85' lang='lat' dir='ltr'>metuet</span> <span class='ocrx_word' id='word_1_586' title='bbox 264 3701 403 3775; x_wconf 84' lang='lat' dir='ltr'>completa</span> <span class='ocrx_word' id='word_1_587' title='bbox 416 3702 533 3759; x_wconf 79' lang='lat' dir='ltr'>felicitas</span> <span class='ocrx_word' id='word_1_588' title='bbox 547 3711 574 3760; x_wconf 92' lang='lat' dir='ltr'>et</span> <span class='ocrx_word' id='word_1_589' title='bbox 588 3712 777 3760; x_wconf 86' lang='lat' dir='ltr'>consummata</span> <span class='ocrx_word' id='word_1_590' title='bbox 795 3705 861 3760; x_wconf 90' lang='lat' dir='ltr'>cha·</span> <span class='ocrx_word' id='word_1_591' title='bbox 914 3701 1040 3760; x_wconf 87' lang='lat' dir='ltr'>omnibns</span> <span class='ocrx_word' id='word_1_592' title='bbox 1054 3697 1246 3768; x_wconf 88' lang='lat' dir='ltr'>communicat,</span> <span class='ocrx_word' id='word_1_593' title='bbox 1262 3706 1290 3756; x_wconf 92' lang='lat' dir='ltr'>et</span> <span class='ocrx_word' id='word_1_594' title='bbox 1305 3698 1383 3770; x_wconf 89' lang='lat' dir='ltr'>quasi</span> <span class='ocrx_word' id='word_1_595' title='bbox 1395 3698 1494 3756; x_wconf 86' lang='lat' dir='ltr'>melior</span> <span class='ocrx_word' id='word_1_596' title='bbox 1503 3716 1600 3757; x_wconf 90' lang='lat' dir='ltr'>omnes</span> <span class='ocrx_word' id='word_1_597' title='bbox 1614 3717 1710 3759; x_wconf 89' lang='lat' dir='ltr'>cumn·</span> 
     </span>
     <span class='ocr_line' id='line_1_41' title="bbox 57 3786 1709 3864; baseline -0.002 -13"><span class='ocrx_word' id='word_1_598' title='bbox 57 3792 150 3851; x_wconf 73' lang='lat' dir='ltr'>ritas?</span> <span class='ocrx_word' id='word_1_599' title='bbox 164 3792 261 3849; x_wconf 80' lang='lat' dir='ltr'>Timor</span> <span class='ocrx_word' id='word_1_600' title='bbox 273 3792 318 3850; x_wconf 89' lang='lat' dir='ltr'>hic</span> <span class='ocrx_word' id='word_1_601' title='bbox 333 3792 368 3849; x_wconf 89' lang='lat' dir='ltr'>de</span> <span class='ocrx_word' id='word_1_602' title='bbox 381 3792 518 3864; x_wconf 84' lang='lat' dir='ltr'>plantario</span> <span class='ocrx_word' id='word_1_603' title='bbox 532 3792 620 3849; x_wconf 91' lang='lat' dir='ltr'>oritur</span> <span class='ocrx_word' id='word_1_604' title='bbox 634 3792 785 3850; x_wconf 87' lang='lat' dir='ltr'>charitatis.</span> <span class='ocrx_word' id='word_1_605' title='bbox 798 3792 861 3849; x_wconf 88' lang='lat' dir='ltr'>Non</span> <span class='ocrx_word' id='word_1_606' title='bbox 914 3791 952 3848; x_wconf 91' lang='lat' dir='ltr'>lat</span> <span class='ocrx_word' id='word_1_607' title='bbox 965 3790 1088 3847; x_wconf 80' lang='lat' dir='ltr'>virtutes.</span> <span class='ocrx_word' id='word_1_608' title='bbox 1113 3786 1286 3844; x_wconf 81' lang='lat' dir='ltr'>AEmnlamini</span> <span class='ocrx_word' id='word_1_609' title='bbox 1299 3803 1377 3860; x_wconf 90' lang='lat' dir='ltr'>ergo,</span> <span class='ocrx_word' id='word_1_610' title='bbox 1392 3788 1455 3845; x_wconf 81' lang='lat' dir='ltr'>tiliae</span> <span class='ocrx_word' id='word_1_611' title='bbox 1468 3789 1629 3859; x_wconf 85' lang='lat' dir='ltr'>Jerusalem,</span> <span class='ocrx_word' id='word_1_612' title='bbox 1645 3792 1709 3847; x_wconf 90' lang='lat' dir='ltr'>cba-</span> 
     </span>
     <span class='ocr_line' id='line_1_42' title="bbox 58 3875 1707 3954; baseline -0.002 -14"><span class='ocrx_word' id='word_1_613' title='bbox 58 3885 146 3940; x_wconf 81' lang='lat' dir='ltr'>sndeo</span> <span class='ocrx_word' id='word_1_614' title='bbox 155 3881 254 3939; x_wconf 86' lang='lat' dir='ltr'>dicere</span> <span class='ocrx_word' id='word_1_615' title='bbox 263 3880 338 3954; x_wconf 88' lang='lat' dir='ltr'>quod</span> <span class='ocrx_word' id='word_1_616' title='bbox 351 3882 469 3939; x_wconf 86' lang='lat' dir='ltr'>charitas</span> <span class='ocrx_word' id='word_1_617' title='bbox 479 3889 530 3953; x_wconf 83' lang='lat' dir='ltr'>ost,</span> <span class='ocrx_word' id='word_1_618' title='bbox 541 3897 594 3939; x_wconf 86' lang='lat' dir='ltr'>nec</span> <span class='ocrx_word' id='word_1_619' title='bbox 606 3888 699 3938; x_wconf 79' lang='lat' dir='ltr'>tamur</span> <span class='ocrx_word' id='word_1_620' title='bbox 713 3882 802 3939; x_wconf 89' lang='lat' dir='ltr'>audeo</span> <span class='ocrx_word' id='word_1_621' title='bbox 815 3899 863 3938; x_wconf 92' lang='lat' dir='ltr'>ne·</span> <span class='ocrx_word' id='word_1_622' title='bbox 916 3878 1028 3936; x_wconf 87' lang='lat' dir='ltr'>rismata</span> <span class='ocrx_word' id='word_1_623' title='bbox 1036 3876 1160 3934; x_wconf 86' lang='lat' dir='ltr'>meliora.</span> <span class='ocrx_word' id='word_1_624' title='bbox 1172 3875 1256 3949; x_wconf 85' lang='lat' dir='ltr'>lingis</span> <span class='ocrx_word' id='word_1_625' title='bbox 1266 3884 1358 3933; x_wconf 89' lang='lat' dir='ltr'>autern</span> <span class='ocrx_word' id='word_1_626' title='bbox 1368 3885 1398 3933; x_wconf 92' lang='lat' dir='ltr'>ut</span> <span class='ocrx_word' id='word_1_627' title='bbox 1407 3878 1564 3935; x_wconf 86' lang='lat' dir='ltr'>charitatem</span> <span class='ocrx_word' id='word_1_628' title='bbox 1575 3879 1707 3947; x_wconf 89' lang='lat' dir='ltr'>babeatis,</span> 
     </span>
     <span class='ocr_line' id='line_1_43' title="bbox 59 3965 1710 4046; baseline -0.002 -18"><span class='ocrx_word' id='word_1_629' title='bbox 59 3989 133 4046; x_wconf 70' lang='lat' dir='ltr'>garo</span> <span class='ocrx_word' id='word_1_630' title='bbox 152 3969 229 4042; x_wconf 84' lang='lat' dir='ltr'>Quid</span> <span class='ocrx_word' id='word_1_631' title='bbox 253 3971 328 4028; x_wconf 90' lang='lat' dir='ltr'>enim</span> <span class='ocrx_word' id='word_1_632' title='bbox 350 3971 403 4027; x_wconf 87' lang='lat' dir='ltr'>nisi</span> <span class='ocrx_word' id='word_1_633' title='bbox 426 3986 504 4029; x_wconf 89' lang='lat' dir='ltr'>amor</span> <span class='ocrx_word' id='word_1_634' title='bbox 525 3987 588 4029; x_wconf 86' lang='lat' dir='ltr'>esse</span> <span class='ocrx_word' id='word_1_635' title='bbox 606 3979 730 4040; x_wconf 88' lang='lat' dir='ltr'>conatur,</span> <span class='ocrx_word' id='word_1_636' title='bbox 747 3971 792 4043; x_wconf 87' lang='lat' dir='ltr'>qui</span> <span class='ocrx_word' id='word_1_637' title='bbox 804 3973 861 4042; x_wconf 85' lang='lat' dir='ltr'>jam</span> <span class='ocrx_word' id='word_1_638' title='bbox 914 3965 1710 4032; x_wconf 75' lang='lat' dir='ltr'>etahuudantiushabeatis,totaainoflectnmamoristran·</span> 
     </span>
     <span class='ocr_line' id='line_1_44' title="bbox 60 4054 1712 4133; baseline -0.004 -13"><span class='ocrx_word' id='word_1_639' title='bbox 60 4062 147 4120; x_wconf 82' lang='lat' dir='ltr'>nescit</span> <span class='ocrx_word' id='word_1_640' title='bbox 161 4059 297 4117; x_wconf 78' lang='lat' dir='ltr'>enectum</span> <span class='ocrx_word' id='word_1_641' title='bbox 320 4058 447 4117; x_wconf 74' lang='lat' dir='ltr'>timorist</span> <span class='ocrx_word' id='word_1_642' title='bbox 472 4060 609 4133; x_wconf 87' lang='lat' dir='ltr'>quomodo</span> <span class='ocrx_word' id='word_1_643' title='bbox 632 4075 688 4119; x_wconf 92' lang='lat' dir='ltr'>non</span> <span class='ocrx_word' id='word_1_644' title='bbox 712 4076 799 4128; x_wconf 87' lang='lat' dir='ltr'>amor,</span> <span class='ocrx_word' id='word_1_645' title='bbox 814 4061 862 4132; x_wconf 90' lang='lat' dir='ltr'>qni</span> <span class='ocrx_word' id='word_1_646' title='bbox 915 4054 1712 4116; x_wconf 85' lang='lat' dir='ltr'>site.TotusenimamabilisestdilectusnosterJesustri·</span> 
     </span>
     <span class='ocr_line' id='line_1_45' title="bbox 59 4145 1709 4223; baseline -0.001 -17"><span class='ocrx_word' id='word_1_647' title='bbox 59 4152 204 4223; x_wconf 72' lang='lat' dir='ltr'>ismpene</span> <span class='ocrx_word' id='word_1_648' title='bbox 219 4151 301 4205; x_wconf 89' lang='lat' dir='ltr'>timor</span> <span class='ocrx_word' id='word_1_649' title='bbox 313 4164 377 4206; x_wconf 88' lang='lat' dir='ltr'>esse</span> <span class='ocrx_word' id='word_1_650' title='bbox 401 4148 501 4205; x_wconf 72' lang='lat' dir='ltr'>desiit?</span> <span class='ocrx_word' id='word_1_651' title='bbox 523 4164 642 4222; x_wconf 88' lang='lat' dir='ltr'>quanam</span> <span class='ocrx_word' id='word_1_652' title='bbox 666 4149 739 4205; x_wconf 83' lang='lat' dir='ltr'>enim</span> <span class='ocrx_word' id='word_1_653' title='bbox 757 4150 862 4208; x_wconf 80' lang='lat' dir='ltr'>rabone</span> <span class='ocrx_word' id='word_1_654' title='bbox 916 4157 986 4215; x_wconf 86' lang='lat' dir='ltr'>stus,</span> <span class='ocrx_word' id='word_1_655' title='bbox 1002 4146 1049 4220; x_wconf 89' lang='lat' dir='ltr'>qui</span> <span class='ocrx_word' id='word_1_656' title='bbox 1063 4145 1418 4218; x_wconf 84' lang='lat' dir='ltr'>vivitetregnatinsaecula</span> <span class='ocrx_word' id='word_1_657' title='bbox 1429 4146 1709 4204; x_wconf 73' lang='lat' dir='ltr'>saeculorumdmeu.</span> 
     </span>
     <span class='ocr_line' id='line_1_46' title="bbox 60 4237 1413 4310; baseline -0.001 -13"><span class='ocrx_word' id='word_1_658' title='bbox 60 4241 140 4297; x_wconf 87' lang='lat' dir='ltr'>timor</span> <span class='ocrx_word' id='word_1_659' title='bbox 153 4238 356 4297; x_wconf 78' lang='lat' dir='ltr'>nilmctuensi</span> <span class='ocrx_word' id='word_1_660' title='bbox 375 4237 510 4295; x_wconf 82' lang='lat' dir='ltr'>Timorem</span> <span class='ocrx_word' id='word_1_661' title='bbox 533 4239 608 4294; x_wconf 90' lang='lat' dir='ltr'>illum</span> <span class='ocrx_word' id='word_1_662' title='bbox 632 4246 688 4295; x_wconf 90' lang='lat' dir='ltr'>tam</span> <span class='ocrx_word' id='word_1_663' title='bbox 710 4245 798 4296; x_wconf 90' lang='lat' dir='ltr'>tutum</span> <span class='ocrx_word' id='word_1_664' title='bbox 816 4255 864 4297; x_wconf 89' lang='lat' dir='ltr'>no·</span> <span class='ocrx_word' id='word_1_665' title='bbox 1211 4253 1329 4310; x_wconf 63' lang='lat' dir='ltr'>suppo</span> <span class='ocrx_word' id='word_1_666' title='bbox 1348 4254 1413 4310; x_wconf 71' lang='lat' dir='ltr'>xx,</span> 
     </span>
     <span class='ocr_line' id='line_1_47' title="bbox 61 4326 1712 4416; baseline -0.001 -14"><span class='ocrx_word' id='word_1_667' title='bbox 61 4332 133 4386; x_wconf 56' lang='grc' dir='ltr'>ΜΕ</span> <span class='ocrx_word' id='word_1_668' title='bbox 146 4327 322 4402; x_wconf 60' lang='lat' dir='ltr'>i¹²¹ilffl&#39;fif‘3m</span> <span class='ocrx_word' id='word_1_669' title='bbox 345 4327 456 4395; x_wconf 68' lang='lat' dir='ltr'>⁸m⁰li⁸r</span> <span class='ocrx_word' id='word_1_670' title='bbox 480 4326 532 4383; x_wconf 54' lang='lat' dir='ltr'>”iti</span> <span class='ocrx_word' id='word_1_671' title='bbox 555 4327 628 4400; x_wconf 85' lang='lat' dir='ltr'>quod</span> <span class='ocrx_word' id='word_1_672' title='bbox 651 4328 724 4385; x_wconf 71' lang='lat'>⁰0⁰⁵</span> <span class='ocrx_word' id='word_1_673' title='bbox 747 4328 806 4400; x_wconf 72' lang='lat' dir='ltr'>il¹⁸0</span> <span class='ocrx_word' id='word_1_674' title='bbox 825 4329 863 4385; x_wconf 65' lang='lat' dir='ltr'>lbi</span> <span class='ocrx_word' id='word_1_675' title='bbox 920 4342 1101 4416; x_wconf 72' lang='lat' dir='ltr'>Egredimini,</span> <span class='ocrx_word' id='word_1_676' title='bbox 1118 4342 1253 4399; x_wconf 80' lang='lat' dir='ltr'>eteidete</span> <span class='ocrx_word' id='word_1_677' title='bbox 1266 4358 1359 4414; x_wconf 79' lang='lat' dir='ltr'>repom</span> <span class='ocrx_word' id='word_1_678' title='bbox 1374 4343 1551 4401; x_wconf 79' lang='lat' dir='ltr'>Salomonem</span> <span class='ocrx_word' id='word_1_679' title='bbox 1568 4341 1600 4399; x_wconf 82' lang='lat' dir='ltr'>irc</span> <span class='ocrx_word' id='word_1_680' title='bbox 1618 4341 1712 4400; x_wconf 82' lang='lat' dir='ltr'>diode-</span> 
     </span>
     <span class='ocr_line' id='line_1_48' title="bbox 60 4412 1694 4492; baseline -0.006 -15"><span class='ocrx_word' id='word_1_681' title='bbox 60 4419 171 4492; x_wconf 79' lang='lat' dir='ltr'>quitlem</span> <span class='ocrx_word' id='word_1_682' title='bbox 185 4423 263 4473; x_wconf 81' lang='lat' dir='ltr'>amat</span> <span class='ocrx_word' id='word_1_683' title='bbox 277 4432 338 4485; x_wconf 88' lang='lat' dir='ltr'>nos,</span> <span class='ocrx_word' id='word_1_684' title='bbox 354 4432 410 4473; x_wconf 91' lang='lat' dir='ltr'>non</span> <span class='ocrx_word' id='word_1_685' title='bbox 425 4426 517 4474; x_wconf 72' lang='lat' dir='ltr'>umen</span> <span class='ocrx_word' id='word_1_686' title='bbox 531 4417 623 4473; x_wconf 89' lang='lat' dir='ltr'>timori</span> <span class='ocrx_word' id='word_1_687' title='bbox 637 4417 665 4471; x_wconf 90' lang='lat' dir='ltr'>in</span> <span class='ocrx_word' id='word_1_688' title='bbox 680 4425 757 4474; x_wconf 88' lang='lat' dir='ltr'>tenta</span> <span class='ocrx_word' id='word_1_689' title='bbox 770 4419 860 4489; x_wconf 84' lang='lat' dir='ltr'>majo·</span> <span class='ocrx_word' id='word_1_690' title='bbox 878 4412 901 4490; x_wconf 77' lang='lat' dir='ltr'>n</span> <span class='ocrx_word' id='word_1_691' title='bbox 934 4420 1012 4473; x_wconf 79' lang='lat' dir='ltr'>mute</span> <span class='ocrx_word' id='word_1_692' title='bbox 1022 4432 1076 4488; x_wconf 82' lang='lat' dir='ltr'>quo</span> <span class='ocrx_word' id='word_1_693' title='bbox 1085 4414 1301 4471; x_wconf 73' lang='lat' dir='ltr'>commatrem</span> <span class='ocrx_word' id='word_1_694' title='bbox 1312 4419 1406 4471; x_wconf 84' lang='lat' dir='ltr'>muter</span> <span class='ocrx_word' id='word_1_695' title='bbox 1415 4415 1579 4485; x_wconf 79' lang='lat' dir='ltr'>ado.(carrt.</span> <span class='ocrx_word' id='word_1_696' title='bbox 1588 4417 1694 4484; x_wconf 74' lang='lat' dir='ltr'>imit.)</span> 
     </span>
     <span class='ocr_line' id='line_1_49' title="bbox 60 4500 1712 4580; baseline -0.004 -16"><span class='ocrx_word' id='word_1_697' title='bbox 60 4505 312 4580; x_wconf 78' lang='lat' dir='ltr'>statepermittitnr</span> <span class='ocrx_word' id='word_1_698' title='bbox 321 4505 410 4562; x_wconf 87' lang='lat' dir='ltr'>locus.</span> <span class='ocrx_word' id='word_1_699' title='bbox 426 4505 480 4562; x_wconf 84' lang='lat' dir='ltr'>Sed</span> <span class='ocrx_word' id='word_1_700' title='bbox 489 4505 606 4562; x_wconf 88' lang='lat' dir='ltr'>innobis</span> <span class='ocrx_word' id='word_1_701' title='bbox 616 4506 753 4578; x_wconf 87' lang='lat' dir='ltr'>quomodo</span> <span class='ocrx_word' id='word_1_702' title='bbox 766 4522 783 4560; x_wconf 86' lang='lat' dir='ltr'>a</span> <span class='ocrx_word' id='word_1_703' title='bbox 796 4508 863 4564; x_wconf 91' lang='lat' dir='ltr'>cba·</span> <span class='ocrx_word' id='word_1_704' title='bbox 953 4503 1111 4563; x_wconf 69' lang='lat' dir='ltr'>titudinis</span> <span class='ocrx_word' id='word_1_705' title='bbox 1124 4517 1179 4574; x_wconf 89' lang='lat' dir='ltr'>quo</span> <span class='ocrx_word' id='word_1_706' title='bbox 1188 4502 1306 4558; x_wconf 85' lang='lat' dir='ltr'>invitatae</span> <span class='ocrx_word' id='word_1_707' title='bbox 1321 4509 1385 4557; x_wconf 83' lang='lat' dir='ltr'>sunt</span> <span class='ocrx_word' id='word_1_708' title='bbox 1399 4500 1460 4556; x_wconf 81' lang='lat' dir='ltr'>srliae</span> <span class='ocrx_word' id='word_1_709' title='bbox 1470 4501 1535 4556; x_wconf 89' lang='lat' dir='ltr'>Sion</span> <span class='ocrx_word' id='word_1_710' title='bbox 1552 4519 1559 4560; x_wconf 90' lang='lat'><strong>:</strong></span> <span class='ocrx_word' id='word_1_711' title='bbox 1575 4501 1624 4555; x_wconf 85' lang='lat' dir='ltr'>sed</span> <span class='ocrx_word' id='word_1_712' title='bbox 1639 4501 1712 4558; x_wconf 88' lang='lat' dir='ltr'>unde</span> 
     </span>
     <span class='ocr_line' id='line_1_50' title="bbox 61 4588 1713 4668; baseline -0.005 -14"><span class='ocrx_word' id='word_1_713' title='bbox 61 4598 139 4654; x_wconf 80' lang='lat' dir='ltr'>ritate</span> <span class='ocrx_word' id='word_1_714' title='bbox 152 4597 239 4652; x_wconf 90' lang='lat' dir='ltr'>timor</span> <span class='ocrx_word' id='word_1_715' title='bbox 257 4594 305 4651; x_wconf 90' lang='lat' dir='ltr'>illc</span> <span class='ocrx_word' id='word_1_716' title='bbox 328 4595 526 4666; x_wconf 74' lang='lat' dir='ltr'>separabitur?</span> <span class='ocrx_word' id='word_1_717' title='bbox 545 4596 581 4651; x_wconf 86' lang='grc' dir='ltr'>Ει</span> <span class='ocrx_word' id='word_1_718' title='bbox 603 4595 668 4668; x_wconf 88' lang='lat' dir='ltr'>quid</span> <span class='ocrx_word' id='word_1_719' title='bbox 682 4594 757 4651; x_wconf 90' lang='lat' dir='ltr'>aliud</span> <span class='ocrx_word' id='word_1_720' title='bbox 770 4603 812 4651; x_wconf 85' lang='lat' dir='ltr'>eat</span> <span class='ocrx_word' id='word_1_721' title='bbox 825 4596 864 4652; x_wconf 90' lang='lat' dir='ltr'>ibi</span> <span class='ocrx_word' id='word_1_722' title='bbox 915 4594 1047 4664; x_wconf 84' lang='lat' dir='ltr'>jubentur</span> <span class='ocrx_word' id='word_1_723' title='bbox 1061 4593 1166 4664; x_wconf 84' lang='lat' dir='ltr'>egredi,</span> <span class='ocrx_word' id='word_1_724' title='bbox 1183 4589 1304 4646; x_wconf 89' lang='lat' dir='ltr'>nondum</span> <span class='ocrx_word' id='word_1_725' title='bbox 1319 4588 1442 4646; x_wconf 78' lang='lat' dir='ltr'>audist&#39;u.</span> <span class='ocrx_word' id='word_1_726' title='bbox 1453 4588 1484 4646; x_wconf 94' lang='lat' dir='ltr'>ld</span> <span class='ocrx_word' id='word_1_727' title='bbox 1494 4588 1567 4645; x_wconf 86' lang='lat' dir='ltr'>enim</span> <span class='ocrx_word' id='word_1_728' title='bbox 1582 4589 1713 4660; x_wconf 85' lang='lat' dir='ltr'>estquod</span> 
     </span>
     <span class='ocr_line' id='line_1_51' title="bbox 62 4677 1714 4756; baseline -0.004 -13"><span class='ocrx_word' id='word_1_729' title='bbox 62 4687 169 4753; x_wconf 84' lang='lat' dir='ltr'>timere,</span> <span class='ocrx_word' id='word_1_730' title='bbox 186 4685 241 4740; x_wconf 88' lang='lat' dir='ltr'>nisi</span> <span class='ocrx_word' id='word_1_731' title='bbox 256 4700 312 4740; x_wconf 89' lang='lat' dir='ltr'>non</span> <span class='ocrx_word' id='word_1_732' title='bbox 330 4691 436 4742; x_wconf 88' lang='lat' dir='ltr'>tumere</span> <span class='ocrx_word' id='word_1_733' title='bbox 454 4684 587 4742; x_wconf 87' lang='lat' dir='ltr'>adversus</span> <span class='ocrx_word' id='word_1_734' title='bbox 609 4684 755 4743; x_wconf 84' lang='lat' dir='ltr'>Dominum</span> <span class='ocrx_word' id='word_1_735' title='bbox 772 4687 864 4756; x_wconf 85' lang='lat' dir='ltr'>maje-</span> <span class='ocrx_word' id='word_1_736' title='bbox 917 4699 972 4738; x_wconf 87' lang='lat' dir='ltr'>non</span> <span class='ocrx_word' id='word_1_737' title='bbox 987 4681 1114 4753; x_wconf 88' lang='lat' dir='ltr'>exprimit</span> <span class='ocrx_word' id='word_1_738' title='bbox 1127 4680 1228 4736; x_wconf 87' lang='lat' dir='ltr'>littora.</span> <span class='ocrx_word' id='word_1_739' title='bbox 1241 4680 1319 4737; x_wconf 86' lang='lat' dir='ltr'>Unde</span> <span class='ocrx_word' id='word_1_740' title='bbox 1333 4681 1421 4752; x_wconf 84' lang='lat' dir='ltr'>ergc‘l</span> <span class='ocrx_word' id='word_1_741' title='bbox 1439 4677 1571 4751; x_wconf 89' lang='lat' dir='ltr'>numquid</span> <span class='ocrx_word' id='word_1_742' title='bbox 1581 4678 1616 4736; x_wconf 91' lang='lat' dir='ltr'>de</span> <span class='ocrx_word' id='word_1_743' title='bbox 1628 4679 1714 4738; x_wconf 76' lang='lat' dir='ltr'>Sicut</span> 
     </span>
     <span class='ocr_line' id='line_1_52' title="bbox 62 4768 1710 4846; baseline -0.005 -13"><span class='ocrx_word' id='word_1_744' title='bbox 62 4774 158 4833; x_wconf 63' lang='lat' dir='ltr'>statui</span> <span class='ocrx_word' id='word_1_745' title='bbox 171 4773 249 4845; x_wconf 89' lang='lat' dir='ltr'>Quid</span> <span class='ocrx_word' id='word_1_746' title='bbox 263 4782 307 4831; x_wconf 90' lang='grc' dir='ltr'>εει</span> <span class='ocrx_word' id='word_1_747' title='bbox 322 4775 403 4831; x_wconf 89' lang='lat' dir='ltr'>timor</span> <span class='ocrx_word' id='word_1_748' title='bbox 415 4773 461 4831; x_wconf 92' lang='lat' dir='ltr'>illc</span> <span class='ocrx_word' id='word_1_749' title='bbox 479 4774 532 4831; x_wconf 90' lang='lat' dir='ltr'>nisi</span> <span class='ocrx_word' id='word_1_750' title='bbox 545 4775 637 4833; x_wconf 80' lang='lat' dir='ltr'>votiva</span> <span class='ocrx_word' id='word_1_751' title='bbox 655 4776 799 4846; x_wconf 88' lang='lat' dir='ltr'>subjectio,</span> <span class='ocrx_word' id='word_1_752' title='bbox 815 4776 865 4830; x_wconf 88' lang='lat' dir='ltr'>ob-</span> <span class='ocrx_word' id='word_1_753' title='bbox 918 4772 973 4830; x_wconf 85' lang='lat' dir='ltr'>Sed</span> <span class='ocrx_word' id='word_1_754' title='bbox 996 4770 1132 4828; x_wconf 81' lang='lat' dir='ltr'>ridebitur</span> <span class='ocrx_word' id='word_1_755' title='bbox 1145 4772 1216 4827; x_wconf 88' lang='lat' dir='ltr'>Dens</span> <span class='ocrx_word' id='word_1_756' title='bbox 1231 4769 1346 4828; x_wconf 89' lang='lat' dir='ltr'>deorum</span> <span class='ocrx_word' id='word_1_757' title='bbox 1360 4769 1389 4825; x_wconf 92' lang='lat' dir='ltr'>in</span> <span class='ocrx_word' id='word_1_758' title='bbox 1400 4768 1466 4826; x_wconf 89' lang='lat' dir='ltr'>Sion</span> <span class='ocrx_word' id='word_1_759' title='bbox 1487 4771 1576 4842; x_wconf 74' lang='lat' dir='ltr'>(Ptol.</span> <span class='ocrx_word' id='word_1_760' title='bbox 1589 4783 1710 4839; x_wconf 79' lang='lat' dir='ltr'>cxxxrrt,</span> 
     </span>
     <span class='ocr_line' id='line_1_53' title="bbox 63 4859 1714 4936; baseline -0.004 -15"><span class='ocrx_word' id='word_1_761' title='bbox 63 4864 185 4921; x_wconf 69' lang='lat' dir='ltr'>eductis</span> <span class='ocrx_word' id='word_1_762' title='bbox 199 4879 257 4921; x_wconf 90' lang='lat' dir='ltr'>non</span> <span class='ocrx_word' id='word_1_763' title='bbox 266 4869 372 4929; x_wconf 76' lang='lat' dir='ltr'>macta,</span> <span class='ocrx_word' id='word_1_764' title='bbox 387 4863 458 4920; x_wconf 87' lang='lat' dir='ltr'>ultro</span> <span class='ocrx_word' id='word_1_765' title='bbox 472 4863 598 4936; x_wconf 87' lang='lat' dir='ltr'>impensa</span> <span class='ocrx_word' id='word_1_766' title='bbox 612 4864 866 4933; x_wconf 77' lang='lat' dir='ltr'>reverentiatQuo·</span> <span class='ocrx_word' id='word_1_767' title='bbox 918 4864 959 4932; x_wconf 89' lang='lat'>8).</span> <span class='ocrx_word' id='word_1_768' title='bbox 973 4861 1034 4918; x_wconf 91' lang='lat' dir='ltr'>Non</span> <span class='ocrx_word' id='word_1_769' title='bbox 1048 4877 1115 4931; x_wconf 84' lang='lat' dir='ltr'>ergo</span> <span class='ocrx_word' id='word_1_770' title='bbox 1130 4861 1165 4917; x_wconf 91' lang='lat' dir='ltr'>de</span> <span class='ocrx_word' id='word_1_771' title='bbox 1191 4860 1256 4917; x_wconf 90' lang='lat' dir='ltr'>Sion</span> <span class='ocrx_word' id='word_1_772' title='bbox 1270 4876 1318 4917; x_wconf 91' lang='lat' dir='ltr'>eas</span> <span class='ocrx_word' id='word_1_773' title='bbox 1333 4864 1421 4928; x_wconf 85' lang='lat' dir='ltr'>vocat,</span> <span class='ocrx_word' id='word_1_774' title='bbox 1438 4875 1507 4931; x_wconf 88' lang='lat' dir='ltr'>quas</span> <span class='ocrx_word' id='word_1_775' title='bbox 1520 4859 1714 4916; x_wconf 85' lang='lat' dir='ltr'>adridendum</span> 
     </span>
     <span class='ocr_line' id='line_1_54' title="bbox 59 4944 1715 5026; baseline -0.005 -16"><span class='ocrx_word' id='word_1_776' title='bbox 59 4955 144 5012; x_wconf 88' lang='lat' dir='ltr'>modo</span> <span class='ocrx_word' id='word_1_777' title='bbox 158 4954 244 5010; x_wconf 85' lang='lat' dir='ltr'>timor</span> <span class='ocrx_word' id='word_1_778' title='bbox 257 4951 306 5026; x_wconf 87' lang='lat' dir='ltr'>qui</span> <span class='ocrx_word' id='word_1_779' title='bbox 319 4951 462 5011; x_wconf 80' lang='lat' dir='ltr'>ostendere</span> <span class='ocrx_word' id='word_1_780' title='bbox 475 4968 530 5011; x_wconf 91' lang='lat' dir='ltr'>non</span> <span class='ocrx_word' id='word_1_781' title='bbox 545 4953 647 5014; x_wconf 78' lang='lat' dir='ltr'>timet?</span> <span class='ocrx_word' id='word_1_782' title='bbox 660 4970 716 5010; x_wconf 91' lang='lat' dir='ltr'>non</span> <span class='ocrx_word' id='word_1_783' title='bbox 729 4954 803 5011; x_wconf 88' lang='lat' dir='ltr'>enim</span> <span class='ocrx_word' id='word_1_784' title='bbox 817 4968 865 5011; x_wconf 84' lang='lat' dir='ltr'>va·</span> <span class='ocrx_word' id='word_1_785' title='bbox 918 4953 1006 5010; x_wconf 89' lang='lat' dir='ltr'>Deum</span> <span class='ocrx_word' id='word_1_786' title='bbox 1017 4958 1107 5008; x_wconf 87' lang='lat' dir='ltr'>vocat.</span> <span class='ocrx_word' id='word_1_787' title='bbox 1122 4952 1158 5008; x_wconf 81' lang='lat' dir='ltr'>tt</span> <span class='ocrx_word' id='word_1_788' title='bbox 1176 4950 1247 5007; x_wconf 85' lang='lat' dir='ltr'>sorte</span> <span class='ocrx_word' id='word_1_789' title='bbox 1261 4967 1316 5006; x_wconf 92' lang='lat' dir='ltr'>non</span> <span class='ocrx_word' id='word_1_790' title='bbox 1339 4951 1373 5007; x_wconf 91' lang='lat' dir='ltr'>ad</span> <span class='ocrx_word' id='word_1_791' title='bbox 1386 4949 1521 5006; x_wconf 89' lang='lat' dir='ltr'>visionem</span> <span class='ocrx_word' id='word_1_792' title='bbox 1536 4948 1596 5014; x_wconf 87' lang='lat' dir='ltr'>Dei,</span> <span class='ocrx_word' id='word_1_793' title='bbox 1616 4945 1664 5003; x_wconf 91' lang='lat' dir='ltr'>sed</span> <span class='ocrx_word' id='word_1_794' title='bbox 1680 4944 1715 5002; x_wconf 90' lang='lat' dir='ltr'>ad</span> 
     </span>
     <span class='ocr_line' id='line_1_55' title="bbox 58 5032 1716 5114; baseline -0.008 -13"><span class='ocrx_word' id='word_1_795' title='bbox 58 5041 108 5101; x_wconf 84' lang='lat' dir='ltr'>tot.</span> <span class='ocrx_word' id='word_1_796' title='bbox 124 5042 184 5100; x_wconf 84' lang='lat' dir='ltr'>Sed</span> <span class='ocrx_word' id='word_1_797' title='bbox 197 5042 296 5099; x_wconf 82' lang='lat' dir='ltr'>iterum</span> <span class='ocrx_word' id='word_1_798' title='bbox 309 5040 448 5113; x_wconf 84' lang='lat' dir='ltr'>quomodo</span> <span class='ocrx_word' id='word_1_799' title='bbox 472 5058 528 5099; x_wconf 91' lang='lat' dir='ltr'>non</span> <span class='ocrx_word' id='word_1_800' title='bbox 551 5041 642 5110; x_wconf 91' lang='lat' dir='ltr'>timor,</span> <span class='ocrx_word' id='word_1_801' title='bbox 659 5042 705 5114; x_wconf 88' lang='lat' dir='ltr'>qui</span> <span class='ocrx_word' id='word_1_802' title='bbox 723 5042 864 5101; x_wconf 79' lang='lat' dir='ltr'>offendere</span> <span class='ocrx_word' id='word_1_803' title='bbox 918 5039 1065 5097; x_wconf 83' lang='lat' dir='ltr'>ridendum</span> <span class='ocrx_word' id='word_1_804' title='bbox 1080 5039 1255 5095; x_wconf 87' lang='lat' dir='ltr'>Salomonem</span> <span class='ocrx_word' id='word_1_805' title='bbox 1278 5039 1305 5093; x_wconf 89' lang='lat' dir='ltr'>in</span> <span class='ocrx_word' id='word_1_806' title='bbox 1325 5037 1485 5103; x_wconf 87' lang='lat' dir='ltr'>diademata,</span> <span class='ocrx_word' id='word_1_807' title='bbox 1504 5050 1564 5107; x_wconf 87' lang='lat' dir='ltr'>quo.</span> <span class='ocrx_word' id='word_1_808' title='bbox 1576 5032 1716 5089; x_wconf 83' lang='lat' dir='ltr'>coronavit</span> 
     </span>
     <span class='ocr_line' id='line_1_56' title="bbox 60 5120 1715 5206; baseline -0.008 -15"><span class='ocrx_word' id='word_1_809' title='bbox 60 5149 118 5192; x_wconf 84' lang='lat' dir='ltr'>nnn</span> <span class='ocrx_word' id='word_1_810' title='bbox 132 5131 243 5189; x_wconf 74' lang='lat' dir='ltr'>sudett</span> <span class='ocrx_word' id='word_1_811' title='bbox 264 5131 300 5186; x_wconf 80' lang='lat' dir='ltr'>lit</span> <span class='ocrx_word' id='word_1_812' title='bbox 320 5130 402 5187; x_wconf 90' lang='lat' dir='ltr'>timor</span> <span class='ocrx_word' id='word_1_813' title='bbox 424 5147 491 5206; x_wconf 87' lang='lat' dir='ltr'>ergo</span> <span class='ocrx_word' id='word_1_814' title='bbox 512 5147 567 5191; x_wconf 88' lang='lat' dir='ltr'>non</span> <span class='ocrx_word' id='word_1_815' title='bbox 587 5131 704 5200; x_wconf 85' lang='lat' dir='ltr'>videtur,</span> <span class='ocrx_word' id='word_1_816' title='bbox 720 5133 782 5206; x_wconf 88' lang='lat' dir='ltr'>qnia</span> <span class='ocrx_word' id='word_1_817' title='bbox 797 5133 864 5189; x_wconf 87' lang='lat' dir='ltr'>nibil</span> <span class='ocrx_word' id='word_1_818' title='bbox 919 5145 981 5185; x_wconf 88' lang='lat' dir='ltr'>eum</span> <span class='ocrx_word' id='word_1_819' title='bbox 1004 5136 1091 5184; x_wconf 90' lang='lat' dir='ltr'>mater</span> <span class='ocrx_word' id='word_1_820' title='bbox 1105 5129 1175 5183; x_wconf 79' lang='lat' dir='ltr'>sua?</span> <span class='ocrx_word' id='word_1_821' title='bbox 1199 5128 1318 5199; x_wconf 84' lang='lat' dir='ltr'>Ideoque</span> <span class='ocrx_word' id='word_1_822' title='bbox 1332 5126 1369 5182; x_wconf 89' lang='lat' dir='ltr'>nil</span> <span class='ocrx_word' id='word_1_823' title='bbox 1392 5127 1493 5190; x_wconf 87' lang='lat' dir='ltr'>obstat,</span> <span class='ocrx_word' id='word_1_824' title='bbox 1517 5123 1540 5178; x_wconf 90' lang='lat' dir='ltr'>si</span> <span class='ocrx_word' id='word_1_825' title='bbox 1564 5121 1632 5177; x_wconf 81' lang='lat' dir='ltr'>illias</span> <span class='ocrx_word' id='word_1_826' title='bbox 1647 5120 1715 5178; x_wconf 88' lang='lat' dir='ltr'>Sion</span> 
     </span>
     <span class='ocr_line' id='line_1_57' title="bbox 59 5210 1715 5296; baseline -0.008 -14"><span class='ocrx_word' id='word_1_827' title='bbox 59 5222 105 5282; x_wconf 82' lang='lat' dir='ltr'>rel</span> <span class='ocrx_word' id='word_1_828' title='bbox 117 5219 230 5296; x_wconf 83' lang='lat' dir='ltr'>peccati</span> <span class='ocrx_word' id='word_1_829' title='bbox 239 5220 281 5279; x_wconf 83' lang='lat' dir='ltr'>rel</span> <span class='ocrx_word' id='word_1_830' title='bbox 297 5210 410 5291; x_wconf 80' lang='lat' dir='ltr'>periculi</span> <span class='ocrx_word' id='word_1_831' title='bbox 424 5220 520 5276; x_wconf 92' lang='lat' dir='ltr'>metuit</span> <span class='ocrx_word' id='word_1_832' title='bbox 532 5240 539 5277; x_wconf 76' lang='grc' dir='ltr'><strong>ι</strong></span> <span class='ocrx_word' id='word_1_833' title='bbox 551 5228 579 5278; x_wconf 89' lang='grc' dir='ltr'>ει</span> <span class='ocrx_word' id='word_1_834' title='bbox 594 5221 674 5278; x_wconf 88' lang='lat' dir='ltr'>timor</span> <span class='ocrx_word' id='word_1_835' title='bbox 686 5232 739 5290; x_wconf 87' lang='lat' dir='ltr'>est,</span> <span class='ocrx_word' id='word_1_836' title='bbox 754 5222 866 5294; x_wconf 87' lang='lat' dir='ltr'>quiani-</span> <span class='ocrx_word' id='word_1_837' title='bbox 918 5217 1014 5292; x_wconf 86' lang='lat' dir='ltr'>egredi</span> <span class='ocrx_word' id='word_1_838' title='bbox 1026 5217 1120 5290; x_wconf 84' lang='lat' dir='ltr'>jubeat</span> <span class='ocrx_word' id='word_1_839' title='bbox 1135 5218 1170 5275; x_wconf 90' lang='lat' dir='ltr'>de</span> <span class='ocrx_word' id='word_1_840' title='bbox 1193 5216 1268 5274; x_wconf 86' lang='lat' dir='ltr'>Sion.</span> <span class='ocrx_word' id='word_1_841' title='bbox 1285 5214 1337 5272; x_wconf 88' lang='lat' dir='ltr'>Sed</span> <span class='ocrx_word' id='word_1_842' title='bbox 1351 5212 1485 5287; x_wconf 89' lang='lat' dir='ltr'>numquid</span> <span class='ocrx_word' id='word_1_843' title='bbox 1498 5226 1554 5267; x_wconf 91' lang='lat' dir='ltr'>non</span> <span class='ocrx_word' id='word_1_844' title='bbox 1573 5210 1654 5268; x_wconf 87' lang='lat' dir='ltr'>bomo</span> <span class='ocrx_word' id='word_1_845' title='bbox 1668 5210 1715 5268; x_wconf 90' lang='lat' dir='ltr'>ille</span> 
     </span>
     <span class='ocr_line' id='line_1_58' title="bbox 59 5301 1717 5381; baseline -0.007 -12"><span class='ocrx_word' id='word_1_846' title='bbox 59 5312 99 5377; x_wconf 84' lang='lat' dir='ltr'>bil</span> <span class='ocrx_word' id='word_1_847' title='bbox 117 5310 256 5371; x_wconf 59' lang='lat' dir='ltr'>audacer</span> <span class='ocrx_word' id='word_1_848' title='bbox 278 5307 322 5366; x_wconf 85' lang='lat' dir='ltr'>rel</span> <span class='ocrx_word' id='word_1_849' title='bbox 343 5316 447 5366; x_wconf 90' lang='lat' dir='ltr'>temere</span> <span class='ocrx_word' id='word_1_850' title='bbox 469 5309 619 5381; x_wconf 81' lang='lat' dir='ltr'>praesumit.</span> <span class='ocrx_word' id='word_1_851' title='bbox 633 5310 704 5381; x_wconf 89' lang='lat' dir='ltr'>Quid</span> <span class='ocrx_word' id='word_1_852' title='bbox 728 5319 772 5365; x_wconf 88' lang='lat' dir='ltr'>est</span> <span class='ocrx_word' id='word_1_853' title='bbox 786 5310 867 5367; x_wconf 89' lang='lat' dir='ltr'>timor</span> <span class='ocrx_word' id='word_1_854' title='bbox 920 5314 1000 5363; x_wconf 90' lang='lat' dir='ltr'>natus</span> <span class='ocrx_word' id='word_1_855' title='bbox 1019 5315 1063 5365; x_wconf 90' lang='lat' dir='ltr'>est</span> <span class='ocrx_word' id='word_1_856' title='bbox 1075 5307 1104 5362; x_wconf 89' lang='lat' dir='ltr'>in</span> <span class='ocrx_word' id='word_1_857' title='bbox 1128 5305 1213 5363; x_wconf 83' lang='lat' dir='ltr'>Siont</span> <span class='ocrx_word' id='word_1_858' title='bbox 1227 5305 1301 5376; x_wconf 85' lang='lat' dir='ltr'>Ergo</span> <span class='ocrx_word' id='word_1_859' title='bbox 1318 5301 1342 5358; x_wconf 88' lang='lat' dir='ltr'>si</span> <span class='ocrx_word' id='word_1_860' title='bbox 1356 5302 1391 5358; x_wconf 92' lang='lat' dir='ltr'>de</span> <span class='ocrx_word' id='word_1_861' title='bbox 1407 5301 1473 5357; x_wconf 87' lang='lat' dir='ltr'>Sion</span> <span class='ocrx_word' id='word_1_862' title='bbox 1487 5307 1646 5369; x_wconf 85' lang='lat' dir='ltr'>evocantur,</span> <span class='ocrx_word' id='word_1_863' title='bbox 1660 5315 1717 5358; x_wconf 91' lang='lat' dir='ltr'>non</span> 
     </span>
     <span class='ocr_line' id='line_1_59' title="bbox 10 5387 1718 5474; baseline -0.008 -14"><span class='ocrx_word' id='word_1_864' title='bbox 10 5460 12 5469; x_wconf 83' lang='grc'>,</span> <span class='ocrx_word' id='word_1_865' title='bbox 59 5400 117 5474; x_wconf 77' lang='lat' dir='ltr'>ille,</span> <span class='ocrx_word' id='word_1_866' title='bbox 133 5399 191 5458; x_wconf 83' lang='lat' dir='ltr'>nisi</span> <span class='ocrx_word' id='word_1_867' title='bbox 206 5396 362 5457; x_wconf 81' lang='lat' dir='ltr'>reuerentia</span> <span class='ocrx_word' id='word_1_868' title='bbox 376 5396 486 5455; x_wconf 84' lang='lat' dir='ltr'>humilis</span> <span class='ocrx_word' id='word_1_869' title='bbox 499 5412 533 5455; x_wconf 83' lang='lat' dir='ltr'>ex</span> <span class='ocrx_word' id='word_1_870' title='bbox 548 5398 633 5455; x_wconf 87' lang='lat' dir='ltr'>debiti</span> <span class='ocrx_word' id='word_1_871' title='bbox 651 5397 729 5470; x_wconf 87' lang='lat' dir='ltr'>quasi</span> <span class='ocrx_word' id='word_1_872' title='bbox 743 5397 867 5457; x_wconf 88' lang='lat' dir='ltr'>necessi·</span> <span class='ocrx_word' id='word_1_873' title='bbox 921 5403 1013 5453; x_wconf 87' lang='lat' dir='ltr'>temen</span> <span class='ocrx_word' id='word_1_874' title='bbox 1026 5402 1159 5455; x_wconf 84' lang='lat' dir='ltr'>vocantur</span> <span class='ocrx_word' id='word_1_875' title='bbox 1171 5391 1225 5450; x_wconf 88' lang='lat' dir='ltr'>nisi</span> <span class='ocrx_word' id='word_1_876' title='bbox 1245 5391 1280 5448; x_wconf 90' lang='lat' dir='ltr'>ad</span> <span class='ocrx_word' id='word_1_877' title='bbox 1299 5390 1383 5450; x_wconf 90' lang='lat' dir='ltr'>Sion:</span> <span class='ocrx_word' id='word_1_878' title='bbox 1400 5388 1435 5447; x_wconf 93' lang='lat' dir='ltr'>de</span> <span class='ocrx_word' id='word_1_879' title='bbox 1452 5387 1518 5446; x_wconf 85' lang='lat' dir='ltr'>Sion</span> <span class='ocrx_word' id='word_1_880' title='bbox 1531 5389 1669 5462; x_wconf 86' lang='lat' dir='ltr'>superiori</span> <span class='ocrx_word' id='word_1_881' title='bbox 1681 5388 1718 5447; x_wconf 84' lang='lat' dir='ltr'>ad</span> 
     </span>
     <span class='ocr_line' id='line_1_60' title="bbox 10 5479 1719 5564; baseline -0.008 -14"><span class='ocrx_word' id='word_1_882' title='bbox 10 5486 13 5519; x_wconf 79' lang='lat'>²</span> <span class='ocrx_word' id='word_1_883' title='bbox 59 5499 117 5553; x_wconf 69' lang='lat' dir='ltr'>ute</span> <span class='ocrx_word' id='word_1_884' title='bbox 130 5490 273 5564; x_wconf 82' lang='lat' dir='ltr'>impensa,</span> <span class='ocrx_word' id='word_1_885' title='bbox 288 5485 339 5547; x_wconf 88' lang='lat' dir='ltr'>sed</span> <span class='ocrx_word' id='word_1_886' title='bbox 352 5485 523 5551; x_wconf 83' lang='lat' dir='ltr'>necessitatis</span> <span class='ocrx_word' id='word_1_887' title='bbox 537 5486 603 5545; x_wconf 89' lang='lat' dir='ltr'>nibil</span> <span class='ocrx_word' id='word_1_888' title='bbox 614 5484 780 5562; x_wconf 84' lang='lat' dir='ltr'>passatllst</span> <span class='ocrx_word' id='word_1_889' title='bbox 792 5487 867 5545; x_wconf 90' lang='lat' dir='ltr'>enim</span> <span class='ocrx_word' id='word_1_890' title='bbox 920 5483 1080 5545; x_wconf 86' lang='lat' dir='ltr'>interiorem</span> <span class='ocrx_word' id='word_1_891' title='bbox 1090 5484 1165 5544; x_wconf 89' lang='lat' dir='ltr'>Sion.</span> <span class='ocrx_word' id='word_1_892' title='bbox 1173 5483 1231 5543; x_wconf 85' lang='lat' dir='ltr'>Nec</span> <span class='ocrx_word' id='word_1_893' title='bbox 1241 5480 1316 5542; x_wconf 90' lang='lat' dir='ltr'>enim</span> <span class='ocrx_word' id='word_1_894' title='bbox 1324 5479 1492 5555; x_wconf 58' lang='lat' dir='ltr'>dunmnant</span> <span class='ocrx_word' id='word_1_895' title='bbox 1502 5486 1719 5545; x_wconf 88' lang='lat' dir='ltr'>consentaneum</span> 
     </span>
    </p>
   </div>
   <div class='ocr_carea' id='block_1_3' title="bbox 0 0 1879 5962">
    <p class='ocr_par' dir='ltr' id='par_1_3' title="bbox 0 0 1879 5962">
     <span class='ocr_line' id='line_1_61' title="bbox 0 0 1879 5962; baseline 0 0"><span class='ocrx_word' id='word_1_896' title='bbox 0 0 1879 5962; x_wconf 95' lang='lat' dir='ltr'> </span> 
     </span>
    </p>
   </div>
  </div>
 </body>
</html>
