3706 5962
57 186 112 248 eit
539 184 711 248 SDRMDNES
729 187 772 248 bu
790 186 909 251 VERBIS
927 188 1041 253 DOMINI
1061 192 1095 254 lli
1113 192 1223 256 cluth.
1640 203 1703 266 {938

58 312 147 385 inquit
159 309 289 367 Dominus
302 295 382 368 l'esus
398 308 490 367 :salus
502 325 564 380 quae
586 326 725 384 nunquam
746 311 846 380 linitur,
865 327 889 406 Α
906 313 1006 372 Christi
1030 333 1083 373 non
1109 326 1227 386 manent,
1243 339 1246 346 ·
1260 319 1324 390 quia
1349 331 1484 394 praecepta
1504 323 1615 391 Christi,
1643 341 1704 399 quai

59 401 115 457 vita
128 415 188 471 quae
202 414 338 466 nunquam
355 398 646 467 moritur,1'ucunditas
665 416 780 470 summa,
797 417 849 473 pa·
905 403 994 460 sciunt
1018 406 1061 460 vel
1087 407 1211 478 audiunt,
1235 414 1374 466 ventorum
1402 412 1513 468 vanitati
1535 412 1702 485 dedicarunt,

57 488 139 545 radisi
153 487 249 560 gloria,
265 502 345 542 omne
360 486 440 542 melle
451 486 565 554 dulcior,
599 489 720 561 quolibet
742 497 852 546 nectara
903 491 981 560 jussa
991 492 1098 549 Domini
1109 501 1321 563 contemnentes,
1333 497 1474 554 coenacnla
1491 501 1591 556 ventris
1610 518 1705 559 aman·

57 577 174 642 suavior,
191 575 307 648 gemmis
319 582 346 630 et
359 590 424 631 auro
437 576 591 646 pretiosior,
612 577 708 649 inquit,
733 577 851 649 inquam,
907 589 970 634 tes:
993 581 1081 651 ipsum
1109 598 1175 639 vero
1204 584 1290 639 Deum
1317 585 1419 642 scilieet
1445 595 1585 655 aeternum,
1622 591 1706 647 Deum

56 662 229 720 dilectoribus
239 664 297 719 suis
313 681 319 715 2
338 663 532 736 Quodcumque
546 663 853 736 catechumenium
907 668 1130 743 omnipotentem,
1154 671 1273 728 calcibus
1288 673 1414 744 nequitiae
1428 686 1454 731 et
1479 677 1587 732 malitiae
1609 694 1706 748 percu·

55 753 108 822 fiet
120 752 205 807 vobis.
222 754 348 825 Magnum
363 758 404 807 est
417 749 485 807 illud
499 753 572 822 quod
586 752 661 808 dicit.
906 754 1015 829 tientes,
1031 760 1153 815 odientes
1180 761 1341 831 proximum,
1369 762 1533 835 abnegantes
1564 767 1706 824 Dominum

93 839 852 916 teaunoandumestquoduniversatemoeucumqae,
906 844 999 899 lesum
1033 846 1182 917 Christum;
1217 865 1271 905 non
1295 852 1472 907 observantes
1503 855 1575 924 quod
1617 871 1708 912 eoram

57 946 113 987 non
128 929 249 986 continet
267 928 367 994 omnia,
392 928 438 984 scd
457 928 533 984 illum
557 936 659 986 tantum
675 931 723 1002 qui
737 932 855 988 eontinet
902 933 1034 991 ,omnibus
1051 935 1151 991 sanctis
1177 937 1206 991 in
1229 937 1273 993 die
1286 940 1496 996 consecrationis
1510 957 1565 997 suae
1587 943 1626 999 illi
1642 961 1707 1015 pro-

58 1020 197 1087 universa3
210 1019 256 1091 qui
266 1017 306 1074 sic
316 1018 393 1073 habet
404 1026 506 1085 esseut
516 1034 612 1074 verum
621 1020 768 1092 sempersit
777 1036 852 1078 esse:
909 1022 1050 1077 miserunt.
1069 1022 1182 1080 Noverit
1194 1025 1240 1097 qui
1260 1025 1318 1082 talis
1333 1037 1386 1094 est,
1408 1045 1437 1084 sc
1451 1045 1513 1087 esse
1527 1031 1709 1089 damnandum

59 1115 120 1164 ante
136 1107 226 1162 omnin
245 1119 367 1176 tempora
380 1107 453 1162 Deus
468 1107 500 1163 de
519 1106 619 1178 Deo,in
635 1107 689 1163 tine
704 1116 855 1179 temporum
908 1111 995 1166 aDeo
1013 1127 1093 1183 quem
1107 1109 1211 1169 irridet.
1226 1112 1302 1170 hlius
1316 1115 1349 1170 ad
1361 1119 1551 1173 monasterium
1571 1119 1653 1187 venit,
1680 1127 1709 1176 ut

59 1204 140 1253 natus
149 1211 181 1251 ιι
193 1193 305 1266 Virgine
316 1195 409 1261 homo,
420 1194 495 1250 salus
505 1204 605 1251 aeterua
619 1196 786 1253 credentium
797 1211 857 1252 orn·
909 1206 1017 1269 peecata
1031 1214 1091 1269 quae
1113 1200 1247 1255 commisit
1260 1201 1289 1256 in
1312 1202 1421 1271 saeculo,
1446 1204 1542 1274 punire
1567 1207 1652 1263 valeat
1679 1207 1709 1263 in

59 1286 143 1353 nium,
156 1300 219 1356 spes
234 1294 260 1340 et
273 1283 408 1356 retugium
423 1283 575 1340 timentium
584 1285 715 1342 eumlloe
735 1294 776 1342 est
790 1285 856 1341 illud
910 1288 1081 1343 monasterio.
1091 1284 1146 1364 Sed
1160 1297 1302 1362 postquam
1319 1289 1459 1364 ingressus
1474 1293 1565 1364 luerit,
1585 1312 1639 1350 non
1664 1312 1709 1352 so-

60 1376 240 1447 solum,quod
248 1383 342 1445 petunt
351 1374 436 1444 electi,
448 1375 547 1447 quibus
560 1375 758 1432 nilsatislaeere
769 1383 856 1447 potest
910 1376 964 1431 lum
978 1391 1039 1446 quae
1053 1376 1196 1442 commisit,
1212 1378 1329 1434 dolendo
1349 1395 1404 1435 non
1424 1380 1516 1448 diluit;
1533 1382 1582 1437 sed
1599 1382 1709 1455 insuper

61 1468 159 1535 praeter
173 1466 257 1520 Deum
273 1463 318 1534 qui
332 1462 424 1520 omnia
438 1462 557 1519 continet
574 1481 580 1518 :
597 1464 644 1536 qui
654 1473 767 1538 gemunt
780 1475 806 1521 et
819 1465 858 1520 lu·
909 1464 963 1520 alia
978 1464 1091 1520 forsitan
1113 1466 1235 1538 graviora
1257 1466 1409 1524 committit.
1424 1467 1478 1524 Sed
1502 1477 1596 1541 postea
1610 1487 1708 1544 magno

60 1553 220 1625 gent,quod
234 1553 328 1608 lesum
343 1551 665 1608 beatitudinisauctoram
680 1569 732 1610 non
753 1553 855 1621 vident,
910 1552 1006 1608 dolore
1020 1552 1218 1624 compungitur,
1247 1568 1346 1627 magno
1375 1560 1478 1627 pudore
1506 1559 1706 1630 prosternitur:
1802 1611 1805 1615 ,

59 1640 108 1712 qui
127 1656 181 1696 non
196 1641 269 1711 quod
283 1641 398 1696 deiectat
412 1639 555 1711 aspiciunt.
570 1637 677 1706 Quibus
693 1641 781 1698 tristia
794 1651 859 1698 sunt
875 1605 897 1682 Β
912 1649 939 1696 ιι
953 1641 1016 1713 quia
1030 1648 1139 1712 peccata
1152 1657 1213 1713 quae
1241 1641 1314 1709 lecit,
1331 1645 1398 1700 bene
1414 1646 1528 1703 vivendo
1546 1662 1602 1703 non
1617 1648 1708 1716 diluit,

60 1729 151 1786 omnin
161 1727 438 1801 quaeoceurrunt,qui
453 1727 599 1784 Dominum
614 1729 706 1787 lasum
722 1738 857 1802 querunt,
912 1730 961 1784 scd
975 1730 1086 1800 iusuper
1104 1729 1259 1787 enormiora
1275 1732 1466 1802 praesumpsit;
1480 1744 1542 1789 tune
1556 1735 1592 1790 ad
1605 1750 1709 1792 memo·

62 1826 88 1873 ιι
103 1831 155 1873 uon
171 1818 332 1882 inveniunt;
352 1824 378 1873 et
396 1823 502 1883 vocant,
525 1826 551 1872 et
570 1832 622 1872 non
636 1818 783 1886 respondet
799 1840 806 1888 ;
823 1820 858 1875 ad
912 1817 980 1873 riam
1000 1825 1112 1874 revocat
1129 1827 1228 1890 quauta
1254 1819 1282 1873 in
1307 1820 1493 1890 peccatoribus
1520 1826 1555 1878 sit
1578 1825 1709 1881 severitas

62 1905 195 1977 iacrymas
218 1905 320 1962 doloris
338 1904 437 1962 arnicas
459 1921 488 1962 se
515 1913 694 1978 convertunt,
725 1916 753 1962 ιι
779 1923 859 1978 quem
912 1905 1022 1976 judicis,
1040 1915 1140 1977 quauta
1154 1906 1182 1959 in
1197 1905 1264 1976 ipsis
1273 1910 1406 1966 damnatis
1420 1909 1454 1964 sit
1468 1908 1529 1979 ipsa
1539 1927 1617 1981 poena
1629 1912 1708 1966 darn-

61 2010 158 2067 gressu
170 1995 270 2064 pedum
289 1994 364 2065 sequi
380 2009 433 2048 non
449 2002 572 2066 possunt,
587 1993 715 2066 lacrymis
734 2002 759 2050 et
773 1998 859 2070 gemi-
898 1994 1042 2070 nationis.
1055 1995 1168 2065 Insuper
1180 2001 1207 2050 ιι
1216 1995 1370 2052 considerat
1382 2006 1482 2070 quanta
1495 1999 1532 2054 sit
1555 1999 1710 2057 misericor·

61 2081 136 2149 tibus
152 2088 364 2155 prosequuntur.
379 2080 454 2136 Felix
471 2080 564 2135 talium
578 2083 641 2146 vita,
658 2084 753 2138 beatus
766 2085 859 2140 talium
913 2081 958 2139 dia
971 2082 1160 2151 Redemptoris
1179 2081 1251 2136 eirea
1276 2084 1450 2154 prenitentes,
1465 2086 1618 2158 benignitas
1636 2087 1710 2144 eirea

63 2187 169 2238 cursus,
185 2169 227 2239 cuj
233 2186 264 2226 us
278 2177 352 2224 meta
371 2169 422 2224 tale
447 2176 475 2225 et
500 2178 604 2225 tantum
618 2171 746 2226 uexillum
759 2171 859 2230 habere
912 2180 985 2225 recte
999 2170 1126 2228 viventes.
1135 2169 1210 2224 Tune
1220 2184 1301 2225 omna
1320 2173 1420 2227 malum
1433 2174 1504 2244 quod
1516 2174 1578 2231 lecit
1592 2191 1708 2234 enume-

62 2268 192 2317 meretur.
208 2262 265 2316 Hoc
279 2274 332 2315 non
347 2260 430 2316 datur
445 2259 541 2332 pigris,
558 2260 726 2334 negligentes
741 2276 796 2317 non
811 2278 859 2318 ea·
913 2265 963 2322 rat,
981 2269 1044 2315 tunc
1068 2257 1154 2315 tristia
1168 2273 1281 2329 quaeque
1296 2269 1359 2315 anta
1370 2261 1464 2317 oculos
1481 2263 1578 2318 mentis
1591 2276 1708 2323 acervat.

63 2351 151 2421 piuut,
166 2348 390 2420 claudisnegatur
405 2366 412 2403 ι
427 2347 478 2403 soli
492 2348 613 2404 currenti
626 2365 675 2420 per
689 2349 858 2407 latitudinem
912 2347 1055 2402 Doloribus
1091 2348 1218 2420 agitatur,
1253 2349 1332 2404 tantis
1359 2350 1496 2421 suppliciis
1527 2354 1707 2426 angustiatur,

63 2437 201 2493 charitatis
211 2437 332 2493 debetur.
345 2437 535 2510 Unusquisque
550 2447 671 2494 nostrum
687 2439 859 2498 considerare
912 2435 1019 2507 quanus
1032 2434 1129 2491 aretari
1145 2434 1172 2489 in
1186 2434 1252 2504 ipsis
1276 2434 1452 2494 infernalibus
1466 2438 1556 2509 poenis
1580 2441 1708 2511 pertime-

63 2542 118 2582 noo
128 2535 224 2593 cesset,
238 2526 351 2599 qualiter
365 2525 392 2581 in
407 2525 493 2582 stadio
507 2526 696 2583 mandatorum
719 2526 770 2584 Dei
795 2545 859 2586 cur·
913 2525 973 2591 scit,
988 2522 1097 2596 quantis
1119 2523 1233 2579 cruciari
1261 2523 1288 2578 in
1311 2526 1417 2581 camino
1432 2526 1502 2596 iguis
1516 2534 1544 2581 et
1570 2530 1709 2598 sulphuris

64 2621 115 2682 rut,
132 2615 247 2686 qualiter
261 2616 288 2670 in
305 2630 393 2687 agone
406 2615 555 2671 christiano
574 2622 667 2672 eontra
682 2617 788 2674 leonem
812 2634 858 2673 ru.
913 2610 1104 2683 perhorrescit.
1115 2612 1191 2668 Tune
1204 2612 1277 2666 enirn
1291 2612 1357 2666 nihil
1370 2613 1444 2686 quod
1458 2615 1574 2672 delectet
1598 2618 1709 2690 aspicit,

64 2702 185 2776 gientem
198 2705 350 2761 contendat.
368 2703 510 2759 Neminem
528 2712 643 2760 vestrum
657 2705 739 2762 crede
762 2707 857 2777 latere,
906 2707 978 2774 'tuuc
997 2701 1072 2757 triste
1085 2701 1211 2772 estquod
1225 2701 1341 2758 occurrit
1357 2717 1362 2756 :
1379 2711 1442 2759 tunc
1453 2703 1579 2774 lucrymis
1591 2714 1619 2762 et
1636 2706 1711 2763 dolo·

64 2808 117 2848 non
134 2792 250 2863 aliquem
274 2807 353 2863 posse
376 2791 483 2859 salvari,
509 2791 562 2847 nisi
586 2792 632 2864 qui
659 2794 774 2850 Domino
796 2797 860 2852 Jesu
913 2789 987 2843 ribus
1011 2788 1098 2860 punit,
1126 2789 1199 2861 quod
1225 2790 1523 2848 eumdelectationibus
1537 2792 1709 2865 perpetravit.

64 2879 152 2937 fidelis
167 2882 378 2952 perseveraverit
394 2896 481 2953 usque
495 2882 530 2936 ad
545 2897 683 2953 egressum
697 2884 731 2939 de
752 2884 858 2939 babita—
874 2870 895 2949 B
911 2878 987 2932 Tunc
1009 2877 1122 2948 qualiter
1148 2877 1265 2936 Domino
1278 2879 1388 2935 Christo
1401 2879 1509 2951 placere
1523 2882 1618 2953 possit,
1636 2899 1707 2952 con,-

64 2968 125 3027 culo
139 2970 280 3041 eorporis;
295 2985 347 3026 nee
367 2971 401 3025 ad
429 2970 550 3027 bravium
579 2976 688 3026 aeternae
711 2972 862 3029 dulcedinis
915 2965 1010 3031 tendit,
1025 2973 1052 3020 et
1071 2965 1183 3035 Jajiiniis
1201 2975 1228 3022 el
1254 2967 1421 3024 mulionibus
1444 2985 1553 3035 tuctus,
1577 2971 1628 3027 soli
1653 2966 1711 3044 De¹o

63 3058 276 3132 pervenire,qui
299 3069 440 3130 antequam
464 3059 499 3113 ad
523 3066 608 3115 metas
623 3060 765 3127 veniauin
780 3078 863 3118 eursu
916 3055 1023 3127 placete
1049 3054 1194 3110 desiderat.
1216 3055 1268 3124 Qui
1283 3055 1342 3112 talis
1366 3067 1417 3124 est,
1446 3066 1520 3130 petat
1553 3074 1568 3113 a
1592 3059 1710 3135 Domino

64 3146 179 3204 deficiat.
197 3147 318 3203 Stadium
333 3156 454 3203 nostrum
469 3155 509 3203 cst
523 3148 697 3204 observantia
718 3151 861 3206 mandato-

65 3253 123 3292 rum
139 3237 189 3293 Dei
205 3254 212 3291 ι
228 3235 289 3291 finis
300 3236 379 3290 stadii
393 3238 478 3292 nostri
497 3246 539 3292 cst
553 3237 682 3308 ebaritas,
705 3238 781 3308 justa
795 3240 863 3295 illud

64 3324 199 3397 Apostoli,
212 3325 292 3382 Picis
306 3324 425 3395 legisset
438 3323 607 3394 charitati!
619 3326 699 3383 lim..
709 3341 730 3391 i,
739 3328 779 3397 ὃ).
789 3328 864 3385 Finis

64 3413 144 3469 stadii
159 3415 243 3471 nostri
260 3424 303 3470 est
324 3416 386 3484 ipsa
413 3413 539 3484 charitas,
569 3427 623 3468 non
651 3429 704 3484 qua
726 3414 864 3487 diligimus

64 3502 163 3572 Deum,
175 3504 223 3559 scd
237 3517 293 3574 qua
308 3500 479 3573 possidemus
495 3503 599 3557 Deum:
624 3517 679 3556 nou
694 3518 727 3556 ea
734 3519 786 3574 qua
801 3504 864 3559 dili-

65 3590 233 3664 giturDeus,
249 3592 296 3646 sad
308 3607 340 3646 ea
356 3605 418 3661 quaa
433 3597 474 3647 est
488 3588 639 3659 ipscDeus.
651 3589 681 3644 lu
695 3589 783 3647 stadio
793 3609 864 3647 men·

37 3695 41 3702 ’
66 3682 189 3738 datorum
204 3680 254 3737 Dei
269 3680 337 3735 alius
351 3680 421 3736 benc
440 3694 548 3736 currere
563 3678 667 3750 incipit,
682 3689 708 3735 et
722 3689 864 3754 antequam

65 3770 100 3824 ad
115 3778 199 3826 metas
213 3769 302 3829 veniat
312 3769 413 3825 delicit.
425 3767 503 3824 illius
518 3768 594 3841 pigre
609 3766 712 3840 incipit,
728 3776 755 3825 et
770 3778 864 3843 postea

65 3859 99 3914 ad
114 3868 199 3915 metas
214 3860 343 3916 velociter
353 3858 446 3914 currit.
467 3857 544 3914 Alius
557 3865 584 3915 et
608 3857 737 3914 velociter
759 3859 862 3930 incipit,

65 3955 93 4003 et
105 3947 233 4005 velociter
249 3946 361 4018 perlicit.
377 3948 453 4002 lilius
467 3948 544 4020 pigre
557 3943 661 4018 incipit,
686 3953 712 4003 ct
726 3948 754 4002 in
777 3949 864 4021 pigri·

917 3141 1046 3215 quidquid
1061 3141 1193 3214 voluerit,
1210 3157 1264 3198 non
1279 3143 1395 3210 dubitet,
1410 3145 1575 3216 impetrabit.

953 3236 979 3287 6.
995 3233 1053 3287 Nos
1067 3247 1144 3305 ergo,
1154 3231 1249 3287 iratres
1263 3232 1414 3287 charissimi
1429 3236 1494 3303 mei,
1505 3251 1576 3307 quos
1586 3236 1712 3295 Christus

917 3321 1028 3394 proprio
1041 3334 1137 3375 cruore
1160 3319 1286 3386 redemit,
1305 3321 1393 3392 ipsum
1414 3322 1456 3377 sui
1469 3323 1610 3396 sauguinis
1627 3324 1712 3402 largi·
1811 3386 1821 3403 .

919 3419 1013 3478 torem,
1030 3408 1137 3462 humaui
1151 3409 1260 3478 generis
1273 3407 1452 3480 salvatorem,
1466 3410 1626 3484 sinemodo,
1641 3416 1713 3474 ultra

918 3498 1038 3564 modum,
1055 3496 1088 3552 de
1103 3496 1176 3552 omni
1201 3497 1290 3562 corde,
1305 3497 1340 3552 da
1361 3499 1437 3553 omni
1453 3503 1552 3567 mente,
1570 3502 1631 3558 totis
1645 3501 1711 3560 viri·

917 3589 979 3653 bus,
1003 3585 1067 3643 totis
1081 3584 1206 3641 medullis
1222 3586 1312 3642 cordis
1336 3585 1490 3657 diligamus,
1519 3590 1662 3647 timeamus
1686 3601 1714 3667 ιι

918 3691 1051 3742 amemus,
1062 3682 1089 3731 et
1103 3675 1163 3744 ejus
1177 3673 1350 3747 discipulatui
1365 3676 1555 3734 inhaereamus.
1565 3678 1650 3736 Valde
1672 3680 1717 3740 eit

918 3766 992 3821 enim
1002 3765 1078 3821 dulce
1089 3772 1116 3820 et
1128 3763 1295 3834 delectabile,
1310 3765 1494 3820 laetabundum
1513 3776 1540 3823 et
1553 3751 1716 3839 jucundum,

918 3853 977 3909 lieri
994 3852 1158 3925 discipulum
1172 3852 1282 3910 Christi.
1299 3855 1332 3909 ln
1360 3854 1410 3910 boe
1424 3854 1508 3922 enim,
1532 3857 1569 3914 ait
1587 3846 1720 3936 Dominus

917 3943 997 4001 lesus
1010 3942 1150 4014 discipulis
1160 3941 1227 4008 suis,
1244 3943 1419 4013 clarificatus
1430 3949 1471 4002 est
1486 3949 1573 4003 Pater
1583 3964 1673 4021 mesu,
1686 3952 1721 4005 ut

66 4035 104 4090 tia
118 4051 167 4090 sua
194 4050 302 4104 semper
324 4035 456 4109 persistit.
470 4035 584 4093 Duobus
605 4036 717 4092 istorum
739 4038 863 4095 bravium
917 4035 1048 4106 fructum
1058 4032 1406 4105 plurimumusseratu,et
1420 4035 1722 4116 efficinmictmettu-

65 4121 180 4177 debetur
200 4140 206 4178 :
223 4123 324 4178 scilicet
337 4122 414 4193 pigre
428 4123 579 4194 incipienti,
595 4136 622 4181 ιι
634 4133 730 4195 postea
739 4127 866 4184 velociter
920 4123 1020 4197 cipuli.
1035 4123 1092 4179 Nos
1107 4121 1190 4195 igitur
1203 4123 1252 4194 qui
1275 4122 1415 4178 christiani
1430 4139 1559 4182 vocamur
1574 4135 1601 4181 et
1613 4142 1720 4194 sumus,

64 4209 238 4282 ,pervenienti
255 4227 262 4275 ;
280 4211 357 4266 alteri
373 4218 400 4266 et
409 4210 516 4280 agiliter
531 4211 682 4284 incipienti,
697 4224 724 4269 et
736 4215 866 4273 velodter
920 4210 948 4268 in
962 4211 1081 4269 Ecclesia
1108 4210 1208 4267 Christi
1222 4218 1347 4281 tanquam
1369 4209 1398 4265 in
1419 4226 1486 4285 agro
1503 4228 1597 4268 sumus
1621 4214 1721 4287 consti·

66 4299 245 4373 pervenienti.
920 4302 979 4357 tuti.
1006 4299 1060 4355 Alii
1073 4299 1189 4353 fructum
1203 4295 1336 4365 allerunt;
1350 4298 1398 4354 alii
1412 4299 1439 4354 in
1454 4300 1593 4357 sterilitate
1617 4301 1722 4373 persis-

101 4386 187 4446 638
204 4392 231 4446 5.
251 4386 326 4444 hlulti
340 4386 412 4445 enim
426 4388 460 4444 ad
476 4390 669 4446 monasterium
693 4389 824 4459 veniunt,
839 4399 869 4447 ut
921 4398 981 4444 tunt
996 4403 1002 4442 :
1019 4386 1062 4442 alii
1072 4394 1167 4442 tenues
1177 4393 1203 4442 ot
1216 4387 1349 4456 pauculos
1359 4387 1462 4442 lructus
1474 4386 1586 4458 iaciunt,
1614 4405 1723 4462 semper

66 4477 105 4534 ibi
124 4478 271 4553 glorianter
294 4477 385 4536 vivant
400 4497 408 4533 ε
423 4478 468 4550 qul
496 4476 567 4534 male
591 4477 725 4551 incipiunt
754 4488 780 4536 et
802 4481 871 4537 male
923 4475 1005 4547 pigri,
1021 4490 1128 4544 semper
1139 4474 1316 4546 negligentes,
1332 4474 1405 4546 pigri
1418 4477 1452 4528 ad
1476 4475 1636 4544 orationem,
1653 4477 1722 4535 tardi

63 4575 264 4634 consummant,
295 4583 402 4639 semper
429 4567 492 4640 vagi
515 4577 542 4623 ιι
565 4583 704 4640 nunquam
741 4562 883 4640 stabilea;¹

67 4672 174 4727 semper
187 4673 247 4713 eum
264 4671 317 4712 non
333 4657 434 4713 habent
447 4656 519 4729 quod
541 4655 643 4725 volunt,
659 4657 828 4714 murmurosi
846 4673 874 4726 ei

66 4744 241 4813 detractores,
252 4744 423 4803 cellulariisa
439 4759 514 4820 tergo
527 4746 731 4815 benedicentes,
743 4762 792 4803 eos
810 4763 873 4803 eum

66 4835 166 4907 quibus
186 4835 283 4892 vivunt
299 4833 394 4891 tratres
407 4851 472 4892 suos
487 4834 593 4906 injuriis
611 4835 770 4905 allicientes,
787 4835 872 4893 mori-

41 4923 118 4979 'bus
139 4923 340 4995 indisciplinati,
365 4931 445 4996 gestu
463 4931 491 4982 et
513 4931 575 4981 actu
599 4924 755 4999 inordinati,
780 4924 873 4981 habitu

67 5012 142 5082 elati,
157 5012 276 5068 moribus
292 5013 387 5084 inepti,
402 5013 482 5069 bonis
498 5013 624 5084 praestitis
638 5030 746 5087 semper
763 5013 873 5089 ingrati.

68 5101 116 5156 lati
144 5102 270 5160 bravium
285 5111 393 5158 aeternae
414 5091 593 5159 ¹beatitudinis
621 5119 676 5161 uon
701 5104 875 5160 merebuntur

68 5189 180 5256 habere,
208 5192 273 5263 quia
288 5191 315 5244 in
330 5190 449 5247 stadium
470 5193 658 5247 mandatorum
673 5191 724 5249 Dei
751 5209 875 5266 gressum

55 5286 174 5339 ,rectum
191 5281 273 5352 ligere
288 5278 412 5337 noluere.
428 5280 491 5337 lstis
515 5280 587 5337 enim
612 5279 699 5338 iorma
724 5280 874 5338 sanctitatis

68 5368 276 5440 udperlectum
304 5384 359 5425 non
372 5369 432 5436 erit,
449 5385 519 5442 quos
542 5385 649 5427 morum
682 5369 800 5443 pravitas
827 5385 875 5442 per

66 5455 259 5524 inobedientiae
277 5473 382 5516 venena
396 5459 591 5538 confunditln
604 5459 663 5521 istis
677 5460 778 5523 talibus
795 5458 878 5526 verbu

181 5567 304 5631 Parnoi..
319 5563 485 5634 utxlxtt.
519 5590 526 5603 ·

924 4568 960 4621 ad
973 4563 1132 4635 lectionem3
1147 4566 1182 4616 ad
1198 4560 1303 4635 vigilias
1315 4564 1397 4635 longo
1411 4579 1507 4620 somno
1516 4565 1657 4638 depressi3
1689 4566 1724 4623 ad

927 4654 1048 4708 laborem
1063 4650 1174 4706 nimium
1201 4650 1287 4705 teneri
1297 4657 1323 4706 et
1336 4650 1453 4709 delicati.
1469 4653 1499 4708 ln
1519 4653 1560 4710 liis
1574 4670 1629 4711 nou
1644 4656 1723 4714 valde

927 4739 1087 4797 clarificatur
1109 4738 1190 4795 Pater
1204 4737 1312 4794 Domini
1337 4740 1424 4797 nostri
1443 4742 1507 4799 lesu
1522 4743 1638 4816 Christi3
1659 4734 1725 4819 quia

926 4845 976 4886 oae
989 4828 1134 4902 plurimum
1143 4827 1261 4884 alieruut
1273 4828 1400 4898 lructum,
1418 4847 1469 4887 nee
1487 4833 1611 4906 discipuli
1625 4823 1726 4889 Christi

927 4935 986 4976 esse
1001 4919 1158 4991 probantur.
1185 4917 1241 4974 Alii
1260 4917 1354 4976 dulces
1382 4920 1486 4977 fructus
1513 4923 1667 4992 producunt
1697 4921 1725 4978 in

904 5007 1069 5065 'fertilitatis
1096 5006 1281 5080 abundantia;
1305 5007 1407 5080 dulces,
1435 5009 1555 5081 inquam,
1595 5011 1662 5078 Dee,
1694 5017 1727 5081 ¹ct

928 5098 1020 5156 Dulces
1033 5097 1195 5155 homiuibus.
1213 5097 1245 5152 lli
1260 5095 1404 5154 clarificant
1417 5099 1513 5167 Deum,
1529 5112 1557 5156 ιι
1578 5101 1651 5155 Deus
1674 5101 1728 5156 ela·

929 5190 1042 5246 rilicabit
1055 5203 1102 5244 cos
1115 5187 1143 5243 in
1157 5186 1202 5242 die
1217 5187 1402 5244 retributionis
1415 5205 1539 5260 operum,
1560 5191 1587 5245 in
1613 5190 1658 5246 dia
1672 5190 1727 5246 col-

929 5277 1051 5352 lectionis
1065 5278 1173 5349 lrugmu
1197 5290 1337 5342 novarum,
1354 5279 1462 5349 quando
1483 5279 1589 5335 venient
1602 5294 1663 5336 eum
1684 5293 1730 5338 ex·

930 5366 1072 5426 saltatione
1090 5372 1229 5439 portantes
1252 5366 1404 5445 manipulos
1427 5382 1502 5424 suos.
1517 5367 1550 5424 lli
1569 5378 1632 5427 aunt
1649 5357 1731 5450 iulias

932 5465 960 5522 et
969 5457 1096 5530 iamnes,
1110 5455 1201 5515 devoti
1220 5461 1248 5525 et
1261 5455 1489 5533 obedienteardd
1503 5459 1608 5545 vigilius
1621 5449 1732 5545 vigiles,

1592 5567 1628 5638 tt
