3706 5962
99 197 135 258 89
553 195 555 199 ’
720 200 754 263 ltt
773 200 910 267 utullus
928 203 1038 265 Sillllll)
1058 204 1139 268 stu.
1719 211 1756 272 90

104 335 133 382 tn
146 331 182 389 te,
199 323 252 378 sed
265 323 326 395 ipse
339 321 423 398 elegit
434 331 460 380 te
474 323 502 381 in
516 339 586 398 opus
601 324 763 383 ministerii:
780 326 838 400 ipse
852 328 904 385 mi-
920 346 943 426 Α
959 330 1119 397 maculatus,
1140 340 1235 389 venter
1248 331 1415 405 impollutus,
1431 341 1525 391 venter
1539 334 1666 404 intactus,
1682 353 1755 394 ven·

103 412 204 469 nisterii
230 410 362 478 cilicium,
378 413 437 486 ipse
456 413 630 470 ministrandi
644 414 752 471 confert
774 418 919 488 gratiam,
959 422 1003 477 ter
1015 434 1070 476 non
1082 420 1194 479 incisus.
1210 424 1271 479 Non
1290 423 1392 480 incisus
1406 431 1458 492 εει,
1478 425 1556 495 cujus
1575 433 1666 483 manet
1679 425 1753 484 inte·

101 503 126 558 id
153 509 198 557 est
228 500 387 559 facultatem
416 511 442 558 et
465 502 635 575 dignitatem.
660 505 789 577 Agnosce
810 523 825 560 a
849 520 903 578 quo
957 507 1053 578 gritus,
1077 512 1166 581 cujm,
1191 527 1245 567 non
1261 520 1324 567 sunt
1343 511 1482 583 resignata
1496 512 1615 568 claustra
1628 514 1752 586 pudoris.

101 592 242 664 plantatus
256 607 298 657 es,
314 599 343 646 et
356 607 411 646 non
426 590 475 646 tibi
490 593 583 649 veniat
603 593 679 648 radix
704 595 847 666 superbie,
874 603 904 652 ut
958 597 1074 668 Propter
1096 599 1256 656 munditiam
1280 600 1399 656 Libanus
1424 609 1558 674 :propter
1571 602 1753 676 iutegritatem

100 696 156 736 non
170 687 284 738 moreat
307 688 333 736 ιε
347 696 445 737 manus
473 681 626 739 tentatoris.
641 682 703 739 Non
719 683 858 753 ascendat,
875 692 905 740 ut
959 702 1013 742 nou
1032 687 1142 744 incisus.
1175 690 1269 746 llerito
1298 705 1352 746 non
1374 689 1468 756 incisa,
1493 707 1554 764 quae
1577 707 1632 747 non
1651 698 1693 748 est
1708 692 1753 747 di-

101 769 228 826 succidat
248 777 276 827 te
300 769 403 827 securis
422 768 534 837 inimici,
559 772 638 840 cujus
652 789 686 828 ne
700 773 834 830 novacula
847 772 905 846 qui·
958 775 1025 833 visa.
1054 777 1102 833 Vis
1123 778 1219 834 audire
1244 779 1377 835 incisam?
1400 781 1500 836 ilalier
1518 786 1611 853 nupto
1647 783 1754 854 copitct

101 861 163 916 dem
179 874 268 932 super
281 868 363 931 caput
377 867 533 917 sanctornm
551 861 682 918 ascendit.
698 861 839 919 Ferculum
854 862 904 919 Dei
957 881 1018 937 quo
1033 867 1136 924 moedi
1157 871 1237 937 runt,
1257 868 1392 941 quomodo
1407 870 1521 941 placeat
1538 871 1609 936 viro,
1625 876 1651 925 ct
1665 869 1754 928 dioec

99 948 143 1002 ille
159 947 216 1002 sibi
233 947 383 1019 praeripere
402 948 494 1019 gestit,
510 948 579 1005 etin
595 966 660 1005 usus
674 966 738 1007 suos
753 951 786 1007 de
799 951 902 1008 Libano
956 959 999 1012 cst
1011 975 1021 1013 .·
1033 955 1127 1028 utique
1145 956 1174 1011 in
1187 957 1274 1013 Deum
1293 966 1320 1013 et
1335 958 1424 1014 virum
1438 957 1541 1026 divisa;
1562 967 1590 1015 et
1608 959 1680 1015 lorte
1698 975 1753 1016 non

101 1037 176 1111 ligna
192 1037 350 1094 succidere.
371 1037 494 1109 Denique
504 1037 577 1110 apud
586 1039 755 1096 Ezechielem
769 1039 902 1113 gloriatur
957 1041 1096 1112 aequaliter
1118 1042 1217 1110 divise,
1240 1044 1289 1100 sed
1312 1044 1341 1100 in
1362 1046 1450 1101 virum
1465 1047 1640 1118 propensior.
1656 1048 1754 1104 Hutier

101 1137 127 1181 et
138 1125 207 1181 dicit
232 1143 239 1183 :
256 1127 290 1181 lu
307 1124 507 1184 cathedratici
525 1125 587 1184 sedi
604 1128 715 1199 (dccclv.
736 1117 840 1198 xxvur,
861 1133 901 1201 ι).
956 1134 1052 1186 uatem
1063 1131 1225 1203 innuptoet
1235 1135 1377 1208 virgenere
1386 1136 1491 1207 copitct
1505 1135 1566 1192 uisi
1575 1152 1637 1208 qaoe
1646 1136 1754 1193 domiui

103 1214 169 1270 Vide
196 1229 268 1288 ergo
297 1229 332 1271 ne
355 1231 405 1285 per
423 1213 570 1272 elationem
588 1216 624 1272 de
644 1217 774 1274 cathedra
791 1218 902 1288 justitias
954 1223 1036 1287 sunt,
1050 1220 1184 1292 quomodo
1195 1221 1311 1293 placcat
1327 1224 1384 1280 Dco
1408 1224 1649 1294 (lGor.v11,3i).
1668 1225 1754 1293 omri·

103 1301 231 1359 efficiaris
246 1301 378 1359 cathedra
391 1302 553 1375 pestilentiae
575 1312 603 1360 et
616 1304 749 1365 ferculum
768 1306 899 1375 scandali,
956 1308 1075 1366 libanus
1089 1325 1148 1367 uon
1159 1312 1266 1368 incisas
1279 1314 1425 1384 cooperari
1431 1312 1635 1372 habitationem
1647 1329 1752 1370 mcum.

103 1399 128 1447 et
140 1409 191 1462 per
202 1400 231 1448 te
241 1391 286 1448 vel
295 1392 431 1464 exempla,
447 1393 491 1449 vel
505 1409 595 1450 sermo
609 1394 695 1451 malus
706 1395 741 1451 ad
755 1395 901 1453 multorum
955 1396 1051 1451 listris
1065 1397 1173 1454 Domini
1195 1399 1347 1471 specialiter
1362 1401 1421 1456 baec
1443 1401 1529 1457 verba
1553 1399 1689 1458 videntur.
1704 1401 1754 1457 illa

103 1480 254 1553 perniciem
275 1489 419 1565 utcancer
433 1490 538 1554 serpat.
561 1484 627 1539 Esto
648 1483 781 1541 ferculum
796 1485 854 1552 uei,
872 1491 902 1542 ut
955 1500 1021 1541 vere
1044 1485 1174 1554 libanus,
1199 1495 1227 1544 et
1249 1488 1366 1545 Libanus
1389 1503 1444 1545 uon
1459 1489 1570 1545 incisus.
1597 1489 1649 1545 Illa
1672 1489 1752 1545 vobis

103 1572 161 1640 ejus
174 1570 209 1638 ,in
224 1577 252 1626 ιε
269 1566 417 1644 imaginem
437 1578 542 1641 portes,
556 1580 582 1628 ot
596 1571 708 1629 odorem
727 1573 831 1631 notitiae
845 1590 901 1631 sue
956 1575 1123 1646 evaporavit,
1138 1590 1225 1632 sacras
1244 1575 1373 1648 virgines,
1395 1575 1588 1635 habitationem
1599 1592 1690 1644 suam,
1706 1576 1755 1631 ha·

102 1676 150 1731 per
164 1668 194 1715 te
209 1658 375 1715 manifestet.
403 1658 468 1715 Tale
491 1659 592 1715 Paulus
614 1660 747 1717 lerculum
771 1670 841 1733 erat,
866 1661 901 1719 de
956 1661 1114 1719 bitationem
1123 1663 1271 1730 coelestem,
1283 1664 1480 1720 habitationem
1494 1664 1657 1739 angelicam,
1669 1679 1753 1737 quau·

102 1764 157 1820 quo
182 1749 318 1805 Dominus
341 1747 401 1820 ipse
414 1746 558 1821 profitetur
582 1767 588 1805 :
620 1751 669 1807 Vos
690 1750 838 1810 electionis
859 1755 901 1809 est
957 1751 992 1805 do
1006 1751 1147 1824 virginalis
1157 1751 1374 1809 conversationis
1384 1753 1511 1825 exempla
1526 1752 1554 1808 in
1565 1767 1615 1809 vos
1632 1752 1754 1808 translu-

101 1836 174 1892 mibi
200 1839 265 1904 istc,
292 1842 326 1893 at
346 1841 444 1909 portet
462 1853 566 1895 nomen
584 1854 680 1896 mcum
694 1840 763 1910 (Act.
785 1854 825 1906 ιιι,
843 1843 901 1911 ts).
956 1839 1004 1906 dit,
1021 1848 1049 1895 et
1063 1839 1189 1912 perpetui
1202 1841 1316 1912 pudoris
1330 1840 1474 1912 inspiravit
1487 1855 1626 1906 amorem;
1644 1847 1672 1896 et
1685 1839 1752 1895 satis

100 1928 158 1999 lpse
175 1926 226 1999 qui
241 1925 337 1998 elegit,
353 1925 412 1997 ipsc
426 1925 559 1982 ferculum
578 1927 652 1985 lecit.
955 1928 1090 2000 expressit
1103 1929 1276 1986 habitationis
1291 1945 1348 1986 suaa
1360 1929 1487 2000 gratiam,
1504 1944 1587 2001 quam
1602 1942 1752 2000 evaporare

133 2018 160 2070 t.
184 2016 342 2071 Ferculum
364 2014 419 2072 ribi
441 2016 511 2084 fecit
531 2031 584 2071 rec
606 2017 739 2076 Salomon
762 2017 796 2074 de
817 2017 901 2090 liprcir
955 2033 987 2073 se
1010 2017 1085 2074 dicit.
1100 2016 1170 2087 Quid
1185 2017 1258 2074 enim
1277 2017 1443 2075 habitatione
1457 2017 1580 2090 virginea
1603 2016 1697 2089 vapori
1711 2015 1752 2072 si·

100 2101 209 2160 boant.
229 2102 316 2176 tigna
331 2103 390 2158 bac
404 2103 481 2176 ligna
493 2103 606 2159 cedrina
625 2112 697 2173 sunt,
709 2112 736 2161 et
751 2113 848 2162 natura
858 2105 901 2162 sui
954 2106 1070 2163 miliusl
1084 2107 1156 2162 Nihil
1179 2106 1262 2163 habet
1285 2108 1344 2163 baec
1356 2107 1527 2163 conversatio
1542 2121 1662 2175 carnem,
1684 2105 1752 2161 nihil

99 2199 123 2248 et
140 2192 257 2248 nomine
274 2191 328 2248 loci
351 2192 446 2247 nescio
466 2191 532 2263 quid
546 2208 675 2266 magnum
695 2193 900 2254 commendant.
953 2196 1131 2262 mundanum,
1156 2196 1203 2252 sed
1232 2204 1318 2252 totum
1344 2196 1466 2253 coeleste.
1497 2194 1752 2267 Supermundanum

99 2281 217 2337 libanus
232 2281 384 2337 candorem
405 2291 497 2348 sonat,
520 2283 598 2352 cuius
611 2281 689 2355 ligna
702 2282 768 2340 nulli
783 2284 900 2340 obnoxia
954 2293 1050 2352 totum,
1076 2283 1216 2358 spirituale
1238 2292 1344 2351 totum;
1369 2292 1397 2342 et
1409 2277 1454 2340 ido
1471 2284 1557 2341 simile
1571 2284 1665 2356 vapori
1681 2299 1687 2338 :
1704 2283 1752 2340 sed

99 2379 158 2426 mut
170 2369 350 2441 corruptioni
371 2377 423 2427 :et
445 2369 515 2426 ucat
533 2370 692 2428 substantiae
707 2388 762 2428 suae
777 2388 831 2428 non
851 2372 900 2428 ad·
954 2374 1025 2447 quali
1043 2375 1157 2446 vapori‘.l
1181 2377 1217 2431 tr
1242 2380 1378 2448 tunquam
1396 2374 1566 2442 balsamum,
1580 2373 1678 2445 inquit,
1694 2389 1753 2432 nort

99 2461 206 2515 mittunt
217 2457 453 2531 putredinem‚ita
462 2459 652 2515 suavissimum
663 2460 899 2532 spirantodorem.
952 2467 1079 2520 mictum
1098 2462 1165 2519 odor·
1179 2480 1269 2519 meur.
1285 2463 1430 2534 Tanquam
1444 2461 1597 2517 balsamum
1611 2477 1667 2516 non
1681 2461 1752 2516 mix·

100 2548 168 2604 bene
194 2547 322 2604 Libanus
341 2547 449 2616 Paulus,
475 2548 521 2620 qui
536 2548 671 2604 serviebat
693 2550 761 2613 Deo,
787 2556 817 2605 ut
840 2549 900 2622 ipse
953 2559 1019 2620 tum,
1036 2560 1167 2624 tanquam
1189 2551 1340 2605 balsamum
1361 2566 1416 2605 non
1435 2555 1601 2620 corruptum,
1623 2555 1752 2620 tanquam

100 2637 167 2703 dicit,
188 2638 221 2692 in
235 2635 404 2692 conscientia
426 2651 496 2709 pura
510 2638 553 2709 (tl
568 2640 638 2694 Tim.
654 2652 672 2703 ι,
689 2640 725 2705 3).
740 2637 811 2707 Quid
826 2638 899 2694 enim
953 2642 1106 2697 balsamum
1120 2655 1176 2696 non
1190 2639 1382 2695 adulteratum.
1399 2639 1449 2694 Est
1462 2637 1591 2703 mixtura,
1618 2653 1679 2709 quae
1694 2638 1753 2693 bal·

99 2742 161 2798 pura
179 2724 334 2782 candidius
348 2725 538 2781 couscientia?
554 2724 619 2798 quid
633 2725 827 2796 imputribilius
840 2727 897 2795 illo,
953 2746 1058 2786 samum
1078 2729 1186 2784 simulat
1209 2736 1237 2784 et
1264 2728 1416 2783 mentitur:
1438 2733 1466 2783 et
1484 2732 1526 2781 εει
1544 2725 1671 2792 mixtura,
1691 2742 1753 2798 que

99 2814 810 2886 quemnullocreaturasepararepotuitacbaritatc
826 2815 898 2872 Deli
952 2819 1002 2874 etsi
1017 2834 1073 2873 non
1093 2817 1175 2873 babet
1198 2815 1314 2871 balsami
1338 2814 1555 2879 similitudinem,
1582 2814 1686 2872 bonum
1709 2821 1752 2870 ta·

98 2904 297 2960 lomentaneae
311 2902 435 2969 virtutes,
450 2909 477 2958 et
491 2918 553 2975 quae
572 2902 607 2958 ad
622 2903 720 2959 horam
734 2903 896 2971 subsistunt,
952 2923 1016 2962 men
1032 2904 1088 2963 Μ
1104 2904 1246 2961 contristet
1260 2904 1384 2960 odorem.
1399 2903 1448 2958 Est
1462 2918 1543 2976 ergo,
1559 2909 1588 2958 ιιι
1598 2902 1638 2959 aio
1651 2902 1751 2970 dicam,

99 2992 158 3047 mibi
181 3009 246 3048 non
270 2991 397 3048 videntur
411 2998 466 3046 tam
481 2990 554 3063 ligna
568 3007 650 3064 quam
664 2992 750 3058 olere,
766 3008 826 3065 quae
843 2993 897 3049 cito
914 3024 936 3104 c
952 2995 1105 3051 balsamum
1123 3010 1218 3050 verum
1236 2997 1266 3048 et
1293 2992 1396 3058 solum;
1418 3000 1444 3049 at
1463 2999 1505 3048 est
1528 2990 1681 3048 balsamum
1700 2992 1753 3049 etsi

99 3080 240 3136 decidunt.
255 3081 293 3134 At
304 3079 334 3135 in
356 3079 440 3136 Paulo
460 3080 586 3152 quaedam
602 3088 660 3136 erat
674 3080 821 3137 indelessae
835 3083 899 3138 cha·
952 3101 1055 3149 verum,
1081 3099 1136 3139 non
1160 3082 1249 3138 solum
1266 3096 1272 3137 τ
1292 3088 1320 3138 ει
1334 3088 1375 3138 est
1398 3081 1558 3150 balsamum,
1584 3095 1637 3137 nec
1655 3097 1752 3139 verum

100 3169 184 3225 ritatis
200 3167 418 3241 imputribilitas.
439 3168 505 3225 ldeo
527 3169 631 3225 bonum
654 3178 793 3226 certamen
808 3178 898 3227 certe·
954 3189 1005 3229 nec
1018 3171 1115 3228 solum.
1142 3170 1260 3226 Primum
1276 3169 1449 3243 inperfectis
1472 3178 1514 3226 est
1536 3171 1611 3228 :hoc
1625 3171 1751 3240 ultinum,

99 3258 143 3327 vit,
158 3275 275 3315 cursum
290 3258 500 3326 consummavit,
515 3259 550 3314 de
565 3267 665 3316 coetero
681 3268 844 3332 exspectans
854 3276 899 3317 oo·
953 3262 981 3318 iu
996 3260 1119 3333 deceptis
1141 3275 1147 3313 :
1164 3260 1294 3330 medium,
1309 3259 1337 3313 in
1352 3259 1405 3314 illis
1420 3259 1465 3332 qui
1480 3258 1532 3315 etsi
1546 3260 1618 3316 nulla
1633 3260 1753 3316 illudun-

99 3362 195 3402 ronam
207 3346 320 3418 justitIae
334 3347 376 3416 (ll
390 3349 459 3403 Tim.
470 3361 508 3417 tv,
519 3350 546 3413 i,
559 3347 597 3415 8),
609 3363 743 3404 coronam
758 3348 791 3405 de
806 3349 898 3405 mani·
954 3359 997 3406 tur
1022 3351 1144 3418 fallacia,
1170 3348 1262 3421 aliqua
1286 3356 1377 3403 tamen
1397 3347 1489 3403 vitutis
1503 3349 1591 3419 gratia
1606 3347 1754 3404 destituun-

99 3435 179 3506 pulis‚
191 3435 340 3504 cujusjam
350 3434 430 3506 quasi
441 3434 475 3489 de
486 3434 574 3491 vicino
588 3436 696 3490 attraxit
706 3436 828 3493 odorem.
845 3437 900 3494 De·
954 3448 1007 3496 tur.
1033 3439 1131 3495 Merito
1155 3438 1247 3509 itaque
1272 3436 1317 3491 illa
1331 3451 1392 3506 quae
1412 3436 1471 3490 sola
1486 3437 1572 3509 gratia
1586 3436 1667 3506 plena
1682 3443 1751 3502 erat,

98 3525 181 3596 nique
192 3522 290 3594 etipse
307 3523 410 3579 bouum
426 3523 560 3579 exhalavit
574 3524 695 3591 odorem,
711 3523 823 3581 odorem
838 3526 899 3582 vitae
953 3528 1032 3601 quasi
1047 3526 1200 3583 balsamum
1220 3541 1276 3581 non
1290 3524 1403 3579 mixtum
1419 3523 1533 3580 odorem
1548 3539 1627 3578 suum
1641 3523 1716 3579 dicit.

96 3611 129 3666 ad
145 3611 247 3678 vitam,
260 3611 375 3667 odorem
391 3611 495 3668 notitiae
518 3611 568 3667 Dei
583 3612 623 3684 (ll
645 3614 706 3670 Cor.
733 3628 763 3682 ιι,
782 3616 824 3679 rt,
843 3616 897 3685 lb).
990 3619 1016 3671 6.
1033 3614 1112 3683 Quod
1127 3613 1150 3668 si
1171 3621 1199 3668 tu
1219 3611 1399 3684 virginitatem
1416 3611 1483 3676 oles,
1501 3611 1524 3666 ai
1538 3610 1693 3666 orationum
1708 3611 1754 3667 in-

97 3702 189 3757 ltonus
201 3699 433 3757 odorlamabona
449 3713 456 3754 τ
473 3701 561 3755 bonus
575 3701 737 3759 etiamodor
751 3702 899 3758 conscien-
953 3704 1091 3771 stantiam,
1108 3701 1132 3757 si
1149 3701 1315 3772 ieiuniorum
1330 3699 1530 3767 abstinentiam,
1547 3700 1619 3755 benc
1640 3700 1709 3766 oles,
1727 3708 1755 3758 et

97 3790 130 3844 tia
155 3791 246 3845 bona.
272 3789 322 3844 llla
342 3789 404 3845 aliis
428 3789 498 3845 benc
518 3789 583 3855 olet,
604 3790 654 3846 ista
670 3790 731 3846 sibi.
749 3791 812 3847 llaec
827 3791 899 3847 enim
954 3794 1105 3850 balsamum
1126 3790 1195 3847 oles.
1221 3790 1250 3846 Si
1270 3805 1334 3846 vero
1348 3789 1523 3861 impatientia
1546 3790 1635 3846 adhuc
1655 3792 1752 3847 morbo

97 3879 182 3951 gloria
197 3887 371 3942 sanctorum,
389 3877 573 3935 testimonium
588 3879 764 3935 conscientiae
783 3882 821 3950 (ll
837 3883 899 3938 Gor.
954 3886 1073 3958 laboras,
1099 3881 1121 3936 si
1145 3879 1338 3953 vaniloquium,
1362 3878 1384 3932 si
1408 3879 1505 3935 levitas
1525 3878 1710 3948 consiliorum,
1731 3879 1755 3935 si

97 3983 115 4033 ι,
126 3969 182 4037 ιιι.
195 3969 310 4024 Futurae
324 3966 696 4024 enimbeatitudinislructus
710 3969 766 4037 jam
781 3969 860 4025 nobis
871 3969 900 4025 in
954 3973 1037 4030 ardor
1060 3968 1202 4043 explendae
1221 3968 1340 4040 proprie
1357 3966 1517 4034 voluntatis,
1541 3966 1564 4022 si
1591 3966 1712 4035 tristitia,
1731 3966 1765 4023 ai·

99 4057 222 4112 bonitate
244 4054 309 4112 vitm
329 4062 474 4126 caeperunt
494 4055 579 4114 olere.
599 4057 632 4112 Et
648 4057 718 4112 bene
731 4056 901 4128 imputribili·
956 4061 1078 4126 taedinm,
1091 4059 1113 4114 si
1134 4059 1232 4114 horum
1254 4056 1365 4129 aliquod
1389 4072 1475 4112 unum
1495 4056 1524 4111 in
1540 4063 1567 4112 te
1590 4056 1754 4126 nominetur,

98 4147 143 4200 tati
163 4147 262 4202 bonus
286 4145 356 4201 odor
374 4144 535 4218 adiungitur
557 4159 563 4198 :
583 4160 645 4200 nam
662 4162 677 4201 ε
695 4145 832 4202 contrario
846 4164 899 4219 pu·
955 4151 1055 4206 mixtus
1070 4149 1182 4218 estjam
1197 4146 1266 4202 odor
1282 4153 1355 4212 tuus,
1373 4153 1401 4201 ει
1416 4161 1472 4201 non
1488 4161 1587 4217 purum
1600 4145 1755 4201 balsamum

98 4237 173 4292 trado
197 4235 322 4292 fetorem
340 4233 448 4289 emittit.
464 4232 604 4303 Quicum
618 4234 733 4290 seminat
752 4235 781 4290 in
803 4251 898 4301 carne,
955 4240 1053 4312 spiras.
1077 4236 1183 4293 Modica
1206 4233 1279 4291 euim
1302 4233 1375 4290 stilla
1400 4233 1578 4290 admixtionis
1598 4233 1755 4307 peregrinae
1828 4251 1833 4254 ·

95 4325 129 4380 de
153 4338 244 4381 carne
266 4329 352 4378 metet
372 4322 585 4394 sumptionem,
599 4321 634 4376 de
655 4322 826 4394 corruptione
850 4323 899 4378 tri·
956 4336 1040 4386 totam
1054 4325 1170 4383 balsami
1185 4339 1306 4380 massam
1321 4322 1474 4380 contristat.
1485 4324 1557 4380 Bene
1567 4323 1679 4396 quidem
1693 4339 1756 4379 cum

95 4422 164 4469 stem
179 4413 313 4476 odorem
328 4411 399 4467 sicut
413 4410 448 4466 de
462 4410 619 4484 integritate
634 4427 755 4467 suavem.
955 4416 1001 4472 illo
1016 4415 1117 4487 egitur,
1135 4413 1181 4486 qui
1195 4411 1299 4484 siquid
1315 4412 1392 4468 triste
1405 4411 1517 4468 fortuito
1531 4419 1559 4467 et
1577 4412 1652 4469 velut
1666 4412 1756 4468 subito

129 4507 156 4558 5.
174 4503 210 4558 Et
222 4501 297 4557 bene
310 4500 346 4557 de
355 4500 512 4572 integritate
522 4499 634 4556 inducta
645 4508 687 4556 est
701 4500 816 4566 mentio,
827 4502 900 4573 quod
954 4504 1070 4571 redolet,
1095 4503 1187 4558 statim
1205 4500 1304 4555 abolet.
1323 4502 1394 4556 Nom
1413 4502 1444 4555 iit
1464 4499 1565 4555 multis
1579 4500 1752 4570 offendimur

94 4591 243 4663 vrginalis
267 4589 374 4646 candor
387 4604 536 4660 expressus
550 4589 673 4646 videatur
697 4589 899 4663 Libanilignis.
955 4609 1061 4659 omnes,
1078 4589 1143 4645 dicit
1156 4587 1294 4659 apostolus
1309 4587 1410 4657 (tarot.
1427 4601 1468 4653 m,
1485 4585 1523 4655 ι).
1541 4588 1581 4642 Ex
1595 4586 1685 4642 subito
1700 4587 1757 4659 qui·
1797 4613 1800 4616 ·

94 4681 160 4736 Nam
177 4687 211 4736 et
234 4678 340 4734 bonum
359 4676 503 4749 virginalis
518 4677 685 4734 continentia
700 4685 816 4749 vaporat
836 4679 901 4734 odo
956 4682 1019 4738 dem
1033 4680 1120 4751 lapsu,
1136 4675 1186 4731 sed
1200 4674 1292 4731 statim
1306 4682 1441 4741 correcto,
1457 4673 1548 4731 nullus
1559 4683 1602 4732 est
1615 4675 1684 4733 odor
1697 4693 1756 4734 oes·

96 4785 162 4836 reru,
179 4776 213 4826 et
227 4768 291 4838 ejus
310 4773 354 4823 est
368 4774 515 4838 perpetuus
531 4783 607 4824 usus.
620 4766 681 4823 Sive
695 4766 767 4821 enim
782 4765 902 4839 conjugii
957 4767 1108 4832 timendus3
1125 4764 1212 4838 magis
1225 4781 1290 4821 vero
1307 4781 1340 4820 ex
1356 4780 1390 4820 eo
1403 4763 1431 4819 in
1447 4780 1502 4838 quo
1516 4765 1577 4837 quis
1588 4769 1631 4823 cst
1641 4766 1757 4824 sedulus

96 4860 220 4914 seruitus
242 4855 434 4924 evacuabitur,
459 4855 517 4910 sive
532 4854 662 4912 desolatio
682 4855 826 4912 viduarum
842 4872 903 4912 ces·
956 4854 1030 4912 vitio.
1047 4849 1205 4907 Periculosa
1218 4856 1247 4906 ct
1260 4849 1381 4921 pessima
1395 4848 1513 4905 mixtura
1523 4858 1576 4916 cst,
1593 4851 1703 4924 quaudo
1714 4850 1756 4906 vi-

93 4949 176 5018 rabit,
199 4944 350 5018 virginalis
368 4959 436 5001 vero
457 4944 625 5018 integritatis
643 4944 756 5001 libertas
775 4951 802 5001 et
815 4946 904 5017 gratia
958 4943 1024 4999 tium
1039 4940 1181 5013 quodlibet
1199 4937 1305 4995 virtutis
1328 4937 1458 4993 mentitur
1471 4939 1608 5011 speciem;
1626 4947 1653 4994 et
1667 4953 1757 5011 ange-

93 5053 148 5094 non
164 5036 283 5094 excidet
295 5049 418 5107 unquam
430 5049 437 5087 :
448 5033 514 5106 quia
528 5033 575 5106 qui
590 5046 645 5090 uon
660 5035 776 5102 nubunt,
794 5050 845 5091 uec
859 5052 906 5091 nu·
958 5033 1000 5088 lus
1014 5039 1116 5087 satanae
1131 5029 1158 5084 iu
1181 5028 1311 5102 angelum
1324 5027 1393 5083 lucis
1408 5043 1438 5083 se
1453 5027 1630 5100 transligurat
1645 5026 1683 5096 (ll
1694 5027 1755 5085 Gor.

93 5125 213 5189 buntur,
227 5126 287 5195 jam
301 5131 365 5179 sunt
376 5123 454 5195 quasi
466 5123 565 5198 Aogcli
580 5123 608 5179 in
619 5123 689 5179 coelo
705 5123 818 5192 (ldottlt.
831 5139 903 5190 xxvi,
960 5138 997 5188 ιιι,
1014 5122 1070 5192 tt),
1085 5127 1112 5176 et
1125 5117 1203 5191 quasi
1226 5116 1380 5173 balsamum
1403 5115 1466 5172 lacit
1490 5131 1624 5188 venenum
1640 5113 1755 5186 spirare.

93 5219 152 5288 it).
168 5213 308 5286 Denique
322 5221 351 5268 et
359 5213 464 5269 Libano
479 5211 508 5267 in
523 5211 671 5284 scripturis
686 5211 787 5286 legitur
796 5228 906 5286 compa·
960 5208 1162 5285 Unguenterius
1172 5215 1215 5263 est
1226 5207 1353 5274 Satanas,
1369 5203 1453 5261 nolite
1468 5204 1503 5259 ab
1516 5202 1563 5258 illo
1578 5203 1666 5259 oleum
1683 5219 1758 5261 erne·

93 5315 154 5363 rats
168 5302 335 5377 virginitas,
349 5305 413 5374 Epo,
426 5299 522 5372 inquit,
539 5300 821 5373 quaestionantium
835 5303 907 5359 inci·
960 5317 1000 5357 re.
1016 5299 1077 5355 Nou
1092 5297 1163 5354 enim
1179 5303 1232 5350 tam
1248 5293 1386 5351 conlector
1401 5299 1443 5348 est
1457 5308 1539 5365 quam
1549 5301 1695 5366 corruptor
1706 5310 1757 5349 un-

50 5450 52 5461 ,
93 5392 320 5465 menaporum,
334 5396 360 5446 ct
374 5392 449 5448 sicut
465 5387 690 5447 bobomumrtorv
704 5391 832 5446 mictum
840 5390 907 5448 odor
960 5387 1063 5463 guenti.
1076 5385 1201 5457 Denique
1217 5383 1288 5439 sicut
1301 5379 1431 5452 scriptum
1446 5384 1674 5449 estseroesccre
1687 5384 1758 5454 facit

95 5500 174 5550 m
200 5481 308 5554 (mli.
322 5494 407 5548 xxrv,
421 5478 480 5551 at).
494 5477 592 5546 Merito
615 5476 735 5537 libanus
749 5485 845 5538 venter
857 5479 908 5537 im·
960 5478 1226 5552 quoaiottcmmcrc,
1235 5475 1264 5540 ct
1270 5472 1354 5544 pouit
1363 5471 1437 5530 sicut
1446 5477 1671 5546 camancacuto
1680 5472 1758 5533 ebut-
