3706 5962
67 244 119 304 381

66 380 149 425 etore
169 367 289 435 bomine,
305 365 351 435 qui
375 365 409 420 de
432 364 610 433 beatitudins,
627 383 688 438 quae
711 365 871 422 naturaliter

65 458 201 530 quaeritur
223 454 350 519 amando,
367 454 479 518 doceat;
497 454 672 511 admonendo
688 455 744 524 ubl,
762 462 789 510 et
804 469 869 526 quo,

66 549 93 601 in
107 562 163 618 qna
177 544 303 616 regione,
320 559 372 615 qua
386 543 429 597 via
442 551 588 615 quaeratur.

99 640 127 691 2,
145 638 232 691 Amor
245 647 323 704 ergo,
339 640 368 686 ut
382 632 482 687 dietum
497 639 550 702 est,
573 633 607 687 ab
632 641 743 689 auctore
767 641 871 688 naturae

65 723 229 779 naturaliter
254 732 296 777 est
319 721 416 776 animae
440 722 565 777 humasse
589 722 708 777 inditus:
726 723 773 777 sed
796 732 870 787 post-

64 830 148 886 quam
162 812 254 885 legem
270 810 320 866 Dei
346 809 445 878 amisit,
461 810 495 863 ab
518 811 628 866 bomine
652 819 693 866 est
717 811 868 867 docendus.

62 905 122 958 ‚ion
139 909 182 957 est
200 908 291 957 autem
306 899 454 966 docendus,
477 907 506 952 ut
532 899 568 954 sit
592 907 719 971 tanquam
744 901 789 973 qui
815 915 869 955 non

62 994 109 1061 sit,
132 991 184 1044 sed
205 998 234 1044 ut
258 995 398 1060 purgetur,
413 995 439 1040 et
464 987 603 1057 quomodo
628 996 773 1062 purgetur;
790 996 818 1042 et
841 998 870 1042 nt

62 1079 201 1150 proficiat,
228 1084 256 1133 et
282 1075 418 1147 quomodo
450 1073 586 1145 proficiam
615 1085 643 1131 ut
671 1077 812 1145 solidetur,
843 1087 870 1132 et

61 1167 203 1240 quomodo
236 1164 378 1229 solidetur,
404 1163 544 1219 docendus
568 1170 619 1220 est.
643 1166 710 1219 Nam
731 1174 758 1220 et
782 1165 870 1220 liedus

62 1271 140 1311 amor
155 1253 275 1310 earnalis
289 1252 418 1308 foeditatis
433 1267 489 1307 snae
511 1251 575 1307 olim
591 1253 684 1308 babuit
714 1254 867 1328 magistros,

61 1346 87 1399 in
104 1359 140 1400 eo
159 1358 217 1416 quo
230 1341 350 1411 corrupti
365 1348 443 1395 erant
457 1349 483 1396 et
498 1342 709 1413 corrumpebant
724 1349 777 1397 tam
801 1360 867 1414 per-

64 1434 201 1503 spicaces,
219 1438 272 1485 1111
288 1428 427 1496 efficaces,
442 1436 470 1483 ut
484 1430 518 1483 ab
542 1429 625 1502 ipsius
649 1431 777 1486 loeditatis
790 1447 867 1486 ama-

60 1520 167 1576 ton'bns
193 1528 220 1574 et
243 1517 333 1585 sociis,
358 1519 454 1573 doctor
476 1519 542 1572 artis
564 1518 701 1575 amatoriae
723 1529 868 1576 recantare

59 1617 219 1682 cogeretur,
245 1608 318 1680 qnod
341 1608 568 1678 intemperantius
590 1616 761 1674 cantaverat;
782 1617 808 1664 et
833 1610 867 1664 de

549 239 646 299 amaa
665 237 860 300 1111111111
879 235 919 294 ET
942 235 1115 302 bloulttl'll
1134 243 1269 305 attonis,

1675 228 1734 312 „.

887 366 1051 453 “proprius
1068 369 1118 424 Dei
1133 372 1264 426 creatoris
1278 380 1344 435 crat,
1361 379 1389 425 et
1412 371 1479 427 nubi
1500 381 1632 429 creaturae
1648 389 1725 431 eom·

926 453 1102 523 manicabilis,
1120 459 1214 514 sedem
1229 466 1340 522 satanae,
1356 460 1449 516 sedem
1471 461 1671 534 spurcitiarum,
1699 471 1727 520 et

926 542 1014 598 omnis
1029 543 1207 604 immunditiae
1222 548 1425 605 constituerint.

1241 637 1354 693 CAPUT
1376 639 1409 693 11.

1098 727 1135 781 lic
1150 731 1215 782 orto
1229 733 1258 782 et
1271 743 1418 798 propresis
1434 732 1552 784 umoris.

960 814 985 864 3.
1008 813 1098 867 acturi
1126 814 1208 883 igitur
1231 816 1265 871 de
1289 831 1391 879 amore,
1423 825 1503 886 prout
1531 816 1636 873 dederit
1665 819 1725 889 ipse

924 899 1000 967 eujus
1024 904 1108 958 amori
1129 904 1221 974 operis
1244 903 1329 974 ipsius
1352 904 1431 959 sudat
1460 904 1584 971 intentio,
1608 907 1725 975 primum

924 988 1000 1059 qussi
1015 1004 1030 1042 a
1045 991 1197 1060 primordiis
1206 992 1292 1063 ipsius
1307 993 1469 1049 narrationis
1480 993 1579 1049 seriem
1593 995 1729 1052 inchoan·

924 1083 975 1137 tes,
991 1075 1066 1144 quasi
1081 1091 1132 1144 per
1155 1078 1332 1134 succedentes
1353 1078 1405 1134 sibi
1429 1085 1525 1135 aetates
1551 1079 1724 1150 profectuum

924 1163 983 1230 ejus
996 1178 1152 1233 processum
1167 1166 1313 1229 ordiamur,
1330 1183 1416 1236 usque
1440 1168 1474 1222 ad
1499 1176 1638 1224 senectam
1653 1171 1724 1226 ube·

925 1265 991 1316 rem,
1006 1267 1068 1323 qnae
1081 1269 1135 1309 nen
1160 1262 1202 1309 est
1224 1254 1304 1327 plena
1328 1255 1421 1311 senilis
1443 1255 1556 1327 doloris,
1578 1257 1628 1313 sed
1643 1256 1725 1329 plena

924 1338 1114 1397 misericordias
1127 1343 1231 1399 uberis.
1245 1344 1321 1400 Sicut
1342 1344 1415 1400 enim
1440 1345 1590 1401 secundnm
1612 1354 1724 1403 etatum

922 1426 1118 1485 incrementum
1139 1431 1181 1486 vel
1197 1432 1401 1488 decrementum
1418 1448 1486 1503 puer
1501 1440 1621 1491 mutatur
1634 1435 1661 1490 in
1676 1437 1723 1505 ju·
1786 1503 1791 1511 ²

922 1531 1030 1581 venem,
1044 1520 1154 1588 juvenis
1169 1521 1195 1575 in
1221 1521 1319 1594 virum,
1334 1522 1375 1577 vir
1397 1522 1425 1577 in
1447 1538 1559 1592 senem;
1575 1524 1724 1580 seeundum

924 1605 1083 1676 qualitatum
1100 1609 1274 1675 mutationes,
1285 1610 1366 1666 etiam
1380 1619 1490 1667 aetatum
1500 1612 1609 1668 nomina
1619 1620 1729 1668 mutan·

60 1698 162 1756 amoris
186 1697 308 1754 scribere
341 1697 472 1760 remedio,
491 1696 536 1768 qui
571 1698 606 1752 de
622 1692 732 1752 ¹amoris
752 1699 868 1753 earnalis
883 1687 906 1764 Β
924 1701 988 1748 tes:
1009 1695 1048 1751 sic
1075 1696 1226 1752 secuudum
1254 1698 1383 1755 virtutum
1417 1700 1568 1770 proiectum
1602 1702 1726 1757 voluntas

60 1789 213 1859 scripserat
242 1786 392 1842 incendio:
416 1785 462 1856 qui
487 1785 513 1839 in
538 1786 639 1840 amoris
662 1786 799 1842 incentiva
826 1788 868 1843 vel
922 1782 1061 1841 crescitis
1076 1800 1209 1852 amorem,
1225 1801 1302 1842 amor
1321 1787 1349 1842 in
1372 1788 1546 1861 charitatem,
1566 1789 1682 1845 charitas
1696 1790 1724 1844 in

58 1885 154 1931 vetera
184 1874 264 1947 quasi
292 1891 343 1946 per
361 1871 445 1929 Md
470 1873 615 1943 quemdam
639 1875 773 1945 pruritum
794 1892 870 1933 exse·
921 1871 1095 1941 sapientiam.
1111 1874 1168 1931 Nec
1182 1875 1267 1931 debet
1278 1875 1364 1933 latere
1378 1877 1414 1932 de
1429 1892 1533 1943 amore,
1549 1879 1584 1934 de
1599 1894 1653 1952 quo
1668 1878 1726 1948 ogi-

59 1967 173 2032 erands,
206 1965 249 2019 vel
273 1965 301 2018 in
324 1979 393 2019 nova
416 1963 581 2018 invenienda
597 1969 654 2020 toto
679 1980 710 2019 se
724 1963 869 2020 effuderat
922 1975 992 2025 mus,
1007 1961 1107 2033 quibus
1118 1970 1195 2019 ortus
1209 1964 1245 2019 sit
1258 1965 1404 2032 natalibus,
1420 1981 1475 2037 quo
1488 1966 1636 2023 nobilitatis
1655 1967 1727 2022 linea

58 2055 171 2128 ingenio
194 2055 265 2124 (aa).
280 2053 339 2107 Non
360 2052 452 2123 utique
471 2051 570 2108 amoris
594 2053 709 2106 carnalis
732 2052 868 2109 terrorem
922 2048 1037 2120 insignis
1060 2051 1212 2122 trabeatum
1227 2055 1269 2110 vel
1289 2069 1344 2126 quo
1367 2053 1498 2111 oriundus
1518 2055 1590 2112 loco.
1606 2055 1725 2112 Primum

58 2144 207 2198 ridebatur
221 2142 267 2198 ille
281 2141 391 2207 docere,
408 2140 453 2212 qui
469 2149 523 2195 tam
538 2141 564 2194 in
586 2141 727 2208 docendis,
743 2159 824 2213 quam
841 2143 867 2197 in
922 2135 1004 2210 igitur
1017 2139 1077 2208 ejus
1092 2141 1237 2197 nativitatis
1250 2144 1326 2198 locus
1351 2143 1424 2199 Deus
1448 2150 1501 2200 est.
1518 2143 1558 2198 lbi
1582 2149 1672 2209 natus,
1687 2143 1726 2200 ibi

60 2229 152 2301 ecqui
167 2228 298 2293 docebat,
314 2227 373 2282 sine
394 2228 490 2299 quovis
514 2228 637 2306 rationis,
652 2236 868 2299 temperamento
923 2224 1012 2290 abtas,
1027 2227 1064 2282 ibi
1080 2238 1244 2299 provectus;
1260 2231 1297 2287 ibi
1312 2231 1379 2288 ciris
1398 2239 1451 2297 est,
1464 2247 1518 2288 uon
1543 2232 1658 2296 advena,
1676 2231 1725 2287 sed

60 2317 174 2373 naturali
190 2316 310 2388 quodam
325 2316 388 2389 ique
405 2317 555 2371 aestuabat:
572 2317 619 2372 sed
636 2316 787 2375 naturalem
808 2321 868 2390 ejus
922 2313 1061 2385 indigent·
1077 2316 1101 2371 Α
1120 2318 1181 2373 Deo
1204 2319 1277 2375 enim
1292 2320 1350 2375 ⁸01⁰
1372 2334 1451 2378 111101
1470 2320 1726 2392 (1111111111111111

58 2408 107 2460 rim
133 2404 345 2476 indisciplinatis
369 2404 531 2475 quibusdam
557 2405 707 2476 disciplinis
721 2408 748 2462 in
768 2425 866 2480 quam·
923 2413 1075 2473 permanet,
1090 2409 1153 2478 quia
1167 2408 1232 2463 nulli
1246 2409 1298 2464 nisi
1313 2408 1364 2480 ipsi
1379 2417 1407 2465 et
1427 2418 1539 2480 propter
1562 2409 1650 2479 ipsum
1677 2410 1726 2466 ds·

60 2496 120 2549 dam
138 2493 288 2551 erudiebat
302 2492 451 2557 lasciviam,
468 2502 494 2549 et
509 2496 685 2566 supervacuis
707 2497 867 2568 quibusdam
923 2490 1010 2548 betur·
1024 2493 1108 2550 Porro
1122 2496 1145 2549 si
1158 2495 1194 2550 de
1210 2495 1344 2554 natalibus
1360 2498 1419 2567 11111
1432 2497 1540 2568 agiulfi
1556 2495 1724 2552 111111Τ11111·

61 2583 316 2640 lomentisluxuriae
331 2583 358 2637 in
374 2583 518 2655 quamdam
534 2586 701 2655 perurgebat
720 2586 865 2642 insaniam.
923 2587 963 2634 las
993 2582 1066 2637 Deus
1093 2583 1230 2639 hominem
1258 2594 1366 2640 crearet
1393 2585 1425 2638 ad
1458 2583 1605 2655 imaginem
1634 2599 1721 2653 mam,

64 2673 155 2729 inillis
172 2673 246 2727 euim
264 2672 353 2742 pravis
368 2679 394 2727 et
410 2688 526 2743 nequam
549 2673 703 2729 bominibus
718 2691 751 2729 ex
766 2691 865 2747 super·
922 2670 1067 2739 ‹quamoam
1082 2671 1110 2726 in
1134 2688 1168 2728 00
1192 2673 1318 2728 formavit
1340 2673 1480 2729 11111111ῐί1
1507 2672 1722 2737 similitudinem,

64 2761 152 2817 luenti
179 2760 300 2816 11111111
326 2760 557 2831 concupiscentiae
581 2762 655 2826 vitio,
681 2770 753 2818 totus
781 2762 870 2834 depe·
921 2757 947 2811 111
963 2759 1658 2832 (11111111111110Τ111111111111111111111111111111ῑὶ1ι
1674 2777 1725 2832 11111·

65 2851 139 2905 rierat
155 2849 226 2906 ordo
244 2856 356 2906 naturae.
372 2848 479 2921 Quippe
494 2867 554 2906 cum
575 2851 666 2907 debito
691 2860 795 2907 naturae
818 2867 864 2908 or·
920 2863 1000 2918 quam
1016 2863 1102 2904 novus
1116 2848 1161 2904 ille
1176 2850 1269 2906 mundi
1293 2850 1392 2919 incola,
1406 2851 1484 2905 simili
1509 2850 1669 2905 naturaliter
1688 2850 1724 2906 ad

65 2940 132 3000 dine,
147 2938 261 3011 spiritns
286 2953 380 2993 eorum
405 2937 519 2993 naturali
544 2940 666 3010 pondere
691 2955 751 3007 suo,
771 2954 863 2996 amore
919 2936 1005 2991 simile
1020 2945 1186 3004 recurrente,
1201 2940 1335 3010 principio
1359 2954 1418 3008 suo,
1434 2939 1549 2995 creatori
1565 2953 1615 2994 suo
1634 2937 1723 2994 indis-

66 3044 231 3084 succursum
247 3026 312 3082 ierri
327 3026 442 3082 deberet
455 3026 489 3081 ad
505 3029 590 3082 licum
606 3028 652 3098 qui
666 3028 767 3084 creavit
781 3045 862 3099 eum;
880 2996 903 3075 c
919 3025 1069 3082 solubiliter
1089 3027 1245 3093 inhereret,
1262 3030 1285 3084 si
1297 3029 1394 3098 vellet3
1411 3046 1446 3085 ne
1461 3028 1603 3100 multiplici
1617 3033 1723 3085 creatu-

67 3118 147 3171 umis
166 3115 323 3171 tirimitiatus
340 3115 489 3182 illecebris,
505 3132 559 3171 non
584 3117 727 3188 intellexit,
741 3126 768 3174 et
787 3134 862 3174 eom
918 3130 1007 3168 rarum
1022 3116 1153 3173 11111111
1175 3116 1275 3185 illecta,
1302 3118 1450 3184 abstracta,
1474 3117 1613 3180 distracta,
1628 3122 1721 3172 ereata

69 3214 170 3276 paratus
198 3205 331 3275 jumentis
362 3205 553 3276 insipientibus
585 3206 680 3261 similis
707 3206 794 3263 iaetus
821 3216 864 3262 est
918 3193 964 3257 illa
978 3203 1085 3259 trinitas
1099 3205 1363 3262 inferiorasumma
1378 3216 1407 3263 et
1419 3205 1558 3264 creatricis
1581 3205 1722 3262 inuitatis

69 3294 112 3348 illis
125 3296 215 3363 (Paci.
231 3309 328 3360 xuvrrr,
346 3296 389 3357 13,
406 3296 463 3365 at),
480 3295 597 3366 laetique
621 3302 685 3350 sunt
708 3297 742 3351 de
765 3297 863 3367 quibus
917 3291 1021 3349 unitate
1036 3292 1186 3350 recederet.
1203 3296 1312 3351 Etenim
1326 3311 1386 3351 cum
1401 3294 1428 3350 ln
1444 3295 1541 3351 taciem
1556 3295 1619 3351 notri
1634 3293 1721 3349 bomi-

10 3430 12 3437 .
70 3382 590 3455 diceretur,liloapcrmonsoitspiritus
601 3401 680 3441 mesas
696 3385 726 3440 io
743 3385 864 3443 bomini·
918 3381 960 3435 nis
984 3383 1147 3453 spiraculum
1167 3384 1237 3454 vitae,
1254 3385 1422 3454 spiritualem
1443 3386 1507 3449 rim,
1524 3384 1550 3439 id
1575 3391 1618 3439 est
1642 3383 1723 3439 intel·

69 3472 199 3537 insistis,
214 3472 283 3544 (prtia
305 3488 369 3528 coro
388 3475 456 3526 sunt
470 3474 551 3540 (Gen.
568 3488 607 3536 vr,
624 3474 675 3531 ai:
697 3474 724 3526 in
748 3488 864 3543 quorum
918 3469 1071 3534 lectantem,
1088 3471 1161 3544 quod
1188 3479 1267 3526 sonat
1295 3472 1407 3542 spiratio
1437 3479 1464 3526 et
1488 3470 1665 3543 spiraculum
1695 3470 1723 3526 11

10 3608 13 3629 ,
69 3576 189 3630 prsona,
213 3563 332 3616 Factam
350 3565 402 3624 cat,
430 3559 526 3632 inquit,
543 3577 591 3618 cor
610 3579 703 3617 merim
728 3566 864 3635 tunquam
918 3559 1037 3626 vitalem,
1054 3560 1139 3614 idest
1157 3559 1300 3616 animalem
1327 3559 1399 3634 quod
1427 3568 1506 3616 sonat
1527 3573 1628 3614 nomen
1647 3560 1722 3624 ritas,

10 3638 12 3645 ’
68 3665 123 3706 carc
139 3652 297 3723 liquescens
307 3649 338 3704 in
348 3649 438 3708 osedio
449 3650 625 3707 1111111111·
635 3651 722 3719 (Psoi.
736 3664 794 3716 xxi,
809 3651 863 3719 15).
920 3647 1028 3717 inludit,
1041 3655 1070 3703 et
1088 3646 1259 3703 infundendo
1283 3648 1399 3715 creavit;
1415 3649 1443 3703 in
1468 3649 1528 3717 ejns
1549 3647 1627 3719 quasi
1651 3654 1722 3720 quai

67 3739 223 3812 lnangusts
241 3738 341 3809 quippe
363 3738 485 3807 corporis
504 3744 582 3808 parte
602 3753 650 3794 cor
674 3739 789 3794 locatum
808 3736 865 3802 (ubi
919 3737 980 3790 dnm
995 3752 1058 3793 arce
1078 3736 1131 3791 vim
1158 3737 1342 3793 memorialem
1366 3738 1520 3801 collocarit,
1536 3745 1566 3794 ut
1584 3735 1723 3793 creatoris
1762 3769 1765 3774 ·

68 3829 137 3900 qumi
150 3827 287 3894 medium,
303 3827 472 3897 superiorum
487 3842 615 3882 sensuum
635 3843 735 3891 arcem,
752 3837 780 3883 st
801 3842 865 3883 cor·
920 3841 1029 3896 semper
1041 3825 1189 3898 potentiam
1211 3833 1238 3882 et
1254 3827 1404 3883 bonitatem
1420 3835 1602 3884 memoraret:
1618 3827 1723 3882 statim-

68 3917 134 3986 poris
146 3913 299 3985 inferioris,
314 3916 383 3971 sicut
397 3916 488 3987 populi
514 3916 666 3971 humilioris
679 3916 755 3986 quasi
771 3932 866 3986 quam-
919 3929 973 3985 que
987 3921 1015 3970 et
1029 3916 1087 3969 sine
1102 3914 1194 3987 aliquo
1207 3931 1291 3972 morae
1315 3917 1471 3983 interstitio,
1487 3916 1618 3973 memoria
1643 3916 1722 3972 desc

28 4038 31 4043 ·
69 4006 121 4060 dam
136 4013 252 4076 regeret
265 4012 293 4061 et
305 4004 479 4075 dispensaret
504 4004 711 4075 rempublicam,
727 4012 865 4074 totamque
920 4003 1014 4073 genuit
1037 4004 1170 4060 rationem
1188 4022 1194 4059 :
1214 4014 1248 4060 ‘et
1262 4005 1395 4061 memoria
1406 4013 1434 4062 et
1455 4006 1522 4062 ratio
1536 4006 1571 4062 de
1585 4019 1616 4062 se
1632 4012 1723 4075 protu-

69 4093 273 4166 circumquaque
288 4094 451 4168 cogitatuum
473 4103 501 4150 et
513 4093 649 4148 actionum
664 4094 817 4165 regionem)
832 4093 866 4147 ad
920 4091 1009 4146 lerunt
1024 4088 1108 4150 245
1123 4092 1299 4149 voluntatem.
1316 4094 1445 4150 blsmoria
1468 4095 1569 4167 quippe
1593 4094 1677 4149 habet
1695 4101 1723 4152 ct

68 4183 291 4255 concupiscentias
320 4182 435 4238 carnalis
463 4182 556 4254 ignem
585 4182 724 4254 degenere
749 4183 866 4254 quadam
921 4182 1110 4255 continetque
1125 4183 1355 4248 tendendumsit;
1373 4185 1450 4246 ratio,
1467 4183 1539 4255 quod
1554 4182 1723 4239 tendendum

10 4294 12 4321 :
69 4270 172 4329 mollitie
186 4271 355 4344 liquescens,
370 4278 455 4328 totum
471 4271 583 4327 delinxit
598 4271 625 4325 in
640 4280 776 4340 ventrem,
797 4279 824 4327 ct
840 4271 866 4325 in
883 4308 906 4385 u
922 4271 972 4325 sit:
999 4270 1124 4325 voluntas
1147 4271 1252 4326 tendit:
1276 4281 1304 4327 et
1327 4272 1385 4328 baec
1410 4273 1460 4327 tria
1485 4286 1568 4326 unum
1594 4269 1723 4341 quiddam

69 4361 180 4416 medinm
204 4361 325 4424 ventris;
341 4360 465 4417 videlicet
486 4377 540 4416 non
556 4360 664 4430 sapiens
680 4361 730 4415 nisi
754 4376 867 4432 eaquae
922 4367 993 4424 sunt,
1009 4359 1056 4415 sed
1073 4370 1129 4415 tres
1143 4357 1284 4431 efficaeiae3
1301 4360 1371 4416 sicut
1393 4361 1420 4415 in
1441 4360 1485 4415 illa
1507 4374 1610 4415 summa
1636 4357 1724 4413 Trini-

68 4450 162 4505 rentris
176 4456 250 4517 sunt,
267 4458 294 4505 et
308 4450 342 4505 de
358 4460 453 4505 ventre
469 4449 495 4504 in
520 4449 624 4504 ventris
650 4448 789 4513 inferiora,
806 4464 866 4504 om·
923 4456 977 4503 tate
999 4465 1052 4503 una
1076 4456 1118 4505 est
1139 4447 1299 4513 substantia,
1316 4455 1372 4506 tres
1395 4464 1536 4519 personae:
1555 4447 1582 4501 in
1596 4463 1651 4518 qua
1664 4446 1723 4501 Tri·

10 4592 13 4611 ,
67 4538 106 4594 nia
126 4537 309 4607 confundens,
325 4539 416 4594 omnia
439 4538 622 4610 degenerans,
643 4537 734 4593 omnia
757 4537 865 4592 adulte·
921 4538 1005 4593 nitate
1020 4538 1090 4593 sieut
1109 4538 1188 4594 Pater
1202 4546 1244 4592 cst
1266 4537 1383 4608 genitor,
1400 4536 1483 4592 Filius
1502 4535 1620 4609 genitos,
1636 4542 1665 4590 et
1688 4535 1722 4590 ab

67 4641 137 4692 rans,
151 4626 256 4683 amoris
271 4629 423 4684 naturalem
437 4627 567 4683 allectum
581 4635 743 4698 pervertens
756 4627 784 4681 in
800 4627 866 4681 bru·
922 4635 1035 4698 utroque
1051 4625 1167 4696 Spiritus
1180 4633 1305 4692 sanctus3
1321 4625 1360 4681 sic
1376 4643 1409 4682 ex
1424 4624 1560 4681 memoria
1584 4624 1653 4679 ratio
1677 4623 1721 4696 gi·

66 4723 121 4770 turn
143 4716 290 4789 qnamdam
310 4715 399 4772 carnis
423 4716 591 4789 appetitum:
617 4730 670 4771 non
691 4716 777 4771 solum
806 4731 867 4786 quas
920 4716 1022 4787 guitur,
1046 4730 1079 4769 ex
1103 4714 1233 4770 memoria
1256 4721 1284 4769 et
1308 4715 1412 4771 ratione
1434 4716 1560 4771 voluntas
1587 4713 1721 4786 procedit.

66 4819 118 4858 non
141 4802 204 4861 licet
217 4811 395 4876 appetentem
414 4822 475 4860 cum
499 4804 670 4862 contumeliis
694 4804 815 4876 corporis
838 4805 865 4858 in
922 4806 1037 4878 litargo
1057 4805 1115 4861 lieo
1133 4805 1279 4860 inhaereret
1298 4810 1388 4861 ereata
1403 4805 1431 4861 in
1455 4805 1566 4861 bomine
1583 4801 1723 4860 rationalis

65 4894 232 4963 passionibus
246 4894 414 4967 ignominiae,
430 4897 479 4950 sed
499 4896 568 4950 adeo
589 4895 701 4949 oblitum
721 4911 776 4951 suae
799 4893 868 4949 anti·
920 4895 1019 4961 anima,
1036 4894 1194 4950 memoriam
1210 4893 1262 4950 sibi
1276 4894 1397 4951 uindicat
1420 4896 1513 4963 Pater;
1531 4895 1664 4951 rationem
1690 4890 1721 4947 to

64 5000 121 5055 qaae
135 4984 341 5060 generositatis,
356 4992 396 5055 nt,
411 4985 458 5056 qui
483 4993 590 5040 oreatus
614 4991 673 5040 erat
690 4985 748 5041 Deo
771 4985 834 5053 soli,
852 5002 867 5041 a
921 4984 986 5052 lius,
1002 4984 1167 5040 voluntatem
1183 4985 1217 5040 ab
1231 4992 1346 5058 utraque
1370 4985 1565 5057 procedentem
1588 4982 1624 5038 ab
1647 4990 1733 5037 utro··

62 5071 193 5145 corruptis
208 5081 236 5129 et
249 5073 454 5143 corruptoribus
467 5073 523 5128 suis
537 5074 685 5128 aestimetur
699 5090 761 5131 esse
776 5076 867 5145 potius
921 5090 974 5145 que
989 5072 1142 5145 procedens
1165 5073 1282 5145 Spiritus
1300 5082 1421 5130 sanctus.

61 5163 174 5218 lurnmae
205 5162 329 5217 naturale
353 5162 518 5218 domicilium
544 5170 571 5217 et
596 5162 722 5219 vitiorum
745 5165 867 5220 omnium
957 5166 982 5220 1.
998 5164 1068 5220 Eece
1087 5162 1257 5234 quibusorta
1271 5162 1405 5217 natalibus
1420 5163 1553 5226 voluntas,
1569 5161 1647 5230 cujus
1671 5174 1724 5215 na-

62 5251 250 5323 prostibulnm.
268 5250 404 5317 lnielices,
425 5252 470 5324 qui
495 5252 521 5307 in
540 5258 643 5308 tantum
658 5261 754 5308 natura
777 5253 866 5309 recla—
922 5254 1044 5318 tivitatis,
1070 5254 1146 5322 cujus
1174 5252 1337 5323 adoptionis,
1364 5252 1441 5321 cujus
1470 5249 1621 5323 dignitatis,
1646 5248 1725 5321 colos
1810 5271 1815 5283 ·

61 5349 152 5398 manta
181 5340 232 5396 sibi
260 5342 407 5410 viluerunt,
432 5353 463 5397 ut
488 5341 587 5398 animae
616 5360 672 5398 suae
696 5342 796 5410 locum,
821 5344 868 5414 qai
922 5343 1079 5400 nobilitatis.
1105 5341 1171 5409 Quae
1195 5356 1266 5406 eum,
1296 5341 1480 5412 praeveniente
1509 5348 1537 5396 et
1560 5347 1725 5413 cooperante

89 5499 293 5576 <reposcas
