3706 5962
101 223 170 284 rrsc
543 215 917 282 consistentebus
938 229 944 270 :
964 215 1011 301 op
1038 212 1118 283 noro
1150 211 1293 281 rsrrsrr.
1682 218 1751 283 rrso

102 351 227 424 proximo
245 350 272 405 iu
283 349 420 414 omuibus,
435 346 655 422 preterquamiu
671 345 747 405 vitio.
758 345 898 402 Delectars
914 338 996 438 “nis
1008 337 1187 417 terbisutuam
1202 340 1318 399 animam
1330 340 1462 401 relocilla.
1485 341 1560 402 Talis
1583 342 1694 403 studeas
1707 345 1750 402 ti·

97 437 126 493 iu
139 437 243 510 teipso:
260 453 293 493 ne
306 445 332 492 te
347 437 373 491 iu
388 437 479 507 aliquo
498 434 711 507 magnipendas:
734 432 843 490 humilis
868 441 895 491 et
952 443 1026 510 gere,
1057 425 1146 499 qualis
1172 427 1284 485 aflectus
1298 431 1324 486 in
1348 441 1467 487 extremo
1492 428 1598 503 jndicio
1617 430 1746 488 inveniri:

98 529 188 582 suavis
207 526 256 582 sub
276 525 396 598 pondere
411 523 575 596 paupertatis
598 539 607 595 3
636 540 652 579 a
674 539 729 594 qua
746 523 895 598 expugnari
946 517 1008 575 Nou
1023 516 1072 572 tibi
1088 516 1163 586 plura
1178 518 1280 574 scribo.
1295 520 1326 573 lu
1341 518 1384 574 bis
1399 519 1491 589 paucis
1517 536 1612 577 exerce
1626 519 1744 607 animaru

99 613 231 685 quotidie,
264 612 372 685 proprie
395 627 533 668 serrorum
561 617 601 668 est
625 610 838 683 christi.t1apn
861 628 895 668 ex
947 614 1031 661 luam.
1065 603 1185 673 Cunissa,
1201 615 1229 661 et
1250 623 1304 664 uon
1328 609 1571 680 expedientistibi,
1587 624 1667 666 neca
1690 623 1747 673 me,

99 700 237 756 laboribus
254 709 281 755 et
304 699 448 754 sudoribus
470 699 551 754 vitam
571 707 654 754 tuam.
670 696 722 754 Ubi
745 707 834 753 autem
853 708 896 756 est
948 711 999 750 nec
1013 694 1047 759 ab
1067 693 1127 748 aliis
1145 695 1264 766 amplius
1284 713 1399 767 quaeras.
1416 696 1495 769 Quod
1520 696 1568 753 tibi
1581 697 1645 753 novi
1672 697 1748 766 utile,

99 787 251 855 iufirmitas,
275 795 300 842 et
323 786 525 856 impossibilitas
547 788 674 857 deneget,
696 801 730 840 ne
751 788 895 844 erubescas
948 782 1062 854 scripsi:
1080 789 1107 837 el
1121 782 1229 839 sirliud
1252 800 1269 840 a
1291 800 1335 841 1111
1358 785 1462 856 petisti,
1487 786 1749 861 111111111111118111,

101 878 229 934 humilem
253 885 384 948 questum
407 874 506 931 iacere.
524 876 591 930 Num
615 891 648 930 eu
669 885 775 948 quaestu
798 878 826 930 iu
845 878 896 932 bu·
948 871 1045 926 uolens
1059 871 1085 925 in
1100 870 1218 944 mugnis,
1239 873 1331 928 sedin
1347 874 1435 944 parvis
1450 883 1477 931 et
1500 875 1593 946 paucis
1615 875 1751 932 involvere

100 965 211 1021 miirtutc
238 963 396 1021 subvenitur
426 963 566 1035 indigenti,
595 970 622 1018 et
656 980 774 1032 snpems
803 966 897 1024 merita
948 960 1065 1015 animam
1080 967 1163 1016 tuum.
1179 962 1253 1018 Tuos
1267 971 1355 1029 natos,
1371 971 1402 1018 ut
1417 973 1504 1035 potes,
1521 966 1548 1022 in
1562 965 1620 1022 Deo
1635 965 1750 1033 nutrias.

99 1053 305 1127 conquiruntur,
333 1062 361 1109 et
386 1051 511 1108 formatio
542 1051 571 1108 fit
598 1053 630 1108 ad
667 1063 784 1110 sanctos.
818 1055 896 1127 Saepo
948 1054 975 1104 et
989 1064 1036 1103 ora
1051 1064 1100 1122 pro
1115 1064 1166 1104 me.
1189 1049 1320 1106 Patientia
1338 1052 1387 1108 tibi
1414 1054 1562 1125 expediens
1585 1062 1748 1125 somperte-

98 1142 216 1197 abluaris
234 1142 400 1198 salutaribus
424 1139 615 1207 sacramentis,
631 1147 657 1197 et
671 1140 713 1196 bis
727 1151 807 1214 atque
822 1143 895 1200 diri·
949 1134 1069 1192 1111111811·
1085 1135 1173 1194 Amen
1186 1138 1255 1210 (7⁸)-

163 1266 191 1336 8)
203 1265 341 1321 Tribuitur
355 1265 435 1322 etiam
445 1263 475 1322 S.
498 1262 635 1320 Beruardo
649 1263 700 1319 alia
723 1266 840 1339 epistole
855 1269 896 1324 si.
950 1258 1025 1314 dum.
1042 1259 1095 1314 Sed
1110 1263 1168 1318 brer
1192 1261 1305 1332 epistola
1328 1269 1382 1318 tam
1410 1263 1522 1336 indigna
1535 1270 1576 1320 est
1594 1264 1748 1347 noraiuce.

99 1339 134 1391 m·
150 1338 172 1392 is
185 1337 350 1408 argumenti,
369 1357 381 1387 ι
398 1336 437 1391 Do
452 1351 517 1392 cora
530 1344 557 1390 ct
572 1338 654 1391 modo
668 1336 866 1406 reilamiliaris,
882 1361 891 1389 ι
949 1346 1031 1412 quatu
1047 1331 1185 1413 bernardo
1195 1342 1314 1390 auctore.
1332 1335 1478 1416 Abantem
1497 1336 1532 1391 sit
1550 1335 1680 1417 Bernardr
1695 1337 1750 1392 Sil·

99 1424 160 1479 quae
175 1407 214 1463 sic
228 1406 323 1478 incipit
338 1426 345 1461 ι
366 1427 378 1458 u
398 1405 525 1481 Gratipso
536 1416 563 1461 et
581 1405 651 1463 retici
666 1407 744 1462 militi
759 1409 895 1483 Raymuu·
949 1409 1059 1472 restris,
1073 1418 1150 1472 rurus
1165 1414 1206 1461 est
1220 1419 1237 1460 ο
1257 1422 1288 1460 us
1311 1413 1453 1462 melrtcttm
1472 1421 1528 1462 11011
1543 1413 1654 1474 eurtum,
1674 1407 1749 1534 ΕΜ

99 1488 147 1543 oo,
169 1477 280 1533 domiuo
307 1477 394 1533 Castri
412 1476 543 1543 Ambasii,
570 1476 723 1532 bernardus
740 1478 767 1534 iu
791 1481 895 1539 senium
952 1473 1210 1543 ‘Msstlssosmusel
1254 1475 1442 1532 icrocosmus·
1465 1475 1659 1544 interibiles«
1702 1494 1747 1533 et-

98 1550 240 1615 deductus,
255 1547 378 1603 salutem.
395 1548 488 1604 Doceri
511 1546 582 1617 petis
601 1562 617 1601 a
636 1548 717 1603 nobis
734 1551 768 1605 de
788 1567 853 1608 eura
868 1563 896 1609 ιι
950 1543 1006 1599 rico
1021 1544 1125 1600 doctori
1151 1545 1332 1602 famosissimo
1348 1567 1361 1599 s
1385 1556 1580 1618 nuncupatum,
1606 1548 1651 1603 alii
1665 1548 1747 1605 vide·

98 1621 181 1676 modo
196 1620 236 1674 rei
255 1618 405 1686 familiaris,
424 1638 437 1670 t
453 1628 518 1687 etc,
528 1629 558 1675 ut
571 1619 641 1689 apud
655 1620 786 1676 ioannem
799 1623 896 1679 Picar·
951 1630 1013 1685 rint.

98 1741 1743 1791 Q

384 1905 616 1972 OPUSCULUM
638 1908 678 1972 tlt
701 1908 791 1974 ttAEc
814 1913 945 1981 vertet
969 1933 978 1984 :
1003 1915 1067 1984 AD
1085 1919 1193 2004 QUID
1221 1917 1357 1993 VENIS
1364 1922 1410 1999 TI
1421 1922 1439 1990 ?

135 2197 222 2258 8⁰9
238 2199 377 2259 Gerardtlt
393 2202 509 2267 Vottl‘ttl.
519 2205 686 2276 tlroellotl'ivl
700 2205 881 2277 Tcnprcosis,
894 2211 989 2270 Romoe
1001 2229 1077 2272 nono
1088 2212 1156 2270 1596
1165 2214 1275 2286 primns
1288 2212 1379 2270 edidit
1392 2216 1443 2272 sab
1454 2215 1504 2272 boc
1513 2215 1619 2274 titolo:
1633 2235 1647 2268 s
1659 2215 1750 2290 rpus·

100 2272 400 2330 011111111836111111110
425 2273 519 2329 abbati
535 2272 745 2332 Claroevallemi
770 2276 956 2353 adscriptam.
974 2302 986 2334 r
1007 2285 1059 2352 θυι·
1082 2284 1155 2341 illud
1169 2285 1312 2342 bernardo
1335 2286 1426 2358 primi
1441 2285 1581 2358 tribuere,
1607 2288 1658 2344 boc
1673 2293 1749 2358 [orto

98 2347 170 2400 moti
181 2348 249 2400 sont
265 2346 386 2407 rollone,
398 2344 468 2416 quod
482 2343 558 2400 istud
573 2345 723 2402 identidem
740 2347 948 2419 frequentaret,
967 2354 1030 2409 «Ad
1044 2354 1115 2428 qnid
1128 2355 1254 2413 venuti?
1269 2377 1280 2404 ι
1296 2360 1329 2413 ul
1341 2359 1421 2429 potet
1441 2373 1477 2412 en
1495 2359 1543 2415 lib.
1560 2373 1569 2412 r
1591 2357 1669 2424 Vile,
1684 2374 1747 2433 cop.

99 2417 126 2470 t.
148 2416 245 2471 Verum
257 2416 357 2485 porrois
368 2416 542 2481 immutatis,
558 2417 703 2487 reperitur
716 2419 748 2472 in
764 2419 934 2480 Bibliotheca
946 2426 1077 2492 Putrem,
1094 2429 1168 2482 tomo
1182 2425 1250 2481 xltt
1260 2427 1328 2483 edit.
1346 2426 1453 2493 Coton,
1467 2429 1545 2484 inter
1563 2429 1652 2502 Opera
1664 2429 1749 2484 boot-

98 2485 145 2613 giis:
152 2485 458 2614 {simmatus
478 2487 620 2544 itinerum
632 2503 699 2546 com
709 2487 759 2545 icc
774 2491 869 2561 titulo,
883 2515 895 2544 ι
912 2496 1042 2554 Formttlo
1052 2498 1241 2564 bovinarum,
1255 2516 1267 2548 r
1277 2499 1427 2570 premisso
1437 2500 1557 2571 epistole
1569 2506 1750 2573 campolu-

815 2689 1030 2710 ᾗ

238 2811 261 2868 l.
281 2841 317 2855 -
334 2814 374 2872 De
387 2828 467 2887 scopo
478 2816 507 2870 et
521 2813 580 2884 fine
593 2815 753 2888 oppilando.
950 2821 1031 2881 debet
1042 2824 1165 2896 reguiam
1179 2823 1221 2880 sui
1242 2823 1366 2882 ductoris
1382 2835 1493 2897 tenere,
1510 2839 1537 2886 et
1550 2826 1675 2900 proprias
1697 2829 1749 2886 ad-

134 2901 222 2958 Primo
245 2902 416 2959 considerare
440 2901 537 2969 debes;
567 2901 599 2959 ed
623 2904 689 2976 quid
714 2906 832 2975 teneris,
847 2922 895 2964 seu
950 2911 1119 2969 inventiones
1145 2911 1308 2985 relinquere.
1334 2915 1368 2971 Ut
1389 2913 1523 2984 intinnus,
1539 2919 1586 2989 qui
1615 2917 1749 2974 accessio·

96 3000 207 3063 propter
221 2990 284 3064 quid
299 2989 417 3047 veneris.
434 2991 547 3063 Propter
560 2990 624 3064 quid
651 2993 760 3072 uenisti,
780 2995 833 3051 nisi
847 3010 897 3052 so·
949 3016 1010 3057 uem
1025 3015 1166 3057 excessum
1188 3002 1299 3073 patitur,
1322 3003 1402 3058 debet
1416 3018 1527 3061 servare
1541 3004 1654 3072 dietant,
1669 3021 1751 3077 quam

97 3077 152 3133 lum
174 3088 286 3152 propter
304 3078 388 3135 Deum
409 3099 417 3148 ;
445 3087 475 3134 nt
488 3078 511 3134 is
526 3088 598 3136 esset
616 3096 722 3138 merces
736 3089 781 3138 tua
795 3083 822 3139 iu
840 3084 898 3140 vita
949 3086 1071 3144 medicus
1093 3087 1132 3143 illi
1159 3086 1264 3160 indicit,
1283 3088 1306 3143 si
1326 3089 1380 3145 cito
1395 3090 1485 3146 sanari
1500 3090 1635 3149 desiderat
1649 3108 1659 3150 ι
1673 3091 1752 3151 itaet
1776 3123 1781 3135 ι

98 3166 223 3222 reterns?
239 3164 315 3220 Sicut
338 3166 408 3220 euim
433 3179 543 3237 propter
568 3166 674 3224 nullum
689 3169 770 3226 alium
786 3171 894 3236 venisti,
949 3182 979 3230 tu
990 3173 1055 3231 nibil
1069 3174 1143 3232 dicus
1157 3177 1199 3233 rel
1215 3175 1308 3244 iacias,
1324 3177 1399 3250 quod
1414 3179 1572 3250 magistrum
1585 3189 1663 3236 tuum
1680 3180 1753 3238 nolle

96 3253 134 3307 ita
150 3259 261 3324 propter
276 3251 379 3306 nullum
392 3249 477 3306 alium
491 3250 577 3307 debes
587 3253 711 3311 omittere
725 3255 835 3326 bonnm,
847 3271 897 3312 uec
950 3262 1101 3331 praesunris.
1117 3264 1155 3318 ie
1170 3262 1242 3318 euim
1257 3264 1358 3320 dedisti
1371 3264 1406 3332 ei,
1426 3274 1540 3336 propter
1563 3282 1676 3339 regnum
1691 3284 1751 3324 cte-

96 3349 234 3412 tepescere
260 3338 373 3409 alicujus
396 3340 533 3410 exemplo,
553 3340 619 3412 quin
641 3342 751 3397 studeas
773 3343 806 3397 ad
834 3344 896 3412 hcc,
950 3351 1058 3416 lorum;
1083 3360 1110 3406 et
1124 3349 1184 3405 ideo
1199 3367 1254 3408 non
1275 3361 1394 3422 estuus,
1411 3355 1459 3408 sed
1473 3355 1545 3425 ejus.
1560 3354 1600 3411 Te
1613 3354 1639 3410 ei
1652 3356 1750 3413 rendi·

98 3428 132 3484 ad
162 3429 235 3502 quod
252 3428 363 3485 venisti.
379 3426 481 3482 Venisti
496 3426 567 3481 enirn
591 3427 625 3482 ad
640 3428 811 3485 serviendum
827 3430 897 3498 Deo,
950 3436 1021 3507 disti,
1038 3447 1066 3494 et
1088 3437 1148 3495 ideo
1177 3454 1230 3494 nou
1257 3439 1317 3494 licet
1340 3439 1389 3495 tibi
1404 3454 1487 3513 apere
1511 3443 1546 3497 de
1561 3451 1597 3512 te,
1612 3443 1670 3498 siue
1689 3445 1752 3515 eins

97 3517 143 3574 cui
165 3517 268 3573 servire
287 3515 376 3573 omnis
390 3523 513 3571 creatura
527 3513 617 3571 debet.
634 3515 736 3583 Primo,
751 3518 813 3589 quit
832 3518 898 3574 nibil
950 3525 1098 3584 voluntate.
1118 3527 1180 3597 lpse
1204 3535 1246 3582 esl
1267 3528 1340 3582 enim
1360 3529 1486 3585 dominus
1507 3537 1562 3585 tute
1586 3531 1748 3588 voluntatis:

98 3605 243 3661 babetnisi
260 3604 386 3677 abipso:
404 3612 430 3659 et
449 3604 511 3660 ideo
534 3602 613 3660 debet
632 3603 657 3660 ei
674 3605 788 3663 maxime
811 3606 900 3663 omnis
952 3624 979 3670 et
1006 3615 1153 3671 contractio
1186 3615 1224 3672 rei
1243 3615 1337 3672 alienae
1352 3615 1436 3673 invito
1451 3617 1562 3675 domiuo
1575 3617 1675 3677 lurtum
1697 3629 1749 3676 est.

97 3696 191 3766 bomo,
207 3705 335 3768 tauquam
364 3693 512 3762 rationalis,
536 3693 602 3748 dare
627 3696 700 3767 quod
715 3703 766 3765 est,
782 3703 811 3752 et
823 3695 899 3768 quod
953 3703 1007 3759 Fur
1028 3711 1119 3759 eutem
1144 3704 1213 3762 coelo
1238 3720 1292 3759 non
1307 3705 1458 3777 appropiet.
1473 3706 1672 3782 tpsi'rectores,
1687 3709 1752 3780 qnia

96 3793 197 3857 polest.
212 3785 245 3840 nr
259 3785 328 3842 sicut
342 3783 432 3841 omnia
451 3783 571 3841 serviunt
595 3783 717 3840 Creatori
740 3802 790 3857 pro
814 3799 898 3857 posse
952 3800 1015 3846 suut
1029 3791 1120 3849 vicarii
1143 3791 1253 3849 Domini
1267 3808 1348 3863 super
1369 3807 1430 3860 nos,
1454 3801 1482 3849 et
1494 3809 1545 3851 nos
1568 3796 1699 3854 debemus
1711 3797 1750 3854 eis

97 3890 165 3941 suo;
182 3874 266 3931 multo
281 3875 366 3946 magis
381 3874 475 3939 bomo,
498 3889 578 3945 quem
595 3888 649 3931 uon
674 3873 761 3931 solum
785 3878 900 3945 cressit,
953 3868 1065 3937 obedire
1087 3880 1158 3938 sicut
1176 3880 1304 3949 Domino,
1327 3897 1381 3938 nou
1401 3881 1473 3940 sicut
1494 3884 1649 3943 bominibus
1663 3903 1672 3957 ς
1687 3885 1751 3957 quit

96 3962 166 4018 sicut
179 3968 275 4016 cetera
290 3967 353 4015 sunt
368 3969 466 4028 nean,
480 3963 529 4017 sed
552 3959 664 4037 insuper
685 3961 823 4019 intellectu
850 3965 934 4083 dec
952 3983 1012 4039 uon
1022 3978 1132 4043 propter
1143 3969 1228 4043 ipsos,
1244 3969 1293 4026 sed
1308 3980 1417 4043 propter
1426 3971 1514 4027 Deum
1528 3971 1687 4043 subjicimus
1701 3987 1751 4031 uos

98 4049 209 4113 roravit,
224 4048 309 4104 libero
331 4047 444 4103 arbitrio
458 4049 619 4119 nobilitavit,
641 4051 736 4107 muudi
755 4050 896 4107 dominnm
947 4057 1015 4132 ipsis
1030 4076 1037 4117 :
1053 4057 1114 4135 ideo
1128 4075 1221 4116 sersus
1230 4074 1285 4116 non
1298 4066 1340 4116 est
1352 4059 1440 4130 maior
1449 4059 1560 4117 domino
1572 4076 1623 4119 sno
1635 4060 1749 4135 (lolli.

96 4133 245 4202 coustituit,
262 4135 314 4190 sibi
328 4133 444 4189 similem
466 4133 541 4201 iecit,
572 4141 696 4192 naturam
715 4139 775 4210 ejus
789 4155 895 4196 assum-
948 4165 976 4204 ιι,
991 4147 1046 4218 243
1062 4149 1144 4205 roan.
1159 4162 1216 4214 ιιιι,
1233 4151 1266 4203 to
1282 4155 1371 4216 etur,
1394 4147 1452 4221 2⁰).
1468 4147 1560 4205 ratem
1575 4164 1643 4222 ergo
1659 4161 1685 4205 te
1703 4167 1750 4208 ex·

98 4223 169 4296 psit:
185 4222 266 4279 verbo
285 4228 313 4279 et
327 4224 451 4293 exempto
465 4238 528 4278 enm
547 4222 680 4311 instruitis,
696 4222 807 4298 proprio
829 4242 896 4285 san·
950 4236 1013 4293 hibe
1029 4235 1064 4303 ei,
1080 4246 1109 4292 ut
1122 4235 1209 4291 libere
1220 4235 1316 4304 iubeat
1327 4244 1352 4292 te
1363 4233 1454 4291 iacere
1466 4235 1510 4291 rel
1520 4235 1664 4302 dimittere,
1673 4237 1751 4309 quid-

97 4315 181 4388 guine
195 4328 258 4370 eum
275 4311 310 4369 de
329 4319 522 4368 murteaeterna
535 4311 660 4381 redemit,
681 4312 812 4387 Spiritum
830 4332 896 4373 sau·
951 4324 1014 4397 quid
1032 4322 1140 4380 ridetur
1163 4323 1188 4378 ei
1215 4323 1361 4395 expedire:
1391 4321 1570 4399 quissiipse
1590 4333 1617 4383 tn
1645 4324 1748 4394 timeat,

98 4409 172 4458 ctum
186 4400 211 4458 ei
224 4395 333 4470 inludit,
347 4415 456 4456 caruem
479 4415 556 4458 suam
577 4399 606 4457 iu
621 4400 716 4457 cibum
735 4401 846 4458 tradidit
860 4402 896 4474 ei,
949 4412 1005 4482 jem
1024 4426 1119 4467 sertus
1142 4415 1184 4466 est
1195 4412 1282 4482 major
1296 4410 1406 4468 domino
1421 4427 1483 4482 suo,
1499 4418 1526 4467 et
1536 4409 1688 4485 d'ncipulus
1699 4428 1749 4470 su-

97 4504 191 4547 curam
214 4490 274 4560 rjus
296 4490 376 4545 habet
400 4488 468 4546 sicut
490 4496 577 4546 mater
598 4489 705 4561 pertuli
726 4489 767 4545 sui
791 4489 851 4559 tilii,
869 4500 897 4548 et
951 4495 1180 4570 permagistrum.

96 4579 279 4635 hereditatem
295 4588 422 4634 aeternam
433 4579 459 4634 ei
483 4579 548 4635 dare
562 4577 708 4650 disposuit.
723 4579 794 4635 ltere
809 4595 897 4652 quan·
1052 4584 1099 4640 111.
1116 4614 1152 4626 -
1174 4588 1212 4642 ile
1231 4584 1393 4644 reverentia
1414 4602 1482 4659 erpo
1492 4589 1640 4661 petowe.

97 4686 154 4734 tum
170 4691 219 4734 nos
238 4686 360 4734 tenemur
374 4673 400 4733 ei
423 4675 524 4734 seruire
542 4691 597 4748 prse
620 4674 725 4733 caeteris
752 4674 896 4751 creaturis,
987 4674 1088 4731 liubeta
1116 4688 1210 4744 pacem
1230 4689 1292 4731 cnm
1311 4673 1431 4746 pretatis
1453 4676 1517 4733 tuis.
1538 4676 1600 4735 Non
1622 4677 1749 4736 detmbas

96 4764 142 4839 qni
157 4781 207 4822 nos
222 4782 278 4839 prae
292 4765 418 4822 omuibus
428 4767 561 4822 creaturis
571 4764 664 4821 mundi
679 4765 788 4824 amarit.
950 4763 1000 4833 eis,
1017 4779 1067 4821 nec
1089 4762 1204 4820 libenter
1223 4764 1316 4819 audias
1329 4764 1397 4820 elios
1410 4765 1582 4823 detrabentes
1597 4767 1637 4825 eis
1653 4784 1662 4837 ς
1684 4768 1750 4842 qnia

332 4854 365 4909 tt.
381 4884 416 4897 -
430 4857 468 4911 lle
487 4854 658 4913 obedientia.
949 4853 1104 4926 specialiter
1119 4853 1192 4909 Deus
1206 4855 1257 4911 boc
1269 4853 1364 4910 vitium
1381 4855 1460 4926 punit
1477 4855 1505 4911 in
1527 4856 1652 4927 subditis,
1667 4857 1749 4917 etiam

132 4944 165 5002 Et
183 4944 245 5017 quia
264 4959 313 5001 son
327 4942 442 5000 contidis
461 4943 519 5009 tibi,
547 4950 576 4999 ut
603 4959 751 5016 presumas
776 4952 801 5001 te
827 4942 895 5001 seim
949 4943 977 4998 in
997 4939 1131 5013 presenti.
1147 4943 1207 4999 Nou
1220 4941 1317 4999 acriter
1336 4942 1470 5015 ponderes
1490 4959 1746 5024 eommexcessum

97 5035 164 5110 quid
186 5036 317 5093 Dominus
340 5033 423 5096 veliis
446 5033 508 5090 ideo
523 5033 681 5091 commisisti
706 5035 736 5092 'te
761 5032 894 5106 superiori
948 5029 998 5086 sed
1012 5029 1139 5103 ignoscas
1151 5029 1230 5103 quasi
1244 5029 1419 5090 bominibus:
1434 5030 1497 5103 quia
1516 5033 1544 5091 iu
1561 5033 1654 5090 multis
1675 5034 1749 5090 curis

96 5135 153 5191 tuo,
170 5132 198 5180 ut
212 5124 271 5197 ipse
285 5133 311 5179 te
325 5129 454 5197 repa13et
468 5121 568 5179 dedisti
579 5139 687 5180 manum
703 5131 776 5180 tuam
791 5123 818 5179 in
832 5138 895 5180 con·
949 5134 1004 5175 nou
1032 5125 1123 5190 potest
1148 5117 1309 5193 quandoque
1333 5120 1497 5197 negligentis
1518 5121 1606 5196 vitari,
1626 5129 1652 5178 et
1674 5138 1748 5198 saepe

95 5213 224 5280 lessioue,
242 5221 271 5268 ut
286 5212 345 5283 ipse
365 5224 390 5268 te
404 5212 485 5291 ducat
498 5211 527 5266 in
541 5211 610 5269 viam
625 5212 685 5270 Dei.
702 5212 778 5268 Unde
793 5227 847 5273 non
861 5209 894 5268 li·
909 5185 934 5264 Β
947 5209 1019 5285 quod
1033 5207 1102 5265 alius
1123 5224 1173 5282 pro
1187 5208 1261 5264 bono
1274 5208 1348 5281 iecit,
1359 5210 1423 5281 quia
1442 5225 1497 5268 non
1511 5211 1687 5284 intelligimus
1700 5213 1742 5270 in·

95 5302 169 5361 sebit
188 5302 236 5357 tibi
252 5300 345 5358 rivere
359 5315 408 5372 pro
424 5294 492 5359 veile
505 5309 552 5358 tuo
568 5323 574 5361 :
588 5301 637 5358 sed
652 5294 707 5374 <fun
722 5302 893 5358 ductortuus
948 5298 1099 5355 tentionem
1113 5297 1183 5367 eius,
1201 5312 1249 5368 pro
1264 5296 1337 5353 malo
1349 5297 1513 5368 judicamus.
1530 5299 1640 5359 Honora
1654 5316 1704 5359 eos
1717 5302 1747 5359 in

94 5409 133 5468 pre
149 5402 175 5449 te
187 5391 275 5463 jubet,
291 5388 358 5446 illuc
373 5389 412 5447 ire
426 5391 528 5464 debes3
549 5398 576 5447 et
589 5391 663 5463 quod
678 5390 738 5463 ipse
753 5390 893 5463 probibet,
948 5386 1029 5445 corde
1046 5395 1102 5456 tuo,
1120 5396 1148 5444 et
1161 5401 1216 5442 non
1230 5402 1351 5460 spernas,
1367 5404 1402 5444 ne
1425 5387 1494 5449 torte
1512 5398 1540 5450 et
1552 5391 1639 5449 Deum
1667 5409 1747 5465 sper-

95 5482 301 5542 dehonestem.
316 5479 386 5553 Quin
400 5481 446 5555 qui
456 5487 543 5539 artem
556 5478 674 5555 aliquam
688 5478 794 5538 discere
808 5476 893 5553 cupit,
948 5493 1009 5547 nas,
1030 5479 1109 5551 cujus
1121 5475 1209 5536 ricem
1222 5485 1330 5553 gerunt.
1344 5477 1379 5536 El
1391 5486 1502 5555 propter
1515 5480 1658 5545 utilitatem
1672 5489 1745 5543 lusu
