3706 5962
55 185 109 243 277

699 179 889 241 interlitis
907 177 1062 239 ascetici.

1661 180 1715 241 tte

54 307 169 365 emollit.
198 306 372 378 Supervacua
401 306 452 360 erit
479 306 538 362 baec
567 305 717 376 persuasio,
742 312 769 359 ot
793 303 858 359 nibil
877 317 899 395 Ι
916 318 976 357 rum
991 303 1183 359 communitate
1198 311 1367 359 contentum.
1386 305 1435 359 llic
1455 306 1557 376 poteris
1578 307 1715 377 superbiae

53 398 126 453 aliud
140 400 307 463 assectatur,
324 393 375 449 uisi
389 403 419 449 ut
433 394 467 449 de
483 394 588 466 cupidis
612 394 751 465 improbos
767 392 881 460 iaciat.
916 389 1038 462 posuisse
1062 397 1180 458 meum,
1209 399 1237 446 et
1265 391 1436 447 ascensionis
1467 391 1556 449 fixisse
1584 394 1711 467 gradum.

54 494 80 542 et
94 494 211 541 tenuem
231 483 308 540 tollat
323 483 435 554 pudoris
449 482 570 552 obicem,
581 482 628 556 qui
638 483 712 538 solus
721 481 863 538 ambitioni

55 576 165 631 obstare
196 572 315 639 ridetur,
340 580 368 629 et
391 580 536 629 aestuautes
565 581 654 629 motus
678 571 755 645 quasi
780 571 862 626 maris

55 678 137 734 eques
152 661 181 717 in
196 661 289 718 cordis
311 668 371 719 utre
386 659 536 717 concludit.
552 661 609 716 Hoc
633 659 684 716 erit
698 676 753 715 uon
768 659 857 715 leues·

55 761 132 820 tram,
152 749 207 806 sed
228 749 328 807 ostium
344 748 462 821 aperire,
478 756 506 806 et
528 765 668 806 succensa
690 747 794 805 tornaci
806 746 859 801 lol-

54 839 114 895 liam
144 838 297 896 admovere
324 837 480 909 spiramina.
513 837 642 894 Lascivus
673 837 738 892 satis
766 836 859 894 frutex

54 925 223 992 ambitionis,
239 934 267 982 et
279 933 409 998 tanquam
427 924 510 982 182
522 925 551 981 in
566 926 626 982 laeta
642 933 764 982 nontam
784 923 858 980 irno-

54 1015 165 1080 cdiieat,
182 1032 267 1088 quam
281 1016 398 1071 luxuriat
410 1015 502 1072 hono,

86 1106 113 1157 2.
130 1103 200 1160 liaec
217 1111 260 1159 est
284 1102 358 1158 radix
378 1102 576 1167 amaritudinis,
588 1118 649 1172 quac
672 1117 780 1156 sursum
795 1116 859 1171 ger·

54 1192 171 1259 minans,
190 1191 314 1263 impedit,
331 1199 359 1246 et
381 1207 432 1263 per
453 1189 525 1245 illam
538 1189 712 1262 inquinantur
727 1188 813 1256 multi,
829 1194 857 1243 et

54 1281 200 1353 exstirpari
215 1295 270 1336 nou
284 1288 392 1353 potest:
408 1289 436 1336 et
457 1281 522 1351 quid
545 1279 617 1334 illam
637 1278 744 1354 irrigari
760 1284 856 1350 postu-

918 480 1026 537 Sinn'tis
1040 481 1254 539 eruditissimo.
1270 479 1447 536 Altitudinem
1462 482 1573 537 nubium
1589 500 1712 556 superas,

917 578 943 625 et
956 569 1094 625 ditissimo
1109 578 1136 626 te
1150 569 1319 641 comparas?
1333 571 1486 627 concreatis
1500 571 1612 644 praelers
1630 573 1716 645 [sorte

916 657 1024 730 praeesl.
1036 667 1064 715 ει
1073 659 1193 716 Creatori
1206 669 1231 715 te
1245 659 1353 716 coniers
1362 661 1377 715 i
1387 659 1531 715 inordinati
1540 660 1642 731 gradus
1653 661 1697 718 isti
1711 679 1718 732 3

917 748 1068 804 indebitum
1078 749 1194 822 gradum
1208 749 1363 820 usurpasti:
1381 759 1527 821 propterea
1547 751 1671 820 dejectus
1687 767 1717 807 es

917 836 952 892 de
966 838 1051 908 gradu
1067 846 1124 902 tuo,
1140 845 1167 893 et
1177 838 1212 894 de
1222 837 1391 895 stationetua
1406 846 1451 906 ;ει
1461 840 1592 896 detracto
1614 834 1656 894 est
1681 840 1718 896 od

919 926 1024 996 inferos
1035 928 1166 996 snperbia
1181 932 1231 982 tna
1255 926 1322 997 (iso.
1339 928 1517 999 urnii-15).
1532 927 1666 985 Plantavit
1691 935 1717 984 ιε

917 1014 1047 1070 Dominus
1065 1016 1143 1088 quasi
1158 1015 1264 1072 vineam
1279 1017 1404 1077 electam,
1421 1032 1502 1073 omne
1517 1032 1611 1074 semen
1623 1032 1717 1072 verum

918 1104 984 1166 (lec.
1001 1120 1029 1174 v,
1040 1109 1065 1171 l,
1077 1109 1104 1170 2,
1116 1112 1144 1160 et
1158 1106 1215 1163 lor.
1227 1121 1257 1173 u,
1269 1106 1330 1171 Pt);
1347 1105 1394 1161 sed
1407 1112 1434 1161 tu
1447 1106 1474 1160 in
1485 1105 1531 1161 dic
1541 1105 1719 1176 plantationis

918 1198 972 1247 tum
985 1191 1074 1247 statim
1086 1192 1201 1249 eliectus
1211 1211 1241 1250 es
1251 1193 1386 1260 labrusca,
1404 1202 1430 1249 et
1446 1201 1509 1250 ante
1519 1212 1635 1251 messem
1645 1202 1719 1252 totns

918 1279 1070 1336 eilloruisti.
1082 1280 1231 1338 Eiilornisti
1246 1282 1337 1354 plane,
1355 1285 1477 1339 evacuati
1493 1293 1555 1340 suut
1570 1285 1652 1339 liores
1668 1283 1714 1352 tui,

55 1369 117 1426 las?
131 1371 211 1426 luter
224 1385 321 1426 manns
335 1369 492 1426 vellentium
514 1366 626 1439 pullulat
646 1367 765 1423 rediviva
778 1366 858 1438 plan·
917 1378 944 1424 et
959 1385 1013 1424 non
1027 1377 1090 1424 sunt
1106 1371 1236 1427 reservati
1253 1371 1289 1428 ad
1303 1387 1431 1438 messem,
1447 1388 1503 1428 non
1522 1381 1585 1428 sunt
1605 1373 1639 1428 ad
1656 1389 1717 1429 ma·

58 1461 131 1523 tatio,
147 1465 178 1515 et
193 1466 222 1514 tu
241 1459 313 1515 illam
338 1459 455 1530 quadam
476 1456 618 1530 diligentia
644 1457 861 1513 exhortationum
917 1458 1051 1514 turitatem
1070 1459 1204 1529 perducti,
1216 1461 1274 1525 sed,
1286 1461 1355 1517 sicut
1363 1462 1548 1535 subiungitur,
1560 1465 1718 1520 immaturo

57 1548 140 1605 excoli
156 1549 265 1623 rogas?
283 1547 353 1603 Nam
367 1547 390 1603 si
409 1547 436 1602 in
451 1556 478 1603 te
497 1563 581 1618 prava
595 1547 672 1602 radix
687 1549 744 1602 baec
758 1545 862 1602 emori·
915 1549 1049 1619 perfactio
1062 1550 1233 1620 germinavit
1244 1551 1309 1618 (lau.
1322 1565 1404 1615 xvrrr,
1420 1551 1448 1618 ὅ)
1460 1569 1466 1607 :
1479 1558 1625 1622 propterea
1640 1568 1715 1622 pra·

58 1648 113 1701 tur;
131 1637 187 1693 sed
201 1637 414 1709 circumquaque
436 1638 514 1705 juxta
538 1643 564 1692 ιε
587 1636 727 1693 exoritur:
743 1651 861 1710 eumque
878 1641 900 1717 Β
915 1634 964 1691 cisi
978 1644 1041 1691 sunt
1059 1637 1204 1693 ramusculi
1220 1637 1269 1703 tui,
1290 1638 1434 1695 ramusculi
1456 1639 1562 1695 steriles
1577 1648 1605 1695 et
1627 1639 1715 1696 iuiru-

59 1726 173 1781 verbum
187 1725 384 1782 cohortationis
398 1726 433 1782 ad
449 1732 475 1781 ιε
488 1725 599 1782 missum
614 1724 715 1781 utiliter
732 1707 822 1795 luerit,
834 1725 861 1780 in
915 1725 999 1780 ctuosi
1014 1724 1112 1780 divinae
1128 1714 1271 1782 sententiaa
1290 1726 1394 1797 praecisi
1412 1728 1534 1783 falcibus.
1547 1729 1581 1783 Et
1596 1734 1624 1783 tu
1644 1728 1714 1800 ipso,

60 1813 113 1869 aliis
131 1813 249 1870 forsitan
264 1813 394 1870 damnose
414 1813 504 1870 cadet.
530 1814 661 1870 Plantatio
684 1816 742 1870 haec
760 1814 861 1887 ubique
914 1817 990 1886 juxta
1004 1816 1147 1887 Prophetae
1162 1817 1285 1887 ejusdem
1300 1816 1515 1882 insultationem,
1532 1819 1612 1892 qnasi
1627 1818 1717 1891 stirps

60 1909 106 1969 est,
120 1901 197 1957 deut
210 1901 322 1973 myricae
335 1900 364 1957 iu
379 1901 497 1959 deserto.
515 1902 547 1957 lit
561 1903 653 1959 nescio
669 1902 757 1959 sicubi
775 1903 862 1959 laetius
915 1903 1028 1961 inutilis
1037 1904 1106 1975 (Iso.
1124 1920 1184 1970 xiv,
1202 1903 1257 1972 tat,
1277 1905 1312 1961 de
1327 1904 1425 1977 quietis
1439 1912 1467 1960 et
1480 1905 1577 1978 gloriae
1591 1913 1645 1962 tuae
1658 1904 1723 1962 loco

61 1991 191 2058 imtescit,
218 2008 300 2065 quam
324 1992 352 2048 in
375 1999 446 2051 terra
477 1993 535 2049 sitis
561 2000 589 2050 et
614 1993 773 2070 salsuginis.
794 1994 862 2050 Vide
914 1994 1053 2065 projectus
1079 2008 1119 2056 ns,
1133 1991 1287 2065 eile'ctaquc
1308 2002 1350 2049 est
1368 1994 1499 2050 habitatio
1515 2000 1559 2049 tua
1574 1993 1601 2049 iu
1625 1994 1716 2052 medic

62 2081 120 2136 mihi
134 2082 207 2138 istos
222 2096 338 2153 qnorum
360 2081 526 2139 exsiccatum
549 2090 591 2139 est
614 2083 730 2151 corium,
746 2097 863 2156 quorum
915 2079 980 2149 doli,
997 2086 1025 2136 et
1039 2080 1066 2135 in
1081 2081 1171 2140 medio
1186 2081 1299 2139 doloris.
1318 2084 1426 2138 Poterat
1440 2083 1576 2155 superbiae
1594 2083 1718 2140 surculus

63 2166 159 2240 pellem
173 2184 225 2225 ora
236 2168 358 2243 iejuniis,
374 2186 491 2243 quorum
512 2186 655 2248 operosam
674 2171 758 2228 callus
772 2171 863 2227 obdu·
916 2169 944 2224 in
957 2170 1084 2241 paradiso
1103 2171 1242 2242 pullulare,
1265 2170 1313 2228 sed
1332 2188 1388 2228 non
1411 2179 1519 2243 poterat
1543 2173 1693 2244 perdurare
1713 2191 1720 2230 :

64 2259 93 2313 cit
107 2273 234 2325 mum,
256 2259 304 2331 qui
328 2259 458 2333 elongant
478 2265 506 2316 et
527 2261 681 2317 manentia
705 2260 861 2328 solitudine,
915 2259 1004 2314 omnis
1028 2261 1101 2316 enim
1126 2260 1265 2331 plantatio,
1290 2276 1373 2333 quam
1399 2277 1454 2318 non
1483 2259 1615 2333 plantavit
1639 2262 1718 2318 Pater

65 2348 103 2421 qui
124 2347 326 2420 adoperiuntur
343 2363 432 2432 sacco,
462 2355 491 2405 et
512 2349 617 2424 squalet
640 2350 766 2406 sordibus
792 2350 863 2407 cutis
915 2347 1043 2414 coelestis,
1063 2349 1246 2406 eradicabitur
1259 2350 1371 2421 (llattb.
1393 2366 1442 2415 xv,
1459 2350 1515 2421 13).
1540 2349 1667 2407 Plantare
1691 2358 1718 2406 ιε

64 2450 153 2492 eorum
166 2452 175 2490 ι
190 2434 266 2502 aide,
282 2435 403 2508 iuquam,
419 2436 442 2491 si
466 2453 520 2494 nou
544 2437 573 2493 in
595 2446 669 2494 terra
687 2438 821 2510 squaloris
835 2446 863 2494 et
916 2436 1024 2492 uoluisti
1039 2437 1065 2492 in
1081 2438 1140 2494 loco
1155 2453 1208 2495 non
1223 2439 1326 2505 debito,
1344 2438 1407 2495 idco
1422 2439 1498 2509 qnasi
1520 2439 1612 2511 spuria
1635 2439 1716 2512 plan-

64 2523 214 2581 solitndinis
237 2523 358 2597 ipsorum
378 2525 496 2581 ubertim
521 2525 676 2583 ambitionis
695 2526 801 2583 radices
817 2527 862 2583 in·
918 2526 981 2582 neto
1000 2541 1055 2582 non
1069 2526 1167 2582 dedisti
1182 2527 1301 2582 radicem
1317 2526 1411 2585 altam.
1437 2527 1562 2598 Denique
1586 2533 1615 2583 et
1638 2543 1719 2583 nemo

65 2619 196 2670 crescunt
212 2612 337 2685 Denique
352 2612 424 2669 iutra
446 2613 543 2672 vitales
562 2614 682 2686 paradisi
705 2616 818 2672 arbores
836 2626 864 2674 et
916 2614 967 2670 sihi
981 2615 1062 2669 sumit
1077 2616 1218 2682 honorem,
1235 2615 1343 2687 sedqui
1358 2622 1500 2672 vocatura
1514 2616 1571 2672 Deo
1589 2635 1595 2671 ε
1614 2623 1642 2671 ιιι
1667 2632 1718 2671 au·

65 2702 120 2758 teta
132 2701 273 2775 germina,
288 2701 335 2758 ubi
350 2717 405 2759 non
420 2703 537 2759 babebat
551 2704 633 2762 bomo
648 2705 763 2760 vestium
778 2705 863 2774 sinus,
918 2709 972 2757 tem
999 2702 1169 2775 assumpsisti
1192 2702 1355 2772 indebitum,
1388 2701 1490 2759 idcirco
1527 2703 1720 2776 consumpsisti

67 2792 159 2864 quibus
171 2800 288 2865 peccata
311 2794 496 2860 reconderet3
513 2794 541 2849 in
563 2795 667 2867 optimo
692 2795 750 2851 solo
765 2811 864 2866 prauus
918 2791 1023 2849 datum.

68 2881 188 2938 surculus
201 2880 300 2954 erupit.
322 2881 429 2939 Crearit
453 2882 525 2938 enim
546 2884 619 2940 Deus
641 2883 769 2941 universa
793 2885 864 2940 bona
954 2883 981 2936 t.
995 2881 1054 2936 Heu
1069 2879 1131 2936 mel
1149 2879 1285 2952 quomodo
1300 2879 1390 2937 nullus
1404 2887 1479 2936 tutus
1494 2888 1535 2936 est
1549 2880 1583 2935 ab
1598 2881 1650 2937 hoc
1663 2881 1717 2936 rir-

66 2967 145 3026 ralde.
879 2947 901 3026 c
918 2969 994 3044 gullo
1008 2969 1094 3035 locus,
1116 2969 1188 3024 nulla
1208 2969 1335 3036 immunis
1349 2969 1425 3042 regio
1442 2970 1448 3023 l
1466 2969 1551 3036 radix,
1577 2969 1629 3024 ista
1643 2970 1720 3025 radix

97 3061 123 3113 3.
138 3058 195 3116 Sed
209 3058 277 3132 quid
290 3075 342 3132 ego
361 3059 396 3115 de
412 3059 537 3131 paradiso
552 3063 668 3119 retexo?
681 3060 805 3117 Coelestis
820 3061 863 3116 illa
918 3056 1082 3130 cupiditatis,
1097 3056 1198 3130 ubique
1213 3057 1271 3115 lere
1291 3058 1389 3115 crescit
1406 3066 1433 3114 et
1460 3057 1613 3126 fructificat,
1636 3072 1720 3117 onon-

69 3146 186 3215 solitndo,
203 3158 232 3204 et
256 3149 373 3222 angelici
390 3158 498 3206 montes
522 3152 638 3206 humana
659 3151 816 3208 conditione
836 3160 864 3208 et
919 3163 986 3219 pans
1000 3155 1081 3203 terrae
1093 3146 1199 3216 laniem,
1220 3155 1247 3203 et
1262 3147 1341 3219 quasi
1359 3163 1465 3204 memor
1478 3147 1524 3204 nbi
1548 3147 1636 3221 primo
1659 3156 1720 3205 orta

71 3233 270 3289 couversatione
305 3234 543 3306 supereminenter
580 3236 705 3305 deserti,
732 3235 864 3308 germinis
919 3235 1008 3305 luerit,
1025 3236 1052 3290 in
1072 3236 1112 3290 bis
1136 3236 1297 3308 peculiarius
1309 3237 1355 3307 qui
1372 3244 1481 3307 portant
1495 3235 1643 3307 imaginem
1659 3253 1717 3293 coe·

71 3320 184 3390 predico
198 3338 233 3377 ex
248 3330 324 3393 parte
338 3323 408 3380 male
431 3325 538 3382 feraces
550 3325 720 3384 exstiterunt.
736 3326 862 3380 Testatur

73 3408 168 3466 illorum
182 3426 273 3478 casus,
289 3419 487 3485 praeposterum
501 3413 546 3486 qui
561 3413 693 3484 parabant
708 3429 862 3470 ascensum.

73 3498 132 3555 ludi
141 3499 344 3573 qnidprineeps
358 3500 544 3574 dieat:Snper
557 3508 635 3559 astra
649 3504 712 3560 cccli
726 3501 865 3560 collocabo

73 3590 166 3646 saliam
172 3606 280 3656 meum,
287 3591 529 3664 oscendarnsnper
536 3592 722 3649 altitudinem
733 3590 865 3657 notiam,

74 3677 168 3734 ansts
184 3693 232 3735 ero
257 3679 411 3736 dunstano.
431 3678 543 3736 [licebat
568 3680 625 3735 hac
645 3695 700 3736 uou
723 3693 800 3744 voce,
817 3677 866 3734 sed

72 3771 142 3820 roto:
159 3780 226 3833 non,
246 3766 321 3822 luter
339 3776 423 3834 astra,
440 3767 538 3841 inquit,
554 3775 582 3824 et
602 3767 791 3834 internubes;
806 3767 865 3835 sed,

73 3850 154 3928 lupar
160 3859 244 3912 ostro
257 3863 284 3910 et
294 3872 380 3929 snper
390 3857 575 3913 altitudinem
584 3856 717 3913 nubium.
730 3856 790 3927 lpse
798 3869 866 3930 ergo

71 3941 217 3999 iuterastra
235 3943 367 3999 matutina
382 3953 492 4001 creatus
502 3952 529 4000 et
543 3944 656 4000 unusde
672 3943 733 4000 liliis
749 3944 867 4012 lienem·

71 4038 185 4088 terarum
204 4040 278 4089 sorte
293 4048 348 4088 non
362 4040 517 4101 contentus,
534 4032 607 4090 solus
623 4032 789 4089 haeredidate
803 4046 868 4103 pos-

68 4119 154 4177 sidere
178 4119 264 4178 voluit
286 4122 471 4178 sanctuarium
489 4121 549 4188 Dei,
565 4128 591 4180 et
614 4122 648 4177 in
663 4125 761 4179 monte
778 4123 867 4176 testo·

67 4211 165 4279 emta,
181 4209 211 4265 in
225 4208 393 4267 baereditatis
415 4209 549 4285 dignitate
573 4210 689 4267 sedere:
707 4217 868 4266 testamento

920 3324 1005 3382 lestis.
1032 3324 1156 3392 Quando,
1183 3325 1307 3389 Domine,
1339 3323 1492 3380 eradicabis
1524 3325 1718 3396 plantationem

920 3414 989 3469 hanc
1003 3412 1151 3483 infidelem,
1166 3428 1280 3483 germen
1295 3412 1414 3468 alienum
1429 3413 1444 3465 ‘l
1458 3413 1568 3484 quando
1583 3412 1719 3486 adimple-

920 3501 991 3555 bitur
1014 3500 1088 3572 quod
1107 3499 1208 3555 dictum
1230 3507 1272 3555 est
1296 3516 1345 3570 per
1364 3499 1448 3557 188
1469 3502 1629 3570 prophetam
1648 3517 1654 3554 :
1671 3504 1722 3559 De·

919 3591 1079 3660 sertosnctd
1087 3591 1129 3645 ost
1139 3587 1359 3659 monoschemo,
1366 3589 1475 3645 domini
1482 3590 1721 3661 qmttnmecctde

920 3681 990 3733 rrent
1000 3678 1111 3748 (loqclto
1126 3679 1188 3748 ejus
1202 3681 1214 3732 t
1228 3676 1296 3747 (lec.
1314 3691 1373 3743 avr,
1389 3679 1428 3746 8.)
1449 3677 1569 3734 Sodoma
1582 3677 1718 3735 Attollens

921 3765 1088 3822 altitudinem
1111 3764 1221 3821 dicitur.
1245 3764 1315 3835 Quid
1340 3773 1382 3821 εει
1405 3764 1727 3836 altitutidemtattollere,

922 3855 972 3910 nisi
988 3855 1083 3912 merita
1101 3853 1303 3927 magnificare?
1331 3856 1391 3911 Non
1411 3870 1486 3924 som,
1511 3853 1598 3927 inqurt
1623 3856 1719 3911 Phari·
1777 3886 1779 3891 ,

921 3959 1001 4010 saus,
1013 3942 1354 4000 sicnlcaeteribominnrn
1367 3943 1445 4015 (Len.
1461 3958 1543 4009 xviia,
1561 3944 1619 4015 tt).
1634 3943 1721 4001 Aliter

921 4032 1044 4089 Christus
1059 4048 1108 4089 nos
1123 4032 1236 4089 docuit:
1255 4035 1336 4102 Cum,
1351 4031 1450 4105 iuquit,
1466 4035 1564 4090 omnio
1580 4035 1719 4106 feceritis,

922 4123 1024 4181 dicite:
1036 4125 1107 4192 Qaio
1117 4123 1316 4180 serotinotilee
1326 4137 1426 4178 sanans
1436 4123 1513 4192 (hnc.
1529 4137 1599 4188 xvir,
1612 4122 1722 4186 totile-

923 4211 979 4267 cuit
993 4227 1036 4267 me
1050 4209 1218 4268 altitudinem
1234 4210 1363 4267 virtutum
1378 4217 1406 4266 ει
1420 4225 1532 4280 operum
1557 4226 1613 4268 nou
1637 4212 1720 4269 attol-

65 4296 136 4352 enim
160 4297 268 4369 paterni
287 4297 356 4369 juris
374 4298 513 4355 confertur
537 4298 692 4354 hareditas.
723 4299 822 4357 Sedabo
836 4299 868 4354 ia
884 4273 907 4350 fl
924 4301 991 4369 lere,
1006 4300 1054 4357 sed
1069 4307 1209 4355 attenuare
1224 4317 1232 4368 ;
1249 4299 1342 4354 docuit
1356 4304 1383 4354 ει
1402 4297 1475 4367 lecit,
1500 4298 1570 4354 sicut
1590 4299 1720 4372 scriptum

64 4392 162 4444 mona
171 4387 413 4458 momentaneo
424 4387 868 4462 seproripitimprobatemeritas‘l
923 4396 988 4443 cst:
1010 4389 1098 4460 doepit
1112 4388 1189 4444 lesus
1202 4390 1295 4458 [acne
1312 4390 1339 4442 et
1358 4386 1454 4444 dooere
1469 4386 1541 4455 (dcl.
1558 4402 1577 4454 ι,
1600 4388 1634 4457 ι).
1653 4389 1722 4444 ceam

63 4478 132 4549 quid
147 4478 196 4533 tihi
211 4495 327 4551 usurpas
344 4481 417 4552 qnod
432 4490 473 4536 est
493 4481 592 4537 Unici?
619 4483 678 4553 lpse
702 4481 792 4547 Pilius,
810 4481 868 4553 ipse
922 4476 1035 4533 enimin
1051 4480 1142 4547 forma
1153 4475 1204 4531 Dei
1214 4480 1296 4545 esset,
1307 4477 1490 4546 semetipsum
1503 4474 1677 4539 acinoniett,
1694 4482 1722 4530 et

63 4567 172 4635 uniens,
189 4567 249 4640 ipse
263 4567 356 4644 imago
375 4576 417 4625 εει
433 4569 480 4626 nei
494 4567 648 4636 invisibilis,
664 4569 722 4642 ipse
737 4570 868 4641 splendor
922 4565 1008 4621 iactus
1024 4571 1066 4621 est
1080 4565 1149 4619 sicut
1164 4560 1257 4618 caeteri
1273 4561 1422 4616 bominum.
1441 4560 1488 4617 ille
1502 4559 1640 4615 inclinavit
1659 4560 1721 4616 alti·

64 4658 170 4730 gloriae,
186 4666 216 4714 et
229 4657 317 4733 figura
330 4660 500 4732 substantiae,
516 4668 544 4716 et
558 4669 586 4715 tu
602 4659 678 4727 dicis,
696 4661 807 4720 Similis
820 4678 868 4720 ero
923 4656 1042 4712 tudinem
1064 4670 1150 4721 suam,
1167 4660 1194 4708 et
1210 4660 1237 4707 tu
1262 4648 1364 4706 attollis
1380 4650 1477 4708 tuam?
1504 4649 1575 4720 Quid
1600 4665 1668 4724 ergo
1693 4653 1720 4708 in

67 4748 238 4808 animno?
257 4749 286 4806 st
313 4749 408 4808 similis
431 4750 496 4818 eris,
522 4751 643 4808 nondum
662 4765 730 4822 ergo
745 4766 791 4805 es:
808 4751 868 4822 ipse
922 4746 999 4802 vinea
1020 4744 1139 4801 &boenc
1153 4740 1318 4814 intelligitur,
1341 4739 1393 4796 nisi
1417 4739 1487 4796 ebrii
1510 4756 1606 4798 sensns
1624 4742 1717 4814 animi,

65 4852 132 4895 vem
145 4837 309 4911 Unigenitns
322 4854 433 4911 semper
446 4848 499 4910 est,
510 4847 538 4896 et
548 4856 581 4896 ea
600 4856 679 4914 aequo
692 4839 789 4896 similis
804 4848 866 4907 est;
921 4849 1017 4891 sensus
1027 4849 1057 4890 se
1070 4831 1198 4889 attollens
1212 4831 1343 4887 adversus
1357 4845 1470 4886 sensum
1485 4829 1546 4897 Dei,
1557 4846 1667 4888 sensum
1681 4832 1716 4888 de

64 4936 93 4984 et
106 4929 137 4984 in
152 4928 204 4985 hoc
218 4943 275 4985 non
297 4928 451 5002 adoptatus,
472 4930 522 4985 sed
545 4937 625 4985 natus
639 4939 690 4995 est,
706 4938 733 4985 ει
747 4935 868 5001 paternas
922 4939 975 4998 quo
990 4921 1055 4979 dicit
1067 4920 1213 4992 Apostolus
1224 4939 1230 4974 :
1241 4923 1296 4977 lion
1310 4920 1413 4977 ιειιιιιε
1427 4921 1460 4975 in
1476 4919 1550 4977 nobis
1563 4918 1635 4993 qnod
1647 4925 1675 4977 et
1689 4935 1723 4975 en

64 5018 210 5089 potestatis
221 5019 284 5089 jura
298 5033 353 5074 uon
376 5019 483 5091 accepit
504 5035 554 5091 per
576 5018 703 5093 gratiam,
718 5019 767 5075 sed
788 5019 869 5076 babet
924 5015 1034 5073 Christo
1050 5015 1123 5079 lesu,
1134 5018 1188 5068 eto.
1200 5011 1336 5084 (Philipp.
1347 5025 1378 5075 ιι,
1395 5012 1457 5077 6,“Ι,
1473 5011 1510 5080 bl:
1527 5014 1553 5066 et
1568 5009 1643 5076 item,
1660 5009 1721 5065 lton

63 5123 115 5179 per
127 5114 264 5164 naturam.
281 5106 401 5166 Firmum
416 5115 444 5166 et
458 5107 607 5178 immobile,
622 5117 650 5164 et
664 5118 800 5165 aeternum
815 5118 868 5165 tes·
922 5108 984 5164 olto
998 5104 1153 5178 captantes,
1168 5103 1214 5160 sed
1225 5100 1381 5159 humilitas
1390 5101 1617 5158 consentientes?
1629 5096 1720 5164 (Rom.

65 5199 219 5254 lamentum
233 5195 332 5255 diuinas
346 5197 484 5269 msenbae,
499 5197 661 5255 indifferens
679 5201 783 5256 unitas:
799 5205 826 5255 et
840 5207 869 5255 tu
923 5214 975 5264 aar,
991 5198 1048 5268 to.)
1061 5194 1132 5253 dudi
1142 5208 1251 5249 sensnm
1262 5191 1320 5246 alta
1329 5189 1488 5260 sapientem,
1498 5195 1527 5244 et
1540 5201 1569 5243 εε
1584 5184 1721 5266 extollen-

63 5285 115 5342 tibi
130 5293 252 5343 montem
267 5287 424 5345 testamenti
437 5286 602 5359 praesumis?
617 5290 707 5361 Snpcr
729 5293 810 5344 nstra
824 5305 870 5345 oe·
925 5294 989 5357 tem,
1005 5294 1033 5343 et
1047 5285 1125 5358 quasi
1145 5284 1247 5339 fumum
1269 5285 1478 5336 evanescentem
1501 5277 1530 5332 in
1553 5274 1721 5349 cogitatione

62 5378 197 5441 cendam,
211 5381 241 5434 ει
253 5378 535 5451 superattendimus
547 5381 678 5437 nntium.
694 5377 766 5433 Satis
778 5376 812 5432 sit
822 5393 870 5433 us·
925 5393 989 5433 sua:
1008 5373 1214 5441 Vnttctomtctt
1225 5368 1465 5439 denintunam
1474 5368 1602 5439 sanctam
1616 5368 1725 5439 magni·

60 5484 119 5542 que
129 5469 185 5525 huc
199 5483 283 5529 ausus
296 5468 451 5526 extendisse
466 5468 637 5536 temerarios,
651 5484 706 5526 uon
722 5483 784 5524 esse
798 5467 868 5524 alio·
924 5466 1070 5539 βείεεεεὶι
1080 5463 1153 5535 repis
1159 5463 1283 5528 detonet
1291 5472 1374 5532 snper
1382 5455 1569 5514 altitudinem
1579 5457 1724 5515 occatorem
