3706 5962
66 209 135 273 teos
598 216 727 278 -ιιιιι
747 215 788 277 ιι
807 214 897 277 sonu
915 215 1001 278 sens
1020 212 1165 275 vtvssnr.
1637 210 1706 289 ¹2¹0

188 339 233 398 vl.
243 368 280 383 -
295 343 331 395 lle
343 339 510 412 primordiis
524 358 729 402 conversorum.
869 355 894 435 g
909 341 1016 413 guidus,
1030 348 1057 397 et
1080 339 1196 413 pigritiae
1210 338 1305 395 inertia
1319 338 1486 411 congelatos.
1503 335 1555 393 &d
1569 336 1621 393 hoo
1642 334 1705 391 inde

102 433 145 484 lb.
159 428 347 485 inchoantibus
366 430 508 500 premium
533 432 707 502 promittitur,
722 430 768 486 sed
793 446 855 502 per·
909 429 949 497 iit,
966 430 1038 500 quod
1054 444 1157 485 merces
1171 427 1271 485 laboris
1284 443 1378 484 eorum
1392 441 1447 482 non
1463 427 1489 480 in
1502 422 1630 497 praesenti
1640 423 1704 489 vite,

63 518 247 573 severantibus
269 519 360 586 detur,
376 519 445 574 sicut
460 519 589 592 scriptum
607 531 670 578 est:
691 522 742 591 Qui
761 536 857 592 perse·
909 519 956 574 sed
976 519 1003 574 in
1018 518 1107 573 futura
1121 516 1241 575 dabitur.
1256 516 1309 586 Qui
1323 517 1428 572 noviter
1442 520 1504 570 sunt
1524 513 1650 569 conversi
1670 512 1706 568 ad

62 609 202 663 verooerit
216 607 346 678 usquein
357 608 454 676 finem,
467 607 512 664 lvio
525 611 620 666 solvus
631 611 686 666 orii
701 607 812 682 (dolet.
824 623 854 674 x,
908 607 1005 672 Deum,
1029 622 1083 663 non
1106 606 1208 661 debent
1231 607 1258 660 in
1282 604 1461 661 exterioribus
1482 603 1557 659 curis
1579 601 1703 674 provehi.

62 696 118 765 22).
135 697 211 751 Τιιι
224 695 294 749 enim
311 695 397 764 piacet
413 697 572 754 Deonostra
585 699 855 769 conversio‚quand0
907 696 975 751 Nam
1005 694 1028 749 si
1056 694 1108 750 illis
1135 694 1318 765 implicentur,
1345 693 1435 749 statim
1461 690 1537 764 quasi
1565 689 1705 745 arbuscula

61 783 245 856 bonumquod
257 784 521 855 inchoamus,usque
537 787 564 841 in
575 786 655 842 finem
670 788 852 859 perducimus.
908 783 1035 853 plantata,
1061 790 1087 838 et
1115 783 1232 838 necdum
1263 783 1351 839 radice
1381 781 1493 853 perfixa,
1517 779 1705 836 concutiuntur

46 870 186 941 ⁴Sicenim
198 872 393 941 scriptumest:
411 875 453 928 l'oe
463 873 508 928 his
519 876 567 946 qui
576 874 783 931 sustinentium
794 889 856 945 per·
908 871 1006 940 pariter
1021 879 1048 926 ιι
1063 878 1188 926 arescunt
1205 889 1211 928 :
1227 887 1278 927 nec
1293 887 1402 942 semper
1414 869 1485 926 valet
1500 866 1641 927 conversis
1655 880 1704 937 pro

60 959 199 1017 diderunt
223 960 319 1029 (dccli.
336 976 364 1024 tt,
394 963 454 1032 26);
476 961 501 1015 id
523 969 564 1017 est
586 962 687 1018 bonum
709 979 777 1033 opus
800 977 854 1017 non
907 961 1004 1016 animas
1018 960 1102 1014 salute
1117 960 1228 1015 ιιιιιιιιο
1252 959 1316 1016 ιοιι.
1333 960 1412 1029 Saepe
1436 969 1525 1013 tamen
1544 954 1705 1028 quibusdam

60 1054 325 1103 consummaverunt.
341 1049 408 1104 Sunt
431 1050 506 1105 multi
527 1050 661 1113 homines,
677 1050 724 1123 qui
744 1067 776 1106 or
799 1053 855 1106 sole
907 1050 972 1104 dum
986 1049 1199 1114 muteturlocus,
1210 1056 1328 1103 mutatur
1342 1056 1369 1103 et
1384 1047 1483 1102 mentis
1498 1046 1624 1102 allectus.
1635 1046 1705 1101 Cou-

60 1136 159 1192 mentis
190 1136 333 1192 devotione
365 1144 555 1193 convertantur
586 1138 619 1193 ad
654 1139 749 1194 Deum.
777 1139 855 1195 hiulti
908 1153 1007 1210 gruum
1029 1145 1070 1192 est
1093 1136 1165 1192 enim
1188 1136 1251 1192 inde
1269 1136 1350 1191 etiam
1374 1150 1508 1208 quemquo
1527 1132 1706 1204 corporaliter

60 1226 142 1281 etiam
163 1225 248 1281 coacti
273 1225 360 1298 plagis
379 1237 572 1283 convertuntur
591 1230 623 1284 ad
642 1228 739 1296 Deum,
754 1229 801 1300 qui
822 1246 854 1286 ex
908 1227 1048 1294 recedere,
1064 1224 1110 1280 ubi
1124 1240 1153 1280 ιι
1167 1224 1292 1280 meminit
1305 1224 1376 1280 vitiis
1391 1223 1565 1281 deserviisse.

59 1315 204 1371 devotione
219 1331 272 1372 non
290 1317 523 1382 convertebantur,
538 1317 608 1371 sicut
621 1316 649 1370 in
668 1315 775 1370 Psalmo
788 1313 856 1389 legi·
946 1317 989 1368 li.
1006 1314 1090 1370 Soror
1104 1314 1277 1379 venerabilis,
1292 1314 1355 1368 audi
1377 1328 1437 1384 quae
1456 1311 1527 1368 dico.
1545 1309 1622 1365 llulti
1636 1324 1705 1368 con-

61 1410 125 1458 tur:
143 1406 175 1459 ln
190 1420 268 1461 como
284 1408 312 1460 el
326 1406 407 1474 [reno
421 1405 559 1460 manilius
573 1420 670 1460 eonem
684 1406 855 1474 constriuqe,
908 1411 1049 1459 vertuntur
1063 1401 1097 1458 ad
1115 1404 1200 1459 Deum
1215 1418 1269 1457 non
1284 1411 1338 1458 tarn
1356 1408 1455 1468 mente,
1470 1416 1550 1472 quam
1571 1415 1703 1472 eorpore;

61 1492 109 1565 qui
124 1509 180 1549 non
195 1494 397 1564 approximant
411 1492 447 1549 od
467 1497 494 1548 te
510 1493 596 1560 (Psoi.
612 1509 689 1560 xxxv,
707 1491 745 1562 9).
760 1490 854 1548 Omnis
908 1492 981 1560 quod
1006 1505 1056 1545 nos
1075 1489 1133 1544 sine
1152 1490 1227 1560 gravi
1246 1489 1348 1562 gemitu
1362 1488 1450 1545 dicere
1463 1503 1519 1544 non
1532 1503 1679 1560 possumus
1695 1502 1702 1541 :

59 1596 207 1635 conversus
222 1597 235 1634 ι
252 1582 316 1636 lietu
326 1580 437 1650 incipiat
454 1588 670 1651 peccatorum,et
681 1580 720 1636 sic
736 1584 854 1635 transeat
909 1579 1028 1634 habitum
1044 1577 1185 1649 religionis
1206 1577 1315 1643 hebent,
1331 1578 1378 1631 sed
1402 1585 1525 1633 mentem
1546 1575 1704 1648 religiosam

61 1667 96 1721 ad
112 1666 276 1722 desiderium
291 1667 444 1722 coelestium
469 1668 613 1724 bonorum.
629 1666 853 1724 Sororcharissi·
908 1681 963 1721 non
986 1668 1092 1722 habent.
1115 1665 1189 1721 llulti
1212 1680 1266 1722 non
1290 1667 1387 1723 hebent
1411 1664 1550 1736 religionis
1573 1664 1703 1720 animum.

61 1754 510 1824 ma‚priusdobemusmalaquae
534 1756 647 1811 lecimus
670 1754 855 1827 lacrymisla-
908 1755 982 1810 hlulti
1009 1758 1083 1810 enim
1115 1756 1147 1810 ad
1179 1753 1386 1810 conversionem
1415 1755 1537 1820 veniunt,
1564 1769 1619 1808 non
1650 1759 1704 1808 tam

60 1858 135 1909 vere,
152 1856 182 1898 ιι
198 1853 261 1899 ιιιι
275 1845 486 1900 mandamentis
500 1844 557 1900 acie
572 1844 596 1897 id
613 1844 684 1912 quod
708 1842 856 1916 quaerimus
908 1853 1018 1913 propter
1032 1844 1128 1898 animas
1142 1842 1267 1906 salutem,
1283 1857 1364 1911 quarn
1388 1851 1500 1913 propter
1522 1841 1644 1912 corporis
1658 1856 1706 1897 no·

59 1933 292 2002 contemplemur:
312 1942 341 1988 ut
356 1934 420 1988 dum
435 1945 513 1991 antea
527 1949 544 1988 a
559 1934 638 1988 nobis
660 1933 789 2006 plorando
805 1933 854 1988 de·
907 1930 1058 1987 cessitatem
1072 1929 1117 2001 qui
1132 1945 1186 1984 non
1202 1929 1288 1985 Deum
1302 1927 1407 1999 colunt,
1418 1929 1464 1984 sed
1475 1938 1599 1984 ventrem
1609 1944 1702 1998 ιιιιιι;

60 2019 173 2090 tergitur
189 2019 275 2090 caligo
292 2020 403 2089 peccati,
420 2021 556 2076 mundatis
570 2021 659 2076 cordis
674 2021 759 2076 oculis
782 2020 865 2076 albe··
907 2020 941 2073 de
956 2020 1053 2089 quibus
1066 2018 1214 2090 Apostolus
1229 2017 1268 2071 ait
1283 2033 1291 2071 :
1308 2018 1432 2085 Quorum
1456 2015 1525 2072 deus
1543 2021 1641 2073 venter
1664 2020 1707 2075 ost

59 2107 128 2161 lacte
154 2106 342 2176 inspiciantur.
366 2107 487 2164 Necesse
508 2116 548 2162 est
570 2109 643 2164 omni
665 2125 806 2178 converso,
826 2118 856 2166 ut
907 2107 1045 2178 (Philipp.
1061 2121 1103 2174 ιιι,
1119 2107 1176 2176 ts).
1190 2106 1252 2160 Non
1267 2110 1307 2160 est
1328 2105 1443 2161 intentio
1460 2119 1566 2172 eorum,
1582 2112 1611 2159 ιι
1622 2104 1705 2175 digne

57 2204 121 2268 pest
137 2196 260 2252 timorem
277 2204 422 2268 consurgat
442 2199 475 2250 ιιι
499 2196 584 2252 Deum
609 2213 659 2268 per
683 2197 855 2253 dilectionem
907 2195 964 2251 Deo
978 2194 1103 2259 serviant,
1120 2193 1166 2249 sed
1182 2200 1210 2248 ut
1225 2194 1292 2248 bene
1312 2194 1456 2248 comedant
1469 2200 1494 2247 ot
1514 2192 1620 2263 bibant,
1634 2198 1662 2246 et
1677 2198 1705 2246 ut

58 2284 134 2355 quasi
149 2282 240 2350 hlius;
256 2300 291 2339 ne
307 2300 412 2355 semper
427 2283 477 2340 snb
493 2284 590 2341 timore
607 2285 692 2353 iaceat
711 2285 781 2340 siout
795 2302 856 2343 ser·
908 2285 978 2341 bene
992 2285 1150 2355 vestiantur,
1166 2287 1193 2338 et
1209 2293 1237 2337 ιι
1252 2284 1319 2338 beno
1332 2281 1367 2335 sit
1382 2280 1421 2336 eis
1435 2280 1463 2334 in
1478 2280 1529 2335 hoe
1547 2279 1656 2336 saecula.
1671 2279 1706 2335 Et

57 2389 119 2428 vus.
135 2372 245 2428 Noviter
260 2373 382 2429 conversi
404 2373 508 2427 blandis
521 2373 611 2430 verbis
626 2382 688 2430 sunt
710 2376 854 2431 consolan·
908 2374 971 2444 quia
984 2379 1089 2428 terrena
1103 2371 1229 2443 diligunt,
1246 2369 1367 2427 ooelestia
1380 2368 1508 2439 perdunt.
1523 2368 1558 2423 Et
1576 2366 1644 2424 sicut
1667 2367 1710 2423 ait'

59 2461 105 2528 di;
122 2477 156 2516 ne
172 2459 195 2513 si
209 2461 362 2531 exasperari
376 2461 519 2531 coeperint,
535 2461 620 2517 territi
635 2461 668 2519 ad
683 2463 773 2534 priora
788 2479 854 2536 pec·
907 2461 1039 2516 Dominus
1055 2461 1081 2514 in
1098 2459 1242 2530 Evangelio
1258 2477 1265 2515 ι
1281 2460 1434 2530 Recipiunt
1449 2473 1530 2513 suom
1550 2455 1705 2515 mercedem

56 2557 117 2604 cata
145 2558 291 2605 recurrant.
319 2550 371 2620 Qui
403 2549 475 2606 enim
505 2550 637 2606 novitium
666 2551 796 2608 suavitate
829 2561 856 2607 et
908 2549 1005 2605 inhoc
1027 2549 1130 2606 soeoulo
1146 2547 1256 2615 (datto.
1272 2564 1309 2613 ιιι,
1334 2546 1373 2617 5).
1392 2545 1477 2612 Unde,
1494 2560 1572 2602 seror
1596 2544 1705 2611 dilecta,

57 2637 201 2694 dulcedine
222 2653 275 2692 non
300 2639 387 2706 docet,
404 2647 430 2693 et
450 2639 584 2711 castigat3
610 2640 671 2712 plus
694 2640 769 2695 novit
792 2655 855 2696 era·
908 2637 1057 2694 cavendum
1079 2637 1157 2691 nobis
1184 2644 1234 2706 est¹
1250 2650 1283 2691 ne
1306 2634 1459 2691 transitoria
1477 2642 1504 2690 et
1523 2641 1631 2690 terrena
1644 2633 1707 2704 plus

58 2742 168 2797 sperare
189 2741 268 2797 quam
292 2726 437 2800 corrigere.
454 2727 530 2783 Prius
554 2727 733 2801 corrigendus
756 2736 783 2782 et
805 2744 852 2783 ce-
908 2742 987 2800 quam
1003 2733 1109 2797 oportet
1123 2724 1268 2797 diligamus
1284 2742 1290 2778 :
1307 2723 1369 2780 ideo
1384 2722 1525 2779 Psalmista
1543 2737 1593 2778 nos
1607 2720 1706 2778 edmo-

58 2814 199 2886 stigamlus
226 2819 267 2868 ιιι
292 2813 412 2870 novitius
440 2830 455 2869 a
483 2829 564 2884 pravo
581 2829 685 2886 opero;
709 2814 814 2883 deinde,
837 2830 853 2869 a
908 2822 964 2879 ιιι,
976 2813 1077 2879 dicens,
1094 2815 1204 2869 Divitias
1218 2813 1244 2868 si
1258 2814 1389 2884 effluunt,
1405 2811 1551 2869 uolitecor
1566 2826 1706 2882 opportere

58 2902 234 2975 cogitatione.

97 2994 140 3047 ts.
163 2990 258 3046 Omnis
277 3007 346 3047 nova
369 2992 518 3060 conversio,
544 2992 633 3048 adhuc
653 2992 774 3063 pristina
793 2993 854 3049 vitae

56 3080 137 3134 hahet
152 3079 365 3150 permistionem.
382 3082 528 3151 Propterea
543 3096 712 3153 nequaquam
727 3082 780 3136 ulla
795 3082 853 3138 vir-

59 3176 101 3221 tus
125 3167 158 3222 ad
184 3166 278 3222 oculos
302 3167 444 3223 hominum
469 3169 549 3225 debet
571 3169 654 3233 exire,
669 3169 756 3225 donec
778 3179 856 3226 vetus

43 3254 231 3331 >conversatio
260 3255 378 3309 lunditus
404 3255 437 3308 ab
463 3256 552 3310 animo
579 3257 752 3329 exstirpetur.
780 3259 855 3313 Tunc

57 3344 145 3415 magis
159 3341 266 3414 gravari
280 3358 309 3396 se
330 3342 445 3412 quisque
469 3342 589 3412 impulsu
604 3343 728 3399 vitiorum
750 3359 855 3414 cugno-

57 3432 117 3490 scit,
133 3431 241 3503 quando
266 3430 291 3486 in
307 3430 448 3485 servitium
468 3429 515 3484 Dei
540 3430 654 3484 accedit.
671 3430 715 3486 Sic
738 3432 855 3502 populus

58 3519 142 3576 lsrael
168 3518 283 3590 graviori
307 3532 388 3574 onere
412 3517 446 3570 ab
470 3517 605 3589 AEgyptiis
629 3517 768 3587 premitur,
793 3535 854 3574 cum

58 3625 107 3682 per
122 3610 233 3678 llnysen
244 3607 335 3664 divina
349 3605 468 3681 cognitio
483 3606 602 3677 aperitur
616 3605 716 3677 (deod.
730 3609 767 3675 v).
784 3607 855 3662 Vitia

58 3697 173 3754 enimin
189 3696 296 3752 homine
310 3704 372 3752 anto
395 3695 599 3751 conversionem
615 3696 716 3752 habent
737 3712 827 3767 pacem
846 3715 852 3753 :

59 3787 165 3858 qnando
179 3794 268 3841 autem
283 3785 465 3856 expelluntur,
482 3785 595 3856 gravius
610 3791 703 3839 contre
718 3785 854 3839 homiuem

58 3875 210 3945 insurgunt.
227 3876 301 3930 hlulti
323 3883 382 3946 post
400 3873 601 3930 conversionem
618 3883 719 3929 motum
734 3873 855 3928 libidinis

59 3963 189 4017 sustinent
205 3983 211 4016 ε
228 3978 308 4032 quem
330 3972 420 4017 temen
445 3978 498 4018 non
514 3963 546 4019 ad
570 3961 768 4017 damnationem
784 3962 854 4016 tole-

61 4057 129 4114 rant,
144 4048 191 4101 sed
207 4049 238 4100 ad
256 4050 441 4120 probationem
458 4050 606 4115 sustinent;
622 4049 723 4106 scilicet
739 4058 768 4105 ut
781 4065 855 4105 sem-

60 4150 108 4205 per
131 4133 247 4188 habeant
271 4135 375 4187 hostem
401 4134 443 4189 cui
473 4135 598 4190 resistent
623 4151 672 4206 pro
696 4136 854 4191 excutienda

58 4220 165 4285 inertia,
180 4221 246 4274 dum
271 4230 359 4276 tamen
375 4237 427 4278 non
451 4223 631 4279 consentiant.
646 4225 772 4280 Remissa
785 4241 853 4281 con·

869 2902 996 2981 c(Psol.
1012 2917 1065 2970 ιιι,
1082 2901 1137 2972 ιι).
1162 2901 1279 2956 Terrena
1300 2899 1408 2971 quidem
1433 2898 1510 2955 nobis
1528 2898 1557 2953 in
1577 2913 1629 2954 usu
1643 2913 1705 2953 esso

907 2992 1018 3056 debent,
1033 2990 1153 3046 coelestia
1168 3005 1233 3045 vero
1247 2989 1275 3045 in
1290 2988 1424 3044 desiderio
1436 3003 1443 3043 :
1456 2996 1561 3044 terrem
1574 2987 1706 3045 debemus

908 3079 1072 3152 expendere,
1098 3078 1218 3134 coelestia
1241 3077 1408 3134 desiderare.
1426 3078 1473 3132 Est
1490 3076 1560 3132 onim
1581 3076 1706 3147 quasdam

908 3167 1077 3223 admirabilis
1099 3176 1126 3222 et
1149 3182 1246 3238 magna
1269 3165 1412 3220 multitudo
1438 3163 1599 3229 dulcedinis,
1623 3179 1706 3235 quam

908 3254 1049 3310 abscondit
1064 3254 1134 3310 Deus
1158 3253 1199 3307 his
1220 3252 1267 3322 qui
1286 3250 1405 3324 diligunt
1426 3267 1502 3319 eum;
1520 3252 1555 3306 de
1568 3265 1622 3321 qua
1635 3250 1706 3305 scvi-

908 3351 983 3412 ptum
999 3349 1040 3397 est
1054 3360 1061 3396 :
1080 3344 1151 3410 Quia
1160 3342 1324 3398 oculusnon
1337 3339 1480 3413 uidimnec
1494 3337 1705 3404 eumaudivit,

907 3431 1004 3495 necin
1018 3444 1065 3486 eor
1090 3427 1213 3483 hominis
1227 3426 1427 3490 ascenderunt,
1451 3444 1513 3499 quoe
1529 3424 1706 3498 proeporouii

908 3519 982 3573 heus
995 3516 1178 3588 diligentibus
1199 3532 1228 3572 se
1242 3516 1269 3583 (l
1283 3516 1343 3572 Cor.
1360 3530 1392 3581 ιι,
1417 3519 1442 3581 ll,
1459 3525 1485 3570 et
1506 3517 1559 3571 iso.
1574 3528 1649 3578 nstv,
1665 3512 1704 3583 lt).

909 3605 986 3660 Unde
1001 3603 1134 3674 Propheta
1149 3621 1155 3656 :
1173 3603 1372 3670 Solioiunlur,
1384 3602 1477 3674 inquit,
1488 3618 1553 3659 cum
1567 3616 1706 3672 apparue-

909 3695 948 3749 ιιι
962 3694 1053 3766 qlorio
1067 3698 1116 3749 tuo
1131 3693 1217 3763 (Psoi.
1232 3710 1291 3761 ιιι-ι,
1307 3693 1361 3764 25).
1374 3692 1457 3747 Soror
1471 3691 1497 3745 in
1507 3690 1614 3746 Christo
1628 3703 1706 3743 ama-

909 3781 979 3848 bilis,
995 3797 1061 3852 ergo
1076 3781 1120 3836 illa
1134 3782 1242 3837 satietas
1263 3782 1298 3837 sit
1317 3789 1409 3836 nostra
1430 3779 1553 3836 felicitas.
1570 3780 1668 3833 Amen.

1117 3871 1175 3927 Vll.
1195 3902 1232 3912 -
1250 3873 1287 3926 De
1305 3871 1495 3927 conversione.

946 3964 989 4014 28.
1005 3959 1136 4015 Dominus
1150 3959 1214 4015 dicit
1228 3960 1254 4014 in
1269 3958 1417 4030 Evangelio
1434 3976 1440 4014 ε
1460 3959 1511 4026 Qui
1525 3955 1587 4012 vult
1610 3955 1705 4012 uenire

909 4054 971 4124 posi
995 4066 1050 4114 me,
1075 4051 1189 4122 odneqel
1214 4048 1409 4120 semetipsum,
1430 4051 1458 4103 ot
1486 4046 1567 4103 lollot
1594 4060 1706 4102 crucem

910 4156 1003 4207 suum,
1019 4144 1046 4194 et
1060 4144 1198 4211 sequetur
1212 4152 1257 4192 me
1270 4139 1347 4207 (iric.
1363 4152 1404 4201 rx,
1429 4136 1486 4205 23).
1507 4132 1560 4189 Sed
1583 4133 1647 4205 quid
1664 4142 1706 4188 est

910 4228 1085 4297 semetipsum
1100 4227 1244 4295 abnegare,
1262 4224 1312 4278 nisi
1331 4223 1513 4294 voluptatibus
1527 4219 1643 4291 propriis
1658 4234 1704 4275 re-

58 4309 149 4367 versio
174 4311 270 4366 mullos
294 4309 321 4364 iu
347 4310 477 4382 pristinos
496 4326 603 4365 errures
624 4311 741 4379 deducit,
761 4329 793 4367 ao
811 4313 853 4367 vi·
908 4313 1051 4369 nuntiare?
1067 4322 1094 4368 ut
1120 4312 1166 4383 qui
1180 4311 1316 4381 superbus
1334 4321 1393 4366 erat
1415 4309 1449 4364 sit
1468 4307 1589 4374 humilis,
1606 4317 1633 4362 et
1656 4306 1702 4378 qui

58 4399 138 4455 vendi
149 4407 257 4472 torpore
269 4399 389 4455 resolvit.
399 4398 517 4471 Tepidus
528 4398 556 4452 in
567 4399 757 4465 conversione,
768 4399 854 4455 otiosa
908 4400 1055 4455 iracundus
1065 4400 1100 4454 sit
1124 4409 1328 4468 mansuetasse
1347 4400 1393 4470 qui
1407 4396 1562 4453 luxuriosus
1586 4397 1621 4451 sit
1652 4411 1702 4452 ca·

51 4477 139 4545 >verba
153 4498 180 4543 et
194 4504 276 4543 vanas
291 4487 470 4559 cogitationes
486 4488 580 4543 noxias
593 4503 653 4543 esso
671 4501 724 4541 vvon
743 4486 853 4557 conspi·
907 4495 976 4555 slus,
992 4497 1019 4544 et
1037 4488 1082 4560 qui
1106 4497 1162 4544 erat
1185 4488 1309 4543 ebriosus
1331 4488 1367 4542 sit
1389 4486 1505 4551 sobrius,
1528 4492 1555 4540 et
1579 4483 1625 4558 qui
1648 4492 1704 4541 erat

59 4576 95 4632 cit
111 4595 117 4631 :
135 4578 181 4634 sed
196 4593 257 4633 cum
273 4576 377 4631 animus
391 4591 408 4632 a
423 4583 531 4647 torpore
556 4575 652 4630 mentis
676 4574 852 4648 evigilaverit,

60 4681 93 4720 ea
112 4682 173 4738 quae
187 4666 256 4720 levia
280 4665 440 4733 aestimabat,
457 4664 598 4720 coelestim
620 4661 698 4737 quasi
721 4663 854 4733 contraria

57 4761 85 4810 et
107 4756 240 4811 horrenda
263 4755 437 4827 pertimescit.
457 4754 540 4810 Fraus
559 4763 586 4809 et
606 4753 712 4809 desidia
736 4752 854 4809 timenda

57 4852 119 4897 sunt
141 4844 169 4898 in
194 4845 266 4898 omni
293 4858 375 4916 opere
402 4842 461 4898 Dei.
487 4843 616 4899 Frondem
645 4842 701 4898 Deo
730 4841 852 4908 iacimus,

56 4932 165 5001 quando
186 4929 272 4988 828
293 4947 345 4987 non
363 4933 455 4996 Deum,
471 4930 518 4986 sed
534 4932 713 5001 nosmetipsos
726 4931 760 4986 de
781 4931 853 4987 bono

56 5036 139 5092 opere
163 5031 255 5076 nostro
275 5019 425 5075 laudamus.
447 5019 582 5073 Desidiam
603 5017 726 5082 iacimus,
745 5018 853 5091 quando

55 5125 104 5179 per
130 5119 265 5179 torporem
288 5108 406 5179 languidi
423 5123 531 5180 eaquae
546 5107 595 5163 Dei
611 5117 682 5176 sunt,
698 5123 852 5180 operamur.

908 4592 1005 4632 avarus
1019 4577 1054 4633 sit
1064 4576 1166 4648 largus.
1182 4576 1252 4632 Nam
1271 4576 1293 4631 si
1307 4577 1344 4631 ita
1357 4576 1473 4649 quisque
1489 4575 1625 4632 renuntiet
1639 4589 1700 4630 om·

907 4663 987 4718 nibus
1010 4678 1071 4735 quse
1094 4662 1222 4734 possidet,
1245 4673 1271 4720 et
1297 4678 1351 4720 non
1376 4663 1511 4720 renuntiet
1533 4663 1590 4719 suis
1611 4663 1702 4735 pravis

907 4752 1037 4822 moribus,
1058 4761 1168 4818 nonest
1191 4753 1289 4809 Christi
1313 4752 1474 4822 discipulus.
1495 4751 1545 4820 Qui
1567 4751 1702 4808 renuntiat

908 4840 966 4897 suis
983 4842 1073 4907 rebus,
1090 4857 1139 4897 sua
1153 4841 1266 4915 abnegat
1291 4859 1297 4897 :
1319 4842 1363 4914 qui
1383 4840 1519 4895 renuntiet
1533 4840 1589 4895 suis
1609 4839 1702 4910 pravis

907 4928 1043 5000 moribus,
1068 4929 1241 5001 semetipsum
1265 4932 1392 5003 abneget.
1423 4930 1463 4985 Ea
1486 4944 1547 5001 quse
1569 4935 1702 4983 amatores

907 5019 999 5074 saeculi
1020 5019 1146 5093 diligunt,
1162 5021 1234 5075 servi
1257 5020 1306 5075 Dei
1325 5019 1399 5075 velut
1422 5020 1533 5074 advorsa
1552 5015 1700 5088 refugiunt.

907 5108 985 5164 Servi
1000 5107 1048 5163 Dei
1062 5109 1121 5177 plus
1144 5106 1261 5180 gaudent
1281 5108 1486 5163 adversitatibus
1501 5106 1604 5171 mundi,
1620 5121 1700 5176 quam

54 5195 649 5265 OmnisarshuJussaeoulistronuoshabet
667 5204 811 5263 amatores,
827 5206 855 5251 et
907 5195 1128 5268 prosperitatibus
1156 5193 1330 5251 delectentur.
1359 5194 1443 5252 Soror
1471 5193 1638 5264 charissima,
1669 5210 1701 5251 ea

55 5287 88 5342 ad
104 5285 304 5356 exsequendum
326 5285 553 5357 promptissimos.
572 5284 683 5354 Quare?
696 5284 767 5354 Quia
780 5299 853 5357 prae-
907 5301 967 5356 quae
982 5284 1008 5339 iu
1023 5285 1075 5340 hoc
1090 5282 1191 5338 mundo
1206 5292 1276 5352 sunt,
1294 5283 1378 5340 servis
1399 5284 1450 5340 Dei
1470 5284 1603 5341 contraria
1626 5293 1700 5354 sunt,

54 5383 159 5433 sentem
173 5373 253 5428 habet
269 5372 512 5430 remunerationem
536 5374 578 5429 sui
603 5372 705 5444 operis.
720 5375 771 5429 Ars
787 5389 853 5428 vero
907 5381 938 5430 ut
961 5367 1025 5426 dum
1049 5373 1098 5427 ista
1121 5373 1231 5428 adversa
1254 5373 1381 5437 ιιιιιιιιι,
1404 5372 1437 5427 ad
1458 5372 1568 5429 creleste
1588 5366 1699 5446 regnum

54 5463 140 5523 divini
154 5462 257 5522 timoris
270 5463 371 5520 multos
386 5461 465 5518 habet
479 5470 626 5520 secutores
646 5462 778 5536 trepidos,
792 5461 853 5518 lan·
906 5478 968 5520 oum
982 5451 1089 5518 summe
1102 5460 1237 5547 desiderio
1252 5461 1395 5542 suspirent.
1412 5461 1594 5547 Mffl‘iflliid
1613 5463 1698 5547 ileum
