3706 5962
56 213 115 275 885
555 207 726 272 mouns
744 209 786 268 Dii
806 207 924 270 VERBIS
941 206 1056 270 DOMINI
1075 208 1109 270 ΙΝ
1127 207 1235 272 GOENA.
1601 254 1609 280 ,
1653 210 1710 291 δῷ

55 346 146 407 natus,
164 338 221 395 lior
245 351 339 412 regum
352 344 380 394 et
393 335 526 394 Dominus
540 334 747 405 dominantium,
762 335 848 409 surgit
865 350 888 429 Α
905 333 992 391 iacere
1002 334 1158 391 uolollieit
1173 336 1200 392 ei
1215 336 1316 391 Petras
1326 354 1335 392 .·
1347 335 1407 392 Noa
1417 333 1524 409 huobis
1533 334 1697 409 milipedas

55 442 176 495 semna,
193 425 348 482 vestimenta
362 424 483 496 deponit,
504 442 533 483 se
547 425 631 482 linteo
645 424 738 498 cingit,
754 440 849 498 aquam
904 424 1095 480 santernum.
1105 421 1705 495 absitame,Domiue,utmihilsrespedesip

55 515 85 569 in
103 515 206 588 pelvim
222 516 312 570 mittit.
335 514 404 571 Ante
427 514 576 587 discipulos
598 513 746 570 reverenda
760 529 852 587 genua
905 510 1076 577 aeteruum,in
1091 511 1185 584 aliquo
1200 511 1571 584 temporeltespondittesns
1583 529 1591 567 ι
1601 513 1631 570 si
1644 529 1708 575 nors.

55 603 150 671 flectit,
167 604 276 659 humilis
293 611 320 658 et
335 602 762 674 proclivuspedesdiscipulorum
773 603 850 659 lavit.
906 601 999 658 lavero
1008 605 1044 666 to,
1055 617 1113 658 nora
1124 600 1234 658 babebis
1243 606 1354 676 portem
1363 598 1566 669 mecquuoo
1577 599 1650 672 dicit,
1663 606 1699 671 to,

56 690 82 746 0
97 690 159 762 quis
175 706 292 761 uuquam
306 690 407 746 audiuit
421 690 531 746 lalisio
545 706 624 762 quam
640 690 776 761 stupenda
791 689 850 761 pie·
905 699 932 745 et
947 704 1011 754 uon,
1022 689 1121 756 Pedes,
1135 689 1305 760 synecdoche
1318 689 1355 744 ibi
1371 697 1422 755 est,
1444 688 1551 760 quando
1572 688 1645 761 quod
1660 699 1702 748 est

57 787 115 842 aas,
129 778 194 833 mira
218 778 270 834 Dei
285 778 444 844 clementia3
459 778 523 835 lavit
543 778 627 850 pedes
641 778 848 852 discipulorum,
905 776 1002 848 partis,
1019 777 1065 832 toti
1081 776 1245 835 attribuitur.
1275 779 1331 849 Ego
1359 794 1420 833 sum
1448 777 1702 851 equolismam

55 868 104 939 qui
118 866 153 922 de
170 865 254 922 nihilo
268 874 367 924 cuncta
381 867 490 925 creauit.
506 864 578 935 Quid
594 866 640 923 tibi
654 866 770 935 videtur,
787 868 850 939 qui·
903 866 1247 936 sumaquasaoctiircans,
1263 867 1322 924 misi
1352 871 1380 924 te
1397 867 1499 934 moero,
1515 883 1573 924 non
1593 866 1702 924 tacebo

54 971 163 1027 cunque
178 972 218 1027 es,
234 955 315 1010 homo
330 971 411 1028 quem
440 957 478 1012 ira
493 955 625 1026 accendit,
642 958 768 1028 superbia
783 972 850 1014 cou-
902 959 1016 1031 partem
1026 955 1454 1026 mceom.l>errusaudiens,oon
1469 956 1702 1031 bobobisportem
1774 978 1778 983 ·

54 1036 150 1108 sumit,
167 1042 209 1100 ira
224 1045 374 1114 perturbat,
401 1045 526 1116 superbia
549 1045 684 1112 devastat;
710 1055 851 1119 promptus
905 1059 1026 1110 mecum,
1043 1051 1115 1101 totus
1125 1045 1279 1103 intremuit:
1293 1045 1359 1100 nihil
1369 1046 1425 1116 jam
1440 1045 1628 1102 contradicens
1641 1047 1702 1102 bla-

56 1131 92 1188 ad
107 1131 187 1199 iram,
203 1131 319 1189 festinos
330 1132 364 1188 ad
380 1132 764 1207 soperbiam'iOsuperbe,o
787 1151 850 1207 ger·
905 1133 1191 1204 gistranontamam
1216 1133 1313 1204 podes,
1343 1135 1390 1188 sed
1415 1142 1498 1189 totum
1528 1132 1703 1190 seoiiertad

53 1235 121 1276 men
135 1220 244 1287 diaboli,
260 1220 576 1292 onpostatacbristians,
593 1237 609 1277 o
624 1238 701 1279 serve
718 1238 848 1296 nequam,
905 1214 1188 1289 abluendumdie'ens:
1198 1223 1387 1291 Domincmon
1399 1227 1516 1279 tontum
1527 1222 1700 1294 pedcsmeos,

53 1308 127 1379 Quid
144 1309 190 1366 tibi
205 1308 313 1366 uidetur
326 1310 360 1365 do
375 1310 501 1367 Crantore
516 1318 573 1378 tuo,
587 1310 622 1366 do
636 1312 694 1368 Deo
709 1312 774 1369 tuo?
788 1314 850 1368 Pro
907 1310 954 1365 sed
969 1316 997 1368 ct
1009 1313 1147 1369 monosct
1161 1317 1257 1385 caput.
1267 1310 1338 1381 Quid
1348 1319 1389 1367 est
1403 1311 1474 1384 quod
1486 1309 1563 1381 dicis,
1578 1312 1637 1369 Non
1648 1313 1701 1368 ho-

56 1413 112 1453 nus
126 1397 191 1453 lavit
206 1397 289 1468 pedes
303 1399 442 1470 discipulis
456 1417 463 1453 :
477 1407 503 1456 et
513 1407 542 1456 tu
552 1398 708 1473 dedignaris
718 1401 852 1459 humiliari
908 1399 978 1457 bobis
989 1403 1103 1473 portem
1116 1400 1248 1457 mecum?
1262 1401 1376 1474 Oquam
1392 1417 1511 1456 amarum
1523 1399 1647 1473 estquod
1662 1401 1703 1457 di·

56 1486 185 1543 iratribus
210 1485 379 1544 oiiensisio
402 1503 481 1544 serve
504 1488 584 1554 male,
600 1505 693 1547 semen
708 1490 853 1549 Chananaei
908 1488 957 1557 cis,
973 1505 1027 1544 non
1041 1490 1147 1546 habebo
1173 1497 1277 1564 partem
1293 1488 1394 1544 tecum!
1412 1491 1509 1546 Nonne
1523 1497 1551 1545 tu
1565 1488 1617 1546 vita
1632 1506 1703 1557 mea,

57 1581 85 1631 et
101 1590 155 1632 non
181 1573 261 1641 luda,
287 1576 379 1648 quies
402 1592 449 1647 per
471 1585 607 1634 auctorem
622 1577 755 1652 superbia
770 1580 852 1638 dece-
909 1577 1022 1633 dulcedo
1038 1594 1109 1646 mea,
1124 1587 1178 1635 tota
1192 1595 1256 1652 spes
1266 1594 1339 1645 mea,
1357 1579 1429 1633 salus
1440 1595 1509 1647 mea,
1524 1584 1551 1634 et
1561 1594 1641 1635 omne
1655 1579 1704 1634 de·

58 1670 138 1735 ptus;
153 1679 201 1719 cnr
224 1679 278 1720 non
301 1665 457 1723 consideras
480 1668 541 1739 quis
565 1675 607 1722 est
632 1666 687 1735 ille,
704 1684 785 1740 quem
805 1686 853 1740 per
908 1665 1033 1722 siderium
1051 1667 1159 1724 meum?
1177 1667 1247 1723 Ecoe
1264 1682 1316 1738 me,
1341 1665 1384 1721 iac
1401 1666 1531 1738 quidquid
1546 1665 1587 1720 vis
1601 1666 1635 1721 de
1651 1683 1703 1734 aar,

58 1753 214 1824 superbiam
230 1754 369 1826 sequeris3
386 1754 488 1826 etquis
516 1763 557 1813 ast
569 1754 625 1823 ille,
641 1772 721 1829 quem
735 1773 783 1828 per
796 1760 851 1815 hu·
868 1732 891 1810 Β
906 1754 965 1811 lava
978 1754 1072 1828 pedes,
1087 1752 1174 1812 0⁰2
1184 1762 1211 1810 et
1226 1771 1283 1814 non
1296 1757 1390 1812 sotum
1402 1755 1704 1827 potissimumum

57 1842 199 1899 militatem
215 1843 314 1900 imitari
328 1844 501 1902 contemnis?
515 1844 630 1918 Oquam
645 1846 733 1902 malus
743 1855 783 1904 ast
793 1848 851 1917 ille,
907 1846 1042 1918 etcepot.

60 1947 142 2005 quem
156 1932 290 2002 sequeris3
307 1940 334 1989 et
351 1949 433 2008 quam
460 1934 548 1990 bonus
563 1941 604 1991 est
624 1933 682 2002 illa,
697 1952 713 1992 a
727 1951 781 2010 quo
805 1938 856 1996 de-
946 1934 973 1986 b.
989 1931 1052 1999 Sad,
1068 1947 1084 1987 o
1103 1931 1219 1988 Domina
1235 1932 1309 2002 lesu,
1323 1947 1385 1989 cum
1399 1933 1451 1989 boc
1464 1932 1499 1988 sit
1512 1947 1616 2001 rerum,
1631 1933 1705 2006 quand

57 2020 132 2078 viasl
149 2019 199 2074 llle
217 2029 258 2074 est
272 2021 395 2078 diabolus
412 2039 418 2079 :
435 2021 486 2077 iste
499 2037 564 2080 uero
584 2021 670 2079 Deus.
685 2023 761 2100 Elige
774 2041 856 2098 quem
909 2022 999 2077 nullus
1013 2020 1099 2093 possit
1115 2029 1217 2092 partem
1233 2022 1334 2078 hahere
1350 2030 1450 2089 mcum,
1461 2022 1515 2078 nisi
1534 2022 1611 2096 prins
1624 2022 1704 2081 lare·

58 2107 157 2162 imitari
173 2106 207 2161 sit
217 2108 323 2163 melius.
340 2108 363 2164 0
377 2110 506 2182 superbe,
524 2124 616 2167 nonne
631 2109 707 2167 frons
731 2120 777 2170 tua
789 2130 856 2171 eru·

59 2196 166 2252 boarit?
178 2196 327 2264 Erubesce,
343 2213 390 2253 vas
403 2204 561 2266 stercorum,
573 2198 685 2258 ulterius
694 2201 795 2258 babere
805 2218 856 2259 su-

60 2283 191 2353 perbiam.
208 2283 251 2339 hu
278 2284 387 2357 ignoras
411 2284 475 2358 qnia
499 2285 573 2342 Deos
602 2287 727 2359 superbis
742 2289 856 2361 resistit,

58 2371 208 2426 humilibus
222 2381 312 2427 autem
326 2371 373 2428 dat
388 2373 501 2445 gratiam
520 2375 617 2432 suam?
638 2376 717 2432 Esus
736 2380 856 2436 vetarem

60 2459 208 2526 bominem,
224 2467 250 2516 et
274 2459 355 2516 indue
383 2477 493 2527 novum,
517 2461 642 2520 videlicet
654 2464 799 2522 Dominum
813 2470 860 2525 Je-

910 2109 1032 2177 risuum,
1053 2108 1181 2165 miserere
1206 2110 1270 2177 mei,
1287 2110 1493 2167 misereremei.
1509 2111 1568 2184 Ego
1582 2127 1643 2168 suna
1657 2111 1704 2169 ille

909 2205 984 2254 totus
1003 2201 1139 2269 peccator,
1154 2204 1227 2253 totus
1257 2199 1422 2265 immundus,
1451 2206 1524 2255 totus
1552 2198 1702 2265 sordidus;

910 2293 1015 2360 partem
1028 2295 1118 2344 tecum
1137 2287 1238 2344 habere
1266 2287 1358 2360 cupio,
1375 2294 1463 2344 tecum
1489 2297 1592 2359 partem
1606 2289 1705 2344 habore

911 2374 1046 2433 desidero.
1075 2376 1113 2432 Ne
1132 2375 1266 2448 despicias
1292 2393 1347 2446 me,
1374 2377 1447 2433 Deus
1475 2376 1600 2433 salutaris
1616 2393 1702 2433 meus.

911 2464 1044 2536 Propitius
1076 2471 1135 2521 esto
1171 2465 1237 2520 mihi
1271 2464 1422 2536 peccatori,
1451 2467 1510 2521 lava
1552 2465 1704 2536 sordidum,

60 2560 132 2611 sum,
149 2553 177 2600 et
198 2545 639 2623 reiormabitcorpushumilitatis
654 2559 708 2609 tuae
731 2554 857 2628 configu-
910 2554 972 2610 lava
998 2552 1175 2626 inquinatum,
1208 2554 1269 2609 lora
1294 2553 1390 2628 pedes,
1419 2554 1479 2611 lana
1503 2570 1620 2621 mantus,
1649 2556 1706 2610 lara

61 2643 147 2688 ratum
159 2636 264 2705 corpori
279 2635 408 2695 claritatis
432 2655 498 2696 suae.
515 2639 606 2713 Disce,
621 2657 726 2714 quasa
743 2643 857 2701 ulterius
911 2649 1001 2713 caput,
1030 2641 1085 2698 imo
1115 2650 1197 2699 totum
1239 2657 1350 2714 corpus,
1387 2642 1447 2703 lava
1480 2651 1607 2712 mentam,
1647 2644 1706 2699 lava

61 2723 161 2779 habere
179 2723 359 2784 humilitatem
374 2742 423 2801 per
446 2729 607 2785 humilitatis
621 2738 772 2789 auctorem.
787 2731 855 2790 Nam
912 2730 1036 2799 animam,
1058 2731 1116 2787 lava
1146 2748 1189 2788 me
1217 2731 1330 2788 interius
1361 2740 1387 2788 et
1413 2731 1552 2798 exterius3
1578 2733 1637 2787 lava
1663 2748 1707 2788 me

61 2812 96 2868 dc
112 2827 144 2868 eo
155 2814 296 2884 sequitur:
912 2821 946 2875 ab
960 2819 1102 2891 iniquitate
1117 2835 1187 2885 mea,
1202 2828 1229 2876 et
1243 2835 1259 2873 a
1273 2830 1384 2892 peccato
1412 2835 1473 2876 meo
1487 2819 1589 2876 munda
1602 2835 1656 2876 me.
1677 2820 1707 2876 Si

99 2902 126 2957 d.
138 2903 217 2960 Venit
228 2903 263 2958 od
272 2906 414 2965 Simone-m
422 2908 549 2965 Petrum.
559 2911 595 2965 st
605 2906 684 2966 dixit
695 2911 722 2967 ei
733 2912 856 2970 Petrus:
913 2908 1011 2964 laveris
1025 2925 1079 2975 me,
1096 2925 1179 2980 super
1207 2908 1295 2966 niuem
1309 2909 1457 2965 dealbabor
1470 2909 1554 2983 (Psoi.
1572 2926 1599 2977 u,
1614 2911 1641 2976 d,
1667 2910 1704 2980 9).

64 2994 191 3057 Domine,
219 3000 251 3051 tu
265 2996 337 3053 mibi
351 2997 428 3055 tovos
441 2996 542 3071 pedes?
557 2999 709 3071 Respondit
723 3001 814 3068 lesos,
830 3006 860 3060 et
875 2996 935 3088 ΒΟ
959 2997 1073 3054 Domine
1099 2998 1172 3068 lesu,
1202 2998 1264 3071 quis
1278 2998 1352 3054 dabit
1378 2997 1442 3054 mihi
1466 2998 1603 3064 ntuonias
1617 2998 1644 3053 in
1658 3013 1707 3056 cor

63 3081 173 3137 dixitci
181 3102 190 3138 :
203 3083 279 3153 Quod
288 3087 424 3157 consocio,
433 3088 561 3145 tanesia
572 3088 668 3158 modo;
678 3090 749 3147 scies
760 3094 858 3149 autem
911 3102 1011 3156 meum,
1028 3095 1056 3141 et
1070 3087 1189 3144 inebries
1203 3103 1246 3143 me
1274 3102 1346 3161 aqua
1360 3094 1416 3161 tua,
1432 3094 1462 3143 ut
1475 3086 1620 3144 obliviscar
1635 3087 1705 3143 mala

64 3173 171 3242 posteo.
187 3172 303 3242 Quando
314 3174 444 3231 Dominus
458 3176 536 3232 lesus
560 3177 643 3247 pedes
655 3177 857 3248 discipulorum
914 3192 973 3231 mco
996 3176 1140 3246 preterita,
1172 3184 1201 3235 ct
1225 3177 1337 3232 verbum
1365 3177 1467 3233 bonum
1493 3177 1640 3251 amplectar
1664 3185 1702 3246 tr,
1747 3225 1753 3236 .

64 3259 157 3314 lauare
169 3260 261 3331 ampit,
277 3261 350 3333 prius
364 3264 397 3319 ad
423 3263 544 3335 primum
558 3264 755 3337 discipulorum
770 3269 856 3326 venit.
911 3265 976 3331 sita,
992 3281 1052 3336 quae
1066 3281 1202 3336 nunquam
1222 3265 1345 3322 morieris
1359 3264 1387 3319 in
1401 3272 1541 3321 aeternum.
1559 3264 1651 3321 Dulcis
1667 3263 1705 3320 ci·

63 3347 183 3404 Elidem
212 3351 306 3405 Petrus
320 3351 485 3422 expavescit,
499 3354 574 3424 quod
600 3355 674 3410 Deus
698 3354 762 3410 lauit
775 3356 860 3428 pedes
912 3353 1075 3410 busanimae
1102 3368 1178 3424 meae,
1208 3352 1281 3415 veui,
1310 3353 1434 3420 Domine,
1459 3358 1486 3407 et
1513 3351 1569 3408 noli
1589 3352 1705 3408 tardare.

64 3436 177 3492 homini.
191 3438 260 3494 Nam
288 3455 386 3511 pauore
411 3440 581 3510 perunitus,
608 3456 663 3497 noo
676 3442 763 3514 potuit
777 3445 860 3501 susti·
913 3441 1057 3512 Exspectat
1070 3440 1160 3497 anima
1174 3456 1235 3498 maa
1249 3440 1395 3513 peccatrix,
1407 3441 1440 3496 ad
1456 3440 1624 3497 suldcieuter
1641 3456 1705 3514 poe-

66 3541 129 3580 nere
143 3526 291 3583 Dominum
318 3529 350 3582 ad
379 3529 462 3600 pedes
485 3545 551 3585 suos
569 3529 752 3587 humiliatum.
777 3532 860 3590 Vide·
912 3530 1051 3586 nitendum
1066 3538 1094 3585 et
1107 3530 1141 3586 ad
1152 3529 1221 3585 bene
1234 3529 1389 3599 vivendum,
1406 3535 1459 3587 tna
1477 3527 1571 3601 ambae
1586 3528 1705 3600 inspira·

64 3624 108 3669 rat
125 3631 187 3670 eum
214 3632 311 3687 aquam
336 3619 362 3672 in
381 3617 479 3690 pelvim
495 3618 610 3688 mitum,
627 3635 656 3674 se
671 3618 755 3677 linteo
769 3623 861 3678 acciu·
914 3618 1235 3676 tionemltixistil’atro:
1255 3617 1393 3689 perotus
1403 3624 1515 3685 cstmon
1528 3617 1636 3690 tadipct
1649 3619 1708 3676 abi

66 3719 146 3776 εθΐθῐ
161 3712 187 3760 et
215 3706 373 3766 mirabatur.
389 3707 457 3765 torte
485 3708 550 3782 quid
581 3709 662 3769 vellet
685 3708 785 3766 iacere.
806 3711 860 3767 Sed
913 3712 947 3766 ot
959 3707 1042 3781 pedes
1058 3709 1141 3766 louet.
1157 3708 1217 3780 Ego
1234 3723 1286 3764 uon
1302 3725 1360 3762 sum
1375 3709 1468 3765 Petrus
1482 3707 1564 3777 lotus,
1581 3715 1654 3764 totns
1666 3706 1709 3777 la<

67 3801 209 3867 postquam
223 3796 289 3852 vidit
303 3796 377 3853 illum
391 3808 453 3854 ante
475 3799 560 3872 pedes
574 3815 640 3855 suos
654 3813 701 3855 uas
714 3815 774 3856 cum
791 3816 862 3873 aqua
915 3797 969 3851 vari
984 3795 1105 3870 indigeo.
1131 3797 1173 3854 lle
1188 3797 1235 3851 tibi
1249 3797 1400 3862 committo,
1425 3796 1466 3853 iac
1478 3795 1564 3852 deme
1577 3793 1707 3868 quiidqnid
1742 3816 1745 3820 *

68 3894 184 3953 portare,
200 3901 290 3958 genna
303 3885 425 3952 doctore,
440 3897 468 3946 et
475 3890 508 3945 ad
523 3888 668 3946 lavandum
679 3905 707 3945 se
721 3905 860 3963 praepara·

67 3988 113 4037 re;
130 3974 216 4030 multo
227 3991 308 4046 supra
322 3992 404 4046 quarn
423 3978 475 4035 dici
488 3987 580 4052 potest
597 3978 721 4043 miratus,
737 3979 859 4052 expauit.

68 4064 103 4115 Et
117 4076 215 4133 magno
230 4063 330 4120 timore
354 4080 509 4135 percussus,
525 4068 656 4137 ingemuit
682 4076 710 4125 et
722 4069 859 4125 exclama-

69 4150 118 4212 vit,
134 4148 244 4206 dicens:
261 4151 389 4217 Domine,
407 4155 529 4220 tumidi,
548 4156 625 4214 tovos
638 4157 742 4230 pedes?
751 4158 861 4215 Creator

68 4248 209 4303 crearurae,
238 4238 311 4294 Deus
338 4239 450 4307 homini,
476 4242 608 4298 Dominus
634 4258 722 4310 servo,
738 4245 862 4319 blagister

913 3885 964 3945 vis.
979 3886 1019 3941 Tu
1034 3893 1132 3951 antem,
1152 3885 1275 3951 Domina,
1290 3885 1318 3941 in
1333 3893 1465 3942 aetornum
1477 3883 1636 3942 benedictus
1650 3899 1710 3956 por-

914 3992 1036 4033 maneas.
1055 3978 1108 4047 Qui
1123 3979 1196 4034 lotus
1210 3981 1327 4043 estnon
1341 3976 1515 4050 inductura·
1528 3979 1561 4033 at
1571 3974 1708 4049 podato-

915 4071 969 4124 vct.
985 4065 1033 4125 llic
1047 4064 1167 4122 innuitur
1180 4065 1326 4139 Apostolos
1340 4080 1400 4122 esse
1416 4063 1576 4138 baptizatos,
1593 4063 1641 4121 sod
1652 4077 1705 4121 non

916 4156 1031 4229 legimus
1052 4155 1109 4212 ubi.
1125 4153 1175 4224 Qut
1192 4155 1314 4211 lotusast
1329 4152 1473 4226 baptismo,
1486 4162 1560 4210 totus
1573 4159 1614 4208 est
1627 4167 1707 4208 mun·

918 4246 979 4301 dus.
990 4245 1044 4301 Sed
1058 4244 1120 4317 quia
1145 4245 1241 4299 iterum
1252 4249 1366 4299 terrenas
1380 4240 1584 4298 inhabitationis
1597 4240 1708 4312 pulsare

69 4326 212 4398 discipulo,
227 4327 281 4384 imo
296 4328 332 4383 illi
349 4329 396 4398 qui
410 4328 498 4386 iactus
512 4339 555 4386 est
569 4346 603 4386 ex
616 4332 693 4397 limo,
708 4332 753 4388 ille
765 4334 864 4406 quite·
879 4287 903 4364 n
919 4331 1087 4403 inquinatur,
1098 4329 1192 4383 iterum
1208 4343 1278 4398 optas
1290 4336 1331 4384 eat
1344 4327 1537 4399 podeslavare.
1553 4323 1629 4394 Quos
1637 4325 1710 4380 tanat

69 4417 106 4471 cit
120 4415 212 4471 omnia
225 4433 257 4474 ex
281 4418 386 4476 nihilo?
403 4419 501 4492 Surge,
524 4418 654 4486 Dominc;
683 4437 774 4494 surge,
791 4425 864 4479 Deus
918 4419 1050 4476 Dominus
1074 4416 1248 4488 interpellans
1266 4431 1317 4489 pro
1342 4415 1433 4480 uobis,
1458 4423 1485 4471 et
1499 4430 1548 4469 nos
1562 4414 1616 4483 ipsi
1629 4428 1711 4469 oran-

72 4522 158 4563 meus.
174 4507 243 4576 Quid
260 4508 301 4565 vis
316 4509 423 4567 iacere?
436 4510 497 4566 Non
523 4524 633 4581 possum
647 4510 793 4576 sustinere,
808 4526 864 4568 non
917 4509 962 4572 do,
977 4507 1004 4562 in
1016 4505 1176 4563 contritione
1190 4503 1291 4569 cordis,
1311 4512 1339 4559 et
1355 4502 1564 4575 compunctione
1577 4502 1712 4573 lacryma·

71 4612 184 4668 possum
198 4596 280 4657 ierre.
309 4599 386 4658 Oculi
414 4599 467 4657 mei
495 4607 520 4655 te
543 4600 635 4656 videre
656 4597 805 4675 refugiunt,
826 4599 866 4656 sic
918 4611 987 4654 rum.

70 4686 229 4759 proclivum,
248 4688 287 4745 sic
309 4695 472 4762 prostratum
487 4691 647 4762 antepedes
666 4704 750 4747 meaa,
765 4688 865 4764 surge,
954 4688 980 4740 6.
998 4685 1044 4740 llle
1067 4681 1146 4739 etiam
1170 4680 1259 4755 quiin
1283 4680 1339 4738 otio
1366 4680 1455 4738 studet
1470 4678 1588 4750 t·eritati,
1603 4679 1668 4736 dum
1683 4679 1713 4735 in

72 4777 202 4845 Creator;
219 4793 311 4852 surge,
339 4779 412 4834 Deus
439 4794 526 4845 mens,
543 4777 589 4833 lox
606 4776 708 4847 mundi,
725 4777 779 4836 vita
792 4793 865 4851 mea,
919 4775 980 4833 aliis
995 4771 1112 4846 pulsanti
1123 4787 1228 4843 sponsae
1238 4771 1344 4843 aporire
1358 4771 1455 4847 pergit,
1470 4771 1556 4844 pedes
1570 4769 1711 4844 inquinat:

71 4866 159 4941 gloria
174 4883 233 4923 mea
250 4884 255 4922 :
273 4868 328 4924 noli
342 4867 430 4925 tacere
446 4868 520 4943 qnod
547 4877 573 4924 te
587 4865 666 4924 rideo
681 4867 770 4924 iacere
784 4868 865 4926 uelle.
919 4863 983 4937 quia
997 4863 1094 4921 veritas
1110 4860 1246 4919 humiliter
1259 4860 1377 4932 auditur,
1393 4861 1441 4917 sad
1455 4860 1514 4917 sine
1527 4859 1648 4933 periculo
1658 4874 1714 4916 non

71 4956 108 5010 At
121 4955 198 5011 lesus
208 4954 247 5011 ait
263 4973 269 5008 :
282 4955 358 5024 Quod
371 4971 418 5028 epo
431 4956 517 5027 focio,
534 4960 567 5012 tu
580 4954 674 5014 nescir
687 4955 783 5025 moda·
798 4953 868 5014 setes
920 4952 1090 5025 praedicatur.
1115 4953 1178 5008 llaec
1196 4948 1268 5006 enim
1292 4964 1392 5020 sponsa
1415 4949 1444 5005 iu
1463 4947 1580 5005 daubus
1594 4945 1723 5003 cantico·'

72 5048 171 5102 autem
181 5050 290 5118 postca.
303 5045 344 5100 hc
354 5044 375 5099 si
390 5044 461 5100 dicat
478 5042 559 5102 :Noli
573 5043 679 5114 timore,
689 5043 870 5117 ooliexpave·
922 5057 982 5098 ram
1001 5056 1031 5096 se
1047 5039 1130 5095 vitare
1144 5038 1212 5095 velle
1227 5039 1405 5108 demonstrat,
1419 5036 1465 5093 ubi
1479 5052 1539 5093 eam
1555 5050 1655 5110 sponso
1670 5050 1716 5091 ea·

73 5135 276 5200 scereltevera,
288 5133 375 5202 Petra,
387 5149 484 5205 aragna
493 5135 624 5190 sunthaec
633 5133 868 5192 humilitatisindi·
922 5127 1038 5186 hortanti
1051 5129 1084 5184 od
1098 5126 1327 5200 praedicationem,
1342 5127 1381 5182 sic
1392 5127 1517 5199 inquiens
1531 5124 1568 5181 ait
1584 5146 1590 5182 :
1608 5128 1716 5200 liutpo-

73 5223 174 5288 eiusad
184 5223 238 5281 cito
248 5222 351 5296 maiora
360 5222 478 5279 videbis.
489 5223 554 5280 Sine
565 5221 658 5288 modo,
669 5223 734 5296 quia
743 5223 782 5280 sic
791 5239 873 5295 opor·
924 5220 992 5276 tiooa‘
1006 5233 1051 5275 mc
1065 5219 1165 5274 tanim
1175 5232 1247 5279 mco.
1258 5215 1394 5288 qwmodo
1406 5214 1513 5272 induor
1524 5215 1718 5288 ittoilcoipe·

73 5313 191 5379 tutiori:
207 5315 269 5372 licet
283 5329 356 5370 nunc
365 5314 475 5387 ignores
484 5315 568 5386 hujus
579 5314 617 5371 rei
625 5313 794 5388 mysterium,
803 5313 873 5372 scies
891 5344 895 5350 ·
923 5310 969 5368 des
984 5305 1206 5380 mcos‚qo0m0d0
1220 5305 1373 5377 inquinabo
1388 5303 1581 5360 ἱῑῑθὸῗῦῑῐθηῑ
1594 5303 1619 5359 ei
1633 5318 1719 5376 spons

73 5415 181 5475 postea.
206 5405 361 5478 llysterium
388 5412 440 5472 est,
469 5407 621 5478 exemplum
637 5412 678 5461 est
699 5405 771 5478 quod
785 5403 873 5460 ituros
924 5415 990 5455 sus:
1004 5392 1719 5470 ,aperimibisorormeo,omicomco,immocoloto

73 5497 109 5553 ad
132 5500 236 5556 Patrem
267 5494 314 5554 tibi
329 5493 463 5570 relinquo.
477 5496 541 5554 ldeo
554 5494 610 5552 noli
625 5494 781 5568 probibere,
796 5494 871 5567 quod
926 5503 999 5555 moa,
1010 5485 1405 5560 aviacoputmeompteoom
1414 5489 1455 5548 eat
1466 5492 1540 5554 rota,
1551 5485 1580 5541 ὀὶ
1591 5483 1723 5553 didimi
