3706 5962
65 217 137 284 retr
614 217 712 282 ιιιι
732 219 775 280 ιι
794 219 883 280 nono
902 214 988 282 ιιιι
1007 217 1155 283 ιιιιιιι.
1345 188 1347 192 ’
1640 227 1711 289 rats

62 357 90 405 et
104 346 314 404 consolationem
333 345 510 418 paupertatis.
526 345 572 404 Sic
590 349 663 404 enirn
679 347 746 403 dixit
761 347 786 401 ei
801 348 858 404 ila·
874 361 899 441 Α
915 355 945 403 ιι
962 349 1007 405 det
1022 348 1070 403 tibi
1084 363 1176 406 reram
1196 347 1293 406 mentis
1315 351 1561 423 compunctionem,
1576 359 1604 409 et
1617 354 1709 414 cordia

63 436 143 508 phael
157 435 280 508 angelus,
295 434 434 492 Gaudium
446 435 498 491 tibi
511 439 671 509 sempersit
683 456 693 492 .·
704 443 733 492 et
747 435 858 504 adjecit,
914 436 1115 495 contritionem.
1133 438 1312 509 compunctio
1323 439 1492 511 unigenitum
1508 439 1645 497 Christum
1660 441 1709 498 Dei

64 526 143 582 Forti
160 525 336 590 animosam,
352 525 384 580 irs
396 525 528 597 proximo
546 529 634 582 estat
649 541 667 581 a
682 526 736 584 beo
750 527 859 582 curaris
913 524 1009 580 Filium
1023 524 1086 579 iacit
1110 526 1210 580 habore
1225 526 1253 580 in
1269 542 1309 592 se,
1331 526 1399 581 sicut
1420 526 1553 583 Dominus
1567 527 1626 599 ipae
1641 528 1678 585 ait
1694 546 1702 588 :

62 613 141 684 (Tob.
163 627 189 680 ι,
206 616 250 678 ιι,
277 613 330 684 lt).
347 612 433 667 Etiam
457 613 541 669 hlaria
555 611 711 685 uagantem
724 628 775 684 per
790 628 859 669 con·
913 613 967 685 Ego
977 616 1005 670 ct
1017 616 1101 670 Pater
1113 613 1270 680 vermium,
1280 615 1391 687 etapod
1402 632 1468 674 cum
1483 615 1532 688 qai
1545 631 1591 673 mc
1601 616 1708 688 diligit,

62 701 234 770 punctionem
251 708 278 755 ει
293 702 427 772 iacrymas
443 702 541 757 meruit
563 717 578 755 a
597 701 716 758 Domino
739 702 832 757 audire
850 718 858 758 ι
912 702 1089 758 mansionem
1099 702 1241 773 [commus
1262 702 1354 775 (loon.
1372 717 1427 773 ιιι,
1443 705 1501 776 23).
1518 705 1569 760 Ubi
1584 702 1709 774 lacrymas

63 790 264 846 Remittentur
280 789 332 845 tibi
343 794 458 861 peccota
474 794 525 846 too
542 793 620 863 [inc.
632 806 683 857 ιιι,
699 792 759 859 tt).
778 792 860 846 Soror
912 788 1110 854 abundantior
1125 806 1222 862 graves
1236 792 1416 864 cogitationes
1431 807 1486 848 uon
1501 792 1684 865 propinquant
1700 810 1707 851 :
1744 840 1752 852 ,

63 877 236 944 venerabilis,
254 877 314 932 ideo
337 877 462 946 exempla
483 886 638 935 sanctorum
655 880 783 950 proposui
800 877 858 941 tibi,
912 885 938 934 et
956 878 980 932 si
996 878 1142 950 aliquando
1167 879 1393 951 appropinquant,
1414 881 1452 936 ihi
1468 881 1573 938 radices
1588 896 1642 938 non
1658 883 1709 937 ha-

62 974 92 1021 ut
109 967 236 1037 laorymae
254 982 302 1036 per
315 967 550 1037 compunctionem
565 982 663 1024 suares
676 968 730 1022 sint
745 966 804 1023 tibi.
912 968 987 1024 bont.
1005 967 1139 1036 hacrymis
1157 969 1228 1037 apud
1244 967 1329 1023 Deum
1343 985 1451 1041 semper
1465 969 1543 1025 nobis
1556 971 1621 1025 dant
1634 969 1708 1026 lidu-

97 1057 141 1110 29.
157 1056 231 1111 Bona
245 1056 418 1126 compunctio
441 1056 587 1113 thesaurus
605 1065 646 1111 est
660 1055 857 1120 desiderabilis,
912 1055 980 1111 ciam
1000 1070 1136 1127 magnam.
1154 1055 1236 1109 Soror
1251 1057 1279 1109 iu
1294 1056 1402 1111 Christo
1412 1057 1537 1113 amabilis
1551 1058 1627 1124 mihi,
1646 1057 1708 1113 audi

61 1150 88 1199 et
102 1143 278 1199 inenarrabile
297 1144 426 1214 gaudium
450 1143 478 1198 in
501 1154 591 1200 mente
615 1144 744 1202 hominis.
760 1145 860 1199 Anima
912 1158 1006 1199 vocem
1018 1143 1083 1198 lesu
1099 1142 1199 1198 Christi
1209 1142 1304 1214 sponsi
1319 1143 1357 1199 toi
1367 1144 1490 1210 dicentis,
1505 1143 1604 1216 Surpc,
1614 1148 1709 1202 amico

61 1248 122 1304 qnae
132 1231 160 1287 in
170 1233 293 1287 oratione
305 1232 385 1288 hebet
395 1232 639 1303 compunctionem,
651 1231 757 1302 proiicit
767 1233 800 1287 ad
812 1248 858 1288 aa·
911 1237 1020 1298 memet
1031 1234 1103 1298 uerri,
1112 1231 1347 1301 perdilectionem:
1357 1235 1420 1305 jam
1431 1232 1510 1288 oraim
1521 1233 1610 1289 biensa
1623 1238 1708 1289 troa-

59 1320 154 1375 lutem.
170 1321 217 1377 llir
233 1320 308 1376 lortis
330 1336 384 1376 nnn
399 1329 442 1376 est
464 1321 553 1376 minus
567 1320 712 1376 laudabilis
730 1321 758 1376 in
774 1320 857 1390 luctu,
912 1321 972 1388 siit,
989 1319 1078 1376 imber
1092 1319 1163 1375 obiit
1177 1323 1205 1375 et
1224 1322 1348 1388 recessit,
1364 1322 1446 1389 tiores
1460 1327 1660 1396 apparuerunt
1675 1321 1708 1376 ιιι

60 1425 141 1480 quam
156 1408 182 1463 in
198 1406 280 1466 bello.
298 1407 366 1475 Quia
384 1424 451 1482 ergo
467 1412 528 1480 post
541 1410 710 1480 baptismum
729 1409 858 1481 inquina-
913 1412 1108 1474 terrenostro,
1123 1411 1231 1480 tempus
1238 1407 1533 1479 potationtsoducait,
1544 1426 1599 1468 voc
1610 1413 1708 1466 turtu-

59 1497 147 1553 rimus
162 1498 255 1566 uitam,
272 1497 443 1568 baptizemus
458 1497 584 1568 lacrymis
597 1498 788 1553 conscientiam
803 1514 856 1555 no·
912 1498 1112 1556 risouditnest
1127 1497 1158 1552 io
1174 1501 1360 1555 torromostro
1375 1498 1471 1569 (Cant.
1486 1515 1516 1566 ιι,
1529 1498 1627 1570 ιιι-12)
1638 1518 1646 1565 ;
1658 1499 1709 1555 hoo

59 1593 153 1643 stram.
171 1586 222 1642 Ubi
243 1586 369 1657 lacrymae
380 1584 488 1655 inerint,
504 1586 542 1641 ibi
554 1585 712 1642 accenditur
727 1586 856 1658 spiritua·
912 1594 962 1652 est,
976 1601 1032 1641 vox
1041 1585 1246 1657 praedicentium
1257 1584 1448 1657 Apostolorum
1459 1589 1486 1642 in
1496 1587 1625 1642 Ecclesia.
1640 1586 1708 1640 Tur·

59 1674 93 1730 lis
112 1673 183 1748 iguis
197 1674 243 1746 qui
261 1673 396 1730 illuminat
409 1681 513 1730 secreta
528 1675 632 1729 mentis.
649 1674 786 1746 Lacrymae
802 1691 856 1746 poe·
876 1630 899 1708 Β
913 1682 1004 1728 turest
1015 1675 1074 1729 aris
1084 1672 1243 1738 castissima,
1254 1689 1314 1744 quae
1324 1674 1351 1727 in
1361 1673 1476 1730 excelsis
1488 1683 1514 1730 et
1528 1673 1555 1728 in
1565 1672 1707 1729 arboribus

59 1762 201 1818 nitentium
227 1779 275 1836 pro
298 1763 460 1836 baptismate
484 1771 642 1834 reputantur
665 1763 737 1834 apud
761 1764 857 1819 Deum.
911 1777 1022 1833 semper
1036 1760 1175 1818 nidificare
1188 1760 1230 1816 vel
1243 1762 1341 1819 morari
1350 1760 1427 1830 solet,
1444 1759 1590 1832 Apostolos
1602 1761 1643 1817 vel
1653 1776 1708 1816 cae·

61 1851 145 1907 Soror
165 1850 230 1905 mihi
258 1850 286 1906 in
310 1851 418 1906 Christo
446 1849 554 1917 dilecta,
575 1851 599 1905 si
623 1851 858 1922 compunctionem
913 1862 986 1906 teros
994 1849 1118 1906 doctores
1128 1848 1356 1921 significans,qui
1370 1861 1482 1919 possunt
1493 1849 1593 1918 dicere,
1606 1850 1708 1907 Nostro

60 1938 206 1996 secundum
226 1937 312 1993 Deum
326 1939 464 2008 habueris,
490 1939 569 1994 beata
591 1937 654 1993 eris.
677 1939 857 2011 Compunctio
912 1938 1087 1996 conversatio
1098 1939 1130 1993 in
1140 1937 1216 1994 ccctis
1229 1940 1271 1992 est
1280 1935 1417 2009 (Philipp.
1429 1952 1470 2006 ιιι,
1485 1937 1530 2008 20)
1542 1955 1547 1994 :
1558 1953 1619 2009 quae
1629 1944 1656 2001 et
1664 1954 1709 2009 gc-

60 2026 160 2090 cordis,
177 2024 279 2081 sanitas
293 2034 334 2080 est
347 2027 445 2081 animae
463 2043 471 2080 z
488 2027 662 2097 compunctio
682 2027 779 2083 mentis
793 2027 857 2084 illu·
913 2004 1015 2083 mitom'
1026 2029 1106 2084 hahet
1121 2040 1170 2097 pro
1188 2036 1281 2090 ειιιι,
1295 2033 1322 2079 et
1337 2023 1472 2096 significat
1486 2025 1631 2096 ploratum·
1641 2041 1706 2083 san·

59 2113 170 2170 minatio
189 2123 231 2168 est
255 2113 367 2178 animae3
393 2114 457 2184 qnia
481 2119 545 2168 tunc
565 2113 656 2169 anima
679 2113 857 2184 illuminetur,
910 2122 1026 2182 storum,
1042 2113 1090 2183 qui
1105 2127 1169 2168 suos
1188 2112 1382 2167 adiumentum
1398 2120 1425 2166 et
1443 2112 1536 2168 fletum
1551 2113 1706 2183 hortantur,

60 2202 169 2275 quando
185 2201 218 2256 ad
233 2202 369 2271 lacrymas
393 2202 597 2275 compnngitur.
623 2203 800 2275 compunctio
815 2204 857 2258 la·
911 2202 1042 2267 dicentes,
1057 2200 1153 2257 liiseri
1168 2204 1256 2257 estote
1279 2203 1308 2254 et
1324 2200 1414 2271 tapete
1428 2198 1534 2271 (Jacob.
1553 2216 1595 2268 rr,
1615 2201 1656 2272 9).

60 2306 213 2363 orymarum
230 2290 352 2347 remissio
367 2298 408 2346 est
422 2299 611 2360 peccatorum
628 2291 693 2363 quia
714 2303 777 2348 tune
791 2306 857 2362 pec·
945 2294 991 2344 31.
1007 2288 1103 2361 igitur,
1120 2290 1233 2343 honesta
1247 2287 1337 2358 virgo,
1348 2289 1440 2357 accipe
1455 2289 1611 2357 exemplum
1624 2290 1706 2359 huius

60 2388 119 2436 mta
133 2379 314 2443 dimittuntur,
330 2379 440 2450 quando
461 2395 520 2435 cum
545 2381 673 2450 lacrymis
693 2381 726 2435 ad
752 2396 856 2438 memo·
910 2379 1032 2444 turturis,
1048 2386 1075 2433 ct
1089 2374 1273 2449 logepropter
1287 2390 1408 2432 amorem
1422 2375 1486 2433 lesu
1500 2374 1599 2432 Christi
1613 2376 1708 2449 sponsi

60 2468 126 2524 riam
142 2467 318 2525 reducuntur.
339 2467 516 2540 Compunctio
530 2468 658 2539 Spiritum
674 2476 794 2525 mactum
809 2485 856 2526 rc·
912 2467 960 2536 tui,
975 2481 1118 2538 quousque
1131 2481 1193 2521 eum
1206 2464 1299 2521 ridere
1317 2465 1405 2536 possis
1425 2473 1581 2536 regnantem
1596 2465 1624 2520 iu
1638 2465 1707 2523 solio

60 2555 134 2614 ducit
148 2557 180 2612 ad
196 2572 225 2611 se
241 2574 248 2621 3
264 2556 329 2627 qnia
343 2571 405 2611 cum
420 2571 438 2611 e
451 2555 553 2628 Spiritu
567 2565 660 2614 sancto
674 2557 855 2614 menarisita·
910 2557 987 2627 regui
1007 2553 1057 2610 sui
1078 2553 1173 2608 Melius
1200 2563 1241 2610 est
1262 2551 1311 2607 tibi
1331 2552 1426 2627 lugere
1446 2567 1507 2609 cum
1532 2568 1625 2608 amore
1644 2553 1707 2608 lesu

60 2653 113 2710 tor,
130 2645 220 2700 statim
236 2645 316 2701 horno
334 2652 446 2715 peccata
460 2660 509 2699 sua
523 2645 622 2717 plorat.
909 2643 1017 2711 Christi,
1033 2658 1112 2714 quarn
1129 2657 1191 2697 cum
1202 2641 1296 2697 timore
1310 2639 1419 2696 interni.
1434 2639 1645 2699 Palcbroesunt
1658 2656 1706 2714 ge·
1766 2677 1776 2683 -·

96 2737 141 2788 30.
156 2732 372 2805 (iuterrogatio.)
391 2732 415 2789 0
440 2733 521 2789 irater
535 2734 581 2800 mi,
598 2749 702 2806 quaeso,
717 2734 762 2792 dic
776 2736 852 2804 mihi,
910 2750 956 2790 ιιι
966 2736 1024 2789 taoe
1041 2733 1118 2789 sicat
1133 2729 1256 2789 turturis
1276 2730 1373 2803 (Cant.
1390 2745 1409 2798 1,
1425 2730 1464 2802 9).
1480 2731 1580 2786 Natura
1596 2730 1708 2786 turturis

60 2837 120 2894 quae
142 2827 205 2875 sunt
218 2837 306 2877 causae
324 2822 408 2876 nostri
431 2821 543 2891 doloris,
567 2837 618 2892 pro
640 2822 739 2894 quihus
763 2824 791 2879 in
807 2825 856 2878 hac
909 2829 962 2886 est,
977 2829 1006 2876 ut
1019 2820 1042 2876 si
1057 2837 1104 2891 per
1115 2821 1284 2876 occasionem
1299 2817 1607 2890 perdideritoonjugem,
1620 2816 1708 2876 Μ

61 2912 115 2966 rita
124 2909 229 2966 mortali
245 2910 406 2980 ploramus?
420 2909 605 2982 (Responsio.)
619 2911 734 2983 Propter
749 2920 857 2984 peccata
871 2898 894 2979 Β
909 2909 1023 2966 alterum
1039 2906 1156 2980 amplius
1170 2922 1222 2963 non
1234 2915 1349 2979 quaerat.
1361 2905 1384 2964 0
1397 2921 1497 2978 sponsa
1510 2906 1620 2975 Christi,
1636 2905 1706 2961 assi·

63 3006 162 3064 nostra,
183 3004 210 3052 et
224 3006 331 3068 propter
353 2997 488 3052 miseriam
512 2998 594 3068 hujus
614 2998 719 3068 mundi,
738 3015 770 3056 ac
793 3014 857 3071 pro·
912 2998 1007 3056 milare
1023 3005 1051 3053 et
1065 3006 1092 3051 to
1109 2996 1174 3053 hnic
1189 2995 1296 3062 turturi,
1312 3003 1339 3051 et
1357 2997 1557 3068 praetertcsum
1570 2995 1707 3052 Christum

63 3090 124 3159 pter'
136 3087 354 3158 compassionem
371 3086 503 3157 proximi,
520 3095 545 3143 et
561 3094 673 3158 propter
686 3087 858 3144 dilectionem
912 3102 1043 3158 sponsum
1066 3094 1152 3150 tuum,
1172 3093 1317 3141 amatorem
1341 3098 1396 3140 non
1411 3099 1518 3155 quaeras
1539 3084 1665 3140 alterum.
1681 3082 1705 3139 0

63 3173 184 3231 ooelestis
198 3173 313 3244 praemii.
329 3175 443 3245 Propter
456 3183 567 3245 peecata
586 3174 667 3230 llebat
689 3175 734 3231 ille
752 3177 798 3246 qui
814 3177 858 3231 di·
912 3190 1012 3245 sponsa
1033 3173 1144 3238 Christi,
1162 3182 1221 3228 esto
1235 3170 1330 3226 similis
1348 3171 1457 3235 turturi,
1481 3179 1508 3226 et
1529 3170 1594 3242 luge
1607 3170 1652 3228 die
1674 3186 1708 3228 ac

63 3264 141 3319 ccbat
156 3277 163 3316 :
181 3260 286 3317 Lavabo
299 3275 350 3332 per
363 3259 489 3331 singulos
505 3266 601 3319 noctes
622 3264 727 3318 lectum
740 3279 858 3319 mcum:
913 3272 993 3316 nocte
1007 3278 1070 3317 cum
1092 3258 1227 3315 desiderio
1240 3259 1303 3313 lesu
1326 3257 1427 3312 Christi
1451 3258 1543 3329 sponsi
1570 3258 1618 3328 ιιι,
1643 3258 1706 3329 quia

65 3352 200 3422 lacrymis
216 3351 286 3406 meis
299 3353 424 3404 stratum
438 3365 533 3405 meam
548 3351 641 3420 rogabo
660 3348 748 3418 (Psoi.
765 3365 803 3416 ιι,
818 3349 858 3421 Ἰ).
910 3350 970 3418 jam
983 3347 1104 3403 ascendit
1118 3346 1152 3400 ad
1173 3346 1266 3412 coelos,
1290 3353 1320 3399 nt
1346 3344 1494 3416 aliquando
1514 3344 1611 3401 faciem
1636 3344 1707 3403 illius

62 3439 138 3495 idem
152 3439 186 3493 de
201 3437 317 3492 miseriis
326 3438 407 3506 hujus
422 3437 514 3491 mundi
525 3438 652 3509 gemebat
663 3452 725 3493 curn
735 3437 858 3494 dicebat:
913 3435 1142 3495 rideremerearis
1151 3434 1177 3488 io
1186 3434 1298 3489 dextera
1307 3432 1707 3507 PatrisPttlclrroesttrttgcuoe

64 3529 121 3584 lieu
130 3527 202 3582 milri
212 3526 223 3580 l
231 3526 297 3598 quio
307 3525 448 3581 incolatus
457 3541 538 3582 meus
545 3526 730 3597 prolongatos
741 3527 798 3581 est:
810 3525 860 3582 lto·
914 3529 972 3582 teto
986 3526 1063 3582 ειειιι
1079 3523 1256 3582 turbariam
1273 3520 1353 3593 genis
1371 3522 1441 3579 solet
1455 3537 1517 3577 esse
1531 3523 1705 3580 verecundia.

63 3614 227 3672 bituricum
237 3612 434 3671 babitantibus
449 3613 547 3680 cedor,
558 3613 684 3669 multum
699 3613 861 3685 insolescit
913 3614 997 3671 Soror
1008 3610 1180 3679 sonorabilis,
1196 3627 1280 3682 genas
1294 3609 1378 3667 habea
1401 3611 1522 3680 turturis,
1539 3611 1563 3666 si
1585 3627 1642 3685 prae
1656 3628 1707 3669 ιε-

64 3705 164 3760 aniano
173 3718 247 3760 meo.
257 3703 344 3772 (Psoi.
357 3718 434 3769 cara,
447 3705 472 3765 5,
483 3702 523 3774 6.)
532 3702 666 3758 Dominus
674 3717 725 3774 per
735 3717 861 3774 compas-
913 3703 1041 3760 recundia
1055 3704 1119 3759 lesu
1134 3699 1233 3756 Christi
1248 3701 1341 3772 sponsi
1355 3698 1394 3755 ιιι
1416 3699 1483 3756 nihii
1500 3707 1595 3757 contre
1609 3701 1706 3760 volun-

64 3792 165 3849 sionem
180 3792 253 3849 licvit
268 3793 493 3862 superLazamm
507 3789 601 3862 (loon.
615 3807 655 3860 ιι,
671 3793 728 3863 35),
739 3795 767 3846 ει
779 3806 861 3863 snper
913 3801 995 3850 tatem
1009 3790 1081 3848 illins
1106 3789 1173 3846 lacis
1200 3806 1207 3848 :
1235 3802 1321 3864 genes
1347 3790 1431 3846 hahes
1459 3788 1578 3856 turturis,
1595 3791 1619 3846 si
1641 3805 1706 3847 cnm

64 3882 199 3938 civitatem
207 3880 356 3938 Jerusalem
367 3881 477 3937 dicens:
492 3881 563 3949 Quin
572 3881 597 3936 si
604 3880 775 3952 cognovisses
787 3883 815 3939 ct
828 3885 862 3939 trs
913 3896 1005 3938 amore
1019 3888 1046 3938 et
1069 3877 1219 3937 reverentia
1241 3875 1343 3935 Christi
1361 3893 1393 3933 ea
1415 3893 1476 3948 quae
1491 3877 1533 3933 iili
1551 3877 1705 3952 displicent,

62 3968 141 4041 (tac.
158 3983 220 4035 ιιι,
236 3969 293 4039 ta).
317 3969 404 4023 Etiam
424 3970 524 4025 Paulus
544 3972 691 4041 apostolus,
706 3969 751 4044 qui
765 3969 861 4041 praeci·
914 3970 1054 4044 postponis
1076 3990 1083 4027 :
1108 3982 1192 4042 genas
1213 3967 1297 4024 hahes
1316 3965 1439 4032 turturis,
1457 3964 1480 4020 si
1505 3973 1604 4037 praeter
1624 3966 1706 4024 Chri·

64 4057 104 4128 pit
114 4056 235 4129 gandera
249 4070 310 4112 cum
324 4055 518 4127 gaudentibus,
539 4066 566 4112 et
578 4058 643 4114 ltere
657 4075 718 4115 cum
731 4057 859 4115 dentibus
913 4069 982 4116 storo
1003 4059 1118 4116 alterum
1141 4056 1261 4114 amicum
1293 4071 1348 4113 non
1376 4054 1476 4127 diligis.
1505 4054 1599 4130 Igitur,
1628 4072 1708 4114 soror

64 4147 154 4214 (hom.
171 4159 222 4212 ιιι,
243 4143 298 4215 ib),
315 4159 362 4212 ρει
375 4144 588 4215 compassionem
603 4145 722 4212 dolebat,
739 4146 856 4203 dicens:
913 4147 1064 4214 charisimo,
1090 4144 1273 4204 indesinenter
1293 4149 1402 4215 peccata
1425 4152 1473 4200 tua
1495 4158 1556 4199 corn
1583 4144 1709 4216 lacrymis

68 4232 329 4304 Quis'infirmotur,
344 4237 373 4290 at
385 4248 432 4304 ερο
443 4249 502 4292 nou
515 4234 668 4303 infirmor?
683 4236 723 4304 (li
740 4237 801 4292 Cor.
817 4251 857 4304 ιι,
913 4239 983 4294 lara.
1000 4234 1126 4304 Quotidie
1146 4235 1204 4290 lura
1227 4242 1286 4289 tuas
1308 4229 1489 4304 negligentias
1509 4246 1559 4300 per
1570 4246 1708 4303 compun-

65 4323 123 4393 29.)
138 4321 204 4376 Cum
218 4320 363 4377 dilectione
378 4321 496 4376 coelestis
511 4322 614 4391 premii
628 4322 859 4394 plorabaatjusti,
914 4326 1030 4382 ctionem
1057 4330 1084 4378 et
1107 4322 1248 4392 lacrymas.
1276 4318 1517 4393 Transgressiones
1544 4320 1583 4376 tui
1605 4319 1708 4385 ordinis

64 4409 184 4467 dicentes
198 4409 263 4466 illud
288 4410 435 4465 Psalmistoe
452 4425 458 4465 :
474 4411 563 4483 Super
576 4410 699 4480 {inmisso
713 4410 860 4482 Babylonis
914 4414 973 4469 sine
988 4409 1186 4467 intermissione
1196 4408 1276 4465 ablue
1286 4423 1346 4464 cum
1360 4406 1504 4478 lacrymis3
1519 4414 1547 4464 et
1559 4424 1609 4479 per
1617 4407 1707 4482 lacry·

65 4497 860 4568 ilticsedimusetsievimosdumreeordorcmortui,Sion
915 4517 973 4557 mas
986 4509 1013 4556 et
1030 4498 1273 4571 compunctionem.
1288 4496 1397 4568 acquire
1412 4495 1461 4554 tibi
1484 4505 1591 4553 tuorum
1607 4498 1707 4565 remis-

65 4591 151 4658 (Psol.
167 4605 280 4656 aratra,
302 4589 340 4661 i).
357 4591 418 4646 llita
436 4605 564 4661 praesens,
575 4605 658 4647 mors
671 4597 723 4660 est,
739 4589 805 4662 quia
818 4600 861 4646 est
914 4590 1019 4646 sionem
1034 4597 1206 4661 peccatorum
1221 4607 1228 4643 ε
1245 4601 1293 4656 ρει
1315 4584 1490 4658 lacrymas-et
1504 4587 1599 4643 crebra
1612 4588 1706 4660 suspi-

66 4677 144 4749 piena
158 4677 274 4734 miseriis
291 4695 297 4735 :
313 4679 386 4750 qnod
407 4694 459 4734 uon
475 4688 518 4734 est
535 4678 562 4735 in
580 4677 673 4748 patria,
693 4678 739 4735 sed
755 4679 782 4732 in
798 4678 857 4749 tia3
911 4678 952 4735 ria
966 4677 1076 4749 acquiro
1098 4675 1147 4732 tibi
1170 4682 1272 4732 aeterna
1293 4675 1403 4748 gaudia.
1428 4673 1529 4749 Plauge
1547 4675 1706 4749 iniquitates

66 4781 118 4822 uec
135 4774 177 4822 eat
194 4767 221 4822 in
237 4767 328 4837 domo,
343 4766 389 4821 sed
403 4767 431 4821 in
445 4767 553 4822 exsilio.
569 4767 598 4821 ln
612 4766 664 4822 hoc
682 4765 785 4822 mundo
803 4781 858 4822 non
911 4773 982 4834 tuas,
998 4765 1067 4821 mala
1081 4766 1217 4822 scelerum
1231 4772 1339 4821 tuorum
1355 4762 1471 4834 deplora,
1490 4764 1560 4820 mala
1572 4781 1633 4834 quae
1645 4768 1706 4837 egi-

65 4870 159 4910 aumus
171 4855 299 4910 innostra
312 4853 431 4921 civitate,
443 4855 529 4911 sedin
545 4855 774 4926 peregrinatione,
790 4856 860 4910 sicut
911 4854 958 4924 sti,
973 4852 1063 4910 ilendo
1085 4867 1265 4909 commemora
1283 4867 1290 4906 :
1307 4850 1433 4907 moeroris
1457 4852 1529 4907 unda
1552 4859 1579 4908 te
1600 4851 1712 4924 irriget,

65 4941 243 5013 scriptumest
253 4957 258 4995 :
268 4943 327 4998 Non
336 4942 859 5015 babemusbicmmscrrtomeiuitotem,
909 4943 1055 5014 compellat
1070 4949 1096 4998 te
1107 4940 1341 5014 plangercfluvins
1355 4941 1532 5012 lacrymarum
1544 4961 1550 4998 :
1564 4957 1625 5013 quae
1639 4956 1707 5013 gea-

66 5029 113 5088 ssd
126 5033 442 5102 fatorumr'uqurrimos
456 5032 547 5102 (hebr.
568 5048 630 5098 ιιιι,
646 5033 879 5102 ιι,ε.ιιιιιιι.ιι,,
912 5031 970 5088 sisti
991 5048 1083 5103 prate,
1107 5029 1214 5088 ssetihns
1235 5030 1313 5099 deie;
1338 5046 1399 5102 quae
1424 5029 1516 5086 illicite
1537 5028 1707 5100 commisisti,

68 5117 204 5188 totiaco,
216 5118 505 5184 socordilectsnroneo
517 5126 553 5185 te,
565 5120 688 5190 utprimo
697 5120 790 5194 lugeas
801 5137 860 5194 pro·
912 5121 1037 5194 lacrymis
1050 5120 1139 5177 ablue.
1155 5120 1273 5177 Honesta
1287 5122 1375 5191 virgo,
1391 5118 1414 5175 si
1424 5127 1531 5190 peccota
1544 5134 1600 5174 non
1617 5117 1708 5192 plora-

67 5214 127 5280 pter
145 5215 256 5277 peccata
277 5214 324 5263 tua
339 5223 346 5262 ι
361 5207 471 5280 ιιειιιιε,
491 5198 603 5280 ριόριει·
629 5209 753 5265 miserias
776 5211 860 5282 hujus
913 5211 986 5270 reris
996 5212 1022 5266 in
1033 5211 1084 5266 boc
1094 5209 1203 5276 saeculo,
1218 5209 1325 5282 quando
1336 5208 1478 5265 dicturaes
1489 5208 1564 5266 Deo:
1581 5207 1717 5279 Posuisti¹

67 5294 168 5361 mundi,
180 5301 262 5367 atquc
276 5296 494 5366 compassionem
514 5297 628 5369 proximi
644 5299 678 5352 ad
694 5307 860 5368 postremum
915 5301 1054 5373 lacryma
1076 5315 1154 5357 meos
1182 5297 1215 5353 in
1232 5301 1382 5373 conspectu
1411 5296 1481 5357 tuo?
1498 5299 1587 5371 (Psoi.
1611 5313 1656 5366 ιι,
1679 5299 1707 5370 9)

66 5398 141 5452 ιειο,
161 5391 274 5455 ριοριει·
295 5383 468 5442 dilectionem
488 5386 540 5442 Dei
559 5402 590 5443 ac
604 5384 726 5444 coelestis
744 5386 859 5459 praemii.
914 5388 1090 5456 charissima,
1106 5388 1131 5445 si
1154 5386 1309 5459 iniquitates
1332 5394 1393 5443 tuas
1411 5401 1465 5449 non
1479 5385 1594 5449 ‚fleveris
1615 5387 1643 5443 in
1657 5386 1707 5446 lrao

67 5472 284 5548 honestarirgo,
296 5474 539 5548 deprecarciteum
550 5476 859 5551 ennonntoenntione,
914 5478 1086 5551 mortalitate,
1105 5476 1214 5552 mando
1228 5477 1326 5538 dices:
1347 5479 1477 5555 aarum
1488 5476 1562 5544 milti
1575 5477 1713 5556 lacrum
