<?xml version="1.0" encoding="UTF-8"?>
<!DOCTYPE html PUBLIC "-//W3C//DTD XHTML 1.0 Transitional//EN"
    "http://www.w3.org/TR/xhtml1/DTD/xhtml1-transitional.dtd">
<html xmlns="http://www.w3.org/1999/xhtml" xml:lang="en" lang="en">
 <head>
  <title>
</title>
<meta http-equiv="Content-Type" content="text/html;charset=utf-8" />
  <meta name='ocr-system' content='tesseract 3.04.00' />
  <meta name='ocr-capabilities' content='ocr_page ocr_carea ocr_par ocr_line ocrx_word'/>
</head>
<body>
  <div class='ocr_page' id='page_1' title='image "./patrologiaecurs00unkngoog_0330.png"; bbox 0 0 3706 5962; ppageno 0'>
   <div class='ocr_carea' id='block_1_1' title="bbox 150 185 203 256">
    <p class='ocr_par' dir='ltr' id='par_1_1' title="bbox 150 185 203 256">
     <span class='ocr_line' id='line_1_1' title="bbox 150 185 203 256; baseline -0.038 0"><span class='ocrx_word' id='word_1_1' title='bbox 150 185 203 256; x_wconf 84' lang='lat' dir='ltr'><strong>ott</strong></span> 
     </span>
    </p>
   </div>
   <div class='ocr_carea' id='block_1_2' title="bbox 149 314 995 409">
    <p class='ocr_par' dir='ltr' id='par_1_2' title="bbox 149 314 995 409">
     <span class='ocr_line' id='line_1_2' title="bbox 149 314 995 409; baseline -0.012 -33"><span class='ocrx_word' id='word_1_2' title='bbox 149 320 207 376; x_wconf 81' lang='lat' dir='ltr'><strong>rhae</strong></span> <span class='ocrx_word' id='word_1_3' title='bbox 221 323 236 375; x_wconf 80' lang='grc'><strong>9</strong></span> <span class='ocrx_word' id='word_1_4' title='bbox 249 317 358 388; x_wconf 74' lang='lat' dir='ltr'><strong>Myrrha</strong></span> <span class='ocrx_word' id='word_1_5' title='bbox 373 333 463 373; x_wconf 87' lang='lat' dir='ltr'><strong>amara</strong></span> <span class='ocrx_word' id='word_1_6' title='bbox 482 315 692 372; x_wconf 72' lang='lat' dir='ltr'><strong>amaritudinem</strong></span> <span class='ocrx_word' id='word_1_7' title='bbox 714 314 849 388; x_wconf 71' lang='lat' dir='ltr'><strong>passionis</strong></span> <span class='ocrx_word' id='word_1_8' title='bbox 869 314 955 386; x_wconf 77' lang='lat' dir='ltr'><strong>signi·</strong></span> <span class='ocrx_word' id='word_1_9' title='bbox 971 330 995 409; x_wconf 61' lang='grc' dir='ltr'><strong>Α</strong></span> 
     </span>
    </p>
   </div>
   <div class='ocr_carea' id='block_1_3' title="bbox 67 405 949 1540">
    <p class='ocr_par' dir='ltr' id='par_1_3' title="bbox 67 405 949 1540">
     <span class='ocr_line' id='line_1_3' title="bbox 149 405 947 473; baseline -0.003 -13"><span class='ocrx_word' id='word_1_10' title='bbox 149 405 209 463; x_wconf 88' lang='lat' dir='ltr'><strong>licat</strong></span> <span class='ocrx_word' id='word_1_11' title='bbox 226 427 232 461; x_wconf 80' lang='grc' dir='ltr'>ι</span> <span class='ocrx_word' id='word_1_12' title='bbox 249 405 396 463; x_wconf 87' lang='lat' dir='ltr'><strong>fasciculus</strong></span> <span class='ocrx_word' id='word_1_13' title='bbox 411 421 472 462; x_wconf 81' lang='lat' dir='ltr'><strong>sero</strong></span> <span class='ocrx_word' id='word_1_14' title='bbox 485 405 711 462; x_wconf 80' lang='lat' dir='ltr'><strong>coadunationem</strong></span> <span class='ocrx_word' id='word_1_15' title='bbox 725 405 869 459; x_wconf 89' lang='lat' dir='ltr'><strong>multarum</strong></span> <span class='ocrx_word' id='word_1_16' title='bbox 885 419 947 473; x_wconf 89' lang='lat' dir='ltr'><strong>pas·</strong></span> 
     </span>
     <span class='ocr_line' id='line_1_4' title="bbox 67 491 947 567; baseline -0.006 -17"><span class='ocrx_word' id='word_1_17' title='bbox 67 535 76 550; x_wconf 95' lang='lat'><strong>.</strong></span> <span class='ocrx_word' id='word_1_18' title='bbox 148 492 388 553; x_wconf 90' lang='lat' dir='ltr'><strong>st&#39;onnmostendit.</strong></span> <span class='ocrx_word' id='word_1_19' title='bbox 400 494 442 549; x_wconf 82' lang='lat' dir='ltr'><strong>Fit</strong></span> <span class='ocrx_word' id='word_1_20' title='bbox 457 508 525 567; x_wconf 84' lang='lat' dir='ltr'><strong>ergo</strong></span> <span class='ocrx_word' id='word_1_21' title='bbox 539 510 658 567; x_wconf 89' lang='lat' dir='ltr'><strong>sponsus</strong></span> <span class='ocrx_word' id='word_1_22' title='bbox 670 509 780 565; x_wconf 89' lang='lat' dir='ltr'><strong>sponsae</strong></span> <span class='ocrx_word' id='word_1_23' title='bbox 799 508 855 547; x_wconf 82' lang='lat' dir='ltr'><strong>soae</strong></span> <span class='ocrx_word' id='word_1_24' title='bbox 867 491 947 548; x_wconf 85' lang='lat' dir='ltr'><strong>fasci·</strong></span> 
     </span>
     <span class='ocr_line' id='line_1_5' title="bbox 148 582 946 656; baseline -0.006 -16"><span class='ocrx_word' id='word_1_25' title='bbox 148 585 226 640; x_wconf 91' lang='lat' dir='ltr'><strong>culus</strong></span> <span class='ocrx_word' id='word_1_26' title='bbox 240 584 366 656; x_wconf 82' lang='lat' dir='ltr'><strong>myrrhae,</strong></span> <span class='ocrx_word' id='word_1_27' title='bbox 382 584 491 655; x_wconf 88' lang='lat' dir='ltr'><strong>qnando</strong></span> <span class='ocrx_word' id='word_1_28' title='bbox 505 585 592 655; x_wconf 92' lang='lat' dir='ltr'><strong>ipsum</strong></span> <span class='ocrx_word' id='word_1_29' title='bbox 618 582 810 656; x_wconf 88' lang='lat' dir='ltr'><strong>multiplicibus</strong></span> <span class='ocrx_word' id='word_1_30' title='bbox 823 582 946 636; x_wconf 88' lang='lat' dir='ltr'><strong>affectum</strong></span> 
     </span>
     <span class='ocr_line' id='line_1_6' title="bbox 148 670 946 745; baseline -0.005 -19"><span class='ocrx_word' id='word_1_31' title='bbox 148 672 257 743; x_wconf 78' lang='lat' dir='ltr'><strong>inJuriis</strong></span> <span class='ocrx_word' id='word_1_32' title='bbox 279 672 313 729; x_wconf 89' lang='lat' dir='ltr'><strong>ad</strong></span> <span class='ocrx_word' id='word_1_33' title='bbox 334 679 451 729; x_wconf 87' lang='lat' dir='ltr'><strong>mentem</strong></span> <span class='ocrx_word' id='word_1_34' title='bbox 471 673 594 731; x_wconf 90' lang='lat' dir='ltr'><strong>reducit:</strong></span> <span class='ocrx_word' id='word_1_35' title='bbox 615 688 730 745; x_wconf 84' lang='lat' dir='ltr'><strong>quarum</strong></span> <span class='ocrx_word' id='word_1_36' title='bbox 754 672 877 743; x_wconf 70' lang='lat' dir='ltr'><strong>quaedam</strong></span> <span class='ocrx_word' id='word_1_37' title='bbox 889 670 946 739; x_wconf 88' lang='lat' dir='ltr'><strong>jam</strong></span> 
     </span>
     <span class='ocr_line' id='line_1_7' title="bbox 149 759 947 839; baseline -0.008 -23"><span class='ocrx_word' id='word_1_38' title='bbox 149 767 326 839; x_wconf 67' lang='lat' dir='ltr'><strong>enumeratam</strong></span> <span class='ocrx_word' id='word_1_39' title='bbox 350 762 410 816; x_wconf 85' lang='lat' dir='ltr'><strong>atiae</strong></span> <span class='ocrx_word' id='word_1_40' title='bbox 425 777 489 817; x_wconf 89' lang='lat' dir='ltr'><strong>vero</strong></span> <span class='ocrx_word' id='word_1_41' title='bbox 503 764 693 818; x_wconf 86' lang='lat' dir='ltr'><strong>enumerandae</strong></span> <span class='ocrx_word' id='word_1_42' title='bbox 719 772 790 834; x_wconf 86' lang='lat' dir='ltr'><strong>sunt.</strong></span> <span class='ocrx_word' id='word_1_43' title='bbox 805 759 871 828; x_wconf 73' lang='lat' dir='ltr'><strong>Quas</strong></span> <span class='ocrx_word' id='word_1_44' title='bbox 885 765 947 812; x_wconf 90' lang='lat' dir='ltr'><strong>sunt</strong></span> 
     </span>
     <span class='ocr_line' id='line_1_8' title="bbox 149 849 947 921; baseline -0.004 -17"><span class='ocrx_word' id='word_1_45' title='bbox 149 857 237 905; x_wconf 85' lang='lat' dir='ltr'><strong>autem</strong></span> <span class='ocrx_word' id='word_1_46' title='bbox 264 849 345 906; x_wconf 90' lang='lat' dir='ltr'><strong>ubera</strong></span> <span class='ocrx_word' id='word_1_47' title='bbox 369 865 487 921; x_wconf 79' lang='lat' dir='ltr'><strong>sponsae,</strong></span> <span class='ocrx_word' id='word_1_48' title='bbox 502 850 573 906; x_wconf 91' lang='lat' dir='ltr'><strong>inter</strong></span> <span class='ocrx_word' id='word_1_49' title='bbox 586 866 646 921; x_wconf 86' lang='lat' dir='ltr'><strong>quae</strong></span> <span class='ocrx_word' id='word_1_50' title='bbox 674 849 750 906; x_wconf 89' lang='lat' dir='ltr'><strong>illurn</strong></span> <span class='ocrx_word' id='word_1_51' title='bbox 764 854 947 905; x_wconf 89' lang='lat' dir='ltr'><strong>commoratu·</strong></span> 
     </span>
     <span class='ocr_line' id='line_1_9' title="bbox 149 936 949 1009; baseline -0.004 -19"><span class='ocrx_word' id='word_1_52' title='bbox 149 953 210 993; x_wconf 90' lang='lat' dir='ltr'><strong>rom</strong></span> <span class='ocrx_word' id='word_1_53' title='bbox 232 936 373 994; x_wconf 78' lang='lat' dir='ltr'><strong>affirmati</strong></span> <span class='ocrx_word' id='word_1_54' title='bbox 395 941 455 995; x_wconf 89' lang='lat' dir='ltr'><strong>Duo</strong></span> <span class='ocrx_word' id='word_1_55' title='bbox 480 939 563 994; x_wconf 90' lang='lat' dir='ltr'><strong>ubera</strong></span> <span class='ocrx_word' id='word_1_56' title='bbox 592 953 709 1008; x_wconf 87' lang='lat' dir='ltr'><strong>sponsae,</strong></span> <span class='ocrx_word' id='word_1_57' title='bbox 730 937 897 1009; x_wconf 81' lang='lat' dir='ltr'><strong>prosperitas</strong></span> <span class='ocrx_word' id='word_1_58' title='bbox 921 942 949 989; x_wconf 92' lang='lat' dir='ltr'><strong>et</strong></span> 
     </span>
     <span class='ocr_line' id='line_1_10' title="bbox 147 1023 946 1098; baseline -0.006 -18"><span class='ocrx_word' id='word_1_59' title='bbox 147 1025 296 1082; x_wconf 82' lang='lat' dir='ltr'><strong>adversitas</strong></span> <span class='ocrx_word' id='word_1_60' title='bbox 324 1035 397 1086; x_wconf 91' lang='lat' dir='ltr'><strong>sunt.</strong></span> <span class='ocrx_word' id='word_1_61' title='bbox 430 1028 476 1081; x_wconf 90' lang='lat' dir='ltr'><strong>llis</strong></span> <span class='ocrx_word' id='word_1_62' title='bbox 506 1039 630 1098; x_wconf 71' lang='lat' dir='ltr'><strong>anquam</strong></span> <span class='ocrx_word' id='word_1_63' title='bbox 665 1027 794 1082; x_wconf 83' lang='lat' dir='ltr'><strong>uberibus</strong></span> <span class='ocrx_word' id='word_1_64' title='bbox 819 1023 946 1089; x_wconf 90' lang='lat' dir='ltr'><strong>nutritur,</strong></span> 
     </span>
     <span class='ocr_line' id='line_1_11' title="bbox 148 1114 946 1186; baseline -0.004 -18"><span class='ocrx_word' id='word_1_65' title='bbox 148 1116 213 1168; x_wconf 90' lang='lat' dir='ltr'><strong>dum</strong></span> <span class='ocrx_word' id='word_1_66' title='bbox 237 1114 399 1171; x_wconf 88' lang='lat' dir='ltr'><strong>adversitate</strong></span> <span class='ocrx_word' id='word_1_67' title='bbox 414 1115 530 1181; x_wconf 82' lang='lat' dir='ltr'><strong>fovetur,</strong></span> <span class='ocrx_word' id='word_1_68' title='bbox 552 1131 587 1171; x_wconf 90' lang='lat' dir='ltr'><strong>ne</strong></span> <span class='ocrx_word' id='word_1_69' title='bbox 607 1118 634 1171; x_wconf 90' lang='lat' dir='ltr'><strong>in</strong></span> <span class='ocrx_word' id='word_1_70' title='bbox 650 1115 787 1186; x_wconf 87' lang='lat' dir='ltr'><strong>prosperis</strong></span> <span class='ocrx_word' id='word_1_71' title='bbox 814 1115 946 1170; x_wconf 89' lang='lat' dir='ltr'><strong>elevetur.</strong></span> 
     </span>
     <span class='ocr_line' id='line_1_12' title="bbox 148 1201 948 1267; baseline -0.005 -11"><span class='ocrx_word' id='word_1_72' title='bbox 148 1202 227 1258; x_wconf 87' lang='lat' dir='ltr'><strong>Ponit</strong></span> <span class='ocrx_word' id='word_1_73' title='bbox 247 1211 337 1258; x_wconf 90' lang='lat' dir='ltr'><strong>autem</strong></span> <span class='ocrx_word' id='word_1_74' title='bbox 361 1202 489 1258; x_wconf 89' lang='lat' dir='ltr'><strong>dilectum</strong></span> <span class='ocrx_word' id='word_1_75' title='bbox 504 1219 583 1258; x_wconf 92' lang='lat' dir='ltr'><strong>suurn</strong></span> <span class='ocrx_word' id='word_1_76' title='bbox 607 1204 679 1258; x_wconf 89' lang='lat' dir='ltr'><strong>inter</strong></span> <span class='ocrx_word' id='word_1_77' title='bbox 693 1205 751 1259; x_wconf 80' lang='lat' dir='ltr'><strong>hac</strong></span> <span class='ocrx_word' id='word_1_78' title='bbox 774 1205 868 1267; x_wconf 86' lang='lat' dir='ltr'><strong>ubera,</strong></span> <span class='ocrx_word' id='word_1_79' title='bbox 884 1201 948 1254; x_wconf 88' lang='lat' dir='ltr'><strong>dum</strong></span> 
     </span>
     <span class='ocr_line' id='line_1_13' title="bbox 146 1289 947 1362; baseline -0.002 -18"><span class='ocrx_word' id='word_1_80' title='bbox 146 1289 222 1345; x_wconf 91' lang='lat' dir='ltr'><strong>illius</strong></span> <span class='ocrx_word' id='word_1_81' title='bbox 236 1294 264 1347; x_wconf 90' lang='lat' dir='ltr'><strong>et</strong></span> <span class='ocrx_word' id='word_1_82' title='bbox 276 1291 304 1346; x_wconf 95' lang='lat' dir='ltr'><strong>in</strong></span> <span class='ocrx_word' id='word_1_83' title='bbox 328 1291 457 1356; x_wconf 88' lang='lat' dir='ltr'><strong>adversis,</strong></span> <span class='ocrx_word' id='word_1_84' title='bbox 476 1303 503 1347; x_wconf 92' lang='lat' dir='ltr'><strong>et</strong></span> <span class='ocrx_word' id='word_1_85' title='bbox 527 1291 555 1345; x_wconf 92' lang='lat' dir='ltr'><strong>in</strong></span> <span class='ocrx_word' id='word_1_86' title='bbox 571 1294 709 1362; x_wconf 86' lang='lat' dir='ltr'><strong>prosperis</strong></span> <span class='ocrx_word' id='word_1_87' title='bbox 727 1292 893 1348; x_wconf 86' lang='lat' dir='ltr'><strong>recordatur.</strong></span> <span class='ocrx_word' id='word_1_88' title='bbox 909 1289 947 1342; x_wconf 82' lang='lat' dir='ltr'><strong>Ex</strong></span> 
     </span>
     <span class='ocr_line' id='line_1_14' title="bbox 147 1379 948 1452; baseline -0.005 -18"><span class='ocrx_word' id='word_1_89' title='bbox 147 1393 201 1450; x_wconf 90' lang='lat' dir='ltr'><strong>quc</strong></span> <span class='ocrx_word' id='word_1_90' title='bbox 216 1381 315 1446; x_wconf 83' lang='lat' dir='ltr'><strong>evenit,</strong></span> <span class='ocrx_word' id='word_1_91' title='bbox 331 1390 359 1435; x_wconf 90' lang='lat' dir='ltr'><strong>ut</strong></span> <span class='ocrx_word' id='word_1_92' title='bbox 371 1380 416 1437; x_wconf 82' lang='lat' dir='ltr'><strong>ille</strong></span> <span class='ocrx_word' id='word_1_93' title='bbox 433 1380 482 1452; x_wconf 88' lang='lat' dir='ltr'><strong>qui</strong></span> <span class='ocrx_word' id='word_1_94' title='bbox 504 1387 586 1436; x_wconf 86' lang='lat' dir='ltr'><strong>modo</strong></span> <span class='ocrx_word' id='word_1_95' title='bbox 606 1380 693 1437; x_wconf 87' lang='lat' dir='ltr'><strong>fuerat</strong></span> <span class='ocrx_word' id='word_1_96' title='bbox 717 1379 860 1436; x_wconf 89' lang='lat' dir='ltr'><strong>fasciculus</strong></span> <span class='ocrx_word' id='word_1_97' title='bbox 876 1393 948 1448; x_wconf 84' lang='lat' dir='ltr'><strong>myr-</strong></span> 
     </span>
     <span class='ocr_line' id='line_1_15' title="bbox 146 1467 946 1540; baseline -0.003 -19"><span class='ocrx_word' id='word_1_98' title='bbox 146 1467 212 1535; x_wconf 74' lang='lat' dir='ltr'><strong>rhas,</strong></span> <span class='ocrx_word' id='word_1_99' title='bbox 230 1468 321 1536; x_wconf 89' lang='lat' dir='ltr'><strong>idest,</strong></span> <span class='ocrx_word' id='word_1_100' title='bbox 338 1471 384 1539; x_wconf 85' lang='lat' dir='ltr'><strong>qui</strong></span> <span class='ocrx_word' id='word_1_101' title='bbox 401 1479 517 1526; x_wconf 90' lang='lat' dir='ltr'><strong>mentem</strong></span> <span class='ocrx_word' id='word_1_102' title='bbox 531 1485 639 1540; x_wconf 85' lang='lat' dir='ltr'><strong>sponsae</strong></span> <span class='ocrx_word' id='word_1_103' title='bbox 656 1469 812 1540; x_wconf 87' lang='lat' dir='ltr'><strong>passionum</strong></span> <span class='ocrx_word' id='word_1_104' title='bbox 836 1481 946 1523; x_wconf 88' lang='lat' dir='ltr'><strong>suarum</strong></span> 
     </span>
    </p>
   </div>
   <div class='ocr_carea' id='block_1_4' title="bbox 858 162 1104 250">
    <p class='ocr_par' dir='ltr' id='par_1_4' title="bbox 858 162 1104 250">
     <span class='ocr_line' id='line_1_16' title="bbox 858 162 1104 250; baseline 0 -4"><span class='ocrx_word' id='word_1_105' title='bbox 858 189 942 249; x_wconf 86' lang='lat' dir='ltr'><strong>vnts</strong></span> <span class='ocrx_word' id='word_1_106' title='bbox 955 162 1104 250; x_wconf 80' lang='lat' dir='ltr'><strong>nrmtcn.</strong></span> 
     </span>
    </p>
   </div>
   <div class='ocr_carea' id='block_1_5' title="bbox 1746 194 1805 255">
    <p class='ocr_par' dir='ltr' id='par_1_5' title="bbox 1746 194 1805 255">
     <span class='ocr_line' id='line_1_17' title="bbox 1746 194 1805 255; baseline 0 0"><span class='ocrx_word' id='word_1_107' title='bbox 1746 194 1805 255; x_wconf 81' lang='lat' dir='ltr'><strong>oss</strong></span> 
     </span>
    </p>
   </div>
   <div class='ocr_carea' id='block_1_6' title="bbox 1324 331 1481 390">
    <p class='ocr_par' dir='ltr' id='par_1_6' title="bbox 1324 331 1481 390">
     <span class='ocr_line' id='line_1_18' title="bbox 1324 331 1481 390; baseline 0.006 -4"><span class='ocrx_word' id='word_1_108' title='bbox 1324 331 1437 390; x_wconf 80' lang='lat' dir='ltr'><strong>CAPUT</strong></span> <span class='ocrx_word' id='word_1_109' title='bbox 1451 333 1481 387; x_wconf 85' lang='lat' dir='ltr'><strong>l&#39;.</strong></span> 
     </span>
    </p>
   </div>
   <div class='ocr_carea' id='block_1_7' title="bbox 1000 416 1803 564">
    <p class='ocr_par' dir='ltr' id='par_1_7' title="bbox 1000 416 1803 564">
     <span class='ocr_line' id='line_1_19' title="bbox 1000 416 1803 496; baseline 0.007 -18"><span class='ocrx_word' id='word_1_110' title='bbox 1000 423 1165 478; x_wconf 80' lang='lat' dir='ltr'><strong>Decnttarvt</strong></span> <span class='ocrx_word' id='word_1_111' title='bbox 1180 428 1209 479; x_wconf 85' lang='lat' dir='ltr'><strong>et</strong></span> <span class='ocrx_word' id='word_1_112' title='bbox 1223 424 1401 496; x_wconf 78' lang='lat' dir='ltr'><strong>speciositate</strong></span> <span class='ocrx_word' id='word_1_113' title='bbox 1416 428 1521 479; x_wconf 77' lang='lat' dir='ltr'><strong>nostrae</strong></span> <span class='ocrx_word' id='word_1_114' title='bbox 1552 425 1629 490; x_wconf 84' lang='lat' dir='ltr'><strong>Vitis,</strong></span> <span class='ocrx_word' id='word_1_115' title='bbox 1650 423 1681 479; x_wconf 83' lang='lat' dir='ltr'><strong>id</strong></span> <span class='ocrx_word' id='word_1_116' title='bbox 1695 429 1753 495; x_wconf 80' lang='lat' dir='ltr'><strong>ost,</strong></span> <span class='ocrx_word' id='word_1_117' title='bbox 1768 416 1803 483; x_wconf 72' lang='lat' dir='ltr'><strong>tls</strong></span> 
     </span>
     <span class='ocr_line' id='line_1_20' title="bbox 1051 493 1794 564; baseline 0.005 -16"><span class='ocrx_word' id='word_1_118' title='bbox 1051 493 1270 564; x_wconf 77' lang='lat' dir='ltr'><strong>pulchritudine</strong></span> <span class='ocrx_word' id='word_1_119' title='bbox 1291 494 1405 563; x_wconf 80' lang='lat' dir='ltr'><strong>Christi,</strong></span> <span class='ocrx_word' id='word_1_120' title='bbox 1417 496 1544 564; x_wconf 81' lang='lat' dir='ltr'><strong>intervos,</strong></span> <span class='ocrx_word' id='word_1_121' title='bbox 1559 500 1587 550; x_wconf 89' lang='lat' dir='ltr'><strong>et</strong></span> <span class='ocrx_word' id='word_1_122' title='bbox 1601 498 1736 552; x_wconf 72' lang='lat' dir='ltr'><strong>aeterno.</strong></span> <span class='ocrx_word' id='word_1_123' title='bbox 1791 505 1794 509; x_wconf 79' lang='grc'>’</span> 
     </span>
    </p>
   </div>
   <div class='ocr_carea' id='block_1_8' title="bbox 1000 581 1808 1542">
    <p class='ocr_par' dir='ltr' id='par_1_8' title="bbox 1000 581 1808 1542">
     <span class='ocr_line' id='line_1_21' title="bbox 1038 581 1802 655; baseline 0.008 -20"><span class='ocrx_word' id='word_1_124' title='bbox 1038 584 1080 636; x_wconf 82' lang='grc'><strong>19.</strong></span> <span class='ocrx_word' id='word_1_125' title='bbox 1097 581 1169 637; x_wconf 86' lang='lat' dir='ltr'><strong>Visis</strong></span> <span class='ocrx_word' id='word_1_126' title='bbox 1188 598 1220 638; x_wconf 85' lang='lat' dir='ltr'><strong>ex</strong></span> <span class='ocrx_word' id='word_1_127' title='bbox 1235 590 1310 654; x_wconf 89' lang='lat' dir='ltr'><strong>parte</strong></span> <span class='ocrx_word' id='word_1_128' title='bbox 1326 583 1369 637; x_wconf 92' lang='lat' dir='ltr'><strong>his</strong></span> <span class='ocrx_word' id='word_1_129' title='bbox 1384 599 1445 655; x_wconf 83' lang='lat' dir='ltr'><strong>quae</strong></span> <span class='ocrx_word' id='word_1_130' title='bbox 1460 582 1506 639; x_wconf 89' lang='lat' dir='ltr'><strong>viti</strong></span> <span class='ocrx_word' id='word_1_131' title='bbox 1522 584 1555 637; x_wconf 91' lang='lat' dir='ltr'><strong>ad</strong></span> <span class='ocrx_word' id='word_1_132' title='bbox 1570 582 1703 639; x_wconf 90' lang='lat' dir='ltr'><strong>culturam</strong></span> <span class='ocrx_word' id='word_1_133' title='bbox 1718 592 1802 641; x_wconf 83' lang='lat' dir='ltr'><strong>exte-</strong></span> 
     </span>
     <span class='ocr_line' id='line_1_22' title="bbox 1001 669 1803 742; baseline 0.009 -19"><span class='ocrx_word' id='word_1_134' title='bbox 1001 669 1057 725; x_wconf 88' lang='lat' dir='ltr'><strong>rius</strong></span> <span class='ocrx_word' id='word_1_135' title='bbox 1070 669 1243 739; x_wconf 81' lang='lat' dir='ltr'><strong>adhibentur,</strong></span> <span class='ocrx_word' id='word_1_136' title='bbox 1262 685 1334 726; x_wconf 89' lang='lat' dir='ltr'><strong>nuno</strong></span> <span class='ocrx_word' id='word_1_137' title='bbox 1356 671 1489 742; x_wconf 85' lang='lat' dir='ltr'><strong>adipsum</strong></span> <span class='ocrx_word' id='word_1_138' title='bbox 1504 671 1584 727; x_wconf 88' lang='lat' dir='ltr'><strong>vitem</strong></span> <span class='ocrx_word' id='word_1_139' title='bbox 1595 671 1718 729; x_wconf 88' lang='lat' dir='ltr'><strong>animum</strong></span> <span class='ocrx_word' id='word_1_140' title='bbox 1734 689 1803 730; x_wconf 86' lang='lat' dir='ltr'><strong>con·</strong></span> 
     </span>
     <span class='ocr_line' id='line_1_23' title="bbox 1001 758 1801 831; baseline 0.008 -18"><span class='ocrx_word' id='word_1_141' title='bbox 1001 768 1151 826; x_wconf 86' lang='lat' dir='ltr'><strong>vertamus;</strong></span> <span class='ocrx_word' id='word_1_142' title='bbox 1188 769 1217 816; x_wconf 91' lang='lat' dir='ltr'><strong>ut</strong></span> <span class='ocrx_word' id='word_1_143' title='bbox 1245 774 1295 831; x_wconf 91' lang='lat' dir='ltr'><strong>per</strong></span> <span class='ocrx_word' id='word_1_144' title='bbox 1327 761 1456 831; x_wconf 89' lang='lat' dir='ltr'><strong>quasdam</strong></span> <span class='ocrx_word' id='word_1_145' title='bbox 1489 758 1681 816; x_wconf 81' lang='lat' dir='ltr'><strong>similitudines</strong></span> <span class='ocrx_word' id='word_1_146' title='bbox 1715 761 1801 830; x_wconf 82' lang='lat' dir='ltr'><strong>illius,</strong></span> 
     </span>
     <span class='ocr_line' id='line_1_24' title="bbox 1000 846 1802 924; baseline 0.009 -24"><span class='ocrx_word' id='word_1_147' title='bbox 1000 860 1119 903; x_wconf 87' lang='lat' dir='ltr'><strong>nostram</strong></span> <span class='ocrx_word' id='word_1_148' title='bbox 1132 846 1219 904; x_wconf 85' lang='lat' dir='ltr'><strong>Vitem</strong></span> <span class='ocrx_word' id='word_1_149' title='bbox 1232 848 1320 920; x_wconf 78' lang='lat' dir='ltr'><strong>magis</strong></span> <span class='ocrx_word' id='word_1_150' title='bbox 1334 848 1444 919; x_wconf 90' lang='lat' dir='ltr'><strong>proprie</strong></span> <span class='ocrx_word' id='word_1_151' title='bbox 1459 856 1487 903; x_wconf 87' lang='lat' dir='ltr'><strong>et</strong></span> <span class='ocrx_word' id='word_1_152' title='bbox 1501 847 1614 920; x_wconf 90' lang='lat' dir='ltr'><strong>propius</strong></span> <span class='ocrx_word' id='word_1_153' title='bbox 1628 851 1802 924; x_wconf 89' lang='lat' dir='ltr'><strong>contemple-</strong></span> 
     </span>
     <span class='ocr_line' id='line_1_25' title="bbox 1002 936 1803 1008; baseline 0.009 -19"><span class='ocrx_word' id='word_1_154' title='bbox 1002 951 1072 994; x_wconf 88' lang='lat' dir='ltr'><strong>mur.</strong></span> <span class='ocrx_word' id='word_1_155' title='bbox 1096 936 1193 992; x_wconf 87' lang='lat' dir='ltr'><strong>Totum</strong></span> <span class='ocrx_word' id='word_1_156' title='bbox 1214 951 1320 1007; x_wconf 89' lang='lat' dir='ltr'><strong>corpus</strong></span> <span class='ocrx_word' id='word_1_157' title='bbox 1343 937 1428 1008; x_wconf 90' lang='lat' dir='ltr'><strong>ipsios</strong></span> <span class='ocrx_word' id='word_1_158' title='bbox 1441 936 1503 992; x_wconf 91' lang='lat' dir='ltr'><strong>vitis</strong></span> <span class='ocrx_word' id='word_1_159' title='bbox 1531 936 1590 992; x_wconf 90' lang='lat' dir='ltr'><strong>aliis</strong></span> <span class='ocrx_word' id='word_1_160' title='bbox 1613 938 1760 995; x_wconf 85' lang='lat' dir='ltr'><strong>arboribus</strong></span> <span class='ocrx_word' id='word_1_161' title='bbox 1773 946 1803 996; x_wconf 85' lang='lat' dir='ltr'><strong>et</strong></span> 
     </span>
     <span class='ocr_line' id='line_1_26' title="bbox 1000 1024 1802 1098; baseline 0.007 -19"><span class='ocrx_word' id='word_1_162' title='bbox 1000 1024 1116 1080; x_wconf 87' lang='lat' dir='ltr'><strong>arbustis</strong></span> <span class='ocrx_word' id='word_1_163' title='bbox 1134 1024 1281 1081; x_wconf 80' lang='lat' dir='ltr'><strong>deformius</strong></span> <span class='ocrx_word' id='word_1_164' title='bbox 1309 1025 1456 1095; x_wconf 91' lang='lat' dir='ltr'><strong>invenitur,</strong></span> <span class='ocrx_word' id='word_1_165' title='bbox 1473 1033 1500 1081; x_wconf 85' lang='lat' dir='ltr'><strong>et</strong></span> <span class='ocrx_word' id='word_1_166' title='bbox 1514 1026 1592 1098; x_wconf 88' lang='lat' dir='ltr'><strong>quasi</strong></span> <span class='ocrx_word' id='word_1_167' title='bbox 1609 1026 1719 1097; x_wconf 87' lang='lat' dir='ltr'><strong>penitus</strong></span> <span class='ocrx_word' id='word_1_168' title='bbox 1736 1028 1802 1085; x_wconf 89' lang='lat' dir='ltr'><strong>iuu-</strong></span> 
     </span>
     <span class='ocr_line' id='line_1_27' title="bbox 1002 1111 1802 1185; baseline 0.004 -17"><span class='ocrx_word' id='word_1_169' title='bbox 1002 1111 1047 1169; x_wconf 87' lang='lat' dir='ltr'><strong>tile</strong></span> <span class='ocrx_word' id='word_1_170' title='bbox 1063 1114 1172 1170; x_wconf 90' lang='lat' dir='ltr'><strong>videtur</strong></span> <span class='ocrx_word' id='word_1_171' title='bbox 1183 1123 1209 1171; x_wconf 89' lang='lat' dir='ltr'><strong>et</strong></span> <span class='ocrx_word' id='word_1_172' title='bbox 1223 1115 1372 1185; x_wconf 88' lang='lat' dir='ltr'><strong>abjectum,</strong></span> <span class='ocrx_word' id='word_1_173' title='bbox 1397 1129 1448 1170; x_wconf 86' lang='lat' dir='ltr'><strong>nec</strong></span> <span class='ocrx_word' id='word_1_174' title='bbox 1474 1112 1657 1185; x_wconf 88' lang='lat' dir='ltr'><strong>ipsoaspeetu</strong></span> <span class='ocrx_word' id='word_1_175' title='bbox 1672 1115 1802 1183; x_wconf 83' lang='lat' dir='ltr'><strong>amabile,</strong></span> 
     </span>
     <span class='ocr_line' id='line_1_28' title="bbox 1002 1202 1806 1277; baseline 0.006 -21"><span class='ocrx_word' id='word_1_176' title='bbox 1002 1209 1048 1256; x_wconf 91' lang='lat' dir='ltr'><strong>ant</strong></span> <span class='ocrx_word' id='word_1_177' title='bbox 1066 1202 1136 1258; x_wconf 81' lang='lat' dir='ltr'><strong>risui</strong></span> <span class='ocrx_word' id='word_1_178' title='bbox 1150 1205 1365 1260; x_wconf 87' lang='lat' dir='ltr'><strong>accommodum.</strong></span> <span class='ocrx_word' id='word_1_179' title='bbox 1382 1203 1454 1272; x_wconf 87' lang='lat' dir='ltr'><strong>Quid</strong></span> <span class='ocrx_word' id='word_1_180' title='bbox 1468 1202 1514 1259; x_wconf 91' lang='lat' dir='ltr'><strong>hic</strong></span> <span class='ocrx_word' id='word_1_181' title='bbox 1533 1202 1674 1258; x_wconf 75' lang='lat' dir='ltr'><strong>dicemus?</strong></span> <span class='ocrx_word' id='word_1_182' title='bbox 1695 1203 1806 1277; x_wconf 87' lang='lat' dir='ltr'><strong>Corpus</strong></span> 
     </span>
     <span class='ocr_line' id='line_1_29' title="bbox 1001 1289 1808 1363; baseline 0.006 -19"><span class='ocrx_word' id='word_1_183' title='bbox 1001 1289 1071 1345; x_wconf 86' lang='lat' dir='ltr'><strong>Vitis</strong></span> <span class='ocrx_word' id='word_1_184' title='bbox 1090 1303 1191 1348; x_wconf 84' lang='lat' dir='ltr'><strong>nostrae</strong></span> <span class='ocrx_word' id='word_1_185' title='bbox 1206 1293 1312 1348; x_wconf 90' lang='lat' dir='ltr'><strong>Domini</strong></span> <span class='ocrx_word' id='word_1_186' title='bbox 1339 1293 1403 1349; x_wconf 88' lang='lat' dir='ltr'><strong>Jesu</strong></span> <span class='ocrx_word' id='word_1_187' title='bbox 1426 1289 1579 1363; x_wconf 79' lang='lat' dir='ltr'><strong>significare</strong></span> <span class='ocrx_word' id='word_1_188' title='bbox 1606 1292 1733 1362; x_wconf 85' lang='lat' dir='ltr'><strong>deberet,</strong></span> <span class='ocrx_word' id='word_1_189' title='bbox 1751 1291 1808 1349; x_wconf 88' lang='lat' dir='ltr'><strong>nisi</strong></span> 
     </span>
     <span class='ocr_line' id='line_1_30' title="bbox 1001 1378 1805 1451; baseline 0.002 -18"><span class='ocrx_word' id='word_1_190' title='bbox 1001 1378 1073 1451; x_wconf 90' lang='lat' dir='ltr'><strong>qnod</strong></span> <span class='ocrx_word' id='word_1_191' title='bbox 1094 1379 1242 1448; x_wconf 89' lang='lat' dir='ltr'><strong>plurimum</strong></span> <span class='ocrx_word' id='word_1_192' title='bbox 1270 1380 1425 1436; x_wconf 78' lang='lat' dir='ltr'><strong>discordare</strong></span> <span class='ocrx_word' id='word_1_193' title='bbox 1456 1379 1562 1436; x_wconf 88' lang='lat' dir='ltr'><strong>videtur</strong></span> <span class='ocrx_word' id='word_1_194' title='bbox 1576 1380 1805 1450; x_wconf 86' lang='lat' dir='ltr'><strong>hnjtasdeformi-</strong></span> 
     </span>
     <span class='ocr_line' id='line_1_31' title="bbox 1001 1467 1805 1542; baseline 0.005 -20"><span class='ocrx_word' id='word_1_195' title='bbox 1001 1477 1051 1534; x_wconf 87' lang='lat' dir='ltr'><strong>tas,</strong></span> <span class='ocrx_word' id='word_1_196' title='bbox 1068 1478 1095 1523; x_wconf 90' lang='lat' dir='ltr'><strong>et</strong></span> <span class='ocrx_word' id='word_1_197' title='bbox 1105 1467 1190 1523; x_wconf 90' lang='lat' dir='ltr'><strong>forma</strong></span> <span class='ocrx_word' id='word_1_198' title='bbox 1204 1468 1284 1536; x_wconf 90' lang='lat' dir='ltr'><strong>illius,</strong></span> <span class='ocrx_word' id='word_1_199' title='bbox 1300 1469 1334 1525; x_wconf 91' lang='lat' dir='ltr'><strong>de</strong></span> <span class='ocrx_word' id='word_1_200' title='bbox 1348 1484 1402 1540; x_wconf 88' lang='lat' dir='ltr'><strong>quo</strong></span> <span class='ocrx_word' id='word_1_201' title='bbox 1416 1470 1547 1540; x_wconf 84' lang='lat' dir='ltr'><strong>scriptum</strong></span> <span class='ocrx_word' id='word_1_202' title='bbox 1564 1478 1605 1525; x_wconf 90' lang='lat' dir='ltr'><strong>cst</strong></span> <span class='ocrx_word' id='word_1_203' title='bbox 1624 1485 1633 1522; x_wconf 74' lang='grc' dir='ltr'>ι</span> <span class='ocrx_word' id='word_1_204' title='bbox 1651 1469 1805 1542; x_wconf 74' lang='lat' dir='ltr'><strong>speciosas</strong></span> 
     </span>
    </p>
   </div>
   <div class='ocr_carea' id='block_1_9' title="bbox 146 1546 1807 1718">
    <p class='ocr_par' dir='ltr' id='par_1_9' title="bbox 146 1546 1807 1718">
     <span class='ocr_line' id='line_1_32' title="bbox 146 1546 1807 1628; baseline 0.002 -19"><span class='ocrx_word' id='word_1_205' title='bbox 146 1546 371 1615; x_wconf 82' lang='lat' dir='ltr'><strong>amaritudinibus</strong></span> <span class='ocrx_word' id='word_1_206' title='bbox 392 1558 593 1626; x_wconf 80' lang='lat' dir='ltr'><strong>amaricaverat,</strong></span> <span class='ocrx_word' id='word_1_207' title='bbox 617 1557 707 1615; x_wconf 91' lang='lat' dir='ltr'><strong>subito</strong></span> <span class='ocrx_word' id='word_1_208' title='bbox 727 1556 761 1612; x_wconf 89' lang='lat' dir='ltr'><strong>sit</strong></span> <span class='ocrx_word' id='word_1_209' title='bbox 782 1557 877 1613; x_wconf 88' lang='lat' dir='ltr'><strong>botrus</strong></span> <span class='ocrx_word' id='word_1_210' title='bbox 891 1555 946 1624; x_wconf 80' lang='lat' dir='ltr'><strong>Cy·</strong></span> <span class='ocrx_word' id='word_1_211' title='bbox 1000 1558 1093 1625; x_wconf 70' lang='lat' dir='ltr'><strong>formo</strong></span> <span class='ocrx_word' id='word_1_212' title='bbox 1106 1571 1168 1626; x_wconf 78' lang='lat' dir='ltr'><strong>pave</strong></span> <span class='ocrx_word' id='word_1_213' title='bbox 1175 1556 1246 1625; x_wconf 67' lang='lat' dir='ltr'><strong>titiis</strong></span> <span class='ocrx_word' id='word_1_214' title='bbox 1262 1555 1408 1613; x_wconf 77' lang='lat' dir='ltr'><strong>bornicum</strong></span> <span class='ocrx_word' id='word_1_215' title='bbox 1422 1555 1510 1627; x_wconf 84' lang='lat' dir='ltr'><strong>(Prot.</strong></span> <span class='ocrx_word' id='word_1_216' title='bbox 1535 1556 1743 1628; x_wconf 82' lang='lat' dir='ltr'><strong>xa1v‚3).Sont</strong></span> <span class='ocrx_word' id='word_1_217' title='bbox 1759 1571 1807 1612; x_wconf 88' lang='lat' dir='ltr'><strong>su·</strong></span> 
     </span>
     <span class='ocr_line' id='line_1_33' title="bbox 148 1605 1805 1718; baseline -0.001 -17"><span class='ocrx_word' id='word_1_218' title='bbox 148 1645 199 1715; x_wconf 87' lang='lat' dir='ltr'><strong>pri,</strong></span> <span class='ocrx_word' id='word_1_219' title='bbox 215 1645 358 1702; x_wconf 83' lang='lat' dir='ltr'><strong>continens</strong></span> <span class='ocrx_word' id='word_1_220' title='bbox 380 1646 408 1700; x_wconf 92' lang='lat' dir='ltr'><strong>in</strong></span> <span class='ocrx_word' id='word_1_221' title='bbox 423 1662 451 1701; x_wconf 92' lang='lat' dir='ltr'><strong>se</strong></span> <span class='ocrx_word' id='word_1_222' title='bbox 465 1647 558 1702; x_wconf 89' lang='lat' dir='ltr'><strong>viuum</strong></span> <span class='ocrx_word' id='word_1_223' title='bbox 571 1646 749 1714; x_wconf 76' lang='lat' dir='ltr'><strong>iucunditatis</strong></span> <span class='ocrx_word' id='word_1_224' title='bbox 781 1652 808 1700; x_wconf 91' lang='lat' dir='ltr'><strong>et</strong></span> <span class='ocrx_word' id='word_1_225' title='bbox 822 1642 922 1699; x_wconf 78' lang='lat' dir='ltr'><strong>laetittae</strong></span> <span class='ocrx_word' id='word_1_226' title='bbox 938 1661 945 1696; x_wconf 76' lang='grc' dir='ltr'>ι</span> <span class='ocrx_word' id='word_1_227' title='bbox 963 1605 986 1682; x_wconf 73' lang='grc' dir='ltr'><strong><em>Β</em></strong></span> <span class='ocrx_word' id='word_1_228' title='bbox 1004 1652 1054 1699; x_wconf 90' lang='lat' dir='ltr'><strong>tem</strong></span> <span class='ocrx_word' id='word_1_229' title='bbox 1071 1646 1192 1700; x_wconf 91' lang='lat' dir='ltr'><strong>nonnulli</strong></span> <span class='ocrx_word' id='word_1_230' title='bbox 1205 1645 1252 1718; x_wconf 92' lang='lat' dir='ltr'><strong>qui</strong></span> <span class='ocrx_word' id='word_1_231' title='bbox 1266 1647 1324 1701; x_wconf 86' lang='lat' dir='ltr'><strong>haec</strong></span> <span class='ocrx_word' id='word_1_232' title='bbox 1349 1647 1430 1701; x_wconf 90' lang='lat' dir='ltr'><strong>verba</strong></span> <span class='ocrx_word' id='word_1_233' title='bbox 1445 1661 1499 1700; x_wconf 90' lang='lat' dir='ltr'><strong>aon</strong></span> <span class='ocrx_word' id='word_1_234' title='bbox 1515 1645 1547 1701; x_wconf 90' lang='lat' dir='ltr'><strong>ad</strong></span> <span class='ocrx_word' id='word_1_235' title='bbox 1561 1645 1740 1711; x_wconf 83' lang='lat' dir='ltr'><strong>exteriorem,</strong></span> <span class='ocrx_word' id='word_1_236' title='bbox 1757 1647 1805 1702; x_wconf 89' lang='lat' dir='ltr'><strong>sed</strong></span> 
     </span>
    </p>
   </div>
   <div class='ocr_carea' id='block_1_10' title="bbox 146 1732 950 2863">
    <p class='ocr_par' dir='ltr' id='par_1_10' title="bbox 146 1732 949 2316">
     <span class='ocr_line' id='line_1_34' title="bbox 147 1732 948 1805; baseline -0.005 -18"><span class='ocrx_word' id='word_1_237' title='bbox 147 1734 221 1804; x_wconf 88' lang='lat' dir='ltr'><strong>quod</strong></span> <span class='ocrx_word' id='word_1_238' title='bbox 235 1732 274 1800; x_wconf 89' lang='lat' dir='ltr'><strong>lit,</strong></span> <span class='ocrx_word' id='word_1_239' title='bbox 298 1735 363 1788; x_wconf 91' lang='lat' dir='ltr'><strong>dum</strong></span> <span class='ocrx_word' id='word_1_240' title='bbox 379 1735 525 1805; x_wconf 89' lang='lat' dir='ltr'><strong>Sponsum,</strong></span> <span class='ocrx_word' id='word_1_241' title='bbox 545 1749 626 1805; x_wconf 85' lang='lat' dir='ltr'><strong>quem</strong></span> <span class='ocrx_word' id='word_1_242' title='bbox 641 1742 679 1789; x_wconf 93' lang='lat' dir='ltr'><strong>tot</strong></span> <span class='ocrx_word' id='word_1_243' title='bbox 704 1733 808 1787; x_wconf 87' lang='lat' dir='ltr'><strong>viderat</strong></span> <span class='ocrx_word' id='word_1_244' title='bbox 836 1745 948 1800; x_wconf 90' lang='lat' dir='ltr'><strong>oppres·</strong></span> 
     </span>
     <span class='ocr_line' id='line_1_35' title="bbox 147 1820 949 1890; baseline -0.001 -18"><span class='ocrx_word' id='word_1_245' title='bbox 147 1833 208 1875; x_wconf 86' lang='lat' dir='ltr'><strong>suro</strong></span> <span class='ocrx_word' id='word_1_246' title='bbox 226 1820 343 1890; x_wconf 80' lang='lat' dir='ltr'><strong>injuriis,</strong></span> <span class='ocrx_word' id='word_1_247' title='bbox 359 1830 478 1877; x_wconf 89' lang='lat' dir='ltr'><strong>etmorte</strong></span> <span class='ocrx_word' id='word_1_248' title='bbox 493 1820 649 1890; x_wconf 81' lang='lat' dir='ltr'><strong>turpissima</strong></span> <span class='ocrx_word' id='word_1_249' title='bbox 663 1820 882 1886; x_wconf 90' lang='lat' dir='ltr'><strong>condemnatum,</strong></span> <span class='ocrx_word' id='word_1_250' title='bbox 898 1833 949 1888; x_wconf 91' lang='lat' dir='ltr'><strong>per</strong></span> 
     </span>
     <span class='ocr_line' id='line_1_36' title="bbox 147 1907 948 1978; baseline 0.005 -17"><span class='ocrx_word' id='word_1_251' title='bbox 147 1907 355 1963; x_wconf 87' lang='lat' dir='ltr'><strong>resurrectionis</strong></span> <span class='ocrx_word' id='word_1_252' title='bbox 370 1909 535 1978; x_wconf 89' lang='lat' dir='ltr'><strong>triumphum</strong></span> <span class='ocrx_word' id='word_1_253' title='bbox 544 1908 628 1978; x_wconf 81' lang='lat' dir='ltr'><strong>glorta</strong></span> <span class='ocrx_word' id='word_1_254' title='bbox 648 1907 720 1964; x_wconf 90' lang='lat' dir='ltr'><strong>videt</strong></span> <span class='ocrx_word' id='word_1_255' title='bbox 735 1915 761 1962; x_wconf 87' lang='lat' dir='ltr'><strong>st</strong></span> <span class='ocrx_word' id='word_1_256' title='bbox 780 1909 882 1963; x_wconf 84' lang='lat' dir='ltr'><strong>honore</strong></span> <span class='ocrx_word' id='word_1_257' title='bbox 902 1920 948 1965; x_wconf 79' lang='lat' dir='ltr'><strong>co·</strong></span> 
     </span>
     <span class='ocr_line' id='line_1_37' title="bbox 146 1993 948 2067; baseline -0.005 -17"><span class='ocrx_word' id='word_1_258' title='bbox 146 1997 280 2061; x_wconf 81' lang='lat' dir='ltr'><strong>sonatum,</strong></span> <span class='ocrx_word' id='word_1_259' title='bbox 300 2004 327 2051; x_wconf 89' lang='lat' dir='ltr'><strong>et</strong></span> <span class='ocrx_word' id='word_1_260' title='bbox 343 2012 405 2051; x_wconf 88' lang='lat' dir='ltr'><strong>curn</strong></span> <span class='ocrx_word' id='word_1_261' title='bbox 419 1996 596 2063; x_wconf 85' lang='lat' dir='ltr'><strong>humanitate,</strong></span> <span class='ocrx_word' id='word_1_262' title='bbox 607 2010 689 2067; x_wconf 89' lang='lat' dir='ltr'><strong>quam</strong></span> <span class='ocrx_word' id='word_1_263' title='bbox 704 2001 899 2065; x_wconf 86' lang='lat' dir='ltr'><strong>assumpserat,</strong></span> <span class='ocrx_word' id='word_1_264' title='bbox 914 1993 948 2048; x_wconf 92' lang='lat' dir='ltr'><strong>ad</strong></span> 
     </span>
     <span class='ocr_line' id='line_1_38' title="bbox 148 2081 949 2149; baseline -0.002 -11"><span class='ocrx_word' id='word_1_265' title='bbox 148 2085 234 2140; x_wconf 88' lang='lat' dir='ltr'><strong>Patris</strong></span> <span class='ocrx_word' id='word_1_266' title='bbox 248 2086 386 2141; x_wconf 87' lang='lat' dir='ltr'><strong>dexteram</strong></span> <span class='ocrx_word' id='word_1_267' title='bbox 413 2082 569 2149; x_wconf 87' lang='lat' dir='ltr'><strong>considere;</strong></span> <span class='ocrx_word' id='word_1_268' title='bbox 584 2082 724 2140; x_wconf 88' lang='lat' dir='ltr'><strong>confidens</strong></span> <span class='ocrx_word' id='word_1_269' title='bbox 748 2098 777 2138; x_wconf 92' lang='lat' dir='ltr'><strong>se</strong></span> <span class='ocrx_word' id='word_1_270' title='bbox 799 2081 949 2138; x_wconf 87' lang='lat' dir='ltr'><strong>certissime</strong></span> 
     </span>
     <span class='ocr_line' id='line_1_39' title="bbox 147 2169 948 2242; baseline -0.004 -17"><span class='ocrx_word' id='word_1_271' title='bbox 147 2186 194 2242; x_wconf 87' lang='lat' dir='ltr'><strong>per</strong></span> <span class='ocrx_word' id='word_1_272' title='bbox 218 2171 339 2227; x_wconf 88' lang='lat' dir='ltr'><strong>diversas</strong></span> <span class='ocrx_word' id='word_1_273' title='bbox 353 2170 539 2228; x_wconf 87' lang='lat' dir='ltr'><strong>tribulationes</strong></span> <span class='ocrx_word' id='word_1_274' title='bbox 554 2171 586 2227; x_wconf 93' lang='lat' dir='ltr'><strong>ad</strong></span> <span class='ocrx_word' id='word_1_275' title='bbox 602 2171 672 2228; x_wconf 90' lang='lat' dir='ltr'><strong>idem</strong></span> <span class='ocrx_word' id='word_1_276' title='bbox 698 2169 805 2226; x_wconf 83' lang='lat' dir='ltr'><strong>bomini</strong></span> <span class='ocrx_word' id='word_1_277' title='bbox 820 2170 862 2226; x_wconf 89' lang='lat' dir='ltr'><strong>sui</strong></span> <span class='ocrx_word' id='word_1_278' title='bbox 878 2184 948 2242; x_wconf 76' lang='lat' dir='ltr'><strong>gau·</strong></span> 
     </span>
     <span class='ocr_line' id='line_1_40' title="bbox 147 2259 406 2316; baseline 0.012 -3"><span class='ocrx_word' id='word_1_279' title='bbox 147 2259 223 2314; x_wconf 91' lang='lat' dir='ltr'><strong>dium</strong></span> <span class='ocrx_word' id='word_1_280' title='bbox 238 2260 406 2316; x_wconf 87' lang='lat' dir='ltr'><strong>intraturam.</strong></span> 
     </span>
    </p>

    <p class='ocr_par' dir='ltr' id='par_1_11' title="bbox 148 2346 950 2863">
     <span class='ocr_line' id='line_1_41' title="bbox 184 2346 949 2421; baseline -0.004 -18"><span class='ocrx_word' id='word_1_281' title='bbox 184 2346 229 2405; x_wconf 85' lang='lat' dir='ltr'><strong>ts.</strong></span> <span class='ocrx_word' id='word_1_282' title='bbox 245 2348 378 2404; x_wconf 83' lang='lat' dir='ltr'><strong>Erasmus</strong></span> <span class='ocrx_word' id='word_1_283' title='bbox 392 2349 505 2421; x_wconf 81' lang='lat' dir='ltr'><strong>igituret</strong></span> <span class='ocrx_word' id='word_1_284' title='bbox 520 2364 579 2416; x_wconf 90' lang='lat' dir='ltr'><strong>uos,</strong></span> <span class='ocrx_word' id='word_1_285' title='bbox 595 2349 744 2406; x_wconf 84' lang='lat' dir='ltr'><strong>secuudum</strong></span> <span class='ocrx_word' id='word_1_286' title='bbox 762 2349 862 2405; x_wconf 88' lang='lat' dir='ltr'><strong>monita</strong></span> <span class='ocrx_word' id='word_1_287' title='bbox 874 2347 949 2401; x_wconf 86' lang='lat' dir='ltr'><strong>Pauli</strong></span> 
     </span>
     <span class='ocr_line' id='line_1_42' title="bbox 148 2438 947 2509; baseline -0.003 -18"><span class='ocrx_word' id='word_1_288' title='bbox 148 2438 349 2509; x_wconf 69' lang='lat' dir='ltr'><strong>apostolicum</strong></span> <span class='ocrx_word' id='word_1_289' title='bbox 363 2453 466 2508; x_wconf 89' lang='lat' dir='ltr'><strong>sponso</strong></span> <span class='ocrx_word' id='word_1_290' title='bbox 476 2448 572 2494; x_wconf 90' lang='lat' dir='ltr'><strong>nostro</strong></span> <span class='ocrx_word' id='word_1_291' title='bbox 590 2439 661 2494; x_wconf 92' lang='lat' dir='ltr'><strong>bono</strong></span> <span class='ocrx_word' id='word_1_292' title='bbox 675 2438 741 2493; x_wconf 90' lang='lat' dir='ltr'><strong>Jeso</strong></span> <span class='ocrx_word' id='word_1_293' title='bbox 752 2444 828 2493; x_wconf 78' lang='lat' dir='ltr'><strong>extra</strong></span> <span class='ocrx_word' id='word_1_294' title='bbox 851 2446 947 2503; x_wconf 89' lang='lat' dir='ltr'><strong>castra,</strong></span> 
     </span>
     <span class='ocr_line' id='line_1_43' title="bbox 150 2523 949 2598; baseline -0.001 -20"><span class='ocrx_word' id='word_1_295' title='bbox 150 2524 177 2579; x_wconf 94' lang='lat' dir='ltr'><strong>id</strong></span> <span class='ocrx_word' id='word_1_296' title='bbox 195 2532 326 2582; x_wconf 83' lang='lat' dir='ltr'><strong>estcxtra</strong></span> <span class='ocrx_word' id='word_1_297' title='bbox 355 2525 586 2597; x_wconf 88' lang='lat' dir='ltr'><strong>concupiscentias</strong></span> <span class='ocrx_word' id='word_1_298' title='bbox 614 2527 754 2598; x_wconf 74' lang='lat' dir='ltr'><strong>praesentis</strong></span> <span class='ocrx_word' id='word_1_299' title='bbox 767 2523 869 2590; x_wconf 84' lang='lat' dir='ltr'><strong>saeculi,</strong></span> <span class='ocrx_word' id='word_1_300' title='bbox 894 2524 949 2577; x_wconf 92' lang='lat' dir='ltr'><strong>im-</strong></span> 
     </span>
     <span class='ocr_line' id='line_1_44' title="bbox 149 2613 949 2685; baseline -0.005 -15"><span class='ocrx_word' id='word_1_301' title='bbox 149 2613 305 2685; x_wconf 87' lang='lat' dir='ltr'><strong>properium</strong></span> <span class='ocrx_word' id='word_1_302' title='bbox 329 2613 416 2670; x_wconf 87' lang='lat' dir='ltr'><strong>crucis</strong></span> <span class='ocrx_word' id='word_1_303' title='bbox 444 2624 471 2669; x_wconf 90' lang='lat' dir='ltr'><strong>at</strong></span> <span class='ocrx_word' id='word_1_304' title='bbox 500 2613 671 2672; x_wconf 85' lang='lat' dir='ltr'><strong>vinculorum</strong></span> <span class='ocrx_word' id='word_1_305' title='bbox 693 2614 864 2685; x_wconf 79' lang='lat' dir='ltr'><strong>asperitatem</strong></span> <span class='ocrx_word' id='word_1_306' title='bbox 887 2628 949 2668; x_wconf 89' lang='lat' dir='ltr'><strong>curn</strong></span> 
     </span>
     <span class='ocr_line' id='line_1_45' title="bbox 151 2700 950 2775; baseline 0 -19"><span class='ocrx_word' id='word_1_307' title='bbox 151 2700 195 2757; x_wconf 94' lang='lat' dir='ltr'><strong>illo</strong></span> <span class='ocrx_word' id='word_1_308' title='bbox 210 2707 349 2773; x_wconf 90' lang='lat' dir='ltr'><strong>portantes</strong></span> <span class='ocrx_word' id='word_1_309' title='bbox 376 2704 468 2774; x_wconf 79' lang='lat' dir='ltr'><strong>(flabr.</strong></span> <span class='ocrx_word' id='word_1_310' title='bbox 497 2718 557 2769; x_wconf 81' lang='lat' dir='ltr'><strong>snt,</strong></span> <span class='ocrx_word' id='word_1_311' title='bbox 588 2702 634 2773; x_wconf 81' lang='lat' dir='ltr'><strong>ts)</strong></span> <span class='ocrx_word' id='word_1_312' title='bbox 662 2720 669 2757; x_wconf 75' lang='grc' dir='ltr'><strong><em>ε</em></strong></span> <span class='ocrx_word' id='word_1_313' title='bbox 699 2701 762 2775; x_wconf 88' lang='lat' dir='ltr'><strong>quia</strong></span> <span class='ocrx_word' id='word_1_314' title='bbox 790 2717 844 2759; x_wconf 91' lang='lat' dir='ltr'><strong>non</strong></span> <span class='ocrx_word' id='word_1_315' title='bbox 872 2701 950 2756; x_wconf 88' lang='lat' dir='ltr'><strong>decet</strong></span> 
     </span>
     <span class='ocr_line' id='line_1_46' title="bbox 152 2789 949 2863; baseline 0.004 -19"><span class='ocrx_word' id='word_1_316' title='bbox 152 2791 306 2846; x_wconf 90' lang='lat' dir='ltr'><strong>membmm</strong></span> <span class='ocrx_word' id='word_1_317' title='bbox 327 2791 471 2848; x_wconf 88' lang='lat' dir='ltr'><strong>delicatum</strong></span> <span class='ocrx_word' id='word_1_318' title='bbox 486 2807 547 2849; x_wconf 87' lang='lat' dir='ltr'><strong>osse</strong></span> <span class='ocrx_word' id='word_1_319' title='bbox 561 2791 614 2847; x_wconf 92' lang='lat' dir='ltr'><strong>sub</strong></span> <span class='ocrx_word' id='word_1_320' title='bbox 632 2791 720 2863; x_wconf 88' lang='lat' dir='ltr'><strong>capite</strong></span> <span class='ocrx_word' id='word_1_321' title='bbox 733 2789 863 2846; x_wconf 84' lang='lat' dir='ltr'><strong>crucifixo</strong></span> <span class='ocrx_word' id='word_1_322' title='bbox 876 2809 883 2856; x_wconf 80' lang='lat'>3</span> <span class='ocrx_word' id='word_1_323' title='bbox 899 2807 949 2847; x_wconf 91' lang='lat' dir='ltr'><strong>nec</strong></span> 
     </span>
    </p>
   </div>
   <div class='ocr_carea' id='block_1_11' title="bbox 1001 1730 1806 2159">
    <p class='ocr_par' dir='ltr' id='par_1_12' title="bbox 1001 1730 1806 2159">
     <span class='ocr_line' id='line_1_47' title="bbox 1002 1730 1803 1806; baseline 0.005 -22"><span class='ocrx_word' id='word_1_324' title='bbox 1002 1730 1161 1787; x_wconf 88' lang='lat' dir='ltr'><strong>interiorem</strong></span> <span class='ocrx_word' id='word_1_325' title='bbox 1175 1733 1313 1789; x_wconf 89' lang='lat' dir='ltr'><strong>hominem</strong></span> <span class='ocrx_word' id='word_1_326' title='bbox 1328 1740 1507 1806; x_wconf 88' lang='lat' dir='ltr'><strong>retorqueant,</strong></span> <span class='ocrx_word' id='word_1_327' title='bbox 1524 1731 1550 1786; x_wconf 92' lang='lat' dir='ltr'><strong>id</strong></span> <span class='ocrx_word' id='word_1_328' title='bbox 1567 1743 1618 1803; x_wconf 87' lang='lat' dir='ltr'><strong>est,</strong></span> <span class='ocrx_word' id='word_1_329' title='bbox 1639 1734 1672 1786; x_wconf 92' lang='lat' dir='ltr'><strong>ad</strong></span> <span class='ocrx_word' id='word_1_330' title='bbox 1684 1731 1803 1788; x_wconf 88' lang='lat' dir='ltr'><strong>animam</strong></span> 
     </span>
     <span class='ocr_line' id='line_1_48' title="bbox 1002 1818 1804 1890; baseline 0 -16"><span class='ocrx_word' id='word_1_331' title='bbox 1002 1821 1059 1875; x_wconf 89' lang='lat' dir='ltr'><strong>sive</strong></span> <span class='ocrx_word' id='word_1_332' title='bbox 1078 1821 1111 1875; x_wconf 92' lang='lat' dir='ltr'><strong>ad</strong></span> <span class='ocrx_word' id='word_1_333' title='bbox 1127 1819 1305 1887; x_wconf 82' lang='lat' dir='ltr'><strong>divinitatem,</strong></span> <span class='ocrx_word' id='word_1_334' title='bbox 1329 1821 1356 1874; x_wconf 93' lang='lat' dir='ltr'><strong>in</strong></span> <span class='ocrx_word' id='word_1_335' title='bbox 1370 1819 1471 1890; x_wconf 88' lang='lat' dir='ltr'><strong>quibus</strong></span> <span class='ocrx_word' id='word_1_336' title='bbox 1484 1818 1610 1873; x_wconf 90' lang='lat' dir='ltr'><strong>nimirum</strong></span> <span class='ocrx_word' id='word_1_337' title='bbox 1635 1835 1689 1874; x_wconf 90' lang='lat' dir='ltr'><strong>noa</strong></span> <span class='ocrx_word' id='word_1_338' title='bbox 1713 1818 1804 1874; x_wconf 89' lang='lat' dir='ltr'><strong>solum</strong></span> 
     </span>
     <span class='ocr_line' id='line_1_49' title="bbox 1003 1906 1806 1980; baseline 0.004 -18"><span class='ocrx_word' id='word_1_339' title='bbox 1003 1906 1074 1963; x_wconf 86' lang='lat' dir='ltr'><strong>filios</strong></span> <span class='ocrx_word' id='word_1_340' title='bbox 1101 1909 1251 1976; x_wconf 90' lang='lat' dir='ltr'><strong>hominum,</strong></span> <span class='ocrx_word' id='word_1_341' title='bbox 1268 1909 1315 1965; x_wconf 90' lang='lat' dir='ltr'><strong>sed</strong></span> <span class='ocrx_word' id='word_1_342' title='bbox 1336 1908 1416 1964; x_wconf 85' lang='lat' dir='ltr'><strong>etiam</strong></span> <span class='ocrx_word' id='word_1_343' title='bbox 1438 1906 1508 1965; x_wconf 90' lang='lat' dir='ltr'><strong>titios</strong></span> <span class='ocrx_word' id='word_1_344' title='bbox 1531 1907 1593 1974; x_wconf 85' lang='lat' dir='ltr'><strong>Dei,</strong></span> <span class='ocrx_word' id='word_1_345' title='bbox 1613 1906 1639 1962; x_wconf 93' lang='lat' dir='ltr'><strong>id</strong></span> <span class='ocrx_word' id='word_1_346' title='bbox 1663 1917 1706 1963; x_wconf 89' lang='lat' dir='ltr'><strong>est</strong></span> <span class='ocrx_word' id='word_1_347' title='bbox 1730 1907 1806 1980; x_wconf 91' lang='lat' dir='ltr'><strong>ipsos</strong></span> 
     </span>
     <span class='ocr_line' id='line_1_50' title="bbox 1003 1995 1801 2069; baseline 0.003 -19"><span class='ocrx_word' id='word_1_348' title='bbox 1003 1996 1140 2067; x_wconf 79' lang='lat' dir='ltr'><strong>angelicos</strong></span> <span class='ocrx_word' id='word_1_349' title='bbox 1161 1995 1283 2069; x_wconf 83' lang='lat' dir='ltr'><strong>spiritus,</strong></span> <span class='ocrx_word' id='word_1_350' title='bbox 1311 1995 1489 2067; x_wconf 83' lang='lat' dir='ltr'><strong>praecellebat.</strong></span> <span class='ocrx_word' id='word_1_351' title='bbox 1520 1996 1605 2051; x_wconf 84' lang='lat' dir='ltr'><strong>&#39;fanto</strong></span> <span class='ocrx_word' id='word_1_352' title='bbox 1620 1996 1692 2051; x_wconf 90' lang='lat' dir='ltr'><strong>enirn</strong></span> <span class='ocrx_word' id='word_1_353' title='bbox 1706 1995 1801 2052; x_wconf 89' lang='lat' dir='ltr'><strong>melior</strong></span> 
     </span>
     <span class='ocr_line' id='line_1_51' title="bbox 1001 2083 1803 2159; baseline 0.001 -19"><span class='ocrx_word' id='word_1_354' title='bbox 1001 2084 1114 2159; x_wconf 76' lang='lat' dir='ltr'><strong>Angelis</strong></span> <span class='ocrx_word' id='word_1_355' title='bbox 1128 2085 1244 2142; x_wconf 89' lang='lat' dir='ltr'><strong>effectus</strong></span> <span class='ocrx_word' id='word_1_356' title='bbox 1257 2094 1307 2151; x_wconf 86' lang='lat' dir='ltr'><strong>est,</strong></span> <span class='ocrx_word' id='word_1_357' title='bbox 1323 2092 1423 2157; x_wconf 90' lang='lat' dir='ltr'><strong>quanto</strong></span> <span class='ocrx_word' id='word_1_358' title='bbox 1437 2083 1606 2141; x_wconf 90' lang='lat' dir='ltr'><strong>differentius</strong></span> <span class='ocrx_word' id='word_1_359' title='bbox 1621 2099 1678 2154; x_wconf 82' lang='lat' dir='ltr'><strong>prae</strong></span> <span class='ocrx_word' id='word_1_360' title='bbox 1693 2083 1748 2140; x_wconf 86' lang='lat' dir='ltr'><strong>iltis</strong></span> <span class='ocrx_word' id='word_1_361' title='bbox 1757 2099 1803 2141; x_wconf 91' lang='lat' dir='ltr'><strong>no·</strong></span> 
     </span>
    </p>
   </div>
   <div class='ocr_carea' id='block_1_12' title="bbox 996 2171 1803 2245">
    <p class='ocr_par' dir='ltr' id='par_1_13' title="bbox 996 2171 1803 2245">
     <span class='ocr_line' id='line_1_52' title="bbox 996 2171 1803 2245; baseline -0.002 -15"><span class='ocrx_word' id='word_1_362' title='bbox 996 2189 1064 2230; x_wconf 78' lang='lat' dir='ltr'><strong>¹men</strong></span> <span class='ocrx_word' id='word_1_363' title='bbox 1079 2173 1250 2231; x_wconf 73' lang='lat' dir='ltr'><strong>hereditavit</strong></span> <span class='ocrx_word' id='word_1_364' title='bbox 1266 2173 1357 2244; x_wconf 81' lang='lat' dir='ltr'><strong>(flabr.</strong></span> <span class='ocrx_word' id='word_1_365' title='bbox 1373 2187 1393 2242; x_wconf 89' lang='lat'><strong>1,</strong></span> <span class='ocrx_word' id='word_1_366' title='bbox 1409 2172 1445 2243; x_wconf 80' lang='lat' dir='ltr'><strong>l).</strong></span> <span class='ocrx_word' id='word_1_367' title='bbox 1461 2173 1502 2228; x_wconf 90' lang='lat' dir='ltr'><strong>Ne</strong></span> <span class='ocrx_word' id='word_1_368' title='bbox 1520 2186 1587 2245; x_wconf 77' lang='lat' dir='ltr'><strong>ergo</strong></span> <span class='ocrx_word' id='word_1_369' title='bbox 1597 2186 1647 2227; x_wconf 90' lang='lat' dir='ltr'><strong>nos</strong></span> <span class='ocrx_word' id='word_1_370' title='bbox 1663 2171 1729 2229; x_wconf 94' lang='lat' dir='ltr'><strong>huic</strong></span> <span class='ocrx_word' id='word_1_371' title='bbox 1740 2188 1803 2228; x_wconf 88' lang='lat' dir='ltr'><strong>aeo-</strong></span> 
     </span>
    </p>
   </div>
   <div class='ocr_carea' id='block_1_13' title="bbox 1002 2258 1805 2863">
    <p class='ocr_par' dir='ltr' id='par_1_14' title="bbox 1002 2258 1805 2863">
     <span class='ocr_line' id='line_1_53' title="bbox 1002 2258 1804 2328; baseline -0.001 -12"><span class='ocrx_word' id='word_1_372' title='bbox 1002 2260 1091 2318; x_wconf 82' lang='lat' dir='ltr'><strong>tentiae</strong></span> <span class='ocrx_word' id='word_1_373' title='bbox 1113 2261 1295 2319; x_wconf 89' lang='lat' dir='ltr'><strong>contradicere</strong></span> <span class='ocrx_word' id='word_1_374' title='bbox 1322 2259 1472 2328; x_wconf 89' lang='lat' dir='ltr'><strong>videamur,</strong></span> <span class='ocrx_word' id='word_1_375' title='bbox 1495 2258 1529 2313; x_wconf 93' lang='lat' dir='ltr'><strong>ad</strong></span> <span class='ocrx_word' id='word_1_376' title='bbox 1557 2274 1667 2313; x_wconf 90' lang='lat' dir='ltr'><strong>manum</strong></span> <span class='ocrx_word' id='word_1_377' title='bbox 1681 2259 1804 2316; x_wconf 92' lang='lat' dir='ltr'><strong>auctori·</strong></span> 
     </span>
     <span class='ocr_line' id='line_1_54' title="bbox 1004 2347 1805 2420; baseline -0.006 -14"><span class='ocrx_word' id='word_1_378' title='bbox 1004 2360 1073 2407; x_wconf 87' lang='lat' dir='ltr'><strong>tates</strong></span> <span class='ocrx_word' id='word_1_379' title='bbox 1098 2351 1254 2406; x_wconf 86' lang='lat' dir='ltr'><strong>trahemus:</strong></span> <span class='ocrx_word' id='word_1_380' title='bbox 1283 2349 1347 2405; x_wconf 87' lang='lat' dir='ltr'><strong>licet</strong></span> <span class='ocrx_word' id='word_1_381' title='bbox 1371 2348 1501 2420; x_wconf 90' lang='lat' dir='ltr'><strong>plurimos</strong></span> <span class='ocrx_word' id='word_1_382' title='bbox 1521 2363 1582 2402; x_wconf 88' lang='lat' dir='ltr'><strong>esse</strong></span> <span class='ocrx_word' id='word_1_383' title='bbox 1605 2347 1735 2414; x_wconf 84' lang='lat' dir='ltr'><strong>sciamus,</strong></span> <span class='ocrx_word' id='word_1_384' title='bbox 1759 2347 1805 2420; x_wconf 88' lang='lat' dir='ltr'><strong>qni</strong></span> 
     </span>
     <span class='ocr_line' id='line_1_55' title="bbox 1006 2435 1803 2508; baseline -0.005 -12"><span class='ocrx_word' id='word_1_385' title='bbox 1006 2441 1126 2496; x_wconf 90' lang='lat' dir='ltr'><strong>nondum</strong></span> <span class='ocrx_word' id='word_1_386' title='bbox 1145 2438 1257 2495; x_wconf 87' lang='lat' dir='ltr'><strong>omnino</strong></span> <span class='ocrx_word' id='word_1_387' title='bbox 1272 2437 1426 2508; x_wconf 90' lang='lat' dir='ltr'><strong>spirituales</strong></span> <span class='ocrx_word' id='word_1_388' title='bbox 1456 2435 1557 2501; x_wconf 81' lang='lat' dir='ltr'><strong>eflecti,</strong></span> <span class='ocrx_word' id='word_1_389' title='bbox 1580 2435 1650 2490; x_wconf 88' lang='lat' dir='ltr'><strong>allttd</strong></span> <span class='ocrx_word' id='word_1_390' title='bbox 1677 2435 1803 2503; x_wconf 88' lang='lat' dir='ltr'><strong>sentiant,</strong></span> 
     </span>
     <span class='ocr_line' id='line_1_56' title="bbox 1006 2521 1803 2602; baseline -0.009 -17"><span class='ocrx_word' id='word_1_391' title='bbox 1006 2529 1140 2602; x_wconf 82' lang='lat' dir='ltr'><strong>fingentes</strong></span> <span class='ocrx_word' id='word_1_392' title='bbox 1150 2527 1201 2584; x_wconf 89' lang='lat' dir='ltr'><strong>sibi</strong></span> <span class='ocrx_word' id='word_1_393' title='bbox 1214 2529 1355 2600; x_wconf 86' lang='lat' dir='ltr'><strong>quamdam</strong></span> <span class='ocrx_word' id='word_1_394' title='bbox 1368 2525 1534 2597; x_wconf 89' lang='lat' dir='ltr'><strong>spiritualem</strong></span> <span class='ocrx_word' id='word_1_395' title='bbox 1551 2523 1631 2596; x_wconf 74' lang='lat' dir='ltr'><strong>[fort.</strong></span> <span class='ocrx_word' id='word_1_396' title='bbox 1643 2521 1803 2596; x_wconf 83' lang='lat' dir='ltr'><strong>specialem]</strong></span> 
     </span>
     <span class='ocr_line' id='line_1_57' title="bbox 1005 2611 1803 2686; baseline -0.005 -16"><span class='ocrx_word' id='word_1_397' title='bbox 1005 2614 1231 2686; x_wconf 88' lang='lat' dir='ltr'><strong>pulchritudinem</strong></span> <span class='ocrx_word' id='word_1_398' title='bbox 1243 2613 1269 2669; x_wconf 92' lang='lat' dir='ltr'><strong>in</strong></span> <span class='ocrx_word' id='word_1_399' title='bbox 1285 2627 1401 2686; x_wconf 89' lang='lat' dir='ltr'><strong>corpore</strong></span> <span class='ocrx_word' id='word_1_400' title='bbox 1412 2611 1521 2668; x_wconf 86' lang='lat' dir='ltr'><strong>Domini</strong></span> <span class='ocrx_word' id='word_1_401' title='bbox 1537 2625 1543 2663; x_wconf 93' lang='lat'>:</span> <span class='ocrx_word' id='word_1_402' title='bbox 1559 2616 1587 2664; x_wconf 93' lang='lat' dir='ltr'><strong>et</strong></span> <span class='ocrx_word' id='word_1_403' title='bbox 1597 2611 1620 2665; x_wconf 90' lang='lat' dir='ltr'><strong>si</strong></span> <span class='ocrx_word' id='word_1_404' title='bbox 1637 2611 1803 2683; x_wconf 86' lang='lat' dir='ltr'><strong>quandoau-</strong></span> 
     </span>
     <span class='ocr_line' id='line_1_58' title="bbox 1003 2696 1800 2773; baseline -0.005 -16"><span class='ocrx_word' id='word_1_405' title='bbox 1003 2703 1077 2759; x_wconf 92' lang='lat' dir='ltr'><strong>diant</strong></span> <span class='ocrx_word' id='word_1_406' title='bbox 1105 2702 1251 2759; x_wconf 85' lang='lat' dir='ltr'><strong>Dominum</strong></span> <span class='ocrx_word' id='word_1_407' title='bbox 1266 2702 1354 2773; x_wconf 89' lang='lat' dir='ltr'><strong>ipsum</strong></span> <span class='ocrx_word' id='word_1_408' title='bbox 1381 2699 1574 2771; x_wconf 88' lang='lat' dir='ltr'><strong>despicabilem</strong></span> <span class='ocrx_word' id='word_1_409' title='bbox 1601 2698 1688 2753; x_wconf 85' lang='lat' dir='ltr'><strong>forma</strong></span> <span class='ocrx_word' id='word_1_410' title='bbox 1704 2696 1800 2765; x_wconf 88' lang='lat' dir='ltr'><strong>fuisse,</strong></span> 
     </span>
     <span class='ocr_line' id='line_1_59' title="bbox 1005 2789 1802 2863; baseline -0.003 -18"><span class='ocrx_word' id='word_1_411' title='bbox 1005 2807 1058 2848; x_wconf 93' lang='lat' dir='ltr'><strong>non</strong></span> <span class='ocrx_word' id='word_1_412' title='bbox 1079 2793 1213 2863; x_wconf 85' lang='lat' dir='ltr'><strong>patienter</strong></span> <span class='ocrx_word' id='word_1_413' title='bbox 1236 2790 1383 2863; x_wconf 87' lang='lat' dir='ltr'><strong>sustinent;</strong></span> <span class='ocrx_word' id='word_1_414' title='bbox 1405 2789 1470 2845; x_wconf 89' lang='lat' dir='ltr'><strong>etsi</strong></span> <span class='ocrx_word' id='word_1_415' title='bbox 1494 2789 1585 2860; x_wconf 78' lang='lat' dir='ltr'><strong>lingua</strong></span> <span class='ocrx_word' id='word_1_416' title='bbox 1604 2794 1724 2854; x_wconf 87' lang='lat' dir='ltr'><strong>taceant,</strong></span> <span class='ocrx_word' id='word_1_417' title='bbox 1740 2802 1802 2843; x_wconf 87' lang='lat' dir='ltr'><strong>raa·</strong></span> 
     </span>
    </p>
   </div>
   <div class='ocr_carea' id='block_1_14' title="bbox 149 2874 1801 2953">
    <p class='ocr_par' dir='ltr' id='par_1_15' title="bbox 149 2874 1801 2953">
     <span class='ocr_line' id='line_1_60' title="bbox 149 2874 1801 2953; baseline -0.001 -19"><span class='ocrx_word' id='word_1_418' title='bbox 149 2878 185 2934; x_wconf 91' lang='lat' dir='ltr'><strong>ad</strong></span> <span class='ocrx_word' id='word_1_419' title='bbox 212 2878 308 2950; x_wconf 89' lang='lat' dir='ltr'><strong>capitis</strong></span> <span class='ocrx_word' id='word_1_420' title='bbox 331 2894 430 2952; x_wconf 91' lang='lat' dir='ltr'><strong>corpus</strong></span> <span class='ocrx_word' id='word_1_421' title='bbox 445 2898 474 2938; x_wconf 90' lang='lat' dir='ltr'><strong>se</strong></span> <span class='ocrx_word' id='word_1_422' title='bbox 501 2880 607 2937; x_wconf 91' lang='lat' dir='ltr'><strong>indicat</strong></span> <span class='ocrx_word' id='word_1_423' title='bbox 621 2883 756 2952; x_wconf 89' lang='lat' dir='ltr'><strong>pertinere</strong></span> <span class='ocrx_word' id='word_1_424' title='bbox 784 2881 945 2952; x_wconf 83' lang='lat' dir='ltr'><strong>membrum,</strong></span> <span class='ocrx_word' id='word_1_425' title='bbox 964 2874 986 2953; x_wconf 72' lang='lat' dir='ltr'><strong>c</strong></span> <span class='ocrx_word' id='word_1_426' title='bbox 1003 2894 1068 2937; x_wconf 91' lang='lat' dir='ltr'><strong>core</strong></span> <span class='ocrx_word' id='word_1_427' title='bbox 1088 2884 1116 2937; x_wconf 92' lang='lat' dir='ltr'><strong>et</strong></span> <span class='ocrx_word' id='word_1_428' title='bbox 1129 2889 1205 2937; x_wconf 91' lang='lat' dir='ltr'><strong>motu</strong></span> <span class='ocrx_word' id='word_1_429' title='bbox 1232 2879 1314 2935; x_wconf 85' lang='lat' dir='ltr'><strong>animi</strong></span> <span class='ocrx_word' id='word_1_430' title='bbox 1328 2878 1523 2945; x_wconf 91' lang='lat' dir='ltr'><strong>contradicunt,</strong></span> <span class='ocrx_word' id='word_1_431' title='bbox 1547 2892 1602 2931; x_wconf 90' lang='lat' dir='ltr'><strong>non</strong></span> <span class='ocrx_word' id='word_1_432' title='bbox 1628 2877 1801 2934; x_wconf 82' lang='lat' dir='ltr'><strong>attendentes</strong></span> 
     </span>
    </p>
   </div>
   <div class='ocr_carea' id='block_1_15' title="bbox 149 2967 948 4101">
    <p class='ocr_par' dir='ltr' id='par_1_16' title="bbox 149 2967 948 4101">
     <span class='ocr_line' id='line_1_61' title="bbox 150 2967 945 3043; baseline 0.003 -20"><span class='ocrx_word' id='word_1_433' title='bbox 150 2969 225 3039; x_wconf 88' lang='lat' dir='ltr'><strong>qood</strong></span> <span class='ocrx_word' id='word_1_434' title='bbox 240 2969 322 3041; x_wconf 87' lang='lat' dir='ltr'><strong>ospiti</strong></span> <span class='ocrx_word' id='word_1_435' title='bbox 347 2984 522 3043; x_wconf 90' lang='lat' dir='ltr'><strong>compassum</strong></span> <span class='ocrx_word' id='word_1_436' title='bbox 542 2985 596 3025; x_wconf 90' lang='lat' dir='ltr'><strong>non</strong></span> <span class='ocrx_word' id='word_1_437' title='bbox 620 2967 679 3028; x_wconf 86' lang='lat' dir='ltr'><strong>fuit.</strong></span> <span class='ocrx_word' id='word_1_438' title='bbox 699 2968 853 3025; x_wconf 75' lang='lat' dir='ltr'><strong>vinciamur</strong></span> <span class='ocrx_word' id='word_1_439' title='bbox 879 2984 945 3041; x_wconf 73' lang='lat' dir='ltr'><strong>ergo</strong></span> 
     </span>
     <span class='ocr_line' id='line_1_62' title="bbox 150 3055 946 3128; baseline -0.003 -15"><span class='ocrx_word' id='word_1_440' title='bbox 150 3055 266 3114; x_wconf 84' lang='lat' dir='ltr'><strong>vinculis</strong></span> <span class='ocrx_word' id='word_1_441' title='bbox 281 3057 413 3128; x_wconf 88' lang='lat' dir='ltr'><strong>passionis</strong></span> <span class='ocrx_word' id='word_1_442' title='bbox 429 3057 491 3114; x_wconf 93' lang='lat' dir='ltr'><strong>boni</strong></span> <span class='ocrx_word' id='word_1_443' title='bbox 505 3057 581 3123; x_wconf 88' lang='lat' dir='ltr'><strong>tesu,</strong></span> <span class='ocrx_word' id='word_1_444' title='bbox 597 3068 627 3112; x_wconf 90' lang='lat' dir='ltr'><strong>ut</strong></span> <span class='ocrx_word' id='word_1_445' title='bbox 644 3057 727 3112; x_wconf 89' lang='lat' dir='ltr'><strong>etiam</strong></span> <span class='ocrx_word' id='word_1_446' title='bbox 736 3057 855 3113; x_wconf 91' lang='lat' dir='ltr'><strong>vinculis</strong></span> <span class='ocrx_word' id='word_1_447' title='bbox 884 3056 946 3112; x_wconf 91' lang='lat' dir='ltr'><strong>cha·</strong></span> 
     </span>
     <span class='ocr_line' id='line_1_63' title="bbox 151 3143 947 3217; baseline 0 -18"><span class='ocrx_word' id='word_1_448' title='bbox 151 3144 239 3201; x_wconf 87' lang='lat' dir='ltr'><strong>ritatis</strong></span> <span class='ocrx_word' id='word_1_449' title='bbox 252 3160 316 3202; x_wconf 89' lang='lat' dir='ltr'><strong>cnm</strong></span> <span class='ocrx_word' id='word_1_450' title='bbox 331 3146 379 3202; x_wconf 91' lang='lat' dir='ltr'><strong>illo</strong></span> <span class='ocrx_word' id='word_1_451' title='bbox 394 3144 489 3203; x_wconf 87' lang='lat' dir='ltr'><strong>vinciri</strong></span> <span class='ocrx_word' id='word_1_452' title='bbox 503 3143 648 3217; x_wconf 87' lang='lat' dir='ltr'><strong>possimus.</strong></span> <span class='ocrx_word' id='word_1_453' title='bbox 664 3145 724 3216; x_wconf 86' lang='lat' dir='ltr'><strong>lpse</strong></span> <span class='ocrx_word' id='word_1_454' title='bbox 738 3145 810 3200; x_wconf 90' lang='lat' dir='ltr'><strong>enim</strong></span> <span class='ocrx_word' id='word_1_455' title='bbox 832 3144 947 3202; x_wconf 89' lang='lat' dir='ltr'><strong>vinculis</strong></span> 
     </span>
     <span class='ocr_line' id='line_1_64' title="bbox 149 3232 946 3304; baseline -0.001 -15"><span class='ocrx_word' id='word_1_456' title='bbox 149 3234 298 3290; x_wconf 86' lang='lat' dir='ltr'><strong>charitatis</strong></span> <span class='ocrx_word' id='word_1_457' title='bbox 318 3233 468 3302; x_wconf 88' lang='lat' dir='ltr'><strong>devinctus,</strong></span> <span class='ocrx_word' id='word_1_458' title='bbox 498 3233 532 3291; x_wconf 90' lang='lat' dir='ltr'><strong>ad</strong></span> <span class='ocrx_word' id='word_1_459' title='bbox 555 3232 728 3304; x_wconf 90' lang='lat' dir='ltr'><strong>suscipienda</strong></span> <span class='ocrx_word' id='word_1_460' title='bbox 753 3232 858 3289; x_wconf 88' lang='lat' dir='ltr'><strong>vincula</strong></span> <span class='ocrx_word' id='word_1_461' title='bbox 881 3247 946 3304; x_wconf 91' lang='lat' dir='ltr'><strong>pas-</strong></span> 
     </span>
     <span class='ocr_line' id='line_1_65' title="bbox 149 3320 946 3379; baseline 0.004 -4"><span class='ocrx_word' id='word_1_462' title='bbox 149 3321 234 3377; x_wconf 87' lang='lat' dir='ltr'><strong>sionis</strong></span> <span class='ocrx_word' id='word_1_463' title='bbox 247 3322 281 3378; x_wconf 93' lang='lat' dir='ltr'><strong>de</strong></span> <span class='ocrx_word' id='word_1_464' title='bbox 297 3323 370 3379; x_wconf 88' lang='lat' dir='ltr'><strong>coelo</strong></span> <span class='ocrx_word' id='word_1_465' title='bbox 393 3329 494 3379; x_wconf 90' lang='lat' dir='ltr'><strong>tractus</strong></span> <span class='ocrx_word' id='word_1_466' title='bbox 509 3329 551 3377; x_wconf 89' lang='lat' dir='ltr'><strong>est</strong></span> <span class='ocrx_word' id='word_1_467' title='bbox 568 3320 598 3376; x_wconf 88' lang='lat' dir='ltr'><strong>ia</strong></span> <span class='ocrx_word' id='word_1_468' title='bbox 611 3326 712 3376; x_wconf 86' lang='lat' dir='ltr'><strong>terras:</strong></span> <span class='ocrx_word' id='word_1_469' title='bbox 727 3335 778 3377; x_wconf 90' lang='lat' dir='ltr'><strong>uos</strong></span> <span class='ocrx_word' id='word_1_470' title='bbox 805 3323 946 3378; x_wconf 85' lang='lat' dir='ltr'><strong>econtra-</strong></span> 
     </span>
     <span class='ocr_line' id='line_1_66' title="bbox 150 3408 947 3482; baseline 0 -18"><span class='ocrx_word' id='word_1_471' title='bbox 150 3410 201 3482; x_wconf 81' lang='lat' dir='ltr'><strong>ri&#39;o,</strong></span> <span class='ocrx_word' id='word_1_472' title='bbox 219 3411 265 3482; x_wconf 87' lang='lat' dir='ltr'><strong>qui</strong></span> <span class='ocrx_word' id='word_1_473' title='bbox 280 3411 315 3467; x_wconf 90' lang='lat' dir='ltr'><strong>de</strong></span> <span class='ocrx_word' id='word_1_474' title='bbox 330 3410 411 3468; x_wconf 89' lang='lat' dir='ltr'><strong>terris</strong></span> <span class='ocrx_word' id='word_1_475' title='bbox 424 3412 493 3467; x_wconf 87' lang='lat' dir='ltr'><strong>trahi</strong></span> <span class='ocrx_word' id='word_1_476' title='bbox 505 3409 692 3468; x_wconf 87' lang='lat' dir='ltr'><strong>desideramus</strong></span> <span class='ocrx_word' id='word_1_477' title='bbox 705 3410 739 3465; x_wconf 85' lang='lat' dir='ltr'><strong>ad</strong></span> <span class='ocrx_word' id='word_1_478' title='bbox 752 3408 861 3476; x_wconf 71' lang='lat' dir='ltr'><strong>caelum,</strong></span> <span class='ocrx_word' id='word_1_479' title='bbox 872 3409 947 3478; x_wconf 89' lang='lat' dir='ltr'><strong>prius</strong></span> 
     </span>
     <span class='ocr_line' id='line_1_67' title="bbox 149 3498 947 3571; baseline -0.003 -18"><span class='ocrx_word' id='word_1_480' title='bbox 149 3499 284 3570; x_wconf 88' lang='lat' dir='ltr'><strong>passionis</strong></span> <span class='ocrx_word' id='word_1_481' title='bbox 298 3500 436 3558; x_wconf 88' lang='lat' dir='ltr'><strong>vinculum</strong></span> <span class='ocrx_word' id='word_1_482' title='bbox 455 3507 548 3557; x_wconf 89' lang='lat' dir='ltr'><strong>nostro</strong></span> <span class='ocrx_word' id='word_1_483' title='bbox 568 3498 650 3571; x_wconf 91' lang='lat' dir='ltr'><strong>capiti</strong></span> <span class='ocrx_word' id='word_1_484' title='bbox 666 3499 832 3571; x_wconf 72' lang='lat' dir='ltr'><strong>colligemus,</strong></span> <span class='ocrx_word' id='word_1_485' title='bbox 853 3506 882 3554; x_wconf 92' lang='lat' dir='ltr'><strong>ut</strong></span> <span class='ocrx_word' id='word_1_486' title='bbox 899 3514 947 3570; x_wconf 90' lang='lat' dir='ltr'><strong>per</strong></span> 
     </span>
     <span class='ocr_line' id='line_1_68' title="bbox 149 3586 948 3660; baseline 0 -18"><span class='ocrx_word' id='word_1_487' title='bbox 149 3589 202 3643; x_wconf 89' lang='lat' dir='ltr'><strong>hoc</strong></span> <span class='ocrx_word' id='word_1_488' title='bbox 220 3589 254 3644; x_wconf 85' lang='lat' dir='ltr'><strong>ad</strong></span> <span class='ocrx_word' id='word_1_489' title='bbox 277 3589 414 3646; x_wconf 88' lang='lat' dir='ltr'><strong>eharitatis</strong></span> <span class='ocrx_word' id='word_1_490' title='bbox 434 3589 543 3645; x_wconf 89' lang='lat' dir='ltr'><strong>vincula</strong></span> <span class='ocrx_word' id='word_1_491' title='bbox 557 3587 723 3660; x_wconf 84' lang='lat' dir='ltr'><strong>pertinentes</strong></span> <span class='ocrx_word' id='word_1_492' title='bbox 739 3603 821 3643; x_wconf 89' lang='lat' dir='ltr'><strong>unum</strong></span> <span class='ocrx_word' id='word_1_493' title='bbox 848 3586 948 3643; x_wconf 88' lang='lat' dir='ltr'><strong>efficia·</strong></span> 
     </span>
     <span class='ocr_line' id='line_1_69' title="bbox 149 3674 946 3747; baseline 0.004 -19"><span class='ocrx_word' id='word_1_494' title='bbox 149 3690 210 3728; x_wconf 88' lang='lat' dir='ltr'><strong>mur</strong></span> <span class='ocrx_word' id='word_1_495' title='bbox 232 3689 294 3731; x_wconf 89' lang='lat' dir='ltr'><strong>cum</strong></span> <span class='ocrx_word' id='word_1_496' title='bbox 307 3675 381 3747; x_wconf 86' lang='lat' dir='ltr'><strong>ipso,</strong></span> <span class='ocrx_word' id='word_1_497' title='bbox 398 3675 549 3732; x_wconf 89' lang='lat' dir='ltr'><strong>secundum</strong></span> <span class='ocrx_word' id='word_1_498' title='bbox 567 3674 640 3746; x_wconf 87' lang='lat' dir='ltr'><strong>qood</strong></span> <span class='ocrx_word' id='word_1_499' title='bbox 666 3676 752 3731; x_wconf 87' lang='lat' dir='ltr'><strong>oravit</strong></span> <span class='ocrx_word' id='word_1_500' title='bbox 775 3677 889 3741; x_wconf 88' lang='lat' dir='ltr'><strong>Patrem,</strong></span> <span class='ocrx_word' id='word_1_501' title='bbox 903 3676 946 3731; x_wconf 93' lang='lat' dir='ltr'><strong>di·</strong></span> 
     </span>
     <span class='ocr_line' id='line_1_70' title="bbox 149 3762 948 3837; baseline 0 -20"><span class='ocrx_word' id='word_1_502' title='bbox 149 3777 226 3827; x_wconf 86' lang='lat' dir='ltr'><strong>cens,</strong></span> <span class='ocrx_word' id='word_1_503' title='bbox 241 3763 323 3835; x_wconf 78' lang='lat' dir='ltr'><strong>Repo,</strong></span> <span class='ocrx_word' id='word_1_504' title='bbox 340 3765 437 3832; x_wconf 85' lang='lat' dir='ltr'><strong>Potor,</strong></span> <span class='ocrx_word' id='word_1_505' title='bbox 452 3767 487 3819; x_wconf 84' lang='lat' dir='ltr'><strong>ot</strong></span> <span class='ocrx_word' id='word_1_506' title='bbox 503 3778 568 3837; x_wconf 80' lang='lat' dir='ltr'><strong>qnos</strong></span> <span class='ocrx_word' id='word_1_507' title='bbox 585 3762 690 3822; x_wconf 84' lang='lat' dir='ltr'><strong>dedisti</strong></span> <span class='ocrx_word' id='word_1_508' title='bbox 700 3763 782 3828; x_wconf 80' lang='lat' dir='ltr'><strong>mitti.</strong></span> <span class='ocrx_word' id='word_1_509' title='bbox 798 3763 948 3820; x_wconf 80' lang='lat' dir='ltr'><strong>confirmati</strong></span> 
     </span>
     <span class='ocr_line' id='line_1_71' title="bbox 149 3849 948 3925; baseline 0.004 -20"><span class='ocrx_word' id='word_1_510' title='bbox 149 3849 179 3906; x_wconf 91' lang='lat' dir='ltr'><strong>iu</strong></span> <span class='ocrx_word' id='word_1_511' title='bbox 194 3851 324 3907; x_wconf 88' lang='lat' dir='ltr'><strong>charitate</strong></span> <span class='ocrx_word' id='word_1_512' title='bbox 333 3849 418 3907; x_wconf 69' lang='lat'><strong>485</strong></span> <span class='ocrx_word' id='word_1_513' title='bbox 427 3852 485 3908; x_wconf 82' lang='lat' dir='ltr'><strong>sint</strong></span> <span class='ocrx_word' id='word_1_514' title='bbox 496 3867 588 3907; x_wconf 82' lang='lat' dir='ltr'><strong>onom</strong></span> <span class='ocrx_word' id='word_1_515' title='bbox 601 3853 633 3908; x_wconf 85' lang='lat' dir='ltr'><strong>in</strong></span> <span class='ocrx_word' id='word_1_516' title='bbox 642 3850 723 3909; x_wconf 84' lang='lat' dir='ltr'><strong>nobis</strong></span> <span class='ocrx_word' id='word_1_517' title='bbox 736 3853 810 3909; x_wconf 75' lang='lat' dir='ltr'><strong>stem</strong></span> <span class='ocrx_word' id='word_1_518' title='bbox 826 3856 858 3908; x_wconf 85' lang='lat' dir='ltr'><strong>tat</strong></span> <span class='ocrx_word' id='word_1_519' title='bbox 867 3856 948 3925; x_wconf 78' lang='lat' dir='ltr'><strong>stepo</strong></span> 
     </span>
     <span class='ocr_line' id='line_1_72' title="bbox 150 3938 948 4011; baseline 0.001 -16"><span class='ocrx_word' id='word_1_520' title='bbox 150 3953 352 3998; x_wconf 72' lang='lat' dir='ltr'><strong>enumeremus</strong></span> <span class='ocrx_word' id='word_1_521' title='bbox 365 3941 457 4009; x_wconf 74' lang='lat' dir='ltr'><strong>(toan.</strong></span> <span class='ocrx_word' id='word_1_522' title='bbox 472 3953 545 4007; x_wconf 84' lang='lat' dir='ltr'><strong>xvu,</strong></span> <span class='ocrx_word' id='word_1_523' title='bbox 560 3943 604 4007; x_wconf 89' lang='lat' dir='ltr'><strong>ll,</strong></span> <span class='ocrx_word' id='word_1_524' title='bbox 615 3941 660 4011; x_wconf 79' lang='lat'><strong>20,</strong></span> <span class='ocrx_word' id='word_1_525' title='bbox 671 3941 728 4010; x_wconf 77' lang='grc'><strong>99).</strong></span> <span class='ocrx_word' id='word_1_526' title='bbox 743 3938 815 4008; x_wconf 86' lang='lat' dir='ltr'><strong>Quid</strong></span> <span class='ocrx_word' id='word_1_527' title='bbox 824 3941 875 3996; x_wconf 91' lang='lat' dir='ltr'><strong>hac</strong></span> <span class='ocrx_word' id='word_1_528' title='bbox 888 3943 948 3996; x_wconf 92' lang='lat' dir='ltr'><strong>uni·</strong></span> 
     </span>
     <span class='ocr_line' id='line_1_73' title="bbox 150 4025 947 4101; baseline 0.004 -22"><span class='ocrx_word' id='word_1_529' title='bbox 150 4029 206 4080; x_wconf 89' lang='lat' dir='ltr'><strong>tato</strong></span> <span class='ocrx_word' id='word_1_530' title='bbox 220 4025 390 4099; x_wconf 75' lang='lat' dir='ltr'><strong>gloriosius?</strong></span> <span class='ocrx_word' id='word_1_531' title='bbox 400 4027 464 4101; x_wconf 88' lang='lat' dir='ltr'><strong>quid</strong></span> <span class='ocrx_word' id='word_1_532' title='bbox 479 4027 551 4084; x_wconf 90' lang='lat' dir='ltr'><strong>ultra</strong></span> <span class='ocrx_word' id='word_1_533' title='bbox 562 4026 607 4086; x_wconf 88' lang='lat' dir='ltr'><strong>vel</strong></span> <span class='ocrx_word' id='word_1_534' title='bbox 615 4036 708 4098; x_wconf 87' lang='lat' dir='ltr'><strong>optare</strong></span> <span class='ocrx_word' id='word_1_535' title='bbox 723 4027 835 4099; x_wconf 87' lang='lat' dir='ltr'><strong>poteris,</strong></span> <span class='ocrx_word' id='word_1_536' title='bbox 845 4028 889 4085; x_wconf 90' lang='lat' dir='ltr'><strong>vel</strong></span> <span class='ocrx_word' id='word_1_537' title='bbox 899 4029 947 4082; x_wconf 91' lang='lat' dir='ltr'><strong>ha-</strong></span> 
     </span>
    </p>
   </div>
   <div class='ocr_carea' id='block_1_16' title="bbox 1001 2964 1805 4102">
    <p class='ocr_par' dir='ltr' id='par_1_17' title="bbox 1001 2964 1805 4102">
     <span class='ocr_line' id='line_1_74' title="bbox 1002 2964 1803 3040; baseline -0.001 -18"><span class='ocrx_word' id='word_1_538' title='bbox 1002 2968 1076 3040; x_wconf 90' lang='lat' dir='ltr'><strong>quod</strong></span> <span class='ocrx_word' id='word_1_539' title='bbox 1090 2970 1221 3038; x_wconf 91' lang='lat' dir='ltr'><strong>scriptum</strong></span> <span class='ocrx_word' id='word_1_540' title='bbox 1236 2980 1287 3036; x_wconf 88' lang='lat' dir='ltr'><strong>est,</strong></span> <span class='ocrx_word' id='word_1_541' title='bbox 1308 2969 1420 3040; x_wconf 83' lang='lat' dir='ltr'><strong>Sprittts</strong></span> <span class='ocrx_word' id='word_1_542' title='bbox 1442 2971 1484 3024; x_wconf 84' lang='lat' dir='ltr'><strong>ert</strong></span> <span class='ocrx_word' id='word_1_543' title='bbox 1507 2967 1556 3037; x_wconf 82' lang='lat' dir='ltr'><strong>qut</strong></span> <span class='ocrx_word' id='word_1_544' title='bbox 1575 2964 1721 3034; x_wconf 49' lang='lat' dir='ltr'><strong>vivifican·</strong></span> <span class='ocrx_word' id='word_1_545' title='bbox 1738 2979 1803 3021; x_wconf 85' lang='lat' dir='ltr'><strong>earo</strong></span> 
     </span>
     <span class='ocr_line' id='line_1_75' title="bbox 1004 3051 1804 3128; baseline -0.009 -15"><span class='ocrx_word' id='word_1_546' title='bbox 1004 3061 1101 3114; x_wconf 82' lang='lat' dir='ltr'><strong>nutem</strong></span> <span class='ocrx_word' id='word_1_547' title='bbox 1115 3072 1171 3112; x_wconf 84' lang='lat' dir='ltr'><strong>nort</strong></span> <span class='ocrx_word' id='word_1_548' title='bbox 1181 3055 1294 3128; x_wconf 83' lang='lat' dir='ltr'><strong>prodest</strong></span> <span class='ocrx_word' id='word_1_549' title='bbox 1308 3056 1460 3128; x_wconf 78' lang='lat' dir='ltr'><strong>quidquam</strong></span> <span class='ocrx_word' id='word_1_550' title='bbox 1470 3053 1562 3125; x_wconf 79' lang='lat' dir='ltr'><strong>(loca.</strong></span> <span class='ocrx_word' id='word_1_551' title='bbox 1579 3067 1618 3118; x_wconf 87' lang='lat' dir='ltr'><strong>vt,</strong></span> <span class='ocrx_word' id='word_1_552' title='bbox 1630 3053 1691 3122; x_wconf 86' lang='lat' dir='ltr'><strong>bl).</strong></span> <span class='ocrx_word' id='word_1_553' title='bbox 1705 3051 1804 3107; x_wconf 83' lang='lat' dir='ltr'><strong>isaiam</strong></span> 
     </span>
     <span class='ocr_line' id='line_1_76' title="bbox 1003 3141 1803 3217; baseline -0.005 -18"><span class='ocrx_word' id='word_1_554' title='bbox 1003 3161 1112 3217; x_wconf 85' lang='lat' dir='ltr'><strong>quoque</strong></span> <span class='ocrx_word' id='word_1_555' title='bbox 1127 3160 1181 3200; x_wconf 91' lang='lat' dir='ltr'><strong>non</strong></span> <span class='ocrx_word' id='word_1_556' title='bbox 1196 3145 1319 3211; x_wconf 91' lang='lat' dir='ltr'><strong>audiunt,</strong></span> <span class='ocrx_word' id='word_1_557' title='bbox 1333 3145 1375 3200; x_wconf 90' lang='lat' dir='ltr'><strong>vel</strong></span> <span class='ocrx_word' id='word_1_558' title='bbox 1396 3142 1471 3198; x_wconf 91' lang='lat' dir='ltr'><strong>inviti</strong></span> <span class='ocrx_word' id='word_1_559' title='bbox 1485 3142 1608 3212; x_wconf 91' lang='lat' dir='ltr'><strong>audiunt,</strong></span> <span class='ocrx_word' id='word_1_560' title='bbox 1624 3141 1762 3196; x_wconf 86' lang='lat' dir='ltr'><strong>dicentem</strong></span> <span class='ocrx_word' id='word_1_561' title='bbox 1775 3141 1803 3195; x_wconf 89' lang='lat' dir='ltr'><strong>ia</strong></span> 
     </span>
     <span class='ocr_line' id='line_1_77' title="bbox 1002 3231 1804 3303; baseline -0.004 -12"><span class='ocrx_word' id='word_1_562' title='bbox 1002 3249 1064 3291; x_wconf 84' lang='lat' dir='ltr'><strong>cunr</strong></span> <span class='ocrx_word' id='word_1_563' title='bbox 1079 3251 1086 3285; x_wconf 74' lang='grc' dir='ltr'><strong>ε</strong></span> <span class='ocrx_word' id='word_1_564' title='bbox 1102 3235 1170 3292; x_wconf 83' lang='lat' dir='ltr'><strong>Ecce</strong></span> <span class='ocrx_word' id='word_1_565' title='bbox 1184 3234 1307 3290; x_wconf 82' lang='lat' dir='ltr'><strong>vidimus</strong></span> <span class='ocrx_word' id='word_1_566' title='bbox 1319 3250 1393 3299; x_wconf 84' lang='lat' dir='ltr'><strong>eum,</strong></span> <span class='ocrx_word' id='word_1_567' title='bbox 1409 3238 1502 3290; x_wconf 83' lang='lat' dir='ltr'><strong>etnorr</strong></span> <span class='ocrx_word' id='word_1_568' title='bbox 1512 3236 1575 3287; x_wconf 85' lang='lat' dir='ltr'><strong>erot</strong></span> <span class='ocrx_word' id='word_1_569' title='bbox 1585 3231 1745 3303; x_wconf 80' lang='lat' dir='ltr'><strong>ittispeet&#39;cs</strong></span> <span class='ocrx_word' id='word_1_570' title='bbox 1753 3246 1804 3288; x_wconf 82' lang='lat' dir='ltr'><strong>os·</strong></span> 
     </span>
     <span class='ocr_line' id='line_1_78' title="bbox 1001 3317 1804 3394; baseline -0.005 -16"><span class='ocrx_word' id='word_1_571' title='bbox 1001 3339 1053 3394; x_wconf 79' lang='lat' dir='ltr'><strong>pua</strong></span> <span class='ocrx_word' id='word_1_572' title='bbox 1061 3323 1143 3379; x_wconf 84' lang='lat' dir='ltr'><strong>decor·</strong></span> <span class='ocrx_word' id='word_1_573' title='bbox 1153 3341 1162 3377; x_wconf 90' lang='lat'>:</span> <span class='ocrx_word' id='word_1_574' title='bbox 1173 3323 1371 3393; x_wconf 82' lang='lat' dir='ltr'><strong>aspectusejoa</strong></span> <span class='ocrx_word' id='word_1_575' title='bbox 1381 3335 1439 3375; x_wconf 80' lang='lat' dir='ltr'><strong>noa</strong></span> <span class='ocrx_word' id='word_1_576' title='bbox 1451 3321 1514 3376; x_wconf 83' lang='lat' dir='ltr'><strong>erot</strong></span> <span class='ocrx_word' id='word_1_577' title='bbox 1525 3318 1557 3374; x_wconf 84' lang='lat' dir='ltr'><strong>io</strong></span> <span class='ocrx_word' id='word_1_578' title='bbox 1567 3334 1614 3385; x_wconf 78' lang='lat' dir='ltr'><strong>eo,·</strong></span> <span class='ocrx_word' id='word_1_579' title='bbox 1624 3322 1652 3373; x_wconf 88' lang='lat' dir='ltr'><strong>et</strong></span> <span class='ocrx_word' id='word_1_580' title='bbox 1661 3317 1804 3376; x_wconf 66' lang='lat' dir='ltr'><strong>acamra-</strong></span> 
     </span>
     <span class='ocr_line' id='line_1_79' title="bbox 1003 3407 1805 3482; baseline -0.006 -15"><span class='ocrx_word' id='word_1_581' title='bbox 1003 3411 1097 3468; x_wconf 85' lang='lat' dir='ltr'><strong>oimtts</strong></span> <span class='ocrx_word' id='word_1_582' title='bbox 1108 3427 1171 3469; x_wconf 82' lang='lat' dir='ltr'><strong>enm</strong></span> <span class='ocrx_word' id='word_1_583' title='bbox 1176 3452 1184 3481; x_wconf 91' lang='lat'><strong>,</strong></span> <span class='ocrx_word' id='word_1_584' title='bbox 1195 3410 1354 3482; x_wconf 82' lang='lat' dir='ltr'><strong>despectum</strong></span> <span class='ocrx_word' id='word_1_585' title='bbox 1373 3414 1401 3464; x_wconf 84' lang='lat' dir='ltr'><strong>ot</strong></span> <span class='ocrx_word' id='word_1_586' title='bbox 1415 3409 1602 3465; x_wconf 80' lang='lat' dir='ltr'><strong>nouissimam</strong></span> <span class='ocrx_word' id='word_1_587' title='bbox 1611 3407 1752 3472; x_wconf 78' lang='lat' dir='ltr'><strong>virorum,</strong></span> <span class='ocrx_word' id='word_1_588' title='bbox 1765 3409 1805 3464; x_wconf 85' lang='lat' dir='ltr'><strong>oi·</strong></span> 
     </span>
     <span class='ocr_line' id='line_1_80' title="bbox 1002 3497 1802 3568; baseline -0.004 -13"><span class='ocrx_word' id='word_1_589' title='bbox 1002 3515 1070 3556; x_wconf 85' lang='lat' dir='ltr'><strong>rom</strong></span> <span class='ocrx_word' id='word_1_590' title='bbox 1084 3500 1222 3564; x_wconf 84' lang='lat' dir='ltr'><strong>dotorum,</strong></span> <span class='ocrx_word' id='word_1_591' title='bbox 1242 3500 1421 3556; x_wconf 78' lang='lat' dir='ltr'><strong>eiectantem</strong></span> <span class='ocrx_word' id='word_1_592' title='bbox 1435 3497 1653 3567; x_wconf 58' lang='lat' dir='ltr'><strong>infirmitatem·</strong></span> <span class='ocrx_word' id='word_1_593' title='bbox 1667 3500 1698 3551; x_wconf 85' lang='lat' dir='ltr'><strong>et</strong></span> <span class='ocrx_word' id='word_1_594' title='bbox 1720 3512 1802 3568; x_wconf 79' lang='lat' dir='ltr'><strong>quast</strong></span> 
     </span>
     <span class='ocr_line' id='line_1_81' title="bbox 1009 3584 1803 3658; baseline -0.005 -16"><span class='ocrx_word' id='word_1_595' title='bbox 1009 3587 1190 3645; x_wconf 81' lang='lat' dir='ltr'><strong>absconditos</strong></span> <span class='ocrx_word' id='word_1_596' title='bbox 1206 3588 1303 3643; x_wconf 80' lang='lat' dir='ltr'><strong>cottus</strong></span> <span class='ocrx_word' id='word_1_597' title='bbox 1317 3590 1379 3658; x_wconf 81' lang='lat' dir='ltr'><strong>ejus</strong></span> <span class='ocrx_word' id='word_1_598' title='bbox 1394 3587 1582 3658; x_wconf 84' lang='lat' dir='ltr'><strong>etdeapectna.</strong></span> <span class='ocrx_word' id='word_1_599' title='bbox 1598 3584 1674 3643; x_wconf 83' lang='lat' dir='ltr'><strong>Unde</strong></span> <span class='ocrx_word' id='word_1_600' title='bbox 1688 3599 1741 3639; x_wconf 83' lang='lat' dir='ltr'><strong>neo</strong></span> <span class='ocrx_word' id='word_1_601' title='bbox 1755 3598 1803 3639; x_wconf 86' lang='lat' dir='ltr'><strong>re·</strong></span> 
     </span>
     <span class='ocr_line' id='line_1_82' title="bbox 1001 3671 1803 3748; baseline -0.006 -16"><span class='ocrx_word' id='word_1_602' title='bbox 1001 3678 1165 3748; x_wconf 81' lang='lat' dir='ltr'><strong>putavimus</strong></span> <span class='ocrx_word' id='word_1_603' title='bbox 1178 3691 1255 3731; x_wconf 83' lang='lat' dir='ltr'><strong>eum.</strong></span> <span class='ocrx_word' id='word_1_604' title='bbox 1267 3675 1362 3731; x_wconf 78' lang='lat' dir='ltr'><strong>dirtos</strong></span> <span class='ocrx_word' id='word_1_605' title='bbox 1375 3677 1569 3746; x_wconf 82' lang='lat' dir='ltr'><strong>reputavimus</strong></span> <span class='ocrx_word' id='word_1_606' title='bbox 1583 3687 1649 3727; x_wconf 80' lang='lat' dir='ltr'><strong>eam</strong></span> <span class='ocrx_word' id='word_1_607' title='bbox 1663 3671 1748 3744; x_wconf 81' lang='lat' dir='ltr'><strong>quoti</strong></span> <span class='ocrx_word' id='word_1_608' title='bbox 1763 3671 1803 3727; x_wconf 86' lang='lat' dir='ltr'><strong>ts·</strong></span> 
     </span>
     <span class='ocr_line' id='line_1_83' title="bbox 1001 3757 1803 3837; baseline -0.004 -16"><span class='ocrx_word' id='word_1_609' title='bbox 1001 3781 1127 3836; x_wconf 83' lang='lat' dir='ltr'><strong>protum,</strong></span> <span class='ocrx_word' id='word_1_610' title='bbox 1142 3769 1169 3820; x_wconf 85' lang='lat' dir='ltr'><strong>et</strong></span> <span class='ocrx_word' id='word_1_611' title='bbox 1182 3779 1349 3837; x_wconf 82' lang='lat' dir='ltr'><strong>percussum</strong></span> <span class='ocrx_word' id='word_1_612' title='bbox 1368 3764 1462 3831; x_wconf 82' lang='lat' dir='ltr'><strong>obeo,</strong></span> <span class='ocrx_word' id='word_1_613' title='bbox 1474 3767 1502 3818; x_wconf 88' lang='lat' dir='ltr'><strong>et</strong></span> <span class='ocrx_word' id='word_1_614' title='bbox 1517 3760 1707 3818; x_wconf 79' lang='lat' dir='ltr'><strong>humitiatum</strong></span> <span class='ocrx_word' id='word_1_615' title='bbox 1735 3757 1803 3830; x_wconf 81' lang='lat' dir='ltr'><strong>(iso.</strong></span> 
     </span>
     <span class='ocr_line' id='line_1_84' title="bbox 1004 3847 1802 3924; baseline -0.006 -16"><span class='ocrx_word' id='word_1_616' title='bbox 1004 3869 1061 3921; x_wconf 88' lang='grc' dir='ltr'>ιιιι,</span> <span class='ocrx_word' id='word_1_617' title='bbox 1082 3853 1149 3924; x_wconf 72' lang='lat' dir='ltr'><strong>al).</strong></span> <span class='ocrx_word' id='word_1_618' title='bbox 1173 3854 1241 3909; x_wconf 88' lang='lat' dir='ltr'><strong>Ecce</strong></span> <span class='ocrx_word' id='word_1_619' title='bbox 1255 3852 1342 3923; x_wconf 91' lang='lat' dir='ltr'><strong>qualis</strong></span> <span class='ocrx_word' id='word_1_620' title='bbox 1355 3851 1517 3908; x_wconf 89' lang='lat' dir='ltr'><strong>describitur</strong></span> <span class='ocrx_word' id='word_1_621' title='bbox 1535 3867 1550 3905; x_wconf 87' lang='lat' dir='ltr'><strong>a</strong></span> <span class='ocrx_word' id='word_1_622' title='bbox 1567 3850 1709 3919; x_wconf 87' lang='lat' dir='ltr'><strong>Propheta.</strong></span> <span class='ocrx_word' id='word_1_623' title='bbox 1731 3847 1802 3918; x_wconf 87' lang='lat' dir='ltr'><strong>Quid</strong></span> 
     </span>
     <span class='ocr_line' id='line_1_85' title="bbox 1006 3937 1803 4012; baseline -0.01 -14"><span class='ocrx_word' id='word_1_624' title='bbox 1006 3941 1145 4012; x_wconf 73' lang='lat' dir='ltr'><strong>apertius?</strong></span> <span class='ocrx_word' id='word_1_625' title='bbox 1156 3941 1189 3998; x_wconf 87' lang='lat' dir='ltr'><strong>Et</strong></span> <span class='ocrx_word' id='word_1_626' title='bbox 1198 3957 1260 3999; x_wconf 91' lang='lat' dir='ltr'><strong>vere</strong></span> <span class='ocrx_word' id='word_1_627' title='bbox 1270 3940 1330 3997; x_wconf 90' lang='lat' dir='ltr'><strong>talis</strong></span> <span class='ocrx_word' id='word_1_628' title='bbox 1339 3949 1397 3997; x_wconf 89' lang='lat' dir='ltr'><strong>erat</strong></span> <span class='ocrx_word' id='word_1_629' title='bbox 1411 3941 1438 3996; x_wconf 95' lang='lat' dir='ltr'><strong>in</strong></span> <span class='ocrx_word' id='word_1_630' title='bbox 1448 3938 1534 3997; x_wconf 90' lang='lat' dir='ltr'><strong>oculis</strong></span> <span class='ocrx_word' id='word_1_631' title='bbox 1540 3937 1690 3994; x_wconf 85' lang='lat' dir='ltr'><strong>infidelium</strong></span> <span class='ocrx_word' id='word_1_632' title='bbox 1703 3943 1730 3993; x_wconf 90' lang='lat' dir='ltr'><strong>et</strong></span> <span class='ocrx_word' id='word_1_633' title='bbox 1742 3951 1803 3993; x_wconf 87' lang='lat' dir='ltr'><strong>osr-</strong></span> 
     </span>
     <span class='ocr_line' id='line_1_86' title="bbox 1002 4028 1685 4102; baseline -0.003 -17"><span class='ocrx_word' id='word_1_634' title='bbox 1002 4031 1114 4097; x_wconf 89' lang='lat' dir='ltr'><strong>ualium,</strong></span> <span class='ocrx_word' id='word_1_635' title='bbox 1132 4030 1179 4102; x_wconf 88' lang='lat' dir='ltr'><strong>qni</strong></span> <span class='ocrx_word' id='word_1_636' title='bbox 1194 4036 1297 4085; x_wconf 90' lang='lat' dir='ltr'><strong>tanturn</strong></span> <span class='ocrx_word' id='word_1_637' title='bbox 1308 4045 1418 4087; x_wconf 89' lang='lat' dir='ltr'><strong>carnem</strong></span> <span class='ocrx_word' id='word_1_638' title='bbox 1432 4035 1565 4086; x_wconf 88' lang='lat' dir='ltr'><strong>noverunt</strong></span> <span class='ocrx_word' id='word_1_639' title='bbox 1577 4028 1685 4083; x_wconf 83' lang='lat' dir='ltr'><strong>intueri.</strong></span> 
     </span>
    </p>
   </div>
   <div class='ocr_carea' id='block_1_17' title="bbox 148 4112 1804 4280">
    <p class='ocr_par' dir='ltr' id='par_1_18' title="bbox 148 4112 1804 4280">
     <span class='ocr_line' id='line_1_87' title="bbox 148 4112 1803 4211; baseline 0.001 -43"><span class='ocrx_word' id='word_1_640' title='bbox 148 4112 239 4170; x_wconf 77' lang='lat' dir='ltr'><strong>berei</strong></span> <span class='ocrx_word' id='word_1_641' title='bbox 253 4115 341 4172; x_wconf 89' lang='lat' dir='ltr'><strong>Unum</strong></span> <span class='ocrx_word' id='word_1_642' title='bbox 365 4131 427 4173; x_wconf 89' lang='lat' dir='ltr'><strong>enm</strong></span> <span class='ocrx_word' id='word_1_643' title='bbox 449 4129 548 4188; x_wconf 89' lang='lat' dir='ltr'><strong>sponso</strong></span> <span class='ocrx_word' id='word_1_644' title='bbox 562 4124 591 4173; x_wconf 89' lang='lat' dir='ltr'><strong>to</strong></span> <span class='ocrx_word' id='word_1_645' title='bbox 606 4115 669 4173; x_wconf 89' lang='lat' dir='ltr'><strong>eris.</strong></span> <span class='ocrx_word' id='word_1_646' title='bbox 689 4116 712 4171; x_wconf 91' lang='lat'>0</span> <span class='ocrx_word' id='word_1_647' title='bbox 734 4114 808 4180; x_wconf 85' lang='lat' dir='ltr'><strong>felix,</strong></span> <span class='ocrx_word' id='word_1_648' title='bbox 829 4114 944 4183; x_wconf 87' lang='lat' dir='ltr'><strong>felicior,</strong></span> <span class='ocrx_word' id='word_1_649' title='bbox 962 4131 986 4211; x_wconf 60' lang='grc' dir='ltr'><strong><em>Β</em></strong></span> <span class='ocrx_word' id='word_1_650' title='bbox 1039 4122 1083 4175; x_wconf 81' lang='grc'><strong>99.</strong></span> <span class='ocrx_word' id='word_1_651' title='bbox 1100 4117 1177 4188; x_wconf 85' lang='lat' dir='ltr'><strong>Quod</strong></span> <span class='ocrx_word' id='word_1_652' title='bbox 1201 4130 1227 4174; x_wconf 90' lang='lat' dir='ltr'><strong>ct</strong></span> <span class='ocrx_word' id='word_1_653' title='bbox 1249 4134 1301 4175; x_wconf 93' lang='lat' dir='ltr'><strong>nos</strong></span> <span class='ocrx_word' id='word_1_654' title='bbox 1315 4117 1464 4175; x_wconf 78' lang='lat' dir='ltr'><strong>manifestis</strong></span> <span class='ocrx_word' id='word_1_655' title='bbox 1477 4116 1630 4173; x_wconf 89' lang='lat' dir='ltr'><strong>rationibus</strong></span> <span class='ocrx_word' id='word_1_656' title='bbox 1655 4129 1803 4185; x_wconf 76' lang='lat' dir='ltr'><strong>possumus</strong></span> 
     </span>
     <span class='ocr_line' id='line_1_88' title="bbox 148 4200 1804 4280; baseline 0.001 -24"><span class='ocrx_word' id='word_1_657' title='bbox 148 4200 205 4259; x_wconf 92' lang='lat' dir='ltr'><strong>imo</strong></span> <span class='ocrx_word' id='word_1_658' title='bbox 220 4204 340 4261; x_wconf 90' lang='lat' dir='ltr'><strong>omniurn</strong></span> <span class='ocrx_word' id='word_1_659' title='bbox 357 4203 512 4262; x_wconf 90' lang='lat' dir='ltr'><strong>felicissima</strong></span> <span class='ocrx_word' id='word_1_660' title='bbox 526 4203 630 4261; x_wconf 71' lang='lat' dir='ltr'><strong>unius!</strong></span> <span class='ocrx_word' id='word_1_661' title='bbox 648 4205 703 4262; x_wconf 90' lang='lat' dir='ltr'><strong>llac</strong></span> <span class='ocrx_word' id='word_1_662' title='bbox 716 4204 817 4260; x_wconf 83' lang='lat' dir='ltr'><strong>sainte</strong></span> <span class='ocrx_word' id='word_1_663' title='bbox 832 4211 945 4276; x_wconf 71' lang='lat' dir='ltr'><strong>sospo-</strong></span> <span class='ocrx_word' id='word_1_664' title='bbox 1004 4209 1166 4280; x_wconf 85' lang='lat' dir='ltr'><strong>approbare.</strong></span> <span class='ocrx_word' id='word_1_665' title='bbox 1182 4206 1303 4264; x_wconf 87' lang='lat' dir='ltr'><strong>Primum</strong></span> <span class='ocrx_word' id='word_1_666' title='bbox 1327 4207 1435 4279; x_wconf 86' lang='lat' dir='ltr'><strong>quidem</strong></span> <span class='ocrx_word' id='word_1_667' title='bbox 1459 4223 1507 4279; x_wconf 90' lang='lat' dir='ltr'><strong>per</strong></span> <span class='ocrx_word' id='word_1_668' title='bbox 1529 4204 1654 4261; x_wconf 89' lang='lat' dir='ltr'><strong>affectum</strong></span> <span class='ocrx_word' id='word_1_669' title='bbox 1677 4217 1804 4274; x_wconf 88' lang='lat' dir='ltr'><strong>compas-</strong></span> 
     </span>
    </p>
   </div>
   <div class='ocr_carea' id='block_1_18' title="bbox 143 4292 948 5443">
    <p class='ocr_par' dir='ltr' id='par_1_19' title="bbox 143 4292 948 5443">
     <span class='ocr_line' id='line_1_89' title="bbox 149 4292 946 4372; baseline 0.003 -23"><span class='ocrx_word' id='word_1_670' title='bbox 149 4293 234 4349; x_wconf 89' lang='lat' dir='ltr'><strong>stoltrs</strong></span> <span class='ocrx_word' id='word_1_671' title='bbox 261 4293 369 4351; x_wconf 84' lang='lat' dir='ltr'><strong>Christo</strong></span> <span class='ocrx_word' id='word_1_672' title='bbox 400 4295 507 4351; x_wconf 88' lang='lat' dir='ltr'><strong>unitum</strong></span> <span class='ocrx_word' id='word_1_673' title='bbox 520 4295 662 4372; x_wconf 86' lang='lat' dir='ltr'><strong>sentiebat,</strong></span> <span class='ocrx_word' id='word_1_674' title='bbox 688 4310 748 4351; x_wconf 89' lang='lat' dir='ltr'><strong>curn</strong></span> <span class='ocrx_word' id='word_1_675' title='bbox 771 4292 862 4349; x_wconf 83' lang='lat' dir='ltr'><strong>dixit:</strong></span> <span class='ocrx_word' id='word_1_676' title='bbox 879 4295 946 4363; x_wconf 80' lang='lat' dir='ltr'><strong>Quis</strong></span> 
     </span>
     <span class='ocr_line' id='line_1_90' title="bbox 151 4381 946 4454; baseline 0.001 -16"><span class='ocrx_word' id='word_1_677' title='bbox 151 4381 295 4454; x_wconf 80' lang='lat' dir='ltr'><strong>separabit</strong></span> <span class='ocrx_word' id='word_1_678' title='bbox 307 4400 359 4441; x_wconf 85' lang='lat' dir='ltr'><strong>nos</strong></span> <span class='ocrx_word' id='word_1_679' title='bbox 372 4401 389 4439; x_wconf 86' lang='lat' dir='ltr'><strong>a</strong></span> <span class='ocrx_word' id='word_1_680' title='bbox 404 4384 549 4441; x_wconf 76' lang='lat' dir='ltr'><strong>alteritate</strong></span> <span class='ocrx_word' id='word_1_681' title='bbox 563 4383 700 4441; x_wconf 80' lang='lat' dir='ltr'><strong>Christi?</strong></span> <span class='ocrx_word' id='word_1_682' title='bbox 717 4383 870 4441; x_wconf 83' lang='lat' dir='ltr'><strong>Tribototio</strong></span> <span class='ocrx_word' id='word_1_683' title='bbox 885 4383 946 4440; x_wconf 77' lang='lat' dir='ltr'><strong>fon</strong></span> 
     </span>
     <span class='ocr_line' id='line_1_91' title="bbox 143 4472 948 4547; baseline 0.001 -20"><span class='ocrx_word' id='word_1_684' title='bbox 143 4472 285 4544; x_wconf 51' lang='lat' dir='ltr'><strong>,comestio</strong></span> <span class='ocrx_word' id='word_1_685' title='bbox 296 4472 310 4527; x_wconf 75' lang='lat' dir='ltr'><strong>f</strong></span> <span class='ocrx_word' id='word_1_686' title='bbox 323 4490 364 4530; x_wconf 83' lang='lat' dir='ltr'><strong>avt</strong></span> <span class='ocrx_word' id='word_1_687' title='bbox 373 4472 714 4547; x_wconf 71' lang='lat' dir='ltr'><strong>[omerionpersectttt&#39;of</strong></span> <span class='ocrx_word' id='word_1_688' title='bbox 724 4490 763 4529; x_wconf 85' lang='lat' dir='ltr'><strong>on</strong></span> <span class='ocrx_word' id='word_1_689' title='bbox 769 4473 948 4546; x_wconf 80' lang='lat' dir='ltr'><strong>pericolum?</strong></span> 
     </span>
     <span class='ocr_line' id='line_1_92' title="bbox 145 4560 945 4637; baseline 0.008 -22"><span class='ocrx_word' id='word_1_690' title='bbox 145 4560 945 4637; x_wconf 79' lang='lat' dir='ltr'><strong>onouditosfortptodittrfGertassttmquiortepttemors,</strong></span> 
     </span>
     <span class='ocr_line' id='line_1_93' title="bbox 149 4652 947 4726; baseline 0.003 -19"><span class='ocrx_word' id='word_1_691' title='bbox 149 4654 424 4726; x_wconf 67' lang='lat' dir='ltr'><strong>aequevitomeqtte</strong></span> <span class='ocrx_word' id='word_1_692' title='bbox 440 4652 644 4724; x_wconf 70' lang='lat' dir='ltr'><strong>aspersusque</strong></span> <span class='ocrx_word' id='word_1_693' title='bbox 655 4652 845 4723; x_wconf 80' lang='lat' dir='ltr'><strong>principatus,</strong></span> <span class='ocrx_word' id='word_1_694' title='bbox 859 4667 947 4725; x_wconf 79' lang='lat' dir='ltr'><strong>neque</strong></span> 
     </span>
     <span class='ocr_line' id='line_1_94' title="bbox 147 4740 946 4813; baseline 0.006 -19"><span class='ocrx_word' id='word_1_695' title='bbox 147 4742 314 4810; x_wconf 81' lang='lat' dir='ltr'><strong>potestates,</strong></span> <span class='ocrx_word' id='word_1_696' title='bbox 327 4755 417 4813; x_wconf 78' lang='lat' dir='ltr'><strong>nepae</strong></span> <span class='ocrx_word' id='word_1_697' title='bbox 430 4741 563 4807; x_wconf 83' lang='lat' dir='ltr'><strong>altitudo,</strong></span> <span class='ocrx_word' id='word_1_698' title='bbox 580 4755 672 4812; x_wconf 81' lang='lat' dir='ltr'><strong>neque</strong></span> <span class='ocrx_word' id='word_1_699' title='bbox 686 4740 875 4810; x_wconf 73' lang='lat' dir='ltr'><strong>profundum.</strong></span> <span class='ocrx_word' id='word_1_700' title='bbox 893 4759 946 4800; x_wconf 83' lang='lat' dir='ltr'><strong>rte-</strong></span> 
     </span>
     <span class='ocr_line' id='line_1_95' title="bbox 149 4826 945 4901; baseline 0.005 -17"><span class='ocrx_word' id='word_1_701' title='bbox 149 4840 204 4900; x_wconf 81' lang='lat' dir='ltr'><strong>qso</strong></span> <span class='ocrx_word' id='word_1_702' title='bbox 217 4826 276 4884; x_wconf 84' lang='lat' dir='ltr'><strong>otio</strong></span> <span class='ocrx_word' id='word_1_703' title='bbox 296 4832 431 4886; x_wconf 83' lang='lat' dir='ltr'><strong>creatora</strong></span> <span class='ocrx_word' id='word_1_704' title='bbox 439 4829 546 4901; x_wconf 73' lang='lat' dir='ltr'><strong>poterit</strong></span> <span class='ocrx_word' id='word_1_705' title='bbox 559 4844 609 4887; x_wconf 84' lang='lat' dir='ltr'><strong>nos</strong></span> <span class='ocrx_word' id='word_1_706' title='bbox 624 4841 756 4899; x_wconf 84' lang='lat' dir='ltr'><strong>reparare</strong></span> <span class='ocrx_word' id='word_1_707' title='bbox 767 4847 784 4885; x_wconf 88' lang='lat' dir='ltr'><strong>o</strong></span> <span class='ocrx_word' id='word_1_708' title='bbox 794 4829 945 4897; x_wconf 77' lang='lat' dir='ltr'><strong>alteritate,</strong></span> 
     </span>
     <span class='ocr_line' id='line_1_96' title="bbox 148 4915 947 4991; baseline 0.001 -16"><span class='ocrx_word' id='word_1_709' title='bbox 148 4933 212 4990; x_wconf 79' lang='lat' dir='ltr'><strong>quoe</strong></span> <span class='ocrx_word' id='word_1_710' title='bbox 224 4919 267 4973; x_wconf 85' lang='lat' dir='ltr'><strong>cst</strong></span> <span class='ocrx_word' id='word_1_711' title='bbox 281 4917 388 4975; x_wconf 80' lang='lat' dir='ltr'><strong>Christi</strong></span> <span class='ocrx_word' id='word_1_712' title='bbox 408 4919 474 4976; x_wconf 72' lang='lat' dir='ltr'><strong>teas</strong></span> <span class='ocrx_word' id='word_1_713' title='bbox 488 4915 568 4989; x_wconf 79' lang='lat' dir='ltr'><strong>(hom</strong></span> <span class='ocrx_word' id='word_1_714' title='bbox 587 4929 648 4983; x_wconf 91' lang='lat' dir='ltr'><strong>vtu,</strong></span> <span class='ocrx_word' id='word_1_715' title='bbox 665 4917 708 4982; x_wconf 77' lang='grc'><strong>95,</strong></span> <span class='ocrx_word' id='word_1_716' title='bbox 725 4919 770 4985; x_wconf 82' lang='lat'><strong>38,</strong></span> <span class='ocrx_word' id='word_1_717' title='bbox 781 4920 837 4990; x_wconf 85' lang='grc'><strong>99).</strong></span> <span class='ocrx_word' id='word_1_718' title='bbox 861 4918 947 4991; x_wconf 90' lang='lat' dir='ltr'><strong>Opte-</strong></span> 
     </span>
     <span class='ocr_line' id='line_1_97' title="bbox 148 5002 947 5078; baseline 0.003 -16"><span class='ocrx_word' id='word_1_719' title='bbox 148 5022 209 5062; x_wconf 87' lang='lat' dir='ltr'><strong>nans</strong></span> <span class='ocrx_word' id='word_1_720' title='bbox 225 5006 287 5062; x_wconf 91' lang='lat' dir='ltr'><strong>totis</strong></span> <span class='ocrx_word' id='word_1_721' title='bbox 304 5003 449 5062; x_wconf 89' lang='lat' dir='ltr'><strong>desideriis</strong></span> <span class='ocrx_word' id='word_1_722' title='bbox 464 5003 547 5073; x_wconf 87' lang='lat' dir='ltr'><strong>hujus</strong></span> <span class='ocrx_word' id='word_1_723' title='bbox 560 5002 697 5060; x_wconf 83' lang='lat' dir='ltr'><strong>charitatis</strong></span> <span class='ocrx_word' id='word_1_724' title='bbox 710 5004 825 5062; x_wconf 87' lang='lat' dir='ltr'><strong>vinculis</strong></span> <span class='ocrx_word' id='word_1_725' title='bbox 846 5021 947 5078; x_wconf 88' lang='lat' dir='ltr'><strong>sponso</strong></span> 
     </span>
     <span class='ocr_line' id='line_1_98' title="bbox 148 5091 946 5167; baseline 0 -15"><span class='ocrx_word' id='word_1_726' title='bbox 148 5106 176 5152; x_wconf 86' lang='lat' dir='ltr'><strong>et</strong></span> <span class='ocrx_word' id='word_1_727' title='bbox 204 5094 319 5152; x_wconf 85' lang='lat' dir='ltr'><strong>Domino</strong></span> <span class='ocrx_word' id='word_1_728' title='bbox 341 5103 435 5151; x_wconf 87' lang='lat' dir='ltr'><strong>nostro</strong></span> <span class='ocrx_word' id='word_1_729' title='bbox 459 5092 598 5167; x_wconf 70' lang='lat' dir='ltr'><strong>colligari,</strong></span> <span class='ocrx_word' id='word_1_730' title='bbox 614 5091 652 5148; x_wconf 90' lang='lat' dir='ltr'><strong>ita</strong></span> <span class='ocrx_word' id='word_1_731' title='bbox 672 5094 773 5162; x_wconf 78' lang='lat' dir='ltr'><strong>ateius</strong></span> <span class='ocrx_word' id='word_1_732' title='bbox 801 5104 946 5164; x_wconf 89' lang='lat' dir='ltr'><strong>sequentes</strong></span> 
     </span>
     <span class='ocr_line' id='line_1_99' title="bbox 151 5189 947 5265; baseline 0.001 -19"><span class='ocrx_word' id='word_1_733' title='bbox 151 5190 266 5262; x_wconf 79' lang='lat' dir='ltr'><strong>vestigia</strong></span> <span class='ocrx_word' id='word_1_734' title='bbox 282 5190 349 5250; x_wconf 90' lang='lat' dir='ltr'><strong>illuc</strong></span> <span class='ocrx_word' id='word_1_735' title='bbox 364 5191 510 5263; x_wconf 89' lang='lat' dir='ltr'><strong>pervenire</strong></span> <span class='ocrx_word' id='word_1_736' title='bbox 525 5189 671 5265; x_wconf 89' lang='lat' dir='ltr'><strong>possimus,</strong></span> <span class='ocrx_word' id='word_1_737' title='bbox 686 5190 733 5246; x_wconf 92' lang='lat' dir='ltr'><strong>ubi</strong></span> <span class='ocrx_word' id='word_1_738' title='bbox 753 5189 812 5262; x_wconf 88' lang='lat' dir='ltr'><strong>ipso</strong></span> <span class='ocrx_word' id='word_1_739' title='bbox 831 5200 873 5246; x_wconf 93' lang='lat' dir='ltr'><strong>est</strong></span> <span class='ocrx_word' id='word_1_740' title='bbox 900 5192 947 5264; x_wconf 79' lang='lat' dir='ltr'><strong>qui</strong></span> 
     </span>
     <span class='ocr_line' id='line_1_100' title="bbox 150 5277 948 5355; baseline 0.003 -19"><span class='ocrx_word' id='word_1_741' title='bbox 150 5277 236 5336; x_wconf 83' lang='lat' dir='ltr'><strong>dixit:</strong></span> <span class='ocrx_word' id='word_1_742' title='bbox 251 5280 321 5346; x_wconf 79' lang='lat' dir='ltr'><strong>Volo,</strong></span> <span class='ocrx_word' id='word_1_743' title='bbox 336 5283 432 5352; x_wconf 84' lang='lat' dir='ltr'><strong>Potor,</strong></span> <span class='ocrx_word' id='word_1_744' title='bbox 444 5281 670 5355; x_wconf 78' lang='lat' dir='ltr'><strong>utsdiaposrtnt,</strong></span> <span class='ocrx_word' id='word_1_745' title='bbox 685 5280 794 5338; x_wconf 85' lang='lat' dir='ltr'><strong>itticstt</strong></span> <span class='ocrx_word' id='word_1_746' title='bbox 808 5282 948 5338; x_wconf 81' lang='lat' dir='ltr'><strong>etminis·</strong></span> 
     </span>
     <span class='ocr_line' id='line_1_101' title="bbox 152 5369 529 5443; baseline 0.016 -21"><span class='ocrx_word' id='word_1_747' title='bbox 152 5370 198 5438; x_wconf 78' lang='lat' dir='ltr'><strong>ter</strong></span> <span class='ocrx_word' id='word_1_748' title='bbox 210 5383 289 5426; x_wconf 82' lang='lat' dir='ltr'><strong>meus</strong></span> <span class='ocrx_word' id='word_1_749' title='bbox 303 5369 396 5442; x_wconf 73' lang='lat' dir='ltr'><strong>(loon.</strong></span> <span class='ocrx_word' id='word_1_750' title='bbox 405 5387 457 5440; x_wconf 80' lang='lat' dir='ltr'><strong>art,</strong></span> <span class='ocrx_word' id='word_1_751' title='bbox 471 5373 529 5443; x_wconf 79' lang='grc'><strong>96).</strong></span> 
     </span>
    </p>
   </div>
   <div class='ocr_carea' id='block_1_19' title="bbox 1000 4291 1804 5535">
    <p class='ocr_par' dir='ltr' id='par_1_20' title="bbox 1000 4291 1804 5535">
     <span class='ocr_line' id='line_1_102' title="bbox 1000 4291 1801 4368; baseline -0.009 -14"><span class='ocrx_word' id='word_1_752' title='bbox 1000 4296 1093 4366; x_wconf 86' lang='lat' dir='ltr'><strong>sionis,</strong></span> <span class='ocrx_word' id='word_1_753' title='bbox 1109 4296 1206 4353; x_wconf 89' lang='lat' dir='ltr'><strong>deinde</strong></span> <span class='ocrx_word' id='word_1_754' title='bbox 1220 4313 1270 4368; x_wconf 93' lang='lat' dir='ltr'><strong>per</strong></span> <span class='ocrx_word' id='word_1_755' title='bbox 1291 4296 1425 4353; x_wconf 88' lang='lat' dir='ltr'><strong>defectum</strong></span> <span class='ocrx_word' id='word_1_756' title='bbox 1449 4294 1592 4365; x_wconf 88' lang='lat' dir='ltr'><strong>passionis.</strong></span> <span class='ocrx_word' id='word_1_757' title='bbox 1607 4295 1640 4349; x_wconf 88' lang='lat' dir='ltr'><strong>Et</strong></span> <span class='ocrx_word' id='word_1_758' title='bbox 1658 4291 1801 4364; x_wconf 78' lang='lat' dir='ltr'><strong>quievere</strong></span> 
     </span>
     <span class='ocr_line' id='line_1_103' title="bbox 1002 4382 1801 4459; baseline -0.008 -17"><span class='ocrx_word' id='word_1_759' title='bbox 1002 4393 1159 4459; x_wconf 87' lang='lat' dir='ltr'><strong>susceperat</strong></span> <span class='ocrx_word' id='word_1_760' title='bbox 1181 4385 1339 4442; x_wconf 88' lang='lat' dir='ltr'><strong>affectiones</strong></span> <span class='ocrx_word' id='word_1_761' title='bbox 1360 4392 1477 4452; x_wconf 89' lang='lat' dir='ltr'><strong>nostras,</strong></span> <span class='ocrx_word' id='word_1_762' title='bbox 1508 4382 1646 4441; x_wconf 87' lang='lat' dir='ltr'><strong>videamus</strong></span> <span class='ocrx_word' id='word_1_763' title='bbox 1663 4382 1801 4454; x_wconf 86' lang='lat' dir='ltr'><strong>quomodo</strong></span> 
     </span>
     <span class='ocr_line' id='line_1_104' title="bbox 1001 4474 1801 4544; baseline -0.013 -12"><span class='ocrx_word' id='word_1_764' title='bbox 1001 4476 1074 4532; x_wconf 87' lang='lat' dir='ltr'><strong>affici</strong></span> <span class='ocrx_word' id='word_1_765' title='bbox 1089 4477 1178 4532; x_wconf 87' lang='lat' dir='ltr'><strong>solent</strong></span> <span class='ocrx_word' id='word_1_766' title='bbox 1200 4474 1324 4530; x_wconf 85' lang='lat' dir='ltr'><strong>homines</strong></span> <span class='ocrx_word' id='word_1_767' title='bbox 1342 4475 1412 4529; x_wconf 91' lang='lat' dir='ltr'><strong>circa</strong></span> <span class='ocrx_word' id='word_1_768' title='bbox 1441 4487 1569 4544; x_wconf 90' lang='lat' dir='ltr'><strong>eosquos</strong></span> <span class='ocrx_word' id='word_1_769' title='bbox 1590 4480 1692 4536; x_wconf 89' lang='lat' dir='ltr'><strong>amant,</strong></span> <span class='ocrx_word' id='word_1_770' title='bbox 1707 4480 1737 4526; x_wconf 93' lang='lat' dir='ltr'><strong>ut</strong></span> <span class='ocrx_word' id='word_1_771' title='bbox 1749 4484 1801 4542; x_wconf 89' lang='lat' dir='ltr'><strong>per</strong></span> 
     </span>
     <span class='ocr_line' id='line_1_105' title="bbox 1000 4557 1800 4639; baseline -0.011 -19"><span class='ocrx_word' id='word_1_772' title='bbox 1000 4573 1094 4620; x_wconf 90' lang='lat' dir='ltr'><strong>notum</strong></span> <span class='ocrx_word' id='word_1_773' title='bbox 1106 4566 1141 4621; x_wconf 87' lang='lat' dir='ltr'><strong>ad</strong></span> <span class='ocrx_word' id='word_1_774' title='bbox 1161 4565 1283 4639; x_wconf 77' lang='lat' dir='ltr'><strong>ignotum</strong></span> <span class='ocrx_word' id='word_1_775' title='bbox 1295 4563 1444 4619; x_wconf 85' lang='lat' dir='ltr'><strong>veniamus.</strong></span> <span class='ocrx_word' id='word_1_776' title='bbox 1458 4560 1526 4628; x_wconf 87' lang='lat' dir='ltr'><strong>Quis</strong></span> <span class='ocrx_word' id='word_1_777' title='bbox 1539 4559 1643 4616; x_wconf 88' lang='lat' dir='ltr'><strong>nesciat</strong></span> <span class='ocrx_word' id='word_1_778' title='bbox 1662 4557 1800 4615; x_wconf 84' lang='lat' dir='ltr'><strong>homiaem</strong></span> 
     </span>
     <span class='ocr_line' id='line_1_106' title="bbox 1002 4645 1800 4723; baseline -0.011 -13"><span class='ocrx_word' id='word_1_779' title='bbox 1002 4655 1074 4711; x_wconf 88' lang='lat' dir='ltr'><strong>circa</strong></span> <span class='ocrx_word' id='word_1_780' title='bbox 1088 4654 1201 4710; x_wconf 84' lang='lat' dir='ltr'><strong>anirum</strong></span> <span class='ocrx_word' id='word_1_781' title='bbox 1217 4669 1297 4710; x_wconf 90' lang='lat' dir='ltr'><strong>suum</strong></span> <span class='ocrx_word' id='word_1_782' title='bbox 1312 4652 1508 4723; x_wconf 88' lang='lat' dir='ltr'><strong>periclitantem</strong></span> <span class='ocrx_word' id='word_1_783' title='bbox 1523 4666 1596 4722; x_wconf 87' lang='lat' dir='ltr'><strong>saepe</strong></span> <span class='ocrx_word' id='word_1_784' title='bbox 1610 4657 1684 4704; x_wconf 92' lang='lat' dir='ltr'><strong>tanto</strong></span> <span class='ocrx_word' id='word_1_785' title='bbox 1698 4645 1800 4702; x_wconf 89' lang='lat' dir='ltr'><strong>affectu</strong></span> 
     </span>
     <span class='ocr_line' id='line_1_107' title="bbox 1002 4736 1800 4814; baseline -0.014 -15"><span class='ocrx_word' id='word_1_786' title='bbox 1002 4754 1031 4799; x_wconf 91' lang='lat' dir='ltr'><strong>et</strong></span> <span class='ocrx_word' id='word_1_787' title='bbox 1045 4744 1138 4798; x_wconf 91' lang='lat' dir='ltr'><strong>dolore</strong></span> <span class='ocrx_word' id='word_1_788' title='bbox 1162 4743 1273 4808; x_wconf 88' lang='lat' dir='ltr'><strong>moveri,</strong></span> <span class='ocrx_word' id='word_1_789' title='bbox 1289 4754 1318 4797; x_wconf 90' lang='lat' dir='ltr'><strong>ut</strong></span> <span class='ocrx_word' id='word_1_790' title='bbox 1336 4741 1457 4814; x_wconf 87' lang='lat' dir='ltr'><strong>corporis</strong></span> <span class='ocrx_word' id='word_1_791' title='bbox 1477 4740 1519 4796; x_wconf 90' lang='lat' dir='ltr'><strong>sui</strong></span> <span class='ocrx_word' id='word_1_792' title='bbox 1550 4737 1740 4794; x_wconf 86' lang='lat' dir='ltr'><strong>detrimentum</strong></span> <span class='ocrx_word' id='word_1_793' title='bbox 1757 4736 1800 4790; x_wconf 91' lang='lat' dir='ltr'><strong>ia·</strong></span> 
     </span>
     <span class='ocr_line' id='line_1_108' title="bbox 1001 4826 1801 4904; baseline -0.014 -15"><span class='ocrx_word' id='word_1_794' title='bbox 1001 4831 1110 4889; x_wconf 75' lang='lat' dir='ltr'><strong>currat?</strong></span> <span class='ocrx_word' id='word_1_795' title='bbox 1124 4831 1154 4886; x_wconf 88' lang='lat' dir='ltr'><strong>Si</strong></span> <span class='ocrx_word' id='word_1_796' title='bbox 1168 4833 1220 4889; x_wconf 91' lang='lat' dir='ltr'><strong>hoc</strong></span> <span class='ocrx_word' id='word_1_797' title='bbox 1230 4839 1339 4904; x_wconf 87' lang='lat' dir='ltr'><strong>praestat</strong></span> <span class='ocrx_word' id='word_1_798' title='bbox 1352 4834 1433 4888; x_wconf 89' lang='lat' dir='ltr'><strong>homo</strong></span> <span class='ocrx_word' id='word_1_799' title='bbox 1444 4828 1698 4901; x_wconf 77' lang='lat' dir='ltr'><strong>homini3quaotum</strong></span> <span class='ocrx_word' id='word_1_800' title='bbox 1714 4826 1801 4882; x_wconf 82' lang='lat' dir='ltr'><strong>Danaa</strong></span> 
     </span>
     <span class='ocr_line' id='line_1_109' title="bbox 1006 4915 1802 4993; baseline -0.008 -18"><span class='ocrx_word' id='word_1_801' title='bbox 1006 4921 1141 4977; x_wconf 89' lang='lat' dir='ltr'><strong>hominem</strong></span> <span class='ocrx_word' id='word_1_802' title='bbox 1155 4922 1246 4978; x_wconf 83' lang='lat' dir='ltr'><strong>lesum</strong></span> <span class='ocrx_word' id='word_1_803' title='bbox 1261 4929 1340 4993; x_wconf 87' lang='lat' dir='ltr'><strong>putas</strong></span> <span class='ocrx_word' id='word_1_804' title='bbox 1354 4921 1458 4976; x_wconf 89' lang='lat' dir='ltr'><strong>homini</strong></span> <span class='ocrx_word' id='word_1_805' title='bbox 1471 4917 1644 4991; x_wconf 78' lang='lat' dir='ltr'><strong>prestitisset</strong></span> <span class='ocrx_word' id='word_1_806' title='bbox 1660 4915 1688 4971; x_wconf 88' lang='lat' dir='ltr'><strong>Si</strong></span> <span class='ocrx_word' id='word_1_807' title='bbox 1705 4924 1733 4971; x_wconf 95' lang='lat' dir='ltr'><strong>tu</strong></span> <span class='ocrx_word' id='word_1_808' title='bbox 1751 4927 1802 4985; x_wconf 83' lang='lat' dir='ltr'><strong>pro</strong></span> 
     </span>
     <span class='ocr_line' id='line_1_110' title="bbox 1004 5003 1802 5083; baseline -0.013 -16"><span class='ocrx_word' id='word_1_809' title='bbox 1004 5019 1060 5067; x_wconf 86' lang='lat' dir='ltr'><strong>uno</strong></span> <span class='ocrx_word' id='word_1_810' title='bbox 1076 5011 1186 5067; x_wconf 89' lang='lat' dir='ltr'><strong>homine</strong></span> <span class='ocrx_word' id='word_1_811' title='bbox 1196 5027 1245 5082; x_wconf 90' lang='lat' dir='ltr'><strong>per</strong></span> <span class='ocrx_word' id='word_1_812' title='bbox 1261 5010 1476 5083; x_wconf 87' lang='lat' dir='ltr'><strong>compassionem</strong></span> <span class='ocrx_word' id='word_1_813' title='bbox 1495 5007 1646 5080; x_wconf 88' lang='lat' dir='ltr'><strong>periculum</strong></span> <span class='ocrx_word' id='word_1_814' title='bbox 1660 5003 1802 5075; x_wconf 82' lang='lat' dir='ltr'><strong>corporale</strong></span> 
     </span>
     <span class='ocr_line' id='line_1_111' title="bbox 1005 5090 1802 5171; baseline -0.009 -17"><span class='ocrx_word' id='word_1_815' title='bbox 1005 5099 1136 5167; x_wconf 86' lang='lat' dir='ltr'><strong>incurris;</strong></span> <span class='ocrx_word' id='word_1_816' title='bbox 1166 5099 1230 5171; x_wconf 90' lang='lat' dir='ltr'><strong>quid</strong></span> <span class='ocrx_word' id='word_1_817' title='bbox 1246 5108 1325 5171; x_wconf 87' lang='lat' dir='ltr'><strong>potas</strong></span> <span class='ocrx_word' id='word_1_818' title='bbox 1338 5099 1487 5155; x_wconf 86' lang='lat' dir='ltr'><strong>Dominum</strong></span> <span class='ocrx_word' id='word_1_819' title='bbox 1501 5098 1589 5153; x_wconf 83' lang='lat' dir='ltr'><strong>lesum</strong></span> <span class='ocrx_word' id='word_1_820' title='bbox 1611 5109 1660 5166; x_wconf 91' lang='lat' dir='ltr'><strong>pro</strong></span> <span class='ocrx_word' id='word_1_821' title='bbox 1673 5090 1802 5149; x_wconf 83' lang='lat' dir='ltr'><strong>omnibus</strong></span> 
     </span>
     <span class='ocr_line' id='line_1_112' title="bbox 1000 5186 1802 5251; baseline -0.011 -7"><span class='ocrx_word' id='word_1_822' title='bbox 1000 5188 1160 5247; x_wconf 89' lang='lat' dir='ltr'><strong>hominibus</strong></span> <span class='ocrx_word' id='word_1_823' title='bbox 1173 5187 1326 5246; x_wconf 75' lang='lat' dir='ltr'><strong>tolerasset</strong></span> <span class='ocrx_word' id='word_1_824' title='bbox 1340 5188 1441 5247; x_wconf 87' lang='lat' dir='ltr'><strong>Omnes</strong></span> <span class='ocrx_word' id='word_1_825' title='bbox 1453 5187 1525 5244; x_wconf 89' lang='lat' dir='ltr'><strong>euim</strong></span> <span class='ocrx_word' id='word_1_826' title='bbox 1539 5186 1581 5241; x_wconf 90' lang='lat' dir='ltr'><strong>sui</strong></span> <span class='ocrx_word' id='word_1_827' title='bbox 1596 5191 1683 5251; x_wconf 87' lang='lat' dir='ltr'><strong>erant,</strong></span> <span class='ocrx_word' id='word_1_828' title='bbox 1697 5189 1725 5238; x_wconf 83' lang='lat' dir='ltr'><strong>et</strong></span> <span class='ocrx_word' id='word_1_829' title='bbox 1738 5195 1802 5237; x_wconf 88' lang='lat' dir='ltr'><strong>om·</strong></span> 
     </span>
     <span class='ocr_line' id='line_1_113' title="bbox 1002 5269 1799 5338; baseline -0.013 -4"><span class='ocrx_word' id='word_1_830' title='bbox 1002 5295 1049 5335; x_wconf 85' lang='lat' dir='ltr'><strong>aas</strong></span> <span class='ocrx_word' id='word_1_831' title='bbox 1065 5280 1212 5338; x_wconf 87' lang='lat' dir='ltr'><strong>mortaliter</strong></span> <span class='ocrx_word' id='word_1_832' title='bbox 1232 5278 1332 5336; x_wconf 90' lang='lat' dir='ltr'><strong>infirmi</strong></span> <span class='ocrx_word' id='word_1_833' title='bbox 1347 5286 1433 5335; x_wconf 90' lang='lat' dir='ltr'><strong>erant.</strong></span> <span class='ocrx_word' id='word_1_834' title='bbox 1450 5277 1529 5333; x_wconf 88' lang='lat' dir='ltr'><strong>Certe</strong></span> <span class='ocrx_word' id='word_1_835' title='bbox 1551 5274 1675 5333; x_wconf 87' lang='lat' dir='ltr'><strong>novimus</strong></span> <span class='ocrx_word' id='word_1_836' title='bbox 1686 5269 1799 5327; x_wconf 87' lang='lat' dir='ltr'><strong>Paulum</strong></span> 
     </span>
     <span class='ocr_line' id='line_1_114' title="bbox 1002 5366 1801 5441; baseline -0.009 -17"><span class='ocrx_word' id='word_1_837' title='bbox 1002 5370 1156 5441; x_wconf 91' lang='lat' dir='ltr'><strong>apostolum</strong></span> <span class='ocrx_word' id='word_1_838' title='bbox 1170 5371 1204 5428; x_wconf 86' lang='lat' dir='ltr'><strong>da</strong></span> <span class='ocrx_word' id='word_1_839' title='bbox 1216 5369 1351 5426; x_wconf 82' lang='lat' dir='ltr'><strong>sediaissc</strong></span> <span class='ocrx_word' id='word_1_840' title='bbox 1361 5387 1368 5428; x_wconf 89' lang='lat'>:</span> <span class='ocrx_word' id='word_1_841' title='bbox 1380 5368 1447 5439; x_wconf 78' lang='lat' dir='ltr'><strong>Quis</strong></span> <span class='ocrx_word' id='word_1_842' title='bbox 1456 5366 1632 5439; x_wconf 62' lang='lat' dir='ltr'><strong>intraretur,</strong></span> <span class='ocrx_word' id='word_1_843' title='bbox 1644 5366 1673 5421; x_wconf 82' lang='lat' dir='ltr'><strong>et</strong></span> <span class='ocrx_word' id='word_1_844' title='bbox 1682 5376 1732 5436; x_wconf 81' lang='lat' dir='ltr'><strong>epo</strong></span> <span class='ocrx_word' id='word_1_845' title='bbox 1741 5373 1801 5418; x_wconf 84' lang='lat' dir='ltr'><strong>nort</strong></span> 
     </span>
     <span class='ocr_line' id='line_1_115' title="bbox 1005 5450 1804 5535; baseline -0.015 -18"><span class='ocrx_word' id='word_1_846' title='bbox 1005 5459 1205 5535; x_wconf 74' lang='lat' dir='ltr'><strong>infirrnorf(ll</strong></span> <span class='ocrx_word' id='word_1_847' title='bbox 1218 5460 1280 5519; x_wconf 82' lang='lat' dir='ltr'><strong>cnr.</strong></span> <span class='ocrx_word' id='word_1_848' title='bbox 1295 5473 1336 5527; x_wconf 88' lang='lat' dir='ltr'><strong>xv,</strong></span> <span class='ocrx_word' id='word_1_849' title='bbox 1348 5458 1406 5530; x_wconf 82' lang='grc'><strong>99.)</strong></span> <span class='ocrx_word' id='word_1_850' title='bbox 1418 5458 1452 5513; x_wconf 81' lang='lat' dir='ltr'><strong>Et</strong></span> <span class='ocrx_word' id='word_1_851' title='bbox 1460 5472 1524 5515; x_wconf 90' lang='lat' dir='ltr'><strong>vere</strong></span> <span class='ocrx_word' id='word_1_852' title='bbox 1534 5470 1568 5513; x_wconf 87' lang='lat' dir='ltr'><strong>eo</strong></span> <span class='ocrx_word' id='word_1_853' title='bbox 1580 5467 1669 5527; x_wconf 84' lang='lat' dir='ltr'><strong>usquo</strong></span> <span class='ocrx_word' id='word_1_854' title='bbox 1681 5450 1804 5508; x_wconf 79' lang='lat' dir='ltr'><strong>intrans·</strong></span> 
     </span>
    </p>
   </div>
   <div class='ocr_carea' id='block_1_20' title="bbox 0 0 1858 5962">
    <p class='ocr_par' dir='ltr' id='par_1_21' title="bbox 0 0 1858 5962">
     <span class='ocr_line' id='line_1_116' title="bbox 0 0 1858 5962; baseline 0 0"><span class='ocrx_word' id='word_1_855' title='bbox 0 0 1858 5962; x_wconf 95' lang='lat' dir='ltr'><strong> </strong></span> 
     </span>
    </p>
   </div>
  </div>
 </body>
</html>
