3706 5962
532 217 723 279 'llldffffllls
740 217 785 278 titt
802 218 908 278 stilti
927 218 1104 281 virtutus.
1584 217 1640 283 Μ

76 355 100 413 ι,
118 347 207 404 divina
221 346 307 422 gratia
321 361 336 400 ε
357 346 414 401 lieo
429 346 564 402 subtracta
577 354 628 410 εει,
649 355 680 401 ut
693 346 782 403 ricto·
800 358 824 438 Α
841 345 875 400 ad
891 345 1065 417 sapientiam,
1081 348 1135 403 dux
1158 348 1192 402 ad
1215 349 1383 418 martyrium,
1399 348 1457 402 dux
1471 347 1504 401 ad
1528 347 1639 417 patriam

76 451 124 492 nnc
141 435 247 507 penitus
261 429 497 503 intermitteretur3
521 435 651 505 quoniam
676 435 782 505 culpam
841 443 969 490 nostram.
984 436 1044 489 Dtrn
1058 436 1118 490 dico
1134 444 1175 491 εει
1199 437 1232 490 ad
1247 435 1367 500 virtutes,
1398 436 1549 491 secundum
1574 435 1639 489 illud

76 525 153 592 :raris
167 541 247 595 poena
262 527 405 580 subsecuta
429 535 481 585 est,
499 532 528 578 ut
542 525 670 579 tonantes
683 526 786 596 absque
841 520 968 596 Gregorii
985 537 991 577 :
1010 546 1021 573 ι
1040 524 1202 580 Obedientia
1212 525 1269 581 sola
1283 532 1326 580 est
1339 538 1400 594 quae
1408 523 1641 579 coeoeresrirtutes

76 615 181 670 tudone
203 623 365 680 moreretur,
382 612 434 669 nisi
450 615 531 671 totius
551 612 644 684 populi
659 613 786 683 precibus
841 612 924 667 menti
936 611 1042 681 inserit,
1064 613 1237 682 insertasque
1251 613 1373 670 custodit
1389 613 1498 684 (itin).
1527 634 1538 663 ι
1568 610 1640 668 abbi

76 709 148 759 retur
160 703 187 774 (l
199 706 263 774 liep.
279 703 352 775 xiv).
366 702 477 774 Legitur
487 703 578 769 etiam,
590 704 661 773 qnod
677 701 786 774 quidam
841 699 914 771 dicit,
941 701 1003 773 qnia
1020 702 1172 759 obedientia
1195 701 1256 758 lirici
1283 702 1409 757 meritum
1434 700 1566 773 possidet,
1583 701 1641 755 sine

76 802 181 847 aterum
197 793 352 847 mandatnm
369 798 511 861 acceperat
533 806 551 845 a
568 790 626 845 Deo
646 805 679 846 ne
692 805 785 846 corne·
841 787 1017 861 quainddelis
1030 794 1146 863 quisque
1160 791 1339 856 conuincitur,
1351 793 1431 847 etiam
1442 792 1464 845 si
1480 788 1566 846 fidelis
1580 805 1641 846 esse

90 879 177 936 donec
200 888 381 937 reverteretur
400 879 463 934 inde
483 894 537 951 quo
564 878 661 934 missam
684 878 784 935 iuerat.
840 877 1046 935 videatuoliux
1063 880 1150 936 estad
1165 880 1414 952 sapientiamjunta
1429 878 1491 934 illud
1510 896 1517 935 :
1535 878 1641 935 donca-

76 967 150 1023 renit
172 977 262 1023 autem
293 968 403 1038 quidam
431 967 499 1022 elius
522 966 663 1038 propbeta,
692 966 786 1023 dicens
839 967 910 1039 pisti
922 967 1362 1041 sopientinmircruumondoto
1373 968 1469 1040 illecti,
1483 983 1502 1037 ι,
1520 967 1640 1038 33).Dux

78 1059 199 1112 ominum
206 1056 373 1128 apparuisse,
389 1056 462 1127 qnod
477 1065 542 1111 etex
557 1055 692 1111 dominico
717 1071 785 1127 prte-
840 1062 881 1111 cst
894 1055 1178 1129 edmondensium
1196 1057 1242 1130 qni
1256 1072 1319 1114 rere
1332 1067 1359 1112 et
1372 1056 1493 1127 perlecta
1504 1056 1560 1113 vult
1575 1056 1641 1112 obe·

79 1146 225 1202 comedere
236 1148 347 1202 deberet
358 1146 486 1201 ostendit.
502 1145 562 1213 Qno
578 1158 706 1201 sermone
720 1147 785 1202 Pro·
840 1143 917 1199 diens
929 1158 989 1200 esse
1003 1154 1110 1216 oportet
1120 1161 1183 1203 cnm
1195 1147 1367 1217 gravissimas
1383 1145 1473 1200 cordis
1486 1145 1641 1214 etcorporis

84 1234 222 1305 deceptus,
247 1235 373 1299 credidit,
387 1243 414 1290 ει
428 1235 563 1305 comedit,
589 1244 616 1290 et
637 1235 664 1288 in
687 1249 742 1305 quo
756 1250 786 1290 se
841 1232 984 1304 passiones
998 1234 1121 1306 perpeti3
1146 1233 1194 1289 sed
1209 1249 1307 1306 magna
1322 1232 1404 1289 nobis
1421 1239 1466 1287 εει
1480 1231 1640 1299 consolatio,

76 1323 238 1388 recredidit,
257 1323 419 1379 inobediens
429 1322 478 1378 luit
488 1338 494 1377 :
505 1326 582 1391 cujus
593 1315 785 1378 inobedientiae
840 1322 903 1393 qnia
918 1321 942 1377 si
957 1323 1136 1391 compatimur
1151 1321 1406 1395 conregnabimus,
1422 1331 1449 1377 ct
1464 1320 1528 1393 quia
1544 1336 1641 1377 secun·

76 1427 97 1466 n
112 1411 171 1468 talis
191 1414 335 1468 subsecuta
351 1420 392 1466 est
415 1426 505 1480 poena,
520 1421 550 1466 ut
571 1426 635 1466 enm
648 1410 676 1466 in
688 1411 786 1468 itinere
840 1412 903 1466 dum
923 1408 1009 1467 5ss
1023 1410 1221 1466 multitudinem
1232 1409 1359 1466 dolorum
1375 1421 1532 1466 nostrorum
1545 1424 1641 1465 conso·

76 1500 200 1558 trimeret.
219 1500 408 1556 Verumtamen
428 1500 455 1554 in
477 1507 563 1557 morte
584 1508 724 1571 peccatum
739 1500 784 1556 in·
839 1499 953 1556 tationes
964 1499 1014 1554 liei
1028 1498 1200 1555 laetificabunt
1219 1497 1325 1554 animas
1350 1507 1477 1554 nostras:
1502 1508 1531 1554 et
1546 1514 1642 1570 quern·

76 1588 149 1645 nale
161 1590 337 1653 solutumesu
354 1588 426 1661 quod
442 1605 488 1660 per
501 1588 706 1659 bocindicatur,
722 1591 785 1662 quia
840 1587 987 1646 admodum
1009 1587 1055 1642 tilii
1079 1588 1199 1643 ionadab
1226 1597 1337 1659 propter
1351 1586 1534 1643 obedientiam
1556 1602 1640 1660 quem

76 1677 273 1749 iil'ropbetam
288 1678 465 1745 exstinxerat,
482 1678 657 1748 postmodum
677 1694 726 1735 nec
739 1694 784 1733 ca·
841 1676 1018 1732 exhibuerant
1032 1675 1103 1746 petri
1117 1689 1177 1741 sno,
1193 1675 1297 1732 scilicet
1312 1690 1346 1730 ne
1361 1674 1451 1732 einum
1466 1674 1598 1739 biberent,
1610 1682 1640 1730 et

76 1809 83 1830 ,
107 1783 156 1823 nec
184 1767 290 1823 asinum
315 1782 397 1822 suum
415 1774 526 1839 tangere
547 1766 718 1838 presumpsit
739 1767 789 1839 (lll
839 1776 869 1820 ut
881 1772 1023 1822 manerent
1036 1764 1064 1820 in
1087 1764 1275 1831 tabernaculis,
1304 1763 1519 1819 benedictionem
1533 1779 1640 1819 merne-

77 1853 149 1923 ram).
174 1852 289 1917 Quodsi
313 1856 369 1909 tam
396 1852 514 1926 graviter
536 1851 693 1924 deliquitur,
721 1867 783 1908 cnm
841 1861 930 1909 rnnta
943 1852 1184 1921 liominollcrcm.
1201 1852 1352 1922 xxxv);ita
1366 1851 1559 1923 etquicunque
1573 1868 1640 1922 pre·

76 1946 239 2014 morantium
259 1942 446 1998 inobedientia
461 1940 509 2006 fit;
524 1957 604 2012 qnam
618 1940 784 1999 horribiliter
840 1942 901 1997 lctis
914 1943 973 1998 suis
986 1941 1132 2015 perleciam
1151 1942 1280 1997 exhibent
1308 1940 1503 2011 obedientiam,
1529 1940 1641 1996 benedi-

76 2039 83 2084 t
95 2030 144 2100 qni
155 2032 320 2088 conscientia
335 2037 480 2088 accusante
492 2031 604 2088 obedire
614 2030 783 2086 contemnit?
839 2031 957 2087 ctionem
971 2038 1111 2087 merentur
1125 2047 1141 2085 a
1153 2031 1280 2100 Domino,
1292 2033 1384 2102 ntique
1400 2030 1535 2100 triplicem
1552 2047 1559 2096 ;
1579 2029 1641 2100 quie

88 2127 117 2173 ut
139 2119 298 2190 praedictum
321 2131 370 2183 est,
396 2135 445 2190 per
472 2118 662 2174 inobedientiae
686 2119 784 2175 malum
843 2119 927 2189 prima
938 2127 980 2175 εει
993 2121 1124 2176 uirtutum
1136 2119 1290 2175 benedictio
1304 2121 1381 2188 juxta
1396 2118 1459 2173 illud
1479 2116 1638 2173 Psalmistre:

76 2223 117 2263 um
147 2209 182 2263 sit
210 2208 369 2264 obedientie
391 2208 490 2262 bonnm
512 2207 653 2266 euidenter
666 2223 784 2279 perpen·
838 2206 1193 2279 Multiplicobisincnlmo
1203 2206 1644 2275 mccvirtotcmffaclcxutrr,

839 2297 876 2364 3);
892 2297 1010 2354 secunda
1029 2305 1081 2362 est,
1097 2307 1125 2354 ut
1143 2295 1233 2351 anima
1247 2297 1342 2354 exiens
1364 2311 1381 2351 ε
1403 2310 1519 2366 corpore
1546 2295 1638 2349 statim

81 2385 158 2442 Nunc
172 2393 261 2440 autem
281 2385 438 2456 simpliciter
467 2385 648 2442 obedientiam
676 2384 783 2441 descri-
840 2389 959 2439 transeat
971 2384 1004 2437 ad
1021 2385 1159 2453 requiem;
1186 2382 1330 2448 tertiaeet,
1346 2390 1376 2439 ut
1398 2381 1425 2437 in
1444 2385 1641 2437 resurrectione

76 2490 95 2541 s,
105 2473 296 2545 subjungendo
312 2473 497 2542 breviterejus
510 2472 667 2538 divisiones,
683 2480 710 2528 ει
724 2490 784 2543 quae
837 2470 974 2539 justornm
997 2469 1085 2527 omnis
1098 2469 1264 2527 obedientie
1286 2469 1357 2527 lilius
1379 2471 1462 2526 stolas
1478 2469 1555 2525 binas
1571 2471 1639 2527 reci·

76 2577 129 2635 rnae
149 2561 329 2617 obedientiam
344 2561 505 2632 impediunt,
521 2576 582 2632 qne
592 2561 698 2630 jurant,
722 2576 784 2632 quae
839 2560 902 2631 piat,
917 2561 996 2630 juxta
1006 2559 1073 2615 illud
1087 2560 1160 2631 quod
1176 2559 1369 2630 scriptumest,
1385 2557 1497 2625 scilicet,
1514 2559 1545 2614 ln
1561 2563 1640 2617 terro

76 2667 100 2707 rs
115 2652 275 2722 proprietas,
299 2662 326 2706 ει
344 2667 405 2722 qnae
425 2651 552 2721 dignitas,
568 2665 629 2721 qnae
644 2649 781 2721 perfectio,
838 2664 891 2704 ecc
906 2648 1033 2721 duplicia
1045 2648 1378 2723 permirabillimum,
1393 2649 1433 2717 l).
1443 2647 1581 2719 Amplius,
1595 2663 1642 2702 va·-

76 2740 266 2795 meritnnr.Est
275 2755 340 2811 ergo
355 2738 509 2795 obedientia
520 2739 616 2806 virtus,
628 2754 680 2810 qna
690 2739 782 2802 bomo,
838 2751 897 2791 rem
925 2738 1107 2793 obedientiam
1134 2737 1277 2795 comitatur
1314 2735 1440 2803 charitas,
1467 2735 1642 2807 simplicitas,

76 2831 251 2885 ιεεοιιιειειε
271 2827 429 2898 postposita,
447 2828 537 2882 animo
556 2825 725 2896 amplectitur
738 2826 782 2880 in·
837 2826 992 2894 concordia,
1012 2826 1085 2898 quod
1101 2842 1150 2899 per
1169 2827 1221 2884 boc
1234 2826 1313 2883 nobis
1341 2824 1492 2899 figuraliter
1510 2826 1639 2892 innuitur,

76 2931 175 2989 ,opere
195 2916 343 2988 implenda,
362 2916 412 2970 nisi
426 2915 562 2971 obstiterit
576 2931 657 2973 causa
671 2914 784 2971 insioci·
801 2917 822 2994 (ζ
839 2916 912 2987 quod
928 2923 1071 2990 postquam
1084 2916 1135 2972 lob
1149 2915 1184 2972 de
1204 2915 1362 2971 infirmitate
1389 2913 1537 2981 convaluit,
1553 2931 1639 2970 nnus-

76 3006 114 3062 rel
129 3008 229 3076 praelati
243 3007 389 3061 auerterites
404 3005 476 3060 idem
493 3002 725 3076 proliibensquod
740 3004 782 3057 in·
837 3005 951 3077 quimus
971 3005 1121 3062 amicorum
1135 3019 1246 3063 suorum
1276 3004 1376 3060 obtulit
1388 3005 1412 3059 ei
1441 3005 1564 3059 inaurem
1591 3020 1639 3059 au·

76 3103 117 3150 ει
139 3094 297 3150 Obedtenna
311 3095 363 3148 elia
390 3093 521 3164 perlecta,
534 3093 594 3148 alia
610 3092 779 3164 imperiecta.
838 3109 910 3150 ream
930 3109 1022 3160 unam,
1037 3103 1062 3150 et
1078 3109 1154 3154 crem
1170 3110 1249 3150 unam
1264 3094 1324 3167 (lob
1338 3108 1407 3164 xcu,
1424 3094 1481 3165 tl.)
1496 3094 1550 3149 Sed
1572 3095 1641 3166 qnid

75 3183 143 3240 lecta
157 3192 208 3250 εει,
225 3199 286 3255 quae
301 3199 387 3255 usqne
403 3183 437 3237 ad
454 3183 549 3238 mortis
564 3182 710 3238 terminum
725 3196 778 3238 non
836 3199 884 3255 per
900 3183 1031 3251 inaurem,
1047 3185 1119 3256 quod
1135 3184 1341 3241 instrumentum
1362 3195 1405 3239 est
1431 3198 1555 3251 aureum,
1587 3184 1639 3239 nisi

76 3273 121 3347 git
141 3271 257 3330 Perlccta
270 3281 320 3337 est,
346 3287 407 3343 qnae
422 3279 508 3326 morte
528 3284 583 3326 non
602 3271 779 3336 consumitur,
836 3272 1018 3330 obedientia?
1031 3273 1096 3344 quid
1112 3287 1161 3343 per
1174 3272 1319 3339 orem,nisi
1335 3270 1634 3342 simplicitasmesigna·

76 3369 258 3417 ›naurirmatun
283 3360 348 3415 ltem
373 3358 526 3415 obedientie
550 3357 665 3414 aliaest
692 3358 781 3430 magni
838 3359 899 3418 turi
914 3360 949 3418 tit
968 3375 1053 3433 quare
1067 3359 1169 3415 inauris
1183 3375 1277 3427 aurea,
1293 3359 1345 3414 nisi
1360 3359 1424 3430 qnia
1451 3374 1545 3413 aurum
1575 3362 1636 3415 clre-

76 3493 83 3517 ,
99 3449 152 3504 alia
167 3449 245 3520 parvi
259 3448 356 3515 meriti,
372 3446 426 3502 alia
439 3446 539 3502 nullius
556 3445 652 3513 nieriti,
667 3461 728 3500 cnm
742 3451 782 3500 te·
836 3448 939 3504 ritatem
954 3448 1099 3522 significat,
1121 3447 1180 3503 sine
1196 3462 1252 3521 qua
1264 3447 1422 3503 obedientia
1436 3462 1496 3502 csse
1514 3461 1568 3503 uon
1584 3446 1630 3502 de·

76 3539 217 3596 »uenientia
231 3537 363 3594 rideatur.
384 3534 475 3608 Magni
489 3534 579 3590 meriti
594 3547 647 3602 est,
665 3549 728 3590 cum
737 3549 781 3589 se-
836 3537 898 3592 betl
915 3544 943 3594 ει
955 3551 1005 3595 cur
1014 3537 1115 3592 inauris
1129 3552 1182 3592 una
1191 3543 1218 3592 ει
1233 3535 1292 3594 ovis
1309 3542 1474 3591 memoretur
1487 3549 1540 3590 nna
1557 3576 1563 3601 ,
1580 3535 1632 3590 nisi

76 3646 102 3685 m
115 3629 187 3703 quod
203 3628 296 3684 beatus
312 3624 463 3698 Gregorius
483 3623 593 3680 disserit
610 3622 719 3695 (derat.
732 3620 780 3678 lib.
836 3626 898 3698 qnia
917 3625 1004 3681 nnius
1020 3641 1069 3696 per
1082 3625 1237 3683 concordie
1245 3624 1382 3682 vinculum
1392 3625 1515 3680 cbariteti
1530 3632 1557 3681 et
1567 3626 1632 3680 sinr-

91 3733 149 3790 cap.
168 3721 224 3788 ld),
239 3715 392 3776 obedientia
407 3713 434 3769 in
452 3711 571 3771 adversis
585 3711 687 3786 aliquid
700 3712 782 3768 babet
837 3712 949 3783 pliciteti
963 3713 1166 3787 conjungitur?
1181 3714 1265 3771 Tanta
1279 3713 1354 3771 enim
1371 3713 1515 3771 concordie
1538 3714 1631 3769 omnia

77 3822 104 3876 o,
131 3807 160 3861 id
179 3815 220 3863 εει
238 3823 271 3861 ex
292 3804 428 3885 desiderio
456 3802 634 3876 amplectitur
655 3803 779 3859 adversa.
836 3809 929 3858 nostra
941 3801 1024 3875 dirigi
1037 3801 1147 3871 debent,
1161 3811 1195 3859 ut
1207 3812 1299 3861 nostro
1314 3802 1378 3860 vitio
1392 3803 1551 3860 scandalum
1566 3801 1633 3860 diri-

80 3896 167 3953 meriti
192 3905 244 3960 εει,
264 3911 325 3951 cum
341 3893 402 3968 quis
417 3892 443 3946 in
460 3890 581 3948 adversis
595 3890 694 3951 invitus
712 3893 780 3949 obe·
838 3891 923 3949 sionis
936 3891 965 3949 in
983 3892 1104 3950 Ecclesia
1114 3908 1170 3951 non
1185 3891 1242 3952 fiet.

92 3982 202 4039 Nullius
220 3982 308 4037 meriti
337 3991 379 4038 εει
401 3980 558 4038 obedientia
582 3980 609 4035 in
629 3981 780 4052 prosperis,
872 3985 918 4040 ιι.
934 3982 1070 4054 Amplius,
1085 3998 1161 4040 amor
1175 3983 1270 4041 seculi
1293 3991 1320 4041 ει
1330 3999 1406 4042 amor
1420 3984 1540 4056 privatus
1554 3982 1631 4039 valde

76 4070 220 4128 imitantis
237 4071 343 4125 animus
357 4071 390 4125 ad
409 4071 503 4127 eedem
518 4084 648 4142 prospere
662 4070 780 4128 antelat.
837 4070 989 4145 impediunt
1001 4070 1191 4145 obedientiam,
1207 4085 1234 4130 et
1250 4073 1326 4130 valde
1340 4073 1482 4130 roboratur
1504 4072 1632 4129 obedien·

76 4159 219 4216 tbedientia
235 4160 342 4214 aliaest
358 4160 468 4230 venalis,
484 4161 535 4216 alia
550 4159 665 4226 servilis,
682 4159 735 4217 elia
750 4159 783 4216 li-
798 4199 822 4277 n
839 4162 887 4228 tia,
897 4161 919 4217 si
934 4159 996 4234 quis
1008 4171 1049 4218 est
1070 4170 1241 4234 contemptor
1258 4162 1350 4219 seculi
1377 4172 1404 4218 ct
1419 4162 1472 4217 sui.
1498 4161 1567 4216 Sunt
1587 4176 1632 4216 au·

90 4248 198 4306 Venalis
224 4254 276 4320 eet,
300 4264 363 4320 quae
378 4248 412 4302 ad
433 4250 613 4319 quodcunque
634 4252 782 4321 temporale
838 4257 892 4307 tem
907 4251 950 4308 blo
968 4250 1149 4324 proprietates
1171 4250 1341 4316 obedientiae,
1370 4250 1551 4318 utsubjectus
1565 4249 1631 4304 obe·

76 4337 168 4408 edum,
185 4339 226 4393 rel
251 4337 284 4393 ed
300 4336 395 4392 mnndi
409 4337 525 4408 gloriam
539 4336 657 4409 respicit.
673 4337 782 4396 Seruilia
836 4340 901 4409 diat,
918 4353 973 4395 non
986 4338 1086 4409 tepide,
1100 4354 1156 4396 nou
1171 4338 1273 4411 tepide,
1293 4354 1347 4396 non
1366 4353 1429 4394 cnm
1444 4351 1569 4394 sermone
1583 4352 1632 4392 no·

76 4427 152 4485 uoefit
168 4442 328 4500 quocunque
342 4425 439 4482 timore
450 4442 503 4481 non
516 4432 601 4481 costo.
617 4424 717 4481 Filielis
729 4437 780 4491 est,
799 4454 801 4458 ⁷
834 4428 926 4494 lentis,
941 4429 1001 4484 sine
1015 4440 1092 4481 mora
1109 4436 1236 4499 eiusque
1260 4428 1294 4483 ad
1317 4435 1442 4484 mortem.
1470 4427 1505 4482 Et
1521 4427 1578 4481 baec
1592 4434 1633 4481 est

76 4519 196 4575 declam
211 4518 368 4574 charitatem
383 4515 500 4587 respicit.
517 4513 677 4571 Obedientie
693 4513 783 4571 blialis
837 4515 964 4587 perfectio
997 4514 1171 4585 obedientie,
1191 4525 1302 4585 proptor
1330 4529 1412 4585 quarn
1441 4512 1632 4585 perfectionem

76 4607 119 4664 lde
133 4608 223 4675 bona;
241 4603 394 4662 obedientia
415 4603 520 4660 servilis
546 4618 594 4659 nec
612 4602 646 4658 ad
671 4602 782 4659 salntem
837 4604 1005 4671 dictumest,
1021 4602 1113 4673 Usque
1126 4602 1160 4657 ed
1176 4609 1303 4658 mortem.
1317 4601 1396 4658 Alius
1409 4602 1481 4659 enim
1493 4610 1631 4673 permanet

77 4705 97 4764 t,
108 4712 158 4752 nec
175 4708 215 4751 est
230 4696 308 4751 raldo
326 4695 410 4757 maln;
426 4693 579 4751 obedientia
591 4691 693 4750 venalis
706 4692 785 4748 uelde
836 4692 865 4747 in
879 4689 1035 4751 obedientia
1046 4707 1130 4764 usque
1147 4692 1181 4747 ad
1192 4692 1335 4751 verborum
1347 4691 1547 4758 contumeliam,
1561 4690 1632 4748 alius

76 4785 170 4854 milla
182 4784 300 4839 niaxime
314 4801 368 4855 qna
378 4785 472 4840 nititur
482 4784 562 4842 bomo
575 4785 608 4839 ad
619 4781 784 4857 prelationis
838 4781 977 4853 usquead
997 4779 1095 4836 damm
1117 4795 1226 4848 rernm;
1243 4778 1310 4836 alius
1336 4795 1421 4852 usque
1447 4781 1490 4836 ad
1509 4781 1632 4852 corporis

76 4891 92 4934 n
107 4873 289 4931 fraudulenter
307 4873 456 4946 attingere,
473 4879 502 4930 ut
516 4873 562 4945 qni
580 4870 784 4943 subjectushu·
839 4870 989 4943 passiones,
1003 4867 1169 4942 eliususque
1183 4869 1218 4926 ad
1233 4877 1349 4928 mortem
1369 4884 1375 4924 :
1392 4879 1420 4927 ct
1441 4870 1486 4927 bic
1509 4869 1584 4925 aolus
1598 4869 1632 4924 ad

76 4964 200 5038 tissipna
218 4963 369 5035 pretendit,
394 4963 600 5034 aliispretatns
621 4976 725 5019 cornua
739 4977 784 5017 su·
837 4960 1029 5032 perlectionem
1062 4958 1224 5016 obedientie
1252 4957 1392 5034 pertingit.
1431 4961 1466 5016 Et
1487 4957 1633 5014 notandum

76 5052 360 5111 eostentatnialitiose.
371 5053 578 5108 ltemdebemus
591 5050 705 5123 subjecti
719 5051 785 5108 obc-
837 5050 911 5124 quod
924 5048 1077 5107 obedientia
1099 5049 1179 5105 nobis
1194 5065 1279 5121 usqne
1305 5049 1340 5105 ed
1365 5057 1477 5106 mortem
1505 5046 1635 5101 servanda

76 5157 129 5209 am,
144 5141 261 5213 primum
273 5141 340 5208 Deo,
356 5139 452 5196 deinde
471 5139 597 5212 praelatis,
614 5138 784 5212 postmodum
838 5140 1001 5212 praecipitur.
1017 5139 1057 5196 Ne
1072 5138 1155 5214 igitur
1169 5138 1249 5192 nobis
1262 5154 1349 5210 usque
1367 5138 1400 5193 ad
1415 5134 1557 5207 praesentis
1576 5135 1635 5193 vite

76 5232 160 5289 ricem.
187 5230 253 5295 Deo,
284 5247 315 5286 er
340 5229 498 5286 necessitate
514 5248 521 5295 ;
538 5228 665 5300 praelatis,
686 5244 718 5284 ex
734 5243 785 5300 po·
841 5230 986 5288 terminum
1000 5227 1154 5284 obedientia
1168 5225 1306 5283 laboriosa
1326 5234 1461 5298 appareat,
1474 5223 1637 5295 Redemptor

76 5335 95 5394 t,
110 5321 174 5395 quia
187 5321 228 5376 eis
242 5318 424 5390 nosmetipsos
442 5333 540 5390 sponse
555 5318 733 5388 subjecimus3
750 5318 784 5372 ad
840 5330 935 5376 noster
956 5319 1042 5375 factm
1056 5324 1099 5372 εει
1121 5315 1253 5372 obediens
1275 5329 1361 5385 usque
1375 5315 1410 5369 ad
1426 5321 1549 5374 mortem.
1564 5311 1649 5381 Quid.

78 5427 115 5481 m,
129 5426 163 5468 cx
178 5410 315 5468 charitate.
840 5423 907 5482 ergo
922 5407 1021 5465 mirum
1047 5403 1071 5459 si
1099 5404 1181 5460 bomo
1210 5409 1334 5474 peccator
1347 5402 1506 5460 obedientiae
1531 5401 1559 5458 in
1573 5402 1637 5461 vite

88 5499 325 5560 ltemobedientia
337 5501 393 5557 dux
407 5509 450 5557 est
462 5499 579 5558 nobisad
592 5500 718 5568 εἰειιιιεε,
730 5499 786 5557 dex
840 5499 923 5568 buius
935 5495 1067 5554 breuitate
1088 5508 1119 5550 se
1139 5491 1259 5564 subjicit,
1283 5492 1391 5567 quando
1405 5494 1475 5551 banc
1487 5502 1514 5551 ει
1526 5490 1571 5550 ille
1587 5492 1635 5567 qui
