<?xml version="1.0" encoding="UTF-8"?>
<!DOCTYPE html PUBLIC "-//W3C//DTD XHTML 1.0 Transitional//EN"
    "http://www.w3.org/TR/xhtml1/DTD/xhtml1-transitional.dtd">
<html xmlns="http://www.w3.org/1999/xhtml" xml:lang="en" lang="en">
 <head>
  <title>
</title>
<meta http-equiv="Content-Type" content="text/html;charset=utf-8" />
  <meta name='ocr-system' content='tesseract 3.04.00' />
  <meta name='ocr-capabilities' content='ocr_page ocr_carea ocr_par ocr_line ocrx_word'/>
</head>
<body>
  <div class='ocr_page' id='page_1' title='image "./patrologiaecurs00unkngoog_0378.png"; bbox 0 0 3706 5962; ppageno 0'>
   <div class='ocr_carea' id='block_1_1' title="bbox 157 134 1804 242">
    <p class='ocr_par' dir='ltr' id='par_1_1' title="bbox 157 134 1804 242">
     <span class='ocr_line' id='line_1_1' title="bbox 157 134 1804 242; baseline -0.003 -2"><span class='ocrx_word' id='word_1_1' title='bbox 157 181 210 242; x_wconf 81' lang='lat' dir='ltr'>ua</span> <span class='ocrx_word' id='word_1_2' title='bbox 547 167 980 234; x_wconf 82' lang='lat' dir='ltr'>uaoirirtotnrlssroiuu</span> <span class='ocrx_word' id='word_1_3' title='bbox 1001 168 1264 234; x_wconf 85' lang='lat' dir='ltr'>uraasuuancr.</span> <span class='ocrx_word' id='word_1_4' title='bbox 1286 172 1411 237; x_wconf 85' lang='lat' dir='ltr'>mutui.</span> <span class='ocrx_word' id='word_1_5' title='bbox 1743 134 1804 237; x_wconf 68' lang='lat' dir='ltr'>‘uti</span> 
     </span>
    </p>
   </div>
   <div class='ocr_carea' id='block_1_2' title="bbox 155 294 1809 899">
    <p class='ocr_par' dir='ltr' id='par_1_2' title="bbox 155 294 1809 899">
     <span class='ocr_line' id='line_1_2' title="bbox 155 294 1807 390; baseline -0.001 -29"><span class='ocrx_word' id='word_1_6' title='bbox 155 307 189 363; x_wconf 90' lang='lat' dir='ltr'>de</span> <span class='ocrx_word' id='word_1_7' title='bbox 203 302 280 377; x_wconf 89' lang='lat' dir='ltr'>aquis</span> <span class='ocrx_word' id='word_1_8' title='bbox 299 300 400 359; x_wconf 89' lang='lat' dir='ltr'>multis.</span> <span class='ocrx_word' id='word_1_9' title='bbox 416 299 523 356; x_wconf 81' lang='lat' dir='ltr'><strong>Suscita</strong></span> <span class='ocrx_word' id='word_1_10' title='bbox 535 313 596 366; x_wconf 91' lang='lat' dir='ltr'>nos,</span> <span class='ocrx_word' id='word_1_11' title='bbox 610 298 735 365; x_wconf 78' lang='lat' dir='ltr'><strong>Domine,</strong></span> <span class='ocrx_word' id='word_1_12' title='bbox 750 304 780 352; x_wconf 92' lang='lat' dir='ltr'>ut</span> <span class='ocrx_word' id='word_1_13' title='bbox 802 304 891 354; x_wconf 89' lang='lat' dir='ltr'>tecum</span> <span class='ocrx_word' id='word_1_14' title='bbox 905 294 949 351; x_wconf 93' lang='lat' dir='ltr'>vel</span> <span class='ocrx_word' id='word_1_15' title='bbox 969 309 992 390; x_wconf 56' lang='grc' dir='ltr'><strong>Α</strong></span> <span class='ocrx_word' id='word_1_16' title='bbox 1010 297 1129 364; x_wconf 74' lang='lat' dir='ltr'>undem,</span> <span class='ocrx_word' id='word_1_17' title='bbox 1147 297 1308 354; x_wconf 88' lang='lat' dir='ltr'>miserabilis</span> <span class='ocrx_word' id='word_1_18' title='bbox 1330 298 1431 367; x_wconf 89' lang='lat' dir='ltr'>anima,</span> <span class='ocrx_word' id='word_1_19' title='bbox 1450 299 1473 355; x_wconf 92' lang='lat' dir='ltr'>si</span> <span class='ocrx_word' id='word_1_20' title='bbox 1499 314 1554 356; x_wconf 91' lang='lat' dir='ltr'>nou</span> <span class='ocrx_word' id='word_1_21' title='bbox 1581 314 1685 369; x_wconf 90' lang='lat' dir='ltr'>amore,</span> <span class='ocrx_word' id='word_1_22' title='bbox 1711 302 1807 360; x_wconf 85' lang='lat' dir='ltr'>saltedi</span> 
     </span>
     <span class='ocr_line' id='line_1_3' title="bbox 155 383 1807 463; baseline -0.005 -13"><span class='ocrx_word' id='word_1_23' title='bbox 155 409 209 450; x_wconf 89' lang='lat' dir='ltr'>una</span> <span class='ocrx_word' id='word_1_24' title='bbox 221 394 287 449; x_wconf 89' lang='lat' dir='ltr'>hora</span> <span class='ocrx_word' id='word_1_25' title='bbox 301 392 442 463; x_wconf 90' lang='lat' dir='ltr'>vigitemus</span> <span class='ocrx_word' id='word_1_26' title='bbox 456 397 484 444; x_wconf 92' lang='lat' dir='ltr'>et</span> <span class='ocrx_word' id='word_1_27' title='bbox 511 403 630 444; x_wconf 89' lang='lat' dir='ltr'>oremus.</span> <span class='ocrx_word' id='word_1_28' title='bbox 646 386 717 457; x_wconf 87' lang='lat' dir='ltr'>Quin</span> <span class='ocrx_word' id='word_1_29' title='bbox 730 392 819 442; x_wconf 92' lang='lat' dir='ltr'>autem</span> <span class='ocrx_word' id='word_1_30' title='bbox 834 392 875 441; x_wconf 97' lang='grc' dir='ltr'>εει</span> <span class='ocrx_word' id='word_1_31' title='bbox 904 383 952 456; x_wconf 91' lang='lat' dir='ltr'>qui</span> <span class='ocrx_word' id='word_1_32' title='bbox 1009 386 1112 443; x_wconf 91' lang='lat' dir='ltr'>timore.</span> <span class='ocrx_word' id='word_1_33' title='bbox 1137 387 1231 459; x_wconf 86' lang='lat' dir='ltr'>Cogita</span> <span class='ocrx_word' id='word_1_34' title='bbox 1254 386 1349 443; x_wconf 88' lang='lat' dir='ltr'>saltem</span> <span class='ocrx_word' id='word_1_35' title='bbox 1375 387 1534 458; x_wconf 87' lang='lat' dir='ltr'>cruciatum,</span> <span class='ocrx_word' id='word_1_36' title='bbox 1558 404 1639 460; x_wconf 91' lang='lat' dir='ltr'>quem</span> <span class='ocrx_word' id='word_1_37' title='bbox 1662 389 1720 459; x_wconf 80' lang='lat' dir='ltr'>jam</span> <span class='ocrx_word' id='word_1_38' title='bbox 1743 400 1807 461; x_wconf 83' lang='lat' dir='ltr'>pas-</span> 
     </span>
     <span class='ocr_line' id='line_1_4' title="bbox 155 469 1807 551; baseline -0.003 -15"><span class='ocrx_word' id='word_1_39' title='bbox 155 489 245 536; x_wconf 90' lang='lat' dir='ltr'>tecum</span> <span class='ocrx_word' id='word_1_40' title='bbox 259 494 312 534; x_wconf 86' lang='lat' dir='ltr'>una</span> <span class='ocrx_word' id='word_1_41' title='bbox 326 479 393 532; x_wconf 86' lang='lat' dir='ltr'>liora</span> <span class='ocrx_word' id='word_1_42' title='bbox 420 475 531 548; x_wconf 78' lang='lat' dir='ltr'>vigilet?</span> <span class='ocrx_word' id='word_1_43' title='bbox 554 474 670 529; x_wconf 78' lang='lat' dir='ltr'>Avulsus</span> <span class='ocrx_word' id='word_1_44' title='bbox 693 472 766 527; x_wconf 91' lang='lat' dir='ltr'>enim</span> <span class='ocrx_word' id='word_1_45' title='bbox 787 486 816 527; x_wconf 89' lang='lat' dir='ltr'>es</span> <span class='ocrx_word' id='word_1_46' title='bbox 843 469 952 526; x_wconf 88' lang='lat' dir='ltr'>anobis</span> <span class='ocrx_word' id='word_1_47' title='bbox 1005 490 1071 530; x_wconf 87' lang='lat' dir='ltr'>sura</span> <span class='ocrx_word' id='word_1_48' title='bbox 1083 491 1113 532; x_wconf 90' lang='lat' dir='ltr'>es</span> <span class='ocrx_word' id='word_1_49' title='bbox 1125 475 1152 530; x_wconf 91' lang='lat' dir='ltr'>in</span> <span class='ocrx_word' id='word_1_50' title='bbox 1166 480 1265 531; x_wconf 89' lang='lat' dir='ltr'>morte.</span> <span class='ocrx_word' id='word_1_51' title='bbox 1282 476 1360 532; x_wconf 88' lang='lat' dir='ltr'>Certe</span> <span class='ocrx_word' id='word_1_52' title='bbox 1381 477 1453 532; x_wconf 85' lang='lat' dir='ltr'>nulla</span> <span class='ocrx_word' id='word_1_53' title='bbox 1466 493 1533 533; x_wconf 85' lang='lat' dir='ltr'>crux</span> <span class='ocrx_word' id='word_1_54' title='bbox 1554 476 1651 533; x_wconf 78' lang='lat' dir='ltr'>dumor</span> <span class='ocrx_word' id='word_1_55' title='bbox 1665 487 1708 533; x_wconf 92' lang='lat' dir='ltr'>est</span> <span class='ocrx_word' id='word_1_56' title='bbox 1723 493 1807 551; x_wconf 84' lang='lat' dir='ltr'>quam</span> 
     </span>
     <span class='ocr_line' id='line_1_5' title="bbox 156 556 1807 640; baseline -0.004 -15"><span class='ocrx_word' id='word_1_57' title='bbox 156 580 286 640; x_wconf 90' lang='lat' dir='ltr'>quantum</span> <span class='ocrx_word' id='word_1_58' title='bbox 313 567 404 638; x_wconf 73' lang='lat' dir='ltr'>iactus</span> <span class='ocrx_word' id='word_1_59' title='bbox 425 572 465 618; x_wconf 93' lang='lat' dir='ltr'>est</span> <span class='ocrx_word' id='word_1_60' title='bbox 491 561 597 634; x_wconf 87' lang='lat' dir='ltr'>lapidis,</span> <span class='ocrx_word' id='word_1_61' title='bbox 614 571 641 617; x_wconf 93' lang='lat' dir='ltr'>et</span> <span class='ocrx_word' id='word_1_62' title='bbox 656 560 784 631; x_wconf 80' lang='lat' dir='ltr'>agonizas</span> <span class='ocrx_word' id='word_1_63' title='bbox 807 556 951 628; x_wconf 81' lang='lat' dir='ltr'>prolixius,</span> <span class='ocrx_word' id='word_1_64' title='bbox 1006 577 1090 621; x_wconf 90' lang='lat' dir='ltr'>mors.</span> <span class='ocrx_word' id='word_1_65' title='bbox 1106 565 1188 633; x_wconf 81' lang='lat' dir='ltr'>blois,</span> <span class='ocrx_word' id='word_1_66' title='bbox 1205 565 1327 635; x_wconf 90' lang='lat' dir='ltr'>inquam,</span> <span class='ocrx_word' id='word_1_67' title='bbox 1343 564 1402 636; x_wconf 90' lang='lat' dir='ltr'>ipsa</span> <span class='ocrx_word' id='word_1_68' title='bbox 1425 574 1466 620; x_wconf 90' lang='lat' dir='ltr'>est</span> <span class='ocrx_word' id='word_1_69' title='bbox 1481 567 1627 621; x_wconf 90' lang='lat' dir='ltr'>durissima</span> <span class='ocrx_word' id='word_1_70' title='bbox 1646 580 1728 635; x_wconf 85' lang='lat' dir='ltr'>crux,</span> <span class='ocrx_word' id='word_1_71' title='bbox 1747 582 1807 640; x_wconf 82' lang='lat' dir='ltr'>qnae</span> 
     </span>
     <span class='ocr_line' id='line_1_6' title="bbox 158 647 1807 727; baseline -0.001 -15"><span class='ocrx_word' id='word_1_72' title='bbox 158 656 238 712; x_wconf 92' lang='lat' dir='ltr'>itaut</span> <span class='ocrx_word' id='word_1_73' title='bbox 252 662 329 727; x_wconf 93' lang='lat' dir='ltr'>gutta</span> <span class='ocrx_word' id='word_1_74' title='bbox 342 652 483 725; x_wconf 78' lang='lat' dir='ltr'>sanguinis</span> <span class='ocrx_word' id='word_1_75' title='bbox 498 650 536 706; x_wconf 93' lang='lat' dir='ltr'>tui</span> <span class='ocrx_word' id='word_1_76' title='bbox 546 650 670 704; x_wconf 89' lang='lat' dir='ltr'>decurrat</span> <span class='ocrx_word' id='word_1_77' title='bbox 685 649 712 703; x_wconf 92' lang='lat' dir='ltr'>in</span> <span class='ocrx_word' id='word_1_78' title='bbox 727 657 837 704; x_wconf 89' lang='lat' dir='ltr'>terram.</span> <span class='ocrx_word' id='word_1_79' title='bbox 851 647 952 719; x_wconf 81' lang='lat' dir='ltr'>Longe,</span> <span class='ocrx_word' id='word_1_80' title='bbox 1006 650 1056 705; x_wconf 84' lang='lat' dir='ltr'>tibi</span> <span class='ocrx_word' id='word_1_81' title='bbox 1070 658 1198 720; x_wconf 80' lang='lat' dir='ltr'>paratur3</span> <span class='ocrx_word' id='word_1_82' title='bbox 1221 652 1349 723; x_wconf 84' lang='lat' dir='ltr'>adquam</span> <span class='ocrx_word' id='word_1_83' title='bbox 1364 652 1485 722; x_wconf 75' lang='lat' dir='ltr'>quotidie</span> <span class='ocrx_word' id='word_1_84' title='bbox 1499 660 1527 708; x_wconf 92' lang='lat' dir='ltr'>tu</span> <span class='ocrx_word' id='word_1_85' title='bbox 1549 652 1668 719; x_wconf 81' lang='lat' dir='ltr'>festinas,</span> <span class='ocrx_word' id='word_1_86' title='bbox 1695 663 1735 710; x_wconf 90' lang='grc' dir='ltr'>ει·</span> <span class='ocrx_word' id='word_1_87' title='bbox 1754 671 1807 713; x_wconf 90' lang='lat' dir='ltr'>noo</span> 
     </span>
     <span class='ocr_line' id='line_1_7' title="bbox 155 737 1808 819; baseline -0.002 -17"><span class='ocrx_word' id='word_1_88' title='bbox 155 748 235 819; x_wconf 92' lang='lat' dir='ltr'>louge</span> <span class='ocrx_word' id='word_1_89' title='bbox 249 761 265 800; x_wconf 91' lang='lat' dir='ltr'>a</span> <span class='ocrx_word' id='word_1_90' title='bbox 280 743 357 799; x_wconf 90' lang='lat' dir='ltr'>uobis</span> <span class='ocrx_word' id='word_1_91' title='bbox 384 741 497 796; x_wconf 90' lang='lat' dir='ltr'>avulsus</span> <span class='ocrx_word' id='word_1_92' title='bbox 512 755 551 806; x_wconf 91' lang='lat' dir='ltr'>es,</span> <span class='ocrx_word' id='word_1_93' title='bbox 579 739 643 809; x_wconf 90' lang='lat' dir='ltr'>quia</span> <span class='ocrx_word' id='word_1_94' title='bbox 663 739 731 810; x_wconf 87' lang='lat' dir='ltr'>lapis</span> <span class='ocrx_word' id='word_1_95' title='bbox 754 737 897 792; x_wconf 90' lang='lat' dir='ltr'>abscissus</span> <span class='ocrx_word' id='word_1_96' title='bbox 913 740 954 788; x_wconf 90' lang='lat' dir='ltr'>est</span> <span class='ocrx_word' id='word_1_97' title='bbox 1006 738 1132 794; x_wconf 90' lang='lat' dir='ltr'>attendis.</span> <span class='ocrx_word' id='word_1_98' title='bbox 1148 738 1214 794; x_wconf 86' lang='lat' dir='ltr'>Vide</span> <span class='ocrx_word' id='word_1_99' title='bbox 1234 741 1371 811; x_wconf 93' lang='lat' dir='ltr'>quomodo</span> <span class='ocrx_word' id='word_1_100' title='bbox 1391 749 1415 795; x_wconf 89' lang='lat' dir='ltr'>te</span> <span class='ocrx_word' id='word_1_101' title='bbox 1439 757 1514 796; x_wconf 88' lang='lat' dir='ltr'>mors</span> <span class='ocrx_word' id='word_1_102' title='bbox 1538 740 1683 814; x_wconf 87' lang='lat' dir='ltr'>crucifigit.</span> <span class='ocrx_word' id='word_1_103' title='bbox 1699 744 1808 816; x_wconf 86' lang='lat' dir='ltr'>Corpus</span> 
     </span>
     <span class='ocr_line' id='line_1_8' title="bbox 155 825 1809 899; baseline -0.001 -11"><span class='ocrx_word' id='word_1_104' title='bbox 155 834 190 892; x_wconf 91' lang='lat' dir='ltr'>de</span> <span class='ocrx_word' id='word_1_105' title='bbox 205 838 297 888; x_wconf 85' lang='lat' dir='ltr'>monte</span> <span class='ocrx_word' id='word_1_106' title='bbox 312 831 370 887; x_wconf 88' lang='lat' dir='ltr'>sine</span> <span class='ocrx_word' id='word_1_107' title='bbox 385 828 521 897; x_wconf 89' lang='lat' dir='ltr'>manibus,</span> <span class='ocrx_word' id='word_1_108' title='bbox 535 834 563 882; x_wconf 93' lang='lat' dir='ltr'>et</span> <span class='ocrx_word' id='word_1_109' title='bbox 575 829 665 895; x_wconf 83' lang='lat' dir='ltr'>jactus</span> <span class='ocrx_word' id='word_1_110' title='bbox 688 832 729 880; x_wconf 89' lang='grc' dir='ltr'>εει</span> <span class='ocrx_word' id='word_1_111' title='bbox 746 825 829 896; x_wconf 85' lang='lat' dir='ltr'>lapis,</span> <span class='ocrx_word' id='word_1_112' title='bbox 845 831 871 879; x_wconf 90' lang='lat' dir='ltr'>et</span> <span class='ocrx_word' id='word_1_113' title='bbox 889 837 953 893; x_wconf 92' lang='lat' dir='ltr'>per·</span> <span class='ocrx_word' id='word_1_114' title='bbox 1007 825 1127 899; x_wconf 76' lang='lat' dir='ltr'>rigescit,</span> <span class='ocrx_word' id='word_1_115' title='bbox 1143 843 1222 884; x_wconf 88' lang='lat' dir='ltr'>crura</span> <span class='ocrx_word' id='word_1_116' title='bbox 1236 828 1435 897; x_wconf 89' lang='lat' dir='ltr'>distenduntur,</span> <span class='ocrx_word' id='word_1_117' title='bbox 1452 845 1546 886; x_wconf 88' lang='lat' dir='ltr'>manus</span> <span class='ocrx_word' id='word_1_118' title='bbox 1562 840 1589 887; x_wconf 89' lang='lat' dir='ltr'>et</span> <span class='ocrx_word' id='word_1_119' title='bbox 1604 831 1718 888; x_wconf 89' lang='lat' dir='ltr'>brachia</span> <span class='ocrx_word' id='word_1_120' title='bbox 1735 833 1809 890; x_wconf 85' lang='lat' dir='ltr'>deci-</span> 
     </span>
    </p>
   </div>
   <div class='ocr_carea' id='block_1_3' title="bbox 154 914 956 1522">
    <p class='ocr_par' dir='ltr' id='par_1_3' title="bbox 154 914 880 987">
     <span class='ocr_line' id='line_1_9' title="bbox 154 914 880 987; baseline -0.021 -7"><span class='ocrx_word' id='word_1_121' title='bbox 154 923 241 980; x_wconf 91' lang='lat' dir='ltr'>cussit</span> <span class='ocrx_word' id='word_1_122' title='bbox 258 921 285 976; x_wconf 91' lang='lat' dir='ltr'>in</span> <span class='ocrx_word' id='word_1_123' title='bbox 302 921 389 976; x_wconf 89' lang='lat' dir='ltr'>lroute</span> <span class='ocrx_word' id='word_1_124' title='bbox 408 917 525 987; x_wconf 81' lang='lat' dir='ltr'>Goliam,</span> <span class='ocrx_word' id='word_1_125' title='bbox 540 925 567 970; x_wconf 89' lang='grc' dir='ltr'>ει</span> <span class='ocrx_word' id='word_1_126' title='bbox 581 926 699 970; x_wconf 91' lang='lat' dir='ltr'>statuam</span> <span class='ocrx_word' id='word_1_127' title='bbox 713 914 740 968; x_wconf 92' lang='lat' dir='ltr'>in</span> <span class='ocrx_word' id='word_1_128' title='bbox 755 914 880 984; x_wconf 89' lang='lat' dir='ltr'>pedibus.</span> 
     </span>
    </p>

    <p class='ocr_par' dir='ltr' id='par_1_4' title="bbox 154 995 956 1522">
     <span class='ocr_line' id='line_1_10' title="bbox 162 995 953 1077; baseline -0.018 -10"><span class='ocrx_word' id='word_1_129' title='bbox 162 995 165 1002; x_wconf 45' lang='lat'>¹</span> <span class='ocrx_word' id='word_1_130' title='bbox 191 1014 218 1067; x_wconf 81' lang='lat' dir='ltr'>t.</span> <span class='ocrx_word' id='word_1_131' title='bbox 238 1011 292 1065; x_wconf 86' lang='lat' dir='ltr'>Iste</span> <span class='ocrx_word' id='word_1_132' title='bbox 311 1016 353 1065; x_wconf 91' lang='lat' dir='ltr'>est</span> <span class='ocrx_word' id='word_1_133' title='bbox 369 1008 463 1076; x_wconf 89' lang='lat' dir='ltr'>jactus</span> <span class='ocrx_word' id='word_1_134' title='bbox 477 1008 543 1060; x_wconf 92' lang='lat' dir='ltr'>tuus</span> <span class='ocrx_word' id='word_1_135' title='bbox 562 1004 643 1077; x_wconf 87' lang='lat' dir='ltr'>longe</span> <span class='ocrx_word' id='word_1_136' title='bbox 657 1019 673 1057; x_wconf 91' lang='lat' dir='ltr'>a</span> <span class='ocrx_word' id='word_1_137' title='bbox 687 1002 765 1056; x_wconf 90' lang='lat' dir='ltr'>nobis</span> <span class='ocrx_word' id='word_1_138' title='bbox 780 1000 862 1072; x_wconf 88' lang='lat' dir='ltr'>:quia</span> <span class='ocrx_word' id='word_1_139' title='bbox 872 999 953 1054; x_wconf 89' lang='lat' dir='ltr'>etiam</span> 
     </span>
     <span class='ocr_line' id='line_1_11' title="bbox 155 1088 954 1172; baseline -0.019 -15"><span class='ocrx_word' id='word_1_140' title='bbox 155 1097 296 1172; x_wconf 88' lang='lat' dir='ltr'>usquead</span> <span class='ocrx_word' id='word_1_141' title='bbox 325 1088 452 1152; x_wconf 87' lang='lat' dir='ltr'>interiora</span> <span class='ocrx_word' id='word_1_142' title='bbox 480 1092 626 1149; x_wconf 89' lang='lat' dir='ltr'>velaminis</span> <span class='ocrx_word' id='word_1_143' title='bbox 649 1105 803 1161; x_wconf 84' lang='lat' dir='ltr'>praecursor</span> <span class='ocrx_word' id='word_1_144' title='bbox 836 1088 954 1144; x_wconf 78' lang='lat' dir='ltr'>introisti</span> 
     </span>
     <span class='ocr_line' id='line_1_12' title="bbox 154 1177 954 1261; baseline -0.018 -17"><span class='ocrx_word' id='word_1_145' title='bbox 154 1204 205 1261; x_wconf 93' lang='lat' dir='ltr'>pro</span> <span class='ocrx_word' id='word_1_146' title='bbox 218 1187 308 1255; x_wconf 88' lang='lat' dir='ltr'>nobis,</span> <span class='ocrx_word' id='word_1_147' title='bbox 324 1184 370 1241; x_wconf 93' lang='lat' dir='ltr'>ubi</span> <span class='ocrx_word' id='word_1_148' title='bbox 385 1199 492 1253; x_wconf 87' lang='lat' dir='ltr'>semper</span> <span class='ocrx_word' id='word_1_149' title='bbox 505 1180 659 1251; x_wconf 75' lang='lat' dir='ltr'>interpellas</span> <span class='ocrx_word' id='word_1_150' title='bbox 682 1189 799 1249; x_wconf 89' lang='lat' dir='ltr'>petrem.</span> <span class='ocrx_word' id='word_1_151' title='bbox 824 1177 876 1232; x_wconf 89' lang='lat' dir='ltr'>Sed</span> <span class='ocrx_word' id='word_1_152' title='bbox 895 1177 954 1233; x_wconf 89' lang='lat' dir='ltr'>uti·</span> 
     </span>
     <span class='ocr_line' id='line_1_13' title="bbox 155 1264 953 1349; baseline -0.015 -17"><span class='ocrx_word' id='word_1_153' title='bbox 155 1293 217 1332; x_wconf 92' lang='lat' dir='ltr'>nam</span> <span class='ocrx_word' id='word_1_154' title='bbox 243 1272 488 1349; x_wconf 87' lang='lat' dir='ltr'>guttasanguinis,</span> <span class='ocrx_word' id='word_1_155' title='bbox 513 1269 559 1342; x_wconf 92' lang='lat' dir='ltr'>qui</span> <span class='ocrx_word' id='word_1_156' title='bbox 578 1271 611 1325; x_wconf 88' lang='lat' dir='ltr'>de</span> <span class='ocrx_word' id='word_1_157' title='bbox 635 1282 725 1338; x_wconf 90' lang='lat' dir='ltr'>agone</span> <span class='ocrx_word' id='word_1_158' title='bbox 755 1275 800 1321; x_wconf 93' lang='lat' dir='ltr'>tuo</span> <span class='ocrx_word' id='word_1_159' title='bbox 824 1264 953 1333; x_wconf 83' lang='lat' dir='ltr'>decurrit,</span> 
     </span>
     <span class='ocr_line' id='line_1_14' title="bbox 155 1354 955 1436; baseline -0.016 -15"><span class='ocrx_word' id='word_1_160' title='bbox 155 1380 243 1436; x_wconf 91' lang='lat' dir='ltr'>usque</span> <span class='ocrx_word' id='word_1_161' title='bbox 265 1365 298 1419; x_wconf 92' lang='lat' dir='ltr'>ad</span> <span class='ocrx_word' id='word_1_162' title='bbox 314 1373 412 1420; x_wconf 90' lang='lat' dir='ltr'>terram</span> <span class='ocrx_word' id='word_1_163' title='bbox 443 1369 562 1416; x_wconf 89' lang='lat' dir='ltr'>nostram</span> <span class='ocrx_word' id='word_1_164' title='bbox 592 1357 728 1422; x_wconf 82' lang='lat' dir='ltr'>decurrat,</span> <span class='ocrx_word' id='word_1_165' title='bbox 743 1361 770 1408; x_wconf 89' lang='grc' dir='ltr'>ει</span> <span class='ocrx_word' id='word_1_166' title='bbox 796 1354 898 1424; x_wconf 92' lang='lat' dir='ltr'>aperiat</span> <span class='ocrx_word' id='word_1_167' title='bbox 923 1369 955 1408; x_wconf 90' lang='lat' dir='ltr'>os</span> 
     </span>
     <span class='ocr_line' id='line_1_15' title="bbox 154 1441 956 1522; baseline -0.017 -13"><span class='ocrx_word' id='word_1_168' title='bbox 154 1468 243 1522; x_wconf 91' lang='lat' dir='ltr'>suum,</span> <span class='ocrx_word' id='word_1_169' title='bbox 260 1461 287 1508; x_wconf 90' lang='lat' dir='ltr'>et</span> <span class='ocrx_word' id='word_1_170' title='bbox 308 1451 384 1506; x_wconf 91' lang='lat' dir='ltr'>bibat</span> <span class='ocrx_word' id='word_1_171' title='bbox 408 1448 494 1518; x_wconf 91' lang='lat' dir='ltr'>illum,</span> <span class='ocrx_word' id='word_1_172' title='bbox 510 1453 537 1502; x_wconf 91' lang='lat' dir='ltr'>et</span> <span class='ocrx_word' id='word_1_173' title='bbox 550 1445 650 1502; x_wconf 89' lang='lat' dir='ltr'>clamet</span> <span class='ocrx_word' id='word_1_174' title='bbox 663 1443 696 1498; x_wconf 86' lang='lat' dir='ltr'>ad</span> <span class='ocrx_word' id='word_1_175' title='bbox 711 1453 746 1510; x_wconf 92' lang='lat' dir='ltr'>te,</span> <span class='ocrx_word' id='word_1_176' title='bbox 762 1451 790 1498; x_wconf 92' lang='grc' dir='ltr'>ει</span> <span class='ocrx_word' id='word_1_177' title='bbox 810 1452 899 1498; x_wconf 90' lang='lat' dir='ltr'>tecum</span> <span class='ocrx_word' id='word_1_178' title='bbox 921 1441 956 1495; x_wconf 89' lang='lat' dir='ltr'>ad</span> 
     </span>
    </p>
   </div>
   <div class='ocr_carea' id='block_1_4' title="bbox 1007 914 1809 1520">
    <p class='ocr_par' dir='ltr' id='par_1_5' title="bbox 1007 914 1809 1520">
     <span class='ocr_line' id='line_1_16' title="bbox 1007 914 1808 991; baseline 0.011 -22"><span class='ocrx_word' id='word_1_179' title='bbox 1007 914 1085 981; x_wconf 90' lang='lat' dir='ltr'>dunt,</span> <span class='ocrx_word' id='word_1_180' title='bbox 1102 922 1195 986; x_wconf 88' lang='lat' dir='ltr'>pectus</span> <span class='ocrx_word' id='word_1_181' title='bbox 1216 915 1331 986; x_wconf 81' lang='lat' dir='ltr'>anhelat,</span> <span class='ocrx_word' id='word_1_182' title='bbox 1348 917 1440 973; x_wconf 87' lang='lat' dir='ltr'>cervix</span> <span class='ocrx_word' id='word_1_183' title='bbox 1460 916 1620 989; x_wconf 80' lang='lat' dir='ltr'>languescit,</span> <span class='ocrx_word' id='word_1_184' title='bbox 1645 918 1717 974; x_wconf 86' lang='lat' dir='ltr'>labia</span> <span class='ocrx_word' id='word_1_185' title='bbox 1737 932 1808 991; x_wconf 86' lang='lat' dir='ltr'>spu-</span> 
     </span>
     <span class='ocr_line' id='line_1_17' title="bbox 1008 1003 1809 1072; baseline 0.01 -15"><span class='ocrx_word' id='word_1_186' title='bbox 1008 1012 1091 1070; x_wconf 88' lang='lat' dir='ltr'>mant,</span> <span class='ocrx_word' id='word_1_187' title='bbox 1107 1004 1177 1060; x_wconf 93' lang='lat' dir='ltr'>oculi</span> <span class='ocrx_word' id='word_1_188' title='bbox 1191 1010 1360 1072; x_wconf 90' lang='lat' dir='ltr'>stupescunt,</span> <span class='ocrx_word' id='word_1_189' title='bbox 1383 1003 1465 1060; x_wconf 82' lang='lat' dir='ltr'>iacies</span> <span class='ocrx_word' id='word_1_190' title='bbox 1488 1007 1611 1072; x_wconf 91' lang='lat' dir='ltr'>exsudat,</span> <span class='ocrx_word' id='word_1_191' title='bbox 1631 1008 1727 1064; x_wconf 92' lang='lat' dir='ltr'>vultus</span> <span class='ocrx_word' id='word_1_192' title='bbox 1742 1009 1809 1066; x_wconf 64' lang='lat' dir='ltr'>hora</span> 
     </span>
     <span class='ocr_line' id='line_1_18' title="bbox 1009 1092 1807 1163; baseline 0.014 -17"><span class='ocrx_word' id='word_1_193' title='bbox 1009 1092 1099 1161; x_wconf 91' lang='lat' dir='ltr'>rescit,</span> <span class='ocrx_word' id='word_1_194' title='bbox 1114 1099 1140 1147; x_wconf 92' lang='grc' dir='ltr'>ει</span> <span class='ocrx_word' id='word_1_195' title='bbox 1163 1093 1235 1147; x_wconf 90' lang='lat' dir='ltr'>velut</span> <span class='ocrx_word' id='word_1_196' title='bbox 1258 1100 1327 1147; x_wconf 90' lang='lat' dir='ltr'>testa</span> <span class='ocrx_word' id='word_1_197' title='bbox 1342 1094 1463 1163; x_wconf 90' lang='lat' dir='ltr'>pallescit</span> <span class='ocrx_word' id='word_1_198' title='bbox 1479 1111 1486 1149; x_wconf 92' lang='lat'>:</span> <span class='ocrx_word' id='word_1_199' title='bbox 1503 1094 1554 1149; x_wconf 91' lang='lat' dir='ltr'>ista</span> <span class='ocrx_word' id='word_1_200' title='bbox 1575 1111 1640 1151; x_wconf 82' lang='lat' dir='ltr'>crux</span> <span class='ocrx_word' id='word_1_201' title='bbox 1656 1102 1750 1153; x_wconf 88' lang='lat' dir='ltr'>manet</span> <span class='ocrx_word' id='word_1_202' title='bbox 1769 1106 1807 1156; x_wconf 89' lang='lat' dir='ltr'>te.</span> 
     </span>
     <span class='ocr_line' id='line_1_19' title="bbox 1008 1181 1808 1259; baseline 0.015 -25"><span class='ocrx_word' id='word_1_203' title='bbox 1008 1181 1106 1236; x_wconf 90' lang='lat' dir='ltr'>Nescio</span> <span class='ocrx_word' id='word_1_204' title='bbox 1120 1191 1211 1235; x_wconf 91' lang='lat' dir='ltr'>utrum</span> <span class='ocrx_word' id='word_1_205' title='bbox 1226 1181 1254 1235; x_wconf 89' lang='lat' dir='ltr'>iu</span> <span class='ocrx_word' id='word_1_206' title='bbox 1279 1182 1378 1237; x_wconf 91' lang='lat' dir='ltr'>lectulo</span> <span class='ocrx_word' id='word_1_207' title='bbox 1400 1182 1485 1248; x_wconf 92' lang='lat' dir='ltr'>molli,</span> <span class='ocrx_word' id='word_1_208' title='bbox 1500 1198 1535 1237; x_wconf 89' lang='lat' dir='ltr'>an</span> <span class='ocrx_word' id='word_1_209' title='bbox 1564 1185 1592 1239; x_wconf 93' lang='lat' dir='ltr'>in</span> <span class='ocrx_word' id='word_1_210' title='bbox 1615 1198 1695 1241; x_wconf 88' lang='lat' dir='ltr'>cruce</span> <span class='ocrx_word' id='word_1_211' title='bbox 1718 1186 1808 1259; x_wconf 77' lang='lat' dir='ltr'>rigidi</span> 
     </span>
     <span class='ocr_line' id='line_1_20' title="bbox 1008 1269 1806 1341; baseline 0.009 -17"><span class='ocrx_word' id='word_1_212' title='bbox 1008 1270 1118 1324; x_wconf 89' lang='lat' dir='ltr'>suavius</span> <span class='ocrx_word' id='word_1_213' title='bbox 1141 1269 1282 1341; x_wconf 84' lang='lat' dir='ltr'>moriatur,</span> <span class='ocrx_word' id='word_1_214' title='bbox 1303 1270 1356 1325; x_wconf 90' lang='lat' dir='ltr'>nisi</span> <span class='ocrx_word' id='word_1_215' title='bbox 1383 1270 1453 1341; x_wconf 92' lang='lat' dir='ltr'>quod</span> <span class='ocrx_word' id='word_1_216' title='bbox 1478 1285 1545 1327; x_wconf 83' lang='lat' dir='ltr'>crux</span> <span class='ocrx_word' id='word_1_217' title='bbox 1573 1272 1654 1329; x_wconf 91' lang='lat' dir='ltr'>citius</span> <span class='ocrx_word' id='word_1_218' title='bbox 1678 1270 1806 1332; x_wconf 86' lang='lat' dir='ltr'>dolorem</span> 
     </span>
     <span class='ocr_line' id='line_1_21' title="bbox 1008 1357 1808 1426; baseline 0.009 -13"><span class='ocrx_word' id='word_1_219' title='bbox 1008 1357 1132 1414; x_wconf 86' lang='lat' dir='ltr'>abscidit.</span> <span class='ocrx_word' id='word_1_220' title='bbox 1148 1357 1216 1426; x_wconf 73' lang='lat' dir='ltr'>Quae</span> <span class='ocrx_word' id='word_1_221' title='bbox 1237 1357 1359 1413; x_wconf 89' lang='lat' dir='ltr'>videmus</span> <span class='ocrx_word' id='word_1_222' title='bbox 1375 1369 1402 1414; x_wconf 92' lang='grc' dir='ltr'>ει</span> <span class='ocrx_word' id='word_1_223' title='bbox 1414 1359 1547 1415; x_wconf 88' lang='lat' dir='ltr'>sentimus</span> <span class='ocrx_word' id='word_1_224' title='bbox 1562 1360 1630 1416; x_wconf 89' lang='lat' dir='ltr'>levia</span> <span class='ocrx_word' id='word_1_225' title='bbox 1645 1370 1709 1417; x_wconf 82' lang='lat' dir='ltr'>suut</span> <span class='ocrx_word' id='word_1_226' title='bbox 1724 1363 1758 1418; x_wconf 88' lang='lat' dir='ltr'>ad</span> <span class='ocrx_word' id='word_1_227' title='bbox 1774 1379 1808 1420; x_wconf 81' lang='lat' dir='ltr'>ea</span> 
     </span>
     <span class='ocr_line' id='line_1_22' title="bbox 1008 1446 1806 1520; baseline 0.011 -20"><span class='ocrx_word' id='word_1_228' title='bbox 1008 1462 1070 1520; x_wconf 86' lang='lat' dir='ltr'>quae</span> <span class='ocrx_word' id='word_1_229' title='bbox 1093 1446 1164 1502; x_wconf 85' lang='lat' dir='ltr'>ictus</span> <span class='ocrx_word' id='word_1_230' title='bbox 1187 1446 1277 1501; x_wconf 93' lang='lat' dir='ltr'>anima</span> <span class='ocrx_word' id='word_1_231' title='bbox 1304 1447 1358 1516; x_wconf 89' lang='lat' dir='ltr'>jam</span> <span class='ocrx_word' id='word_1_232' title='bbox 1390 1455 1549 1520; x_wconf 70' lang='lat' dir='ltr'>praegustat.</span> <span class='ocrx_word' id='word_1_233' title='bbox 1576 1451 1646 1505; x_wconf 90' lang='lat' dir='ltr'>Nam</span> <span class='ocrx_word' id='word_1_234' title='bbox 1674 1467 1806 1509; x_wconf 84' lang='lat' dir='ltr'>sensusa</span> 
     </span>
    </p>
   </div>
   <div class='ocr_carea' id='block_1_5' title="bbox 153 1531 1806 1702">
    <p class='ocr_par' dir='ltr' id='par_1_6' title="bbox 153 1531 1806 1702">
     <span class='ocr_line' id='line_1_23' title="bbox 153 1531 1806 1611; baseline -0.001 -14"><span class='ocrx_word' id='word_1_235' title='bbox 153 1536 270 1608; x_wconf 89' lang='lat' dir='ltr'>Putrem,</span> <span class='ocrx_word' id='word_1_236' title='bbox 285 1539 381 1595; x_wconf 89' lang='lat' dir='ltr'>melius</span> <span class='ocrx_word' id='word_1_237' title='bbox 394 1551 476 1609; x_wconf 90' lang='lat' dir='ltr'>quam</span> <span class='ocrx_word' id='word_1_238' title='bbox 491 1534 601 1607; x_wconf 79' lang='lat' dir='ltr'>sanguis</span> <span class='ocrx_word' id='word_1_239' title='bbox 614 1533 693 1587; x_wconf 88' lang='lat' dir='ltr'>Abel.</span> <span class='ocrx_word' id='word_1_240' title='bbox 708 1531 776 1601; x_wconf 86' lang='lat' dir='ltr'>Quis</span> <span class='ocrx_word' id='word_1_241' title='bbox 789 1537 878 1588; x_wconf 90' lang='lat' dir='ltr'>autem</span> <span class='ocrx_word' id='word_1_242' title='bbox 903 1537 955 1598; x_wconf 91' lang='lat' dir='ltr'>cst,</span> <span class='ocrx_word' id='word_1_243' title='bbox 1008 1550 1121 1605; x_wconf 90' lang='lat' dir='ltr'>corpore</span> <span class='ocrx_word' id='word_1_244' title='bbox 1135 1538 1187 1592; x_wconf 91' lang='lat' dir='ltr'>cito</span> <span class='ocrx_word' id='word_1_245' title='bbox 1203 1535 1305 1591; x_wconf 90' lang='lat' dir='ltr'>recedit</span> <span class='ocrx_word' id='word_1_246' title='bbox 1321 1553 1328 1591; x_wconf 93' lang='lat'>:</span> <span class='ocrx_word' id='word_1_247' title='bbox 1344 1536 1462 1594; x_wconf 89' lang='lat' dir='ltr'>animam</span> <span class='ocrx_word' id='word_1_248' title='bbox 1478 1552 1527 1593; x_wconf 91' lang='lat' dir='ltr'>sua</span> <span class='ocrx_word' id='word_1_249' title='bbox 1546 1552 1619 1595; x_wconf 91' lang='lat' dir='ltr'>mors</span> <span class='ocrx_word' id='word_1_250' title='bbox 1633 1554 1744 1611; x_wconf 89' lang='lat' dir='ltr'>semper</span> <span class='ocrx_word' id='word_1_251' title='bbox 1757 1554 1806 1597; x_wconf 89' lang='lat' dir='ltr'>co-·</span> 
     </span>
     <span class='ocr_line' id='line_1_24' title="bbox 154 1585 1129 1702; baseline -0.013 -16"><span class='ocrx_word' id='word_1_252' title='bbox 154 1626 280 1696; x_wconf 87' lang='lat' dir='ltr'>Domino,</span> <span class='ocrx_word' id='word_1_253' title='bbox 291 1627 338 1702; x_wconf 94' lang='lat' dir='ltr'>qui</span> <span class='ocrx_word' id='word_1_254' title='bbox 353 1637 443 1684; x_wconf 92' lang='lat' dir='ltr'>tecum</span> <span class='ocrx_word' id='word_1_255' title='bbox 458 1640 512 1681; x_wconf 90' lang='lat' dir='ltr'>uua</span> <span class='ocrx_word' id='word_1_256' title='bbox 526 1623 593 1679; x_wconf 89' lang='lat' dir='ltr'>hora</span> <span class='ocrx_word' id='word_1_257' title='bbox 607 1621 720 1694; x_wconf 70' lang='lat' dir='ltr'>vigilet?</span> <span class='ocrx_word' id='word_1_258' title='bbox 740 1619 826 1675; x_wconf 86' lang='lat' dir='ltr'>Etiam</span> <span class='ocrx_word' id='word_1_259' title='bbox 840 1618 869 1673; x_wconf 92' lang='lat' dir='ltr'>in</span> <span class='ocrx_word' id='word_1_260' title='bbox 883 1620 952 1676; x_wconf 86' lang='lat' dir='ltr'>coelo</span> <span class='ocrx_word' id='word_1_261' title='bbox 972 1585 994 1663; x_wconf 69' lang='grc' dir='ltr'><strong><em>Β</em></strong></span> <span class='ocrx_word' id='word_1_262' title='bbox 1009 1624 1129 1681; x_wconf 81' lang='lat' dir='ltr'>miratur.</span> 
     </span>
    </p>
   </div>
   <div class='ocr_carea' id='block_1_6' title="bbox 153 1708 953 2851">
    <p class='ocr_par' dir='ltr' id='par_1_7' title="bbox 153 1708 953 2851">
     <span class='ocr_line' id='line_1_25' title="bbox 154 1708 951 1781; baseline -0.016 -7"><span class='ocrx_word' id='word_1_263' title='bbox 154 1726 265 1774; x_wconf 88' lang='lat' dir='ltr'>nonest</span> <span class='ocrx_word' id='word_1_264' title='bbox 286 1716 386 1772; x_wconf 83' lang='lat' dir='ltr'>iactum</span> <span class='ocrx_word' id='word_1_265' title='bbox 412 1712 569 1778; x_wconf 87' lang='lat' dir='ltr'>silentium,</span> <span class='ocrx_word' id='word_1_266' title='bbox 586 1711 637 1765; x_wconf 89' lang='lat' dir='ltr'>nisi</span> <span class='ocrx_word' id='word_1_267' title='bbox 654 1710 731 1781; x_wconf 90' lang='lat' dir='ltr'>quasi</span> <span class='ocrx_word' id='word_1_268' title='bbox 749 1709 837 1763; x_wconf 90' lang='lat' dir='ltr'>media</span> <span class='ocrx_word' id='word_1_269' title='bbox 859 1708 927 1764; x_wconf 90' lang='lat' dir='ltr'>hora</span> <span class='ocrx_word' id='word_1_270' title='bbox 944 1721 951 1762; x_wconf 91' lang='lat'>:</span> 
     </span>
     <span class='ocr_line' id='line_1_26' title="bbox 155 1797 952 1877; baseline -0.013 -16"><span class='ocrx_word' id='word_1_271' title='bbox 155 1803 355 1877; x_wconf 88' lang='lat' dir='ltr'>quantominus</span> <span class='ocrx_word' id='word_1_272' title='bbox 369 1803 397 1857; x_wconf 92' lang='lat' dir='ltr'>iu</span> <span class='ocrx_word' id='word_1_273' title='bbox 411 1810 484 1858; x_wconf 89' lang='lat' dir='ltr'>terra</span> <span class='ocrx_word' id='word_1_274' title='bbox 502 1799 679 1872; x_wconf 84' lang='lat' dir='ltr'>vigilabimus</span> <span class='ocrx_word' id='word_1_275' title='bbox 697 1808 786 1853; x_wconf 89' lang='lat' dir='ltr'>tecum</span> <span class='ocrx_word' id='word_1_276' title='bbox 801 1812 854 1851; x_wconf 90' lang='lat' dir='ltr'>una</span> <span class='ocrx_word' id='word_1_277' title='bbox 869 1797 952 1852; x_wconf 76' lang='lat' dir='ltr'>horat</span> 
     </span>
     <span class='ocr_line' id='line_1_27' title="bbox 155 1884 953 1962; baseline -0.018 -11"><span class='ocrx_word' id='word_1_278' title='bbox 155 1889 267 1960; x_wconf 85' lang='lat' dir='ltr'>Quoties</span> <span class='ocrx_word' id='word_1_279' title='bbox 284 1902 311 1947; x_wconf 94' lang='grc' dir='ltr'>ει</span> <span class='ocrx_word' id='word_1_280' title='bbox 325 1890 433 1962; x_wconf 88' lang='lat' dir='ltr'>quoties</span> <span class='ocrx_word' id='word_1_281' title='bbox 448 1887 520 1943; x_wconf 90' lang='lat' dir='ltr'>redis</span> <span class='ocrx_word' id='word_1_282' title='bbox 530 1889 563 1942; x_wconf 92' lang='lat' dir='ltr'>ad</span> <span class='ocrx_word' id='word_1_283' title='bbox 577 1902 638 1956; x_wconf 91' lang='lat' dir='ltr'>uos,</span> <span class='ocrx_word' id='word_1_284' title='bbox 654 1895 681 1941; x_wconf 91' lang='lat' dir='ltr'>et</span> <span class='ocrx_word' id='word_1_285' title='bbox 695 1884 802 1940; x_wconf 89' lang='lat' dir='ltr'>invenis</span> <span class='ocrx_word' id='word_1_286' title='bbox 817 1898 869 1938; x_wconf 91' lang='lat' dir='ltr'>uos</span> <span class='ocrx_word' id='word_1_287' title='bbox 890 1885 953 1938; x_wconf 91' lang='lat' dir='ltr'>dor-</span> 
     </span>
     <span class='ocr_line' id='line_1_28' title="bbox 155 1959 952 2049; baseline -0.01 -13"><span class='ocrx_word' id='word_1_288' title='bbox 155 1981 283 2037; x_wconf 84' lang='lat' dir='ltr'>mientes!</span> <span class='ocrx_word' id='word_1_289' title='bbox 298 1986 430 2036; x_wconf 89' lang='lat' dir='ltr'>ettamen</span> <span class='ocrx_word' id='word_1_290' title='bbox 452 1959 570 2049; x_wconf 70' lang='lat' dir='ltr'>benigue</span> <span class='ocrx_word' id='word_1_291' title='bbox 593 1975 706 2032; x_wconf 90' lang='lat' dir='ltr'>suscitas</span> <span class='ocrx_word' id='word_1_292' title='bbox 730 1988 790 2042; x_wconf 86' lang='lat' dir='ltr'>uos,</span> <span class='ocrx_word' id='word_1_293' title='bbox 807 1980 834 2029; x_wconf 92' lang='lat' dir='ltr'>et</span> <span class='ocrx_word' id='word_1_294' title='bbox 855 1973 952 2028; x_wconf 88' lang='lat' dir='ltr'>iterum</span> 
     </span>
     <span class='ocr_line' id='line_1_29' title="bbox 153 2061 949 2137; baseline -0.011 -12"><span class='ocrx_word' id='word_1_295' title='bbox 153 2069 213 2125; x_wconf 87' lang='lat' dir='ltr'>abis</span> <span class='ocrx_word' id='word_1_296' title='bbox 240 2070 360 2126; x_wconf 90' lang='lat' dir='ltr'>secundo</span> <span class='ocrx_word' id='word_1_297' title='bbox 383 2065 504 2137; x_wconf 84' lang='lat' dir='ltr'>ettertio</span> <span class='ocrx_word' id='word_1_298' title='bbox 529 2064 657 2122; x_wconf 90' lang='lat' dir='ltr'>eumdem</span> <span class='ocrx_word' id='word_1_299' title='bbox 679 2077 834 2119; x_wconf 85' lang='lat' dir='ltr'>sermonem</span> <span class='ocrx_word' id='word_1_300' title='bbox 848 2061 949 2118; x_wconf 90' lang='lat' dir='ltr'>diceus.</span> 
     </span>
     <span class='ocr_line' id='line_1_30' title="bbox 153 2154 950 2225; baseline -0.013 -10"><span class='ocrx_word' id='word_1_301' title='bbox 153 2158 249 2215; x_wconf 86' lang='lat' dir='ltr'>Statim</span> <span class='ocrx_word' id='word_1_302' title='bbox 277 2168 367 2213; x_wconf 89' lang='lat' dir='ltr'>autem</span> <span class='ocrx_word' id='word_1_303' title='bbox 383 2168 411 2212; x_wconf 93' lang='lat' dir='ltr'>ut</span> <span class='ocrx_word' id='word_1_304' title='bbox 426 2156 578 2225; x_wconf 91' lang='lat' dir='ltr'>recesseris,</span> <span class='ocrx_word' id='word_1_305' title='bbox 593 2154 690 2208; x_wconf 90' lang='lat' dir='ltr'>iterum</span> <span class='ocrx_word' id='word_1_306' title='bbox 703 2167 817 2207; x_wconf 91' lang='lat' dir='ltr'>somnus</span> <span class='ocrx_word' id='word_1_307' title='bbox 835 2157 950 2222; x_wconf 89' lang='lat' dir='ltr'>occupat</span> 
     </span>
     <span class='ocr_line' id='line_1_31' title="bbox 153 2238 950 2319; baseline -0.013 -15"><span class='ocrx_word' id='word_1_308' title='bbox 153 2238 213 2314; x_wconf 83' lang='lat' dir='ltr'>nos,</span> <span class='ocrx_word' id='word_1_309' title='bbox 228 2263 281 2303; x_wconf 92' lang='lat' dir='ltr'>nec</span> <span class='ocrx_word' id='word_1_310' title='bbox 294 2245 406 2319; x_wconf 86' lang='lat' dir='ltr'>vigilare</span> <span class='ocrx_word' id='word_1_311' title='bbox 422 2259 580 2314; x_wconf 72' lang='lat' dir='ltr'>possumus,</span> <span class='ocrx_word' id='word_1_312' title='bbox 600 2241 652 2296; x_wconf 90' lang='lat' dir='ltr'>nisi</span> <span class='ocrx_word' id='word_1_313' title='bbox 666 2240 794 2313; x_wconf 85' lang='lat' dir='ltr'>quamdiu</span> <span class='ocrx_word' id='word_1_314' title='bbox 809 2239 950 2295; x_wconf 70' lang='lat' dir='ltr'>nobiscum</span> 
     </span>
     <span class='ocr_line' id='line_1_32' title="bbox 154 2328 949 2407; baseline -0.015 -13"><span class='ocrx_word' id='word_1_315' title='bbox 154 2354 195 2407; x_wconf 90' lang='lat' dir='ltr'>cs,</span> <span class='ocrx_word' id='word_1_316' title='bbox 210 2345 237 2393; x_wconf 92' lang='lat' dir='ltr'>et</span> <span class='ocrx_word' id='word_1_317' title='bbox 250 2335 362 2391; x_wconf 85' lang='lat' dir='ltr'>suscitas</span> <span class='ocrx_word' id='word_1_318' title='bbox 376 2349 438 2390; x_wconf 91' lang='lat' dir='ltr'>nos.</span> <span class='ocrx_word' id='word_1_319' title='bbox 453 2330 537 2387; x_wconf 81' lang='lat' dir='ltr'>Venis</span> <span class='ocrx_word' id='word_1_320' title='bbox 559 2330 587 2385; x_wconf 95' lang='lat' dir='ltr'>in</span> <span class='ocrx_word' id='word_1_321' title='bbox 611 2329 730 2386; x_wconf 89' lang='lat' dir='ltr'>secunda</span> <span class='ocrx_word' id='word_1_322' title='bbox 744 2335 772 2385; x_wconf 91' lang='grc' dir='ltr'>ει</span> <span class='ocrx_word' id='word_1_323' title='bbox 787 2328 864 2384; x_wconf 88' lang='lat' dir='ltr'>tertia</span> <span class='ocrx_word' id='word_1_324' title='bbox 875 2328 949 2401; x_wconf 90' lang='lat' dir='ltr'>vigi-</span> 
     </span>
     <span class='ocr_line' id='line_1_33' title="bbox 154 2416 952 2491; baseline -0.008 -10"><span class='ocrx_word' id='word_1_325' title='bbox 154 2425 190 2481; x_wconf 92' lang='lat' dir='ltr'>lia</span> <span class='ocrx_word' id='word_1_326' title='bbox 206 2443 213 2482; x_wconf 92' lang='lat'><strong>:</strong></span> <span class='ocrx_word' id='word_1_327' title='bbox 229 2427 276 2481; x_wconf 91' lang='lat' dir='ltr'>sed</span> <span class='ocrx_word' id='word_1_328' title='bbox 290 2427 384 2480; x_wconf 90' lang='lat' dir='ltr'>beatus</span> <span class='ocrx_word' id='word_1_329' title='bbox 411 2421 456 2476; x_wconf 91' lang='lat' dir='ltr'>ille</span> <span class='ocrx_word' id='word_1_330' title='bbox 484 2436 589 2485; x_wconf 88' lang='lat' dir='ltr'>servus,</span> <span class='ocrx_word' id='word_1_331' title='bbox 619 2435 699 2491; x_wconf 91' lang='lat' dir='ltr'>quem</span> <span class='ocrx_word' id='word_1_332' title='bbox 728 2428 790 2474; x_wconf 84' lang='lat' dir='ltr'>tunc</span> <span class='ocrx_word' id='word_1_333' title='bbox 815 2416 952 2475; x_wconf 83' lang='lat' dir='ltr'>inveneris</span> 
     </span>
     <span class='ocr_line' id='line_1_34' title="bbox 154 2504 950 2588; baseline -0.016 -16"><span class='ocrx_word' id='word_1_334' title='bbox 154 2513 322 2588; x_wconf 89' lang='lat' dir='ltr'>vigilantem.</span> <span class='ocrx_word' id='word_1_335' title='bbox 337 2512 396 2567; x_wconf 83' lang='lat' dir='ltr'>tam</span> <span class='ocrx_word' id='word_1_336' title='bbox 416 2509 512 2581; x_wconf 88' lang='lat' dir='ltr'>primae</span> <span class='ocrx_word' id='word_1_337' title='bbox 526 2516 553 2564; x_wconf 89' lang='lat' dir='ltr'>et</span> <span class='ocrx_word' id='word_1_338' title='bbox 576 2516 679 2581; x_wconf 82' lang='lat' dir='ltr'>quartae</span> <span class='ocrx_word' id='word_1_339' title='bbox 694 2505 766 2562; x_wconf 89' lang='lat' dir='ltr'>nulla</span> <span class='ocrx_word' id='word_1_340' title='bbox 775 2505 881 2577; x_wconf 89' lang='lat' dir='ltr'>mentio</span> <span class='ocrx_word' id='word_1_341' title='bbox 902 2504 950 2572; x_wconf 80' lang='lat' dir='ltr'>sit3</span> 
     </span>
     <span class='ocr_line' id='line_1_35' title="bbox 155 2594 951 2676; baseline -0.018 -15"><span class='ocrx_word' id='word_1_342' title='bbox 155 2604 221 2676; x_wconf 91' lang='lat' dir='ltr'>quia</span> <span class='ocrx_word' id='word_1_343' title='bbox 243 2619 295 2659; x_wconf 89' lang='lat' dir='ltr'>nec</span> <span class='ocrx_word' id='word_1_344' title='bbox 323 2601 537 2674; x_wconf 84' lang='lat' dir='ltr'>primaevaaetas</span> <span class='ocrx_word' id='word_1_345' title='bbox 552 2612 661 2653; x_wconf 88' lang='lat' dir='ltr'>sensum</span> <span class='ocrx_word' id='word_1_346' title='bbox 689 2595 784 2665; x_wconf 90' lang='lat' dir='ltr'>recipit</span> <span class='ocrx_word' id='word_1_347' title='bbox 810 2594 951 2666; x_wconf 89' lang='lat' dir='ltr'>vigilandi,</span> 
     </span>
     <span class='ocr_line' id='line_1_36' title="bbox 155 2684 950 2761; baseline -0.01 -15"><span class='ocrx_word' id='word_1_348' title='bbox 155 2707 207 2748; x_wconf 91' lang='lat' dir='ltr'>nec</span> <span class='ocrx_word' id='word_1_349' title='bbox 221 2691 316 2746; x_wconf 91' lang='lat' dir='ltr'>ultima</span> <span class='ocrx_word' id='word_1_350' title='bbox 330 2706 405 2760; x_wconf 93' lang='lat' dir='ltr'>spem</span> <span class='ocrx_word' id='word_1_351' title='bbox 432 2687 567 2761; x_wconf 84' lang='lat' dir='ltr'>prolixius</span> <span class='ocrx_word' id='word_1_352' title='bbox 582 2684 741 2751; x_wconf 87' lang='lat' dir='ltr'>dormiendi,</span> <span class='ocrx_word' id='word_1_353' title='bbox 757 2686 791 2741; x_wconf 87' lang='lat' dir='ltr'>Et</span> <span class='ocrx_word' id='word_1_354' title='bbox 808 2686 874 2757; x_wconf 91' lang='lat' dir='ltr'>quid</span> <span class='ocrx_word' id='word_1_355' title='bbox 899 2690 950 2753; x_wconf 90' lang='lat' dir='ltr'>est,</span> 
     </span>
     <span class='ocr_line' id='line_1_37' title="bbox 157 2774 952 2851; baseline -0.01 -13"><span class='ocrx_word' id='word_1_356' title='bbox 157 2782 282 2850; x_wconf 88' lang='lat' dir='ltr'>Domine,</span> <span class='ocrx_word' id='word_1_357' title='bbox 316 2779 389 2851; x_wconf 94' lang='lat' dir='ltr'>quod</span> <span class='ocrx_word' id='word_1_358' title='bbox 423 2777 503 2834; x_wconf 90' lang='lat' dir='ltr'>tertio</span> <span class='ocrx_word' id='word_1_359' title='bbox 532 2774 640 2832; x_wconf 91' lang='lat' dir='ltr'>rediens</span> <span class='ocrx_word' id='word_1_360' title='bbox 670 2775 775 2846; x_wconf 92' lang='lat' dir='ltr'>copiam</span> <span class='ocrx_word' id='word_1_361' title='bbox 799 2774 952 2843; x_wconf 88' lang='lat' dir='ltr'>dormiendi</span> 
     </span>
    </p>
   </div>
   <div class='ocr_carea' id='block_1_7' title="bbox 1004 1714 1807 2851">
    <p class='ocr_par' dir='ltr' id='par_1_8' title="bbox 1217 1714 1491 1771">
     <span class='ocr_line' id='line_1_38' title="bbox 1217 1714 1491 1771; baseline 0 0"><span class='ocrx_word' id='word_1_362' title='bbox 1217 1748 1219 1752; x_wconf 93' lang='lat'><em>-</em></span> <span class='ocrx_word' id='word_1_363' title='bbox 1311 1715 1424 1771; x_wconf 80' lang='lat' dir='ltr'>CAPUT</span> <span class='ocrx_word' id='word_1_364' title='bbox 1443 1714 1491 1771; x_wconf 87' lang='lat' dir='ltr'>lll.</span> 
     </span>
    </p>

    <p class='ocr_par' dir='ltr' id='par_1_9' title="bbox 1042 1801 1769 1876">
     <span class='ocr_line' id='line_1_39' title="bbox 1042 1801 1769 1876; baseline 0.006 -18"><span class='ocrx_word' id='word_1_365' title='bbox 1042 1805 1079 1858; x_wconf 86' lang='lat' dir='ltr'>Dc</span> <span class='ocrx_word' id='word_1_366' title='bbox 1092 1801 1241 1859; x_wconf 83' lang='lat' dir='ltr'>bominum</span> <span class='ocrx_word' id='word_1_367' title='bbox 1264 1803 1376 1859; x_wconf 83' lang='lat' dir='ltr'>duritia</span> <span class='ocrx_word' id='word_1_368' title='bbox 1395 1820 1462 1875; x_wconf 82' lang='lat' dir='ltr'>erpa</span> <span class='ocrx_word' id='word_1_369' title='bbox 1476 1803 1582 1860; x_wconf 79' lang='lat' dir='ltr'>Christi</span> <span class='ocrx_word' id='word_1_370' title='bbox 1596 1807 1769 1876; x_wconf 80' lang='lat' dir='ltr'>pastionem.</span> 
     </span>
    </p>

    <p class='ocr_par' dir='ltr' id='par_1_10' title="bbox 1004 1891 1807 2851">
     <span class='ocr_line' id='line_1_40' title="bbox 1043 1891 1807 1967; baseline 0.01 -24"><span class='ocrx_word' id='word_1_371' title='bbox 1043 1891 1807 1967; x_wconf 72' lang='lat' dir='ltr'>6.Camambularentnnimntio,ambutabuntpotttcr</span> 
     </span>
     <span class='ocr_line' id='line_1_41' title="bbox 1007 1979 1807 2055; baseline 0.003 -19"><span class='ocrx_word' id='word_1_372' title='bbox 1007 1983 1035 2037; x_wconf 85' lang='lat' dir='ltr'>ct</span> <span class='ocrx_word' id='word_1_373' title='bbox 1049 1986 1117 2036; x_wconf 86' lang='lat' dir='ltr'>rctoe</span> <span class='ocrx_word' id='word_1_374' title='bbox 1126 1981 1259 2049; x_wconf 77' lang='lat' dir='ltr'>jnotcen</span> <span class='ocrx_word' id='word_1_375' title='bbox 1269 1981 1379 2049; x_wconf 76' lang='lat' dir='ltr'>(Enoch.</span> <span class='ocrx_word' id='word_1_376' title='bbox 1397 1996 1415 2049; x_wconf 86' lang='grc' dir='ltr'><strong>ι,</strong></span> <span class='ocrx_word' id='word_1_377' title='bbox 1433 1982 1488 2051; x_wconf 88' lang='lat' dir='ltr'>l9).</span> <span class='ocrx_word' id='word_1_378' title='bbox 1504 1980 1533 2036; x_wconf 91' lang='lat' dir='ltr'>Si</span> <span class='ocrx_word' id='word_1_379' title='bbox 1547 1979 1603 2038; x_wconf 88' lang='lat' dir='ltr'>vita</span> <span class='ocrx_word' id='word_1_380' title='bbox 1618 1992 1712 2038; x_wconf 90' lang='lat' dir='ltr'>nostra</span> <span class='ocrx_word' id='word_1_381' title='bbox 1723 1983 1807 2055; x_wconf 87' lang='lat' dir='ltr'>proli·</span> 
     </span>
     <span class='ocr_line' id='line_1_42' title="bbox 1005 2069 1806 2141; baseline 0.004 -17"><span class='ocrx_word' id='word_1_382' title='bbox 1005 2074 1091 2137; x_wconf 83' lang='lat' dir='ltr'>caret,</span> <span class='ocrx_word' id='word_1_383' title='bbox 1106 2075 1163 2123; x_wconf 88' lang='lat' dir='ltr'>rota</span> <span class='ocrx_word' id='word_1_384' title='bbox 1172 2074 1272 2124; x_wconf 73' lang='lat' dir='ltr'>sanctae</span> <span class='ocrx_word' id='word_1_385' title='bbox 1284 2069 1430 2139; x_wconf 71' lang='lat' dir='ltr'>Scriptura</span> <span class='ocrx_word' id='word_1_386' title='bbox 1439 2069 1582 2125; x_wconf 83' lang='lat' dir='ltr'>nobiscum</span> <span class='ocrx_word' id='word_1_387' title='bbox 1598 2070 1806 2141; x_wconf 77' lang='lat' dir='ltr'>pariturambtl·</span> 
     </span>
     <span class='ocr_line' id='line_1_43' title="bbox 1006 2155 1806 2228; baseline 0.008 -19"><span class='ocrx_word' id='word_1_388' title='bbox 1006 2155 1074 2211; x_wconf 90' lang='lat' dir='ltr'>laret</span> <span class='ocrx_word' id='word_1_389' title='bbox 1089 2173 1097 2213; x_wconf 77' lang='grc' dir='ltr'><strong>ι</strong></span> <span class='ocrx_word' id='word_1_390' title='bbox 1112 2156 1159 2211; x_wconf 90' lang='lat' dir='ltr'>sad</span> <span class='ocrx_word' id='word_1_391' title='bbox 1174 2156 1236 2228; x_wconf 90' lang='lat' dir='ltr'>quia</span> <span class='ocrx_word' id='word_1_392' title='bbox 1252 2173 1300 2227; x_wconf 94' lang='lat' dir='ltr'>per</span> <span class='ocrx_word' id='word_1_393' title='bbox 1314 2158 1429 2228; x_wconf 90' lang='lat' dir='ltr'>paludes</span> <span class='ocrx_word' id='word_1_394' title='bbox 1452 2164 1479 2212; x_wconf 93' lang='lat' dir='ltr'>et</span> <span class='ocrx_word' id='word_1_395' title='bbox 1498 2173 1561 2212; x_wconf 89' lang='lat' dir='ltr'>saxa</span> <span class='ocrx_word' id='word_1_396' title='bbox 1578 2158 1694 2228; x_wconf 89' lang='lat' dir='ltr'>pedibus</span> <span class='ocrx_word' id='word_1_397' title='bbox 1709 2167 1806 2216; x_wconf 83' lang='lat' dir='ltr'>euntes</span> 
     </span>
     <span class='ocr_line' id='line_1_44' title="bbox 1004 2245 1806 2317; baseline 0.002 -16"><span class='ocrx_word' id='word_1_398' title='bbox 1004 2245 1181 2316; x_wconf 86' lang='lat' dir='ltr'>oll&#39;endimus,</span> <span class='ocrx_word' id='word_1_399' title='bbox 1200 2247 1245 2302; x_wconf 85' lang='lat' dir='ltr'>vit</span> <span class='ocrx_word' id='word_1_400' title='bbox 1261 2253 1326 2300; x_wconf 88' lang='lat' dir='ltr'>rotae</span> <span class='ocrx_word' id='word_1_401' title='bbox 1343 2262 1392 2302; x_wconf 91' lang='lat' dir='ltr'>nos</span> <span class='ocrx_word' id='word_1_402' title='bbox 1410 2255 1569 2317; x_wconf 90' lang='lat' dir='ltr'>sequuntur.</span> <span class='ocrx_word' id='word_1_403' title='bbox 1586 2248 1681 2303; x_wconf 84' lang='lat' dir='ltr'>Passio</span> <span class='ocrx_word' id='word_1_404' title='bbox 1698 2248 1806 2305; x_wconf 85' lang='lat' dir='ltr'>Domini</span> 
     </span>
     <span class='ocr_line' id='line_1_45' title="bbox 1005 2333 1806 2407; baseline 0.005 -19"><span class='ocrx_word' id='word_1_405' title='bbox 1005 2333 1168 2404; x_wconf 87' lang='lat' dir='ltr'>celebratur,</span> <span class='ocrx_word' id='word_1_406' title='bbox 1185 2343 1211 2390; x_wconf 94' lang='lat' dir='ltr'>et</span> <span class='ocrx_word' id='word_1_407' title='bbox 1227 2350 1276 2390; x_wconf 90' lang='lat' dir='ltr'>uos</span> <span class='ocrx_word' id='word_1_408' title='bbox 1298 2335 1429 2406; x_wconf 87' lang='lat' dir='ltr'>voluptati</span> <span class='ocrx_word' id='word_1_409' title='bbox 1447 2351 1560 2407; x_wconf 90' lang='lat' dir='ltr'>operam</span> <span class='ocrx_word' id='word_1_410' title='bbox 1579 2335 1688 2391; x_wconf 89' lang='lat' dir='ltr'>damus.</span> <span class='ocrx_word' id='word_1_411' title='bbox 1705 2336 1806 2393; x_wconf 88' lang='lat' dir='ltr'>Clamat</span> 
     </span>
     <span class='ocr_line' id='line_1_46' title="bbox 1005 2421 1805 2496; baseline 0.008 -19"><span class='ocrx_word' id='word_1_412' title='bbox 1005 2422 1084 2479; x_wconf 89' lang='lat' dir='ltr'>nobis</span> <span class='ocrx_word' id='word_1_413' title='bbox 1099 2421 1132 2478; x_wconf 91' lang='lat' dir='ltr'>de</span> <span class='ocrx_word' id='word_1_414' title='bbox 1147 2437 1227 2479; x_wconf 89' lang='lat' dir='ltr'>cruce</span> <span class='ocrx_word' id='word_1_415' title='bbox 1245 2439 1251 2477; x_wconf 93' lang='lat'>:</span> <span class='ocrx_word' id='word_1_416' title='bbox 1269 2425 1344 2481; x_wconf 82' lang='lat' dir='ltr'>Otos</span> <span class='ocrx_word' id='word_1_417' title='bbox 1354 2426 1505 2496; x_wconf 73' lang='lat' dir='ltr'>omnesqui</span> <span class='ocrx_word' id='word_1_418' title='bbox 1515 2423 1650 2482; x_wconf 81' lang='lat' dir='ltr'>transitis</span> <span class='ocrx_word' id='word_1_419' title='bbox 1658 2441 1711 2496; x_wconf 86' lang='lat' dir='ltr'>per</span> <span class='ocrx_word' id='word_1_420' title='bbox 1721 2428 1805 2492; x_wconf 69' lang='lat' dir='ltr'>cmm,</span> 
     </span>
     <span class='ocr_line' id='line_1_47' title="bbox 1006 2511 1807 2577; baseline 0.002 -9"><span class='ocrx_word' id='word_1_421' title='bbox 1006 2513 1155 2577; x_wconf 82' lang='lat' dir='ltr'>attendite,</span> <span class='ocrx_word' id='word_1_422' title='bbox 1172 2516 1200 2568; x_wconf 87' lang='lat' dir='ltr'>et</span> <span class='ocrx_word' id='word_1_423' title='bbox 1219 2511 1309 2571; x_wconf 83' lang='lat' dir='ltr'>videte</span> <span class='ocrx_word' id='word_1_424' title='bbox 1328 2514 1353 2568; x_wconf 83' lang='lat' dir='ltr'>si</span> <span class='ocrx_word' id='word_1_425' title='bbox 1376 2516 1419 2568; x_wconf 82' lang='lat' dir='ltr'>cst</span> <span class='ocrx_word' id='word_1_426' title='bbox 1434 2512 1512 2572; x_wconf 85' lang='lat' dir='ltr'>detor</span> <span class='ocrx_word' id='word_1_427' title='bbox 1532 2515 1607 2569; x_wconf 86' lang='lat' dir='ltr'>sicut</span> <span class='ocrx_word' id='word_1_428' title='bbox 1633 2511 1716 2572; x_wconf 84' lang='lat' dir='ltr'>dolor</span> <span class='ocrx_word' id='word_1_429' title='bbox 1728 2528 1807 2572; x_wconf 79' lang='lat' dir='ltr'>mens</span> 
     </span>
     <span class='ocr_line' id='line_1_48' title="bbox 1006 2599 1805 2677; baseline 0.001 -21"><span class='ocrx_word' id='word_1_430' title='bbox 1006 2599 1118 2672; x_wconf 83' lang='lat' dir='ltr'>(Tltren.</span> <span class='ocrx_word' id='word_1_431' title='bbox 1134 2615 1154 2666; x_wconf 90' lang='lat' dir='ltr'>t,</span> <span class='ocrx_word' id='word_1_432' title='bbox 1171 2603 1215 2672; x_wconf 82' lang='lat' dir='ltr'>lt)</span> <span class='ocrx_word' id='word_1_433' title='bbox 1228 2608 1269 2672; x_wconf 89' lang='lat' dir='ltr'>;et</span> <span class='ocrx_word' id='word_1_434' title='bbox 1280 2617 1358 2656; x_wconf 88' lang='lat' dir='ltr'>nemo</span> <span class='ocrx_word' id='word_1_435' title='bbox 1368 2601 1464 2673; x_wconf 84' lang='lat' dir='ltr'>estqui</span> <span class='ocrx_word' id='word_1_436' title='bbox 1480 2601 1671 2667; x_wconf 90' lang='lat' dir='ltr'>audiat,nemo</span> <span class='ocrx_word' id='word_1_437' title='bbox 1682 2605 1731 2677; x_wconf 92' lang='lat' dir='ltr'>qui</span> <span class='ocrx_word' id='word_1_438' title='bbox 1740 2609 1805 2660; x_wconf 86' lang='lat' dir='ltr'>oon-</span> 
     </span>
     <span class='ocr_line' id='line_1_49' title="bbox 1007 2689 1806 2764; baseline 0.006 -21"><span class='ocrx_word' id='word_1_439' title='bbox 1007 2689 1118 2756; x_wconf 89' lang='lat' dir='ltr'>soletur,</span> <span class='ocrx_word' id='word_1_440' title='bbox 1134 2704 1213 2744; x_wconf 90' lang='lat' dir='ltr'>nemo</span> <span class='ocrx_word' id='word_1_441' title='bbox 1236 2690 1282 2760; x_wconf 91' lang='lat' dir='ltr'>qui</span> <span class='ocrx_word' id='word_1_442' title='bbox 1298 2692 1473 2761; x_wconf 90' lang='lat' dir='ltr'>respondeat.</span> <span class='ocrx_word' id='word_1_443' title='bbox 1501 2689 1584 2757; x_wconf 74' lang='lat' dir='ltr'>sitio,</span> <span class='ocrx_word' id='word_1_444' title='bbox 1601 2691 1692 2762; x_wconf 90' lang='lat' dir='ltr'>inquit</span> <span class='ocrx_word' id='word_1_445' title='bbox 1715 2692 1806 2764; x_wconf 75' lang='lat' dir='ltr'>(tonsu</span> 
     </span>
     <span class='ocr_line' id='line_1_50' title="bbox 1006 2775 1806 2851; baseline 0.005 -19"><span class='ocrx_word' id='word_1_446' title='bbox 1006 2792 1068 2844; x_wconf 79' lang='lat' dir='ltr'>xix,</span> <span class='ocrx_word' id='word_1_447' title='bbox 1080 2777 1136 2849; x_wconf 79' lang='lat'>28),</span> <span class='ocrx_word' id='word_1_448' title='bbox 1152 2778 1278 2843; x_wconf 86' lang='lat' dir='ltr'>Domine,</span> <span class='ocrx_word' id='word_1_449' title='bbox 1290 2779 1355 2849; x_wconf 84' lang='lat' dir='ltr'>quid</span> <span class='ocrx_word' id='word_1_450' title='bbox 1370 2775 1452 2832; x_wconf 76' lang='lat' dir='ltr'>sitis?</span> <span class='ocrx_word' id='word_1_451' title='bbox 1466 2777 1575 2851; x_wconf 87' lang='lat' dir='ltr'>Ergone</span> <span class='ocrx_word' id='word_1_452' title='bbox 1589 2786 1617 2833; x_wconf 89' lang='lat' dir='ltr'>te</span> <span class='ocrx_word' id='word_1_453' title='bbox 1632 2781 1694 2851; x_wconf 88' lang='lat' dir='ltr'>plus</span> <span class='ocrx_word' id='word_1_454' title='bbox 1707 2779 1806 2836; x_wconf 84' lang='lat' dir='ltr'>cruciat</span> 
     </span>
    </p>
   </div>
   <div class='ocr_carea' id='block_1_8' title="bbox 157 2861 1803 2945">
    <p class='ocr_par' dir='ltr' id='par_1_11' title="bbox 157 2861 1803 2945">
     <span class='ocr_line' id='line_1_51' title="bbox 157 2861 1803 2945; baseline -0.003 -17"><span class='ocrx_word' id='word_1_455' title='bbox 157 2869 291 2945; x_wconf 70' lang='lat' dir='ltr'>praestas?</span> <span class='ocrx_word' id='word_1_456' title='bbox 305 2868 429 2924; x_wconf 84' lang='lat' dir='ltr'>Dormite</span> <span class='ocrx_word' id='word_1_457' title='bbox 445 2868 516 2939; x_wconf 77' lang='lat' dir='ltr'>jorn,</span> <span class='ocrx_word' id='word_1_458' title='bbox 532 2863 629 2938; x_wconf 90' lang='lat' dir='ltr'>inquit,</span> <span class='ocrx_word' id='word_1_459' title='bbox 640 2872 667 2919; x_wconf 83' lang='lat' dir='ltr'>ct</span> <span class='ocrx_word' id='word_1_460' title='bbox 682 2866 856 2938; x_wconf 78' lang='lat' dir='ltr'>requiescite.</span> <span class='ocrx_word' id='word_1_461' title='bbox 871 2867 952 2921; x_wconf 91' lang='lat' dir='ltr'>Nun·</span> <span class='ocrx_word' id='word_1_462' title='bbox 968 2861 990 2942; x_wconf 70' lang='lat' dir='ltr'>c</span> <span class='ocrx_word' id='word_1_463' title='bbox 1005 2865 1075 2931; x_wconf 91' lang='lat' dir='ltr'>sitis,</span> <span class='ocrx_word' id='word_1_464' title='bbox 1093 2882 1173 2937; x_wconf 90' lang='lat' dir='ltr'>quam</span> <span class='ocrx_word' id='word_1_465' title='bbox 1188 2881 1254 2922; x_wconf 85' lang='lat' dir='ltr'>crux</span> <span class='ocrx_word' id='word_1_466' title='bbox 1268 2867 1282 2921; x_wconf 80' lang='lat' dir='ltr'>t</span> <span class='ocrx_word' id='word_1_467' title='bbox 1297 2867 1336 2920; x_wconf 91' lang='lat' dir='ltr'>De</span> <span class='ocrx_word' id='word_1_468' title='bbox 1351 2881 1431 2922; x_wconf 90' lang='lat' dir='ltr'>cruce</span> <span class='ocrx_word' id='word_1_469' title='bbox 1446 2865 1521 2932; x_wconf 88' lang='lat' dir='ltr'>siles,</span> <span class='ocrx_word' id='word_1_470' title='bbox 1537 2873 1563 2921; x_wconf 90' lang='lat' dir='ltr'>et</span> <span class='ocrx_word' id='word_1_471' title='bbox 1587 2866 1621 2922; x_wconf 92' lang='lat' dir='ltr'>de</span> <span class='ocrx_word' id='word_1_472' title='bbox 1636 2867 1682 2923; x_wconf 89' lang='lat' dir='ltr'>siti</span> <span class='ocrx_word' id='word_1_473' title='bbox 1696 2862 1803 2924; x_wconf 69' lang='lat' dir='ltr'>clamas</span> 
     </span>
    </p>
   </div>
   <div class='ocr_carea' id='block_1_9' title="bbox 156 2952 970 5529">
    <p class='ocr_par' dir='ltr' id='par_1_12' title="bbox 156 2952 970 4366">
     <span class='ocr_line' id='line_1_52' title="bbox 156 2952 955 3035; baseline -0.008 -19"><span class='ocrx_word' id='word_1_474' title='bbox 156 2960 223 3035; x_wconf 92' lang='lat' dir='ltr'>quid</span> <span class='ocrx_word' id='word_1_475' title='bbox 241 2957 325 3014; x_wconf 89' lang='lat' dir='ltr'>alium</span> <span class='ocrx_word' id='word_1_476' title='bbox 339 2955 466 3012; x_wconf 88' lang='lat' dir='ltr'>concedis</span> <span class='ocrx_word' id='word_1_477' title='bbox 480 2969 605 3009; x_wconf 89' lang='lat' dir='ltr'>somnum</span> <span class='ocrx_word' id='word_1_478' title='bbox 633 2952 680 3006; x_wconf 93' lang='lat' dir='ltr'>ubi</span> <span class='ocrx_word' id='word_1_479' title='bbox 703 2955 909 3023; x_wconf 78' lang='lat' dir='ltr'>requiescerent,</span> <span class='ocrx_word' id='word_1_480' title='bbox 928 2964 955 3011; x_wconf 90' lang='grc' dir='ltr'>ει</span> 
     </span>
     <span class='ocr_line' id='line_1_53' title="bbox 158 3040 954 3119; baseline -0.009 -13"><span class='ocrx_word' id='word_1_481' title='bbox 158 3050 240 3107; x_wconf 86' lang='lat' dir='ltr'>alium</span> <span class='ocrx_word' id='word_1_482' title='bbox 255 3044 381 3119; x_wconf 89' lang='lat' dir='ltr'>proliibes</span> <span class='ocrx_word' id='word_1_483' title='bbox 401 3043 497 3115; x_wconf 91' lang='lat' dir='ltr'>inquo</span> <span class='ocrx_word' id='word_1_484' title='bbox 512 3040 584 3098; x_wconf 90' lang='lat' dir='ltr'>oculi</span> <span class='ocrx_word' id='word_1_485' title='bbox 599 3041 769 3112; x_wconf 73' lang='lat' dir='ltr'>gravantur?</span> <span class='ocrx_word' id='word_1_486' title='bbox 783 3041 821 3095; x_wconf 89' lang='lat' dir='ltr'>lta</span> <span class='ocrx_word' id='word_1_487' title='bbox 834 3049 884 3098; x_wconf 90' lang='grc' dir='ltr'><strong>εει.</strong></span> <span class='ocrx_word' id='word_1_488' title='bbox 901 3042 954 3111; x_wconf 88' lang='lat' dir='ltr'>Qui</span> 
     </span>
     <span class='ocr_line' id='line_1_54' title="bbox 158 3126 953 3209; baseline -0.014 -12"><span class='ocrx_word' id='word_1_489' title='bbox 158 3138 230 3197; x_wconf 91' lang='lat' dir='ltr'>enim</span> <span class='ocrx_word' id='word_1_490' title='bbox 244 3134 339 3209; x_wconf 79' lang='lat' dir='ltr'>vigilat</span> <span class='ocrx_word' id='word_1_491' title='bbox 353 3132 381 3186; x_wconf 90' lang='lat' dir='ltr'>iu</span> <span class='ocrx_word' id='word_1_492' title='bbox 396 3140 431 3203; x_wconf 90' lang='lat' dir='ltr'>te,</span> <span class='ocrx_word' id='word_1_493' title='bbox 445 3128 564 3185; x_wconf 82' lang='lat' dir='ltr'>suaviter</span> <span class='ocrx_word' id='word_1_494' title='bbox 574 3126 672 3183; x_wconf 92' lang='lat' dir='ltr'>dormit</span> <span class='ocrx_word' id='word_1_495' title='bbox 687 3129 714 3182; x_wconf 90' lang='lat' dir='ltr'>et</span> <span class='ocrx_word' id='word_1_496' title='bbox 728 3129 790 3183; x_wconf 90' lang='lat' dir='ltr'>silet</span> <span class='ocrx_word' id='word_1_497' title='bbox 809 3138 837 3184; x_wconf 91' lang='lat' dir='ltr'>et</span> <span class='ocrx_word' id='word_1_498' title='bbox 857 3144 953 3188; x_wconf 92' lang='lat' dir='ltr'>somno</span> 
     </span>
     <span class='ocr_line' id='line_1_55' title="bbox 158 3215 953 3297; baseline -0.011 -12"><span class='ocrx_word' id='word_1_499' title='bbox 158 3243 210 3285; x_wconf 90' lang='lat' dir='ltr'>suo</span> <span class='ocrx_word' id='word_1_500' title='bbox 225 3220 369 3297; x_wconf 86' lang='lat' dir='ltr'>requiescit</span> <span class='ocrx_word' id='word_1_501' title='bbox 384 3238 391 3277; x_wconf 93' lang='lat'><strong>:</strong></span> <span class='ocrx_word' id='word_1_502' title='bbox 407 3220 453 3293; x_wconf 91' lang='lat' dir='ltr'>qui</span> <span class='ocrx_word' id='word_1_503' title='bbox 469 3224 559 3272; x_wconf 85' lang='lat' dir='ltr'>autem</span> <span class='ocrx_word' id='word_1_504' title='bbox 578 3215 678 3271; x_wconf 93' lang='lat' dir='ltr'>dormit</span> <span class='ocrx_word' id='word_1_505' title='bbox 692 3230 708 3270; x_wconf 91' lang='lat' dir='ltr'>a</span> <span class='ocrx_word' id='word_1_506' title='bbox 728 3223 761 3284; x_wconf 88' lang='lat' dir='ltr'>te,</span> <span class='ocrx_word' id='word_1_507' title='bbox 780 3216 850 3273; x_wconf 90' lang='lat' dir='ltr'>sicut</span> <span class='ocrx_word' id='word_1_508' title='bbox 863 3219 953 3277; x_wconf 88' lang='lat' dir='ltr'>ebrius</span> 
     </span>
     <span class='ocr_line' id='line_1_56' title="bbox 160 3305 952 3384; baseline -0.014 -10"><span class='ocrx_word' id='word_1_509' title='bbox 160 3327 238 3374; x_wconf 90' lang='lat' dir='ltr'>nocte</span> <span class='ocrx_word' id='word_1_510' title='bbox 263 3312 388 3371; x_wconf 89' lang='lat' dir='ltr'>nesciens</span> <span class='ocrx_word' id='word_1_511' title='bbox 408 3306 531 3384; x_wconf 89' lang='lat' dir='ltr'>graviter</span> <span class='ocrx_word' id='word_1_512' title='bbox 553 3305 681 3377; x_wconf 79' lang='lat' dir='ltr'>agitatur.</span> <span class='ocrx_word' id='word_1_513' title='bbox 711 3305 828 3373; x_wconf 77' lang='lat' dir='ltr'>tristis,</span> <span class='ocrx_word' id='word_1_514' title='bbox 851 3306 952 3381; x_wconf 89' lang='lat' dir='ltr'>inquit,</span> 
     </span>
     <span class='ocr_line' id='line_1_57' title="bbox 160 3393 951 3475; baseline -0.014 -12"><span class='ocrx_word' id='word_1_515' title='bbox 160 3408 259 3464; x_wconf 84' lang='lat' dir='ltr'>enimn</span> <span class='ocrx_word' id='word_1_516' title='bbox 269 3419 332 3460; x_wconf 85' lang='lat' dir='ltr'>mco</span> <span class='ocrx_word' id='word_1_517' title='bbox 353 3416 441 3475; x_wconf 84' lang='lat' dir='ltr'>usqne</span> <span class='ocrx_word' id='word_1_518' title='bbox 458 3398 495 3456; x_wconf 90' lang='lat' dir='ltr'>od</span> <span class='ocrx_word' id='word_1_519' title='bbox 509 3401 631 3453; x_wconf 76' lang='lat' dir='ltr'>mortona</span> <span class='ocrx_word' id='word_1_520' title='bbox 645 3393 739 3466; x_wconf 81' lang='lat' dir='ltr'>(Marc.</span> <span class='ocrx_word' id='word_1_521' title='bbox 757 3410 818 3463; x_wconf 79' lang='lat' dir='ltr'>nir,</span> <span class='ocrx_word' id='word_1_522' title='bbox 835 3397 878 3452; x_wconf 85' lang='lat' dir='ltr'>tl.</span> <span class='ocrx_word' id='word_1_523' title='bbox 895 3399 951 3471; x_wconf 71' lang='grc'>34).</span> 
     </span>
     <span class='ocr_line' id='line_1_58' title="bbox 160 3485 953 3562; baseline -0.01 -11"><span class='ocrx_word' id='word_1_524' title='bbox 160 3494 260 3551; x_wconf 76' lang='lat' dir='ltr'>Anima</span> <span class='ocrx_word' id='word_1_525' title='bbox 287 3491 370 3547; x_wconf 89' lang='lat' dir='ltr'>tristis</span> <span class='ocrx_word' id='word_1_526' title='bbox 389 3498 430 3547; x_wconf 89' lang='lat' dir='ltr'>est</span> <span class='ocrx_word' id='word_1_527' title='bbox 458 3501 519 3562; x_wconf 72' lang='lat' dir='ltr'>quae</span> <span class='ocrx_word' id='word_1_528' title='bbox 533 3490 670 3556; x_wconf 83' lang='lat' dir='ltr'>exspectat</span> <span class='ocrx_word' id='word_1_529' title='bbox 695 3485 790 3539; x_wconf 88' lang='lat' dir='ltr'>mortis</span> <span class='ocrx_word' id='word_1_530' title='bbox 803 3485 953 3544; x_wconf 91' lang='lat' dir='ltr'>tribulatio-</span> 
     </span>
     <span class='ocr_line' id='line_1_59' title="bbox 159 3573 956 3652; baseline -0.015 -10"><span class='ocrx_word' id='word_1_531' title='bbox 159 3602 232 3642; x_wconf 90' lang='lat' dir='ltr'>nem.</span> <span class='ocrx_word' id='word_1_532' title='bbox 251 3581 319 3652; x_wconf 88' lang='lat' dir='ltr'>Quis</span> <span class='ocrx_word' id='word_1_533' title='bbox 333 3579 406 3636; x_wconf 92' lang='lat' dir='ltr'>enim</span> <span class='ocrx_word' id='word_1_534' title='bbox 420 3577 488 3634; x_wconf 88' lang='lat' dir='ltr'>sciat</span> <span class='ocrx_word' id='word_1_535' title='bbox 511 3583 602 3630; x_wconf 91' lang='lat' dir='ltr'>utrum</span> <span class='ocrx_word' id='word_1_536' title='bbox 628 3574 661 3628; x_wconf 90' lang='lat' dir='ltr'>ad</span> <span class='ocrx_word' id='word_1_537' title='bbox 689 3573 843 3642; x_wconf 87' lang='lat' dir='ltr'>sinistram,</span> <span class='ocrx_word' id='word_1_538' title='bbox 859 3591 895 3631; x_wconf 89' lang='lat' dir='ltr'>au</span> <span class='ocrx_word' id='word_1_539' title='bbox 922 3581 956 3637; x_wconf 84' lang='lat' dir='ltr'>ad</span> 
     </span>
     <span class='ocr_line' id='line_1_60' title="bbox 158 3662 955 3735; baseline -0.011 -2"><span class='ocrx_word' id='word_1_540' title='bbox 158 3678 296 3734; x_wconf 84' lang='lat' dir='ltr'>dexteram</span> <span class='ocrx_word' id='word_1_541' title='bbox 318 3671 380 3725; x_wconf 84' lang='lat' dir='ltr'>eat‘l</span> <span class='ocrx_word' id='word_1_542' title='bbox 396 3665 464 3735; x_wconf 89' lang='lat' dir='ltr'>Quis</span> <span class='ocrx_word' id='word_1_543' title='bbox 486 3663 555 3718; x_wconf 87' lang='lat' dir='ltr'>sciat</span> <span class='ocrx_word' id='word_1_544' title='bbox 581 3662 717 3734; x_wconf 89' lang='lat' dir='ltr'>quomodo</span> <span class='ocrx_word' id='word_1_545' title='bbox 741 3666 904 3734; x_wconf 87' lang='lat' dir='ltr'>respoudeat</span> <span class='ocrx_word' id='word_1_546' title='bbox 922 3670 955 3725; x_wconf 91' lang='lat' dir='ltr'>ad</span> 
     </span>
     <span class='ocr_line' id='line_1_61' title="bbox 160 3751 955 3835; baseline -0.005 -20"><span class='ocrx_word' id='word_1_547' title='bbox 160 3765 317 3835; x_wconf 80' lang='lat' dir='ltr'>arguentem</span> <span class='ocrx_word' id='word_1_548' title='bbox 332 3772 372 3823; x_wconf 90' lang='lat' dir='ltr'>so,</span> <span class='ocrx_word' id='word_1_549' title='bbox 393 3751 501 3825; x_wconf 89' lang='lat' dir='ltr'>quando</span> <span class='ocrx_word' id='word_1_550' title='bbox 515 3751 599 3806; x_wconf 78' lang='lat' dir='ltr'>tudes</span> <span class='ocrx_word' id='word_1_551' title='bbox 614 3751 683 3806; x_wconf 90' lang='lat' dir='ltr'>sicut</span> <span class='ocrx_word' id='word_1_552' title='bbox 692 3752 849 3821; x_wconf 86' lang='lat' dir='ltr'>parturiens</span> <span class='ocrx_word' id='word_1_553' title='bbox 864 3754 955 3827; x_wconf 90' lang='lat' dir='ltr'>loque·</span> 
     </span>
     <span class='ocr_line' id='line_1_62' title="bbox 160 3837 970 3911; baseline -0.004 -9"><span class='ocrx_word' id='word_1_554' title='bbox 160 3851 223 3909; x_wconf 82' lang='lat' dir='ltr'>tur‘l</span> <span class='ocrx_word' id='word_1_555' title='bbox 241 3847 305 3901; x_wconf 89' lang='lat' dir='ltr'>ldeo</span> <span class='ocrx_word' id='word_1_556' title='bbox 330 3843 414 3899; x_wconf 91' lang='lat' dir='ltr'>tristis</span> <span class='ocrx_word' id='word_1_557' title='bbox 429 3838 521 3896; x_wconf 90' lang='lat' dir='ltr'>anima</span> <span class='ocrx_word' id='word_1_558' title='bbox 541 3837 636 3894; x_wconf 90' lang='lat' dir='ltr'>similis</span> <span class='ocrx_word' id='word_1_559' title='bbox 651 3837 696 3893; x_wconf 80' lang='lat' dir='ltr'>liat</span> <span class='ocrx_word' id='word_1_560' title='bbox 711 3839 833 3911; x_wconf 89' lang='lat' dir='ltr'>pelicano</span> <span class='ocrx_word' id='word_1_561' title='bbox 856 3843 970 3902; x_wconf 55' lang='lat' dir='ltr'>solitu-⁶</span> 
     </span>
     <span class='ocr_line' id='line_1_63' title="bbox 158 3927 951 4006; baseline -0.004 -13"><span class='ocrx_word' id='word_1_562' title='bbox 158 3939 242 4005; x_wconf 88' lang='lat' dir='ltr'>dinis,</span> <span class='ocrx_word' id='word_1_563' title='bbox 272 3947 333 4006; x_wconf 88' lang='lat' dir='ltr'>quae</span> <span class='ocrx_word' id='word_1_564' title='bbox 347 3930 421 3986; x_wconf 90' lang='lat' dir='ltr'>audit</span> <span class='ocrx_word' id='word_1_565' title='bbox 443 3927 587 3993; x_wconf 90' lang='lat' dir='ltr'>civitatem,</span> <span class='ocrx_word' id='word_1_566' title='bbox 603 3935 630 3983; x_wconf 92' lang='grc' dir='ltr'>ει</span> <span class='ocrx_word' id='word_1_567' title='bbox 643 3927 834 3984; x_wconf 88' lang='lat' dir='ltr'>conventicula</span> <span class='ocrx_word' id='word_1_568' title='bbox 856 3945 951 3990; x_wconf 91' lang='lat' dir='ltr'>eorum</span> 
     </span>
     <span class='ocr_line' id='line_1_64' title="bbox 160 4015 952 4096; baseline -0.004 -15"><span class='ocrx_word' id='word_1_569' title='bbox 160 4029 195 4085; x_wconf 88' lang='lat' dir='ltr'>de</span> <span class='ocrx_word' id='word_1_570' title='bbox 208 4019 435 4096; x_wconf 86' lang='lat' dir='ltr'>sanguinibus,et</span> <span class='ocrx_word' id='word_1_571' title='bbox 445 4016 529 4074; x_wconf 88' lang='lat' dir='ltr'>macie</span> <span class='ocrx_word' id='word_1_572' title='bbox 542 4015 699 4073; x_wconf 91' lang='lat' dir='ltr'>solitudinis</span> <span class='ocrx_word' id='word_1_573' title='bbox 708 4015 792 4089; x_wconf 88' lang='lat' dir='ltr'>pallet</span> <span class='ocrx_word' id='word_1_574' title='bbox 808 4028 872 4074; x_wconf 89' lang='lat' dir='ltr'>:aut</span> <span class='ocrx_word' id='word_1_575' title='bbox 882 4021 952 4079; x_wconf 91' lang='lat' dir='ltr'>sicut</span> 
     </span>
     <span class='ocr_line' id='line_1_65' title="bbox 160 4105 952 4191; baseline -0.009 -17"><span class='ocrx_word' id='word_1_576' title='bbox 160 4114 317 4191; x_wconf 80' lang='lat' dir='ltr'>nycticorax</span> <span class='ocrx_word' id='word_1_577' title='bbox 330 4109 358 4165; x_wconf 90' lang='lat' dir='ltr'>in</span> <span class='ocrx_word' id='word_1_578' title='bbox 372 4105 511 4180; x_wconf 85' lang='lat' dir='ltr'>parietinis</span> <span class='ocrx_word' id='word_1_579' title='bbox 532 4105 679 4176; x_wconf 79' lang='lat' dir='ltr'>Scriptura</span> <span class='ocrx_word' id='word_1_580' title='bbox 688 4113 791 4177; x_wconf 84' lang='lat' dir='ltr'>quaerat</span> <span class='ocrx_word' id='word_1_581' title='bbox 801 4107 854 4163; x_wconf 91' lang='lat' dir='ltr'>sibi</span> <span class='ocrx_word' id='word_1_582' title='bbox 862 4125 952 4167; x_wconf 88' lang='lat' dir='ltr'>escam</span> 
     </span>
     <span class='ocr_line' id='line_1_66' title="bbox 162 4192 953 4270; baseline -0.009 -7"><span class='ocrx_word' id='word_1_583' title='bbox 162 4214 218 4264; x_wconf 92' lang='lat' dir='ltr'>tota</span> <span class='ocrx_word' id='word_1_584' title='bbox 230 4209 320 4269; x_wconf 90' lang='lat' dir='ltr'>nocte,</span> <span class='ocrx_word' id='word_1_585' title='bbox 337 4207 365 4256; x_wconf 91' lang='lat' dir='ltr'>et</span> <span class='ocrx_word' id='word_1_586' title='bbox 377 4196 486 4255; x_wconf 88' lang='lat' dir='ltr'>evolent</span> <span class='ocrx_word' id='word_1_587' title='bbox 499 4195 527 4251; x_wconf 90' lang='lat' dir='ltr'>in</span> <span class='ocrx_word' id='word_1_588' title='bbox 542 4192 631 4252; x_wconf 71' lang='lat'>508</span> <span class='ocrx_word' id='word_1_589' title='bbox 645 4210 784 4267; x_wconf 90' lang='lat' dir='ltr'>passerem</span> <span class='ocrx_word' id='word_1_590' title='bbox 798 4212 880 4270; x_wconf 91' lang='lat' dir='ltr'>super</span> <span class='ocrx_word' id='word_1_591' title='bbox 894 4209 953 4256; x_wconf 91' lang='lat' dir='ltr'>tec·</span> 
     </span>
     <span class='ocr_line' id='line_1_67' title="bbox 159 4284 882 4366; baseline -0.022 -12"><span class='ocrx_word' id='word_1_592' title='bbox 159 4304 215 4355; x_wconf 93' lang='lat' dir='ltr'>tum</span> <span class='ocrx_word' id='word_1_593' title='bbox 228 4289 396 4366; x_wconf 88' lang='lat' dir='ltr'>vigilantem,</span> <span class='ocrx_word' id='word_1_594' title='bbox 412 4295 439 4344; x_wconf 91' lang='grc' dir='ltr'>ει</span> <span class='ocrx_word' id='word_1_595' title='bbox 452 4296 590 4343; x_wconf 70' lang='lat' dir='ltr'>maenum</span> <span class='ocrx_word' id='word_1_596' title='bbox 604 4285 711 4356; x_wconf 90' lang='lat' dir='ltr'>quando</span> <span class='ocrx_word' id='word_1_597' title='bbox 726 4284 769 4341; x_wconf 87' lang='lat' dir='ltr'>tur</span> <span class='ocrx_word' id='word_1_598' title='bbox 781 4288 882 4345; x_wconf 79' lang='lat' dir='ltr'>veniat.</span> 
     </span>
    </p>

    <p class='ocr_par' dir='ltr' id='par_1_13' title="bbox 159 4375 956 5529">
     <span class='ocr_line' id='line_1_68' title="bbox 195 4375 954 4446; baseline -0.011 -4"><span class='ocrx_word' id='word_1_599' title='bbox 195 4390 223 4443; x_wconf 80' lang='lat'>5.</span> <span class='ocrx_word' id='word_1_600' title='bbox 238 4384 285 4441; x_wconf 80' lang='lat' dir='ltr'>Vel</span> <span class='ocrx_word' id='word_1_601' title='bbox 299 4381 395 4436; x_wconf 85' lang='lat' dir='ltr'>tudam</span> <span class='ocrx_word' id='word_1_602' title='bbox 409 4392 464 4434; x_wconf 91' lang='lat' dir='ltr'>nou</span> <span class='ocrx_word' id='word_1_603' title='bbox 478 4375 594 4444; x_wconf 86' lang='lat' dir='ltr'>videtis,</span> <span class='ocrx_word' id='word_1_604' title='bbox 616 4377 753 4446; x_wconf 90' lang='lat' dir='ltr'>quomodo</span> <span class='ocrx_word' id='word_1_605' title='bbox 767 4391 821 4432; x_wconf 90' lang='lat' dir='ltr'>non</span> <span class='ocrx_word' id='word_1_606' title='bbox 835 4378 954 4434; x_wconf 77' lang='lat' dir='ltr'>dormit?</span> 
     </span>
     <span class='ocr_line' id='line_1_69' title="bbox 160 4463 954 4549; baseline -0.008 -17"><span class='ocrx_word' id='word_1_607' title='bbox 160 4478 247 4549; x_wconf 88' lang='lat' dir='ltr'>Quam</span> <span class='ocrx_word' id='word_1_608' title='bbox 276 4469 424 4546; x_wconf 84' lang='lat' dir='ltr'>pervigiles</span> <span class='ocrx_word' id='word_1_609' title='bbox 447 4467 527 4522; x_wconf 89' lang='lat' dir='ltr'>habet</span> <span class='ocrx_word' id='word_1_610' title='bbox 546 4466 639 4522; x_wconf 89' lang='lat' dir='ltr'>oculos</span> <span class='ocrx_word' id='word_1_611' title='bbox 663 4463 789 4522; x_wconf 79' lang='lat' dir='ltr'>avaritia!</span> <span class='ocrx_word' id='word_1_612' title='bbox 818 4470 954 4541; x_wconf 90' lang='lat' dir='ltr'>quomodo</span> 
     </span>
     <span class='ocr_line' id='line_1_70' title="bbox 159 4553 955 4627; baseline -0.01 -5"><span class='ocrx_word' id='word_1_613' title='bbox 159 4564 255 4623; x_wconf 87' lang='lat' dir='ltr'>circuit</span> <span class='ocrx_word' id='word_1_614' title='bbox 282 4560 375 4618; x_wconf 91' lang='lat' dir='ltr'>orbem</span> <span class='ocrx_word' id='word_1_615' title='bbox 395 4553 485 4614; x_wconf 85' lang='lat' dir='ltr'>terraei</span> <span class='ocrx_word' id='word_1_616' title='bbox 517 4571 572 4611; x_wconf 91' lang='lat' dir='ltr'>uon</span> <span class='ocrx_word' id='word_1_617' title='bbox 596 4561 683 4611; x_wconf 88' lang='lat' dir='ltr'>cessat</span> <span class='ocrx_word' id='word_1_618' title='bbox 697 4571 793 4610; x_wconf 90' lang='lat' dir='ltr'>manus</span> <span class='ocrx_word' id='word_1_619' title='bbox 805 4557 882 4627; x_wconf 86' lang='lat' dir='ltr'>ejus,</span> <span class='ocrx_word' id='word_1_620' title='bbox 899 4573 955 4614; x_wconf 91' lang='lat' dir='ltr'>non</span> 
     </span>
     <span class='ocr_line' id='line_1_71' title="bbox 160 4644 954 4721; baseline -0.01 -11"><span class='ocrx_word' id='word_1_621' title='bbox 160 4658 248 4711; x_wconf 87' lang='lat' dir='ltr'>cessat</span> <span class='ocrx_word' id='word_1_622' title='bbox 263 4665 320 4721; x_wconf 89' lang='lat' dir='ltr'>pes,</span> <span class='ocrx_word' id='word_1_623' title='bbox 336 4656 364 4704; x_wconf 90' lang='lat' dir='ltr'>et</span> <span class='ocrx_word' id='word_1_624' title='bbox 377 4655 520 4703; x_wconf 86' lang='lat' dir='ltr'>coacervat</span> <span class='ocrx_word' id='word_1_625' title='bbox 534 4645 585 4699; x_wconf 91' lang='lat' dir='ltr'>sibi</span> <span class='ocrx_word' id='word_1_626' title='bbox 600 4644 669 4697; x_wconf 88' lang='lat' dir='ltr'>iram</span> <span class='ocrx_word' id='word_1_627' title='bbox 684 4644 711 4698; x_wconf 93' lang='lat' dir='ltr'>in</span> <span class='ocrx_word' id='word_1_628' title='bbox 727 4644 771 4700; x_wconf 90' lang='lat' dir='ltr'>die</span> <span class='ocrx_word' id='word_1_629' title='bbox 790 4646 848 4702; x_wconf 85' lang='lat' dir='ltr'>irae.</span> <span class='ocrx_word' id='word_1_630' title='bbox 863 4647 898 4702; x_wconf 85' lang='lat' dir='ltr'>Et</span> <span class='ocrx_word' id='word_1_631' title='bbox 912 4655 954 4703; x_wconf 92' lang='lat' dir='ltr'>ta-</span> 
     </span>
     <span class='ocr_line' id='line_1_72' title="bbox 159 4732 953 4802; baseline -0.01 -3"><span class='ocrx_word' id='word_1_632' title='bbox 159 4757 223 4799; x_wconf 90' lang='lat' dir='ltr'>men</span> <span class='ocrx_word' id='word_1_633' title='bbox 251 4736 351 4795; x_wconf 91' lang='lat' dir='ltr'>dormit</span> <span class='ocrx_word' id='word_1_634' title='bbox 374 4735 477 4802; x_wconf 85' lang='lat' dir='ltr'>Simon,</span> <span class='ocrx_word' id='word_1_635' title='bbox 503 4732 604 4790; x_wconf 87' lang='lat' dir='ltr'>dormit</span> <span class='ocrx_word' id='word_1_636' title='bbox 629 4732 747 4788; x_wconf 81' lang='lat' dir='ltr'>lacobus</span> <span class='ocrx_word' id='word_1_637' title='bbox 770 4743 797 4790; x_wconf 85' lang='grc' dir='ltr'>ει</span> <span class='ocrx_word' id='word_1_638' title='bbox 823 4736 953 4794; x_wconf 83' lang='lat' dir='ltr'>loannes.</span> 
     </span>
     <span class='ocr_line' id='line_1_73' title="bbox 159 4821 955 4905; baseline -0.006 -18"><span class='ocrx_word' id='word_1_639' title='bbox 159 4829 250 4905; x_wconf 85' lang='lat' dir='ltr'>Quare</span> <span class='ocrx_word' id='word_1_640' title='bbox 260 4829 274 4885; x_wconf 82' lang='lat' dir='ltr'>t</span> <span class='ocrx_word' id='word_1_641' title='bbox 285 4826 354 4897; x_wconf 91' lang='lat' dir='ltr'>Quia</span> <span class='ocrx_word' id='word_1_642' title='bbox 372 4841 428 4881; x_wconf 90' lang='lat' dir='ltr'>uon</span> <span class='ocrx_word' id='word_1_643' title='bbox 441 4822 584 4881; x_wconf 89' lang='lat' dir='ltr'>attendunt</span> <span class='ocrx_word' id='word_1_644' title='bbox 597 4821 660 4892; x_wconf 91' lang='lat' dir='ltr'>quid</span> <span class='ocrx_word' id='word_1_645' title='bbox 681 4832 744 4894; x_wconf 92' lang='lat' dir='ltr'>post</span> <span class='ocrx_word' id='word_1_646' title='bbox 758 4826 895 4895; x_wconf 89' lang='lat' dir='ltr'>paululum</span> <span class='ocrx_word' id='word_1_647' title='bbox 907 4826 955 4882; x_wconf 87' lang='lat' dir='ltr'>lu-</span> 
     </span>
     <span class='ocr_line' id='line_1_74' title="bbox 161 4911 956 4987; baseline -0.01 -9"><span class='ocrx_word' id='word_1_648' title='bbox 161 4928 254 4978; x_wconf 92' lang='lat' dir='ltr'>turum</span> <span class='ocrx_word' id='word_1_649' title='bbox 265 4918 309 4974; x_wconf 88' lang='lat' dir='ltr'>sit.</span> <span class='ocrx_word' id='word_1_650' title='bbox 325 4914 442 4973; x_wconf 88' lang='lat' dir='ltr'>Periculi</span> <span class='ocrx_word' id='word_1_651' title='bbox 463 4911 620 4986; x_wconf 90' lang='lat' dir='ltr'>magnitudo</span> <span class='ocrx_word' id='word_1_652' title='bbox 644 4924 767 4967; x_wconf 90' lang='lat' dir='ltr'>somnum</span> <span class='ocrx_word' id='word_1_653' title='bbox 784 4913 868 4987; x_wconf 85' lang='lat' dir='ltr'>lugat.</span> <span class='ocrx_word' id='word_1_654' title='bbox 879 4917 956 4972; x_wconf 91' lang='lat' dir='ltr'>Nuu-</span> 
     </span>
     <span class='ocr_line' id='line_1_75' title="bbox 159 4997 956 5085; baseline -0.008 -19"><span class='ocrx_word' id='word_1_655' title='bbox 159 5010 227 5085; x_wconf 89' lang='lat' dir='ltr'>qaid</span> <span class='ocrx_word' id='word_1_656' title='bbox 241 5003 366 5065; x_wconf 91' lang='lat' dir='ltr'>dormivit</span> <span class='ocrx_word' id='word_1_657' title='bbox 382 5005 477 5059; x_wconf 88' lang='lat' dir='ltr'>Petrus</span> <span class='ocrx_word' id='word_1_658' title='bbox 496 4999 525 5055; x_wconf 92' lang='lat' dir='ltr'>in</span> <span class='ocrx_word' id='word_1_659' title='bbox 539 4997 627 5056; x_wconf 76' lang='lat' dir='ltr'>auio?</span> <span class='ocrx_word' id='word_1_660' title='bbox 650 4998 770 5071; x_wconf 89' lang='lat' dir='ltr'>uunquid</span> <span class='ocrx_word' id='word_1_661' title='bbox 787 5004 956 5060; x_wconf 86' lang='lat' dir='ltr'>dormierunt</span> 
     </span>
     <span class='ocr_line' id='line_1_76' title="bbox 161 5086 955 5170; baseline -0.01 -15"><span class='ocrx_word' id='word_1_662' title='bbox 161 5099 207 5170; x_wconf 92' lang='lat' dir='ltr'>qui</span> <span class='ocrx_word' id='word_1_663' title='bbox 222 5094 314 5154; x_wconf 91' lang='lat' dir='ltr'>relicto</span> <span class='ocrx_word' id='word_1_664' title='bbox 336 5107 369 5151; x_wconf 90' lang='lat' dir='ltr'>eo</span> <span class='ocrx_word' id='word_1_665' title='bbox 393 5090 543 5163; x_wconf 79' lang='lat' dir='ltr'>fugerunt?</span> <span class='ocrx_word' id='word_1_666' title='bbox 569 5086 692 5160; x_wconf 90' lang='lat' dir='ltr'>nunquid</span> <span class='ocrx_word' id='word_1_667' title='bbox 712 5087 838 5149; x_wconf 91' lang='lat' dir='ltr'>dormivit</span> <span class='ocrx_word' id='word_1_668' title='bbox 860 5090 955 5147; x_wconf 90' lang='lat' dir='ltr'>adole·</span> 
     </span>
     <span class='ocr_line' id='line_1_77' title="bbox 160 5177 952 5259; baseline -0.01 -15"><span class='ocrx_word' id='word_1_669' title='bbox 160 5201 251 5257; x_wconf 70' lang='lat' dir='ltr'>meus,</span> <span class='ocrx_word' id='word_1_670' title='bbox 267 5183 375 5259; x_wconf 91' lang='lat' dir='ltr'>quando</span> <span class='ocrx_word' id='word_1_671' title='bbox 384 5187 528 5239; x_wconf 90' lang='lat' dir='ltr'>tenuerunt</span> <span class='ocrx_word' id='word_1_672' title='bbox 541 5193 614 5249; x_wconf 89' lang='lat' dir='ltr'>eum,</span> <span class='ocrx_word' id='word_1_673' title='bbox 630 5188 656 5235; x_wconf 91' lang='lat' dir='ltr'>et</span> <span class='ocrx_word' id='word_1_674' title='bbox 671 5178 717 5235; x_wconf 90' lang='lat' dir='ltr'>ille</span> <span class='ocrx_word' id='word_1_675' title='bbox 731 5177 825 5234; x_wconf 90' lang='lat' dir='ltr'>relicta</span> <span class='ocrx_word' id='word_1_676' title='bbox 839 5179 952 5237; x_wconf 89' lang='lat' dir='ltr'>sindone</span> 
     </span>
     <span class='ocr_line' id='line_1_78' title="bbox 163 5267 953 5348; baseline -0.005 -18"><span class='ocrx_word' id='word_1_677' title='bbox 163 5275 253 5332; x_wconf 84' lang='lat' dir='ltr'>nudus</span> <span class='ocrx_word' id='word_1_678' title='bbox 270 5269 405 5348; x_wconf 79' lang='lat' dir='ltr'>profugit!</span> <span class='ocrx_word' id='word_1_679' title='bbox 430 5270 464 5326; x_wconf 80' lang='lat' dir='ltr'>llt</span> <span class='ocrx_word' id='word_1_680' title='bbox 482 5276 572 5326; x_wconf 74' lang='lat' dir='ltr'>umen</span> <span class='ocrx_word' id='word_1_681' title='bbox 592 5268 677 5342; x_wconf 78' lang='lat' dir='ltr'>frigus</span> <span class='ocrx_word' id='word_1_682' title='bbox 691 5274 758 5337; x_wconf 91' lang='lat' dir='ltr'>erat,</span> <span class='ocrx_word' id='word_1_683' title='bbox 774 5267 837 5340; x_wconf 92' lang='lat' dir='ltr'>quia</span> <span class='ocrx_word' id='word_1_684' title='bbox 864 5270 953 5327; x_wconf 89' lang='lat' dir='ltr'>stabat</span> 
     </span>
     <span class='ocr_line' id='line_1_79' title="bbox 161 5354 954 5436; baseline -0.004 -19"><span class='ocrx_word' id='word_1_685' title='bbox 161 5360 266 5436; x_wconf 86' lang='lat' dir='ltr'>Petrus,</span> <span class='ocrx_word' id='word_1_686' title='bbox 289 5370 316 5420; x_wconf 91' lang='lat' dir='ltr'>et</span> <span class='ocrx_word' id='word_1_687' title='bbox 334 5358 505 5419; x_wconf 80' lang='lat' dir='ltr'>calefaciebat</span> <span class='ocrx_word' id='word_1_688' title='bbox 518 5374 560 5416; x_wconf 88' lang='lat' dir='ltr'>se.</span> <span class='ocrx_word' id='word_1_689' title='bbox 575 5354 733 5430; x_wconf 75' lang='lat' dir='ltr'>Magnitudo</span> <span class='ocrx_word' id='word_1_690' title='bbox 752 5357 864 5429; x_wconf 92' lang='lat' dir='ltr'>periculi</span> <span class='ocrx_word' id='word_1_691' title='bbox 879 5374 954 5415; x_wconf 91' lang='lat' dir='ltr'>som-</span> 
     </span>
     <span class='ocr_line' id='line_1_80' title="bbox 163 5444 954 5529; baseline -0.001 -21"><span class='ocrx_word' id='word_1_692' title='bbox 163 5464 239 5524; x_wconf 79' lang='lat' dir='ltr'>num,</span> <span class='ocrx_word' id='word_1_693' title='bbox 253 5459 281 5508; x_wconf 87' lang='grc' dir='ltr'>ει</span> <span class='ocrx_word' id='word_1_694' title='bbox 308 5449 404 5529; x_wconf 82' lang='lat' dir='ltr'>frigus,</span> <span class='ocrx_word' id='word_1_695' title='bbox 432 5444 460 5509; x_wconf 84' lang='grc' dir='ltr'>ει</span> <span class='ocrx_word' id='word_1_696' title='bbox 478 5444 577 5508; x_wconf 80' lang='lat' dir='ltr'>tamem</span> <span class='ocrx_word' id='word_1_697' title='bbox 601 5446 664 5505; x_wconf 87' lang='lat' dir='ltr'>tacit</span> <span class='ocrx_word' id='word_1_698' title='bbox 691 5446 823 5507; x_wconf 90' lang='lat' dir='ltr'>oblivisci.</span> <span class='ocrx_word' id='word_1_699' title='bbox 847 5445 954 5526; x_wconf 81' lang='lat' dir='ltr'>Evigilo</span> 
     </span>
    </p>
   </div>
   <div class='ocr_carea' id='block_1_10' title="bbox 1005 2952 1810 4095">
    <p class='ocr_par' dir='ltr' id='par_1_14' title="bbox 1005 2952 1810 4095">
     <span class='ocr_line' id='line_1_81' title="bbox 1008 2952 1803 3023; baseline 0.001 -12"><span class='ocrx_word' id='word_1_700' title='bbox 1008 2954 1089 3011; x_wconf 83' lang='lat' dir='ltr'>Sitia.</span> <span class='ocrx_word' id='word_1_701' title='bbox 1105 2953 1200 3022; x_wconf 80' lang='lat' dir='ltr'>Quint</span> <span class='ocrx_word' id='word_1_702' title='bbox 1216 2956 1337 3011; x_wconf 87' lang='lat' dir='ltr'>Vestram</span> <span class='ocrx_word' id='word_1_703' title='bbox 1352 2952 1441 3022; x_wconf 88' lang='lat' dir='ltr'>fidem,</span> <span class='ocrx_word' id='word_1_704' title='bbox 1458 2964 1576 3010; x_wconf 87' lang='lat' dir='ltr'>vestram</span> <span class='ocrx_word' id='word_1_705' title='bbox 1599 2955 1726 3023; x_wconf 72' lang='lat' dir='ltr'>salutem</span> <span class='ocrx_word' id='word_1_706' title='bbox 1741 2972 1803 3014; x_wconf 84' lang='lat' dir='ltr'>res·</span> 
     </span>
     <span class='ocr_line' id='line_1_82' title="bbox 1006 3041 1810 3116; baseline 0.002 -18"><span class='ocrx_word' id='word_1_707' title='bbox 1006 3053 1077 3099; x_wconf 91' lang='lat' dir='ltr'>trum</span> <span class='ocrx_word' id='word_1_708' title='bbox 1090 3042 1218 3115; x_wconf 90' lang='lat' dir='ltr'>gaudium</span> <span class='ocrx_word' id='word_1_709' title='bbox 1229 3060 1237 3111; x_wconf 81' lang='lat'>3</span> <span class='ocrx_word' id='word_1_710' title='bbox 1248 3044 1307 3114; x_wconf 92' lang='lat' dir='ltr'>plus</span> <span class='ocrx_word' id='word_1_711' title='bbox 1317 3041 1467 3098; x_wconf 87' lang='lat' dir='ltr'>animarum</span> <span class='ocrx_word' id='word_1_712' title='bbox 1476 3052 1640 3114; x_wconf 84' lang='lat' dir='ltr'>vestrarum,</span> <span class='ocrx_word' id='word_1_713' title='bbox 1651 3060 1735 3116; x_wconf 88' lang='lat' dir='ltr'>quam</span> <span class='ocrx_word' id='word_1_714' title='bbox 1745 3060 1810 3102; x_wconf 83' lang='lat' dir='ltr'>cor·-</span> 
     </span>
     <span class='ocr_line' id='line_1_83' title="bbox 1007 3132 1802 3206; baseline 0.005 -20"><span class='ocrx_word' id='word_1_715' title='bbox 1007 3133 1082 3203; x_wconf 92' lang='lat' dir='ltr'>poris</span> <span class='ocrx_word' id='word_1_716' title='bbox 1092 3132 1148 3188; x_wconf 93' lang='lat' dir='ltr'>mei</span> <span class='ocrx_word' id='word_1_717' title='bbox 1155 3132 1291 3188; x_wconf 90' lang='lat' dir='ltr'>cruciatus</span> <span class='ocrx_word' id='word_1_718' title='bbox 1300 3147 1342 3187; x_wconf 90' lang='lat' dir='ltr'>me</span> <span class='ocrx_word' id='word_1_719' title='bbox 1354 3138 1432 3187; x_wconf 87' lang='lat' dir='ltr'>tenet.</span> <span class='ocrx_word' id='word_1_720' title='bbox 1445 3132 1518 3190; x_wconf 80' lang='lat' dir='ltr'>Onus</span> <span class='ocrx_word' id='word_1_721' title='bbox 1528 3147 1624 3190; x_wconf 85' lang='lat' dir='ltr'>omncs</span> <span class='ocrx_word' id='word_1_722' title='bbox 1635 3134 1687 3206; x_wconf 82' lang='lat' dir='ltr'>qut</span> <span class='ocrx_word' id='word_1_723' title='bbox 1701 3135 1802 3190; x_wconf 84' lang='lat' dir='ltr'>transi·</span> 
     </span>
     <span class='ocr_line' id='line_1_84' title="bbox 1008 3220 1798 3292; baseline 0.003 -16"><span class='ocrx_word' id='word_1_724' title='bbox 1008 3221 1055 3286; x_wconf 82' lang='lat' dir='ltr'>tis,</span> <span class='ocrx_word' id='word_1_725' title='bbox 1068 3221 1219 3292; x_wconf 82' lang='lat' dir='ltr'>attendite,</span> <span class='ocrx_word' id='word_1_726' title='bbox 1231 3224 1259 3279; x_wconf 86' lang='lat' dir='ltr'>et</span> <span class='ocrx_word' id='word_1_727' title='bbox 1268 3221 1359 3279; x_wconf 84' lang='lat' dir='ltr'>videta</span> <span class='ocrx_word' id='word_1_728' title='bbox 1368 3220 1392 3276; x_wconf 84' lang='lat' dir='ltr'>si</span> <span class='ocrx_word' id='word_1_729' title='bbox 1404 3221 1530 3278; x_wconf 84' lang='lat' dir='ltr'>estdoior</span> <span class='ocrx_word' id='word_1_730' title='bbox 1539 3221 1614 3278; x_wconf 83' lang='lat' dir='ltr'>sicut</span> <span class='ocrx_word' id='word_1_731' title='bbox 1625 3223 1705 3280; x_wconf 84' lang='lat' dir='ltr'>dolor</span> <span class='ocrx_word' id='word_1_732' title='bbox 1714 3238 1798 3279; x_wconf 83' lang='lat' dir='ltr'>mens.</span> 
     </span>
     <span class='ocr_line' id='line_1_85' title="bbox 1007 3309 1803 3379; baseline 0.003 -16"><span class='ocrx_word' id='word_1_733' title='bbox 1007 3310 1143 3367; x_wconf 75' lang='lat' dir='ltr'>Attendite</span> <span class='ocrx_word' id='word_1_734' title='bbox 1156 3310 1279 3367; x_wconf 90' lang='lat' dir='ltr'>dolorem</span> <span class='ocrx_word' id='word_1_735' title='bbox 1294 3325 1395 3379; x_wconf 90' lang='lat' dir='ltr'>meum,</span> <span class='ocrx_word' id='word_1_736' title='bbox 1412 3318 1441 3364; x_wconf 93' lang='lat' dir='ltr'>ut</span> <span class='ocrx_word' id='word_1_737' title='bbox 1454 3309 1482 3364; x_wconf 91' lang='lat' dir='ltr'>in</span> <span class='ocrx_word' id='word_1_738' title='bbox 1503 3310 1600 3366; x_wconf 91' lang='lat' dir='ltr'>dolore</span> <span class='ocrx_word' id='word_1_739' title='bbox 1615 3327 1676 3366; x_wconf 90' lang='lat' dir='ltr'>meo</span> <span class='ocrx_word' id='word_1_740' title='bbox 1690 3310 1803 3367; x_wconf 84' lang='lat' dir='ltr'>videatis</span> 
     </span>
     <span class='ocr_line' id='line_1_86' title="bbox 1007 3397 1803 3471; baseline 0.003 -20"><span class='ocrx_word' id='word_1_741' title='bbox 1007 3397 1129 3454; x_wconf 89' lang='lat' dir='ltr'>dolorem</span> <span class='ocrx_word' id='word_1_742' title='bbox 1143 3407 1270 3457; x_wconf 89' lang='lat' dir='ltr'>vestmm.</span> <span class='ocrx_word' id='word_1_743' title='bbox 1286 3399 1371 3454; x_wconf 87' lang='lat' dir='ltr'>Dolor</span> <span class='ocrx_word' id='word_1_744' title='bbox 1384 3413 1463 3453; x_wconf 90' lang='lat' dir='ltr'>meus</span> <span class='ocrx_word' id='word_1_745' title='bbox 1487 3398 1577 3471; x_wconf 90' lang='lat' dir='ltr'>imago</span> <span class='ocrx_word' id='word_1_746' title='bbox 1593 3401 1675 3456; x_wconf 80' lang='lat' dir='ltr'>vestrl</span> <span class='ocrx_word' id='word_1_747' title='bbox 1699 3400 1803 3456; x_wconf 88' lang='lat' dir='ltr'>doloris</span> 
     </span>
     <span class='ocr_line' id='line_1_87' title="bbox 1008 3486 1804 3558; baseline 0.001 -15"><span class='ocrx_word' id='word_1_748' title='bbox 1008 3495 1058 3544; x_wconf 89' lang='grc' dir='ltr'><strong>εει.</strong></span> <span class='ocrx_word' id='word_1_749' title='bbox 1075 3488 1155 3558; x_wconf 90' lang='lat' dir='ltr'>Quod</span> <span class='ocrx_word' id='word_1_750' title='bbox 1181 3487 1319 3544; x_wconf 89' lang='lat' dir='ltr'>attenditis</span> <span class='ocrx_word' id='word_1_751' title='bbox 1344 3486 1372 3541; x_wconf 95' lang='lat' dir='ltr'>in</span> <span class='ocrx_word' id='word_1_752' title='bbox 1395 3501 1509 3556; x_wconf 88' lang='lat' dir='ltr'>corpore</span> <span class='ocrx_word' id='word_1_753' title='bbox 1538 3502 1611 3553; x_wconf 86' lang='lat' dir='ltr'>meo,</span> <span class='ocrx_word' id='word_1_754' title='bbox 1634 3488 1765 3544; x_wconf 84' lang='lat' dir='ltr'>attendite</span> <span class='ocrx_word' id='word_1_755' title='bbox 1778 3496 1804 3543; x_wconf 89' lang='grc' dir='ltr'>ει</span> 
     </span>
     <span class='ocr_line' id='line_1_88' title="bbox 1010 3576 1801 3638; baseline -0.003 -6"><span class='ocrx_word' id='word_1_756' title='bbox 1010 3578 1100 3633; x_wconf 84' lang='lat' dir='ltr'>videte</span> <span class='ocrx_word' id='word_1_757' title='bbox 1129 3577 1151 3638; x_wconf 89' lang='lat' dir='ltr'>si</span> <span class='ocrx_word' id='word_1_758' title='bbox 1181 3576 1277 3631; x_wconf 81' lang='lat' dir='ltr'>similis</span> <span class='ocrx_word' id='word_1_759' title='bbox 1295 3576 1375 3632; x_wconf 88' lang='lat' dir='ltr'>dolor</span> <span class='ocrx_word' id='word_1_760' title='bbox 1393 3591 1448 3632; x_wconf 90' lang='lat' dir='ltr'>nou</span> <span class='ocrx_word' id='word_1_761' title='bbox 1469 3584 1510 3631; x_wconf 88' lang='grc' dir='ltr'>εει</span> <span class='ocrx_word' id='word_1_762' title='bbox 1537 3577 1564 3630; x_wconf 91' lang='lat' dir='ltr'>in</span> <span class='ocrx_word' id='word_1_763' title='bbox 1592 3576 1674 3632; x_wconf 91' lang='lat' dir='ltr'>corde</span> <span class='ocrx_word' id='word_1_764' title='bbox 1703 3583 1801 3634; x_wconf 87' lang='lat' dir='ltr'>vestro.</span> 
     </span>
     <span class='ocr_line' id='line_1_89' title="bbox 1008 3665 1803 3735; baseline 0.003 -15"><span class='ocrx_word' id='word_1_765' title='bbox 1008 3666 1137 3722; x_wconf 74' lang='lat' dir='ltr'>&#39;transitis</span> <span class='ocrx_word' id='word_1_766' title='bbox 1152 3682 1168 3720; x_wconf 93' lang='lat' dir='ltr'>a</span> <span class='ocrx_word' id='word_1_767' title='bbox 1182 3665 1260 3723; x_wconf 91' lang='lat' dir='ltr'>robis</span> <span class='ocrx_word' id='word_1_768' title='bbox 1272 3665 1306 3719; x_wconf 92' lang='lat' dir='ltr'>ad</span> <span class='ocrx_word' id='word_1_769' title='bbox 1325 3681 1368 3720; x_wconf 92' lang='lat' dir='ltr'>me</span> <span class='ocrx_word' id='word_1_770' title='bbox 1384 3680 1391 3717; x_wconf 76' lang='grc' dir='ltr'>ε</span> <span class='ocrx_word' id='word_1_771' title='bbox 1408 3665 1551 3720; x_wconf 88' lang='lat' dir='ltr'>retransite</span> <span class='ocrx_word' id='word_1_772' title='bbox 1570 3680 1586 3719; x_wconf 88' lang='lat' dir='ltr'>a</span> <span class='ocrx_word' id='word_1_773' title='bbox 1601 3665 1689 3722; x_wconf 92' lang='lat' dir='ltr'>mein</span> <span class='ocrx_word' id='word_1_774' title='bbox 1703 3679 1761 3735; x_wconf 81' lang='lat' dir='ltr'>vos,</span> <span class='ocrx_word' id='word_1_775' title='bbox 1776 3674 1803 3722; x_wconf 90' lang='lat' dir='ltr'>et</span> 
     </span>
     <span class='ocr_line' id='line_1_90' title="bbox 1008 3753 1804 3822; baseline -0.001 -11"><span class='ocrx_word' id='word_1_776' title='bbox 1008 3754 1098 3811; x_wconf 87' lang='lat' dir='ltr'>videte</span> <span class='ocrx_word' id='word_1_777' title='bbox 1112 3757 1135 3810; x_wconf 90' lang='lat' dir='ltr'>si</span> <span class='ocrx_word' id='word_1_778' title='bbox 1150 3770 1202 3810; x_wconf 87' lang='lat' dir='ltr'>nou</span> <span class='ocrx_word' id='word_1_779' title='bbox 1214 3761 1260 3816; x_wconf 79' lang='lat' dir='ltr'>est</span> <span class='ocrx_word' id='word_1_780' title='bbox 1283 3753 1376 3810; x_wconf 90' lang='lat' dir='ltr'>similis</span> <span class='ocrx_word' id='word_1_781' title='bbox 1390 3753 1466 3810; x_wconf 92' lang='lat' dir='ltr'>dolor</span> <span class='ocrx_word' id='word_1_782' title='bbox 1481 3754 1508 3808; x_wconf 94' lang='lat' dir='ltr'>in</span> <span class='ocrx_word' id='word_1_783' title='bbox 1532 3755 1619 3822; x_wconf 91' lang='lat' dir='ltr'>vobis,</span> <span class='ocrx_word' id='word_1_784' title='bbox 1641 3754 1712 3810; x_wconf 88' lang='lat' dir='ltr'>sicut</span> <span class='ocrx_word' id='word_1_785' title='bbox 1725 3754 1804 3810; x_wconf 82' lang='lat' dir='ltr'>‘dolor</span> 
     </span>
     <span class='ocr_line' id='line_1_91' title="bbox 1006 3842 1800 3918; baseline 0.003 -19"><span class='ocrx_word' id='word_1_786' title='bbox 1006 3842 1800 3918; x_wconf 60' lang='lat' dir='ltr'>mensurationemsupernatetsuperscriptionem</span> 
     </span>
     <span class='ocr_line' id='line_1_92' title="bbox 1005 3930 1804 4004; baseline -0.004 -13"><span class='ocrx_word' id='word_1_787' title='bbox 1005 3934 1075 4003; x_wconf 73' lang='lat' dir='ltr'>nnn</span> <span class='ocrx_word' id='word_1_788' title='bbox 1094 3933 1251 3990; x_wconf 75' lang='lat' dir='ltr'>ierusalem</span> <span class='ocrx_word' id='word_1_789' title='bbox 1265 3930 1342 4003; x_wconf 74' lang='lat' dir='ltr'>(tna.</span> <span class='ocrx_word' id='word_1_790' title='bbox 1359 3947 1444 4000; x_wconf 81' lang='lat' dir='ltr'>xxiii,</span> <span class='ocrx_word' id='word_1_791' title='bbox 1461 3933 1521 4004; x_wconf 82' lang='lat'><strong>28).</strong></span> <span class='ocrx_word' id='word_1_792' title='bbox 1537 3932 1633 3988; x_wconf 85' lang='lat' dir='ltr'>Vester</span> <span class='ocrx_word' id='word_1_793' title='bbox 1655 3931 1701 3988; x_wconf 91' lang='lat' dir='ltr'>ille</span> <span class='ocrx_word' id='word_1_794' title='bbox 1725 3933 1804 3988; x_wconf 87' lang='lat' dir='ltr'>dolor</span> 
     </span>
     <span class='ocr_line' id='line_1_93' title="bbox 1005 4020 1803 4095; baseline -0.003 -16"><span class='ocrx_word' id='word_1_795' title='bbox 1005 4037 1085 4094; x_wconf 90' lang='lat' dir='ltr'>quem</span> <span class='ocrx_word' id='word_1_796' title='bbox 1101 4021 1229 4088; x_wconf 90' lang='lat' dir='ltr'>transitis,</span> <span class='ocrx_word' id='word_1_797' title='bbox 1246 4030 1273 4076; x_wconf 93' lang='lat' dir='ltr'>et</span> <span class='ocrx_word' id='word_1_798' title='bbox 1298 4036 1353 4076; x_wconf 91' lang='lat' dir='ltr'>nou</span> <span class='ocrx_word' id='word_1_799' title='bbox 1368 4020 1515 4089; x_wconf 89' lang='lat' dir='ltr'>attenditis,</span> <span class='ocrx_word' id='word_1_800' title='bbox 1532 4021 1621 4095; x_wconf 88' lang='lat' dir='ltr'>magis</span> <span class='ocrx_word' id='word_1_801' title='bbox 1644 4029 1685 4077; x_wconf 89' lang='lat' dir='ltr'>est</span> <span class='ocrx_word' id='word_1_802' title='bbox 1699 4020 1803 4077; x_wconf 86' lang='lat' dir='ltr'>tiendus</span> 
     </span>
    </p>
   </div>
   <div class='ocr_carea' id='block_1_11' title="bbox 968 4111 1804 4208">
    <p class='ocr_par' dir='ltr' id='par_1_15' title="bbox 968 4111 1804 4208">
     <span class='ocr_line' id='line_1_94' title="bbox 968 4111 1804 4208; baseline 0 -42"><span class='ocrx_word' id='word_1_803' title='bbox 968 4128 1088 4208; x_wconf 70' lang='lat' dir='ltr'>nquam</span> <span class='ocrx_word' id='word_1_804' title='bbox 1115 4111 1194 4167; x_wconf 88' lang='lat' dir='ltr'>dolor</span> <span class='ocrx_word' id='word_1_805' title='bbox 1222 4126 1306 4167; x_wconf 90' lang='lat' dir='ltr'>meus.</span> <span class='ocrx_word' id='word_1_806' title='bbox 1335 4113 1447 4181; x_wconf 90' lang='lat' dir='ltr'>Propter</span> <span class='ocrx_word' id='word_1_807' title='bbox 1475 4111 1563 4167; x_wconf 91' lang='lat' dir='ltr'>scelus</span> <span class='ocrx_word' id='word_1_808' title='bbox 1585 4112 1658 4166; x_wconf 90' lang='lat' dir='ltr'>enim</span> <span class='ocrx_word' id='word_1_809' title='bbox 1682 4122 1804 4168; x_wconf 85' lang='lat' dir='ltr'>vestrum</span> 
     </span>
    </p>
   </div>
   <div class='ocr_carea' id='block_1_12' title="bbox 1007 4199 1824 5432">
    <p class='ocr_par' dir='ltr' id='par_1_16' title="bbox 1007 4199 1824 5432">
     <span class='ocr_line' id='line_1_95' title="bbox 1008 4199 1804 4273; baseline -0.001 -16"><span class='ocrx_word' id='word_1_810' title='bbox 1008 4217 1154 4273; x_wconf 89' lang='lat' dir='ltr'>percussus</span> <span class='ocrx_word' id='word_1_811' title='bbox 1172 4216 1243 4259; x_wconf 89' lang='lat' dir='ltr'>sum.</span> <span class='ocrx_word' id='word_1_812' title='bbox 1259 4200 1321 4257; x_wconf 85' lang='lat' dir='ltr'>llaec</span> <span class='ocrx_word' id='word_1_813' title='bbox 1346 4199 1423 4256; x_wconf 90' lang='lat' dir='ltr'>nobis</span> <span class='ocrx_word' id='word_1_814' title='bbox 1443 4199 1477 4257; x_wconf 92' lang='lat' dir='ltr'>de</span> <span class='ocrx_word' id='word_1_815' title='bbox 1502 4214 1582 4256; x_wconf 89' lang='lat' dir='ltr'>cruce</span> <span class='ocrx_word' id='word_1_816' title='bbox 1603 4207 1647 4255; x_wconf 89' lang='lat' dir='ltr'>tua</span> <span class='ocrx_word' id='word_1_817' title='bbox 1660 4199 1804 4271; x_wconf 85' lang='lat' dir='ltr'>clamas,o</span> 
     </span>
     <span class='ocr_line' id='line_1_96' title="bbox 1007 4286 1802 4365; baseline -0.005 -19"><span class='ocrx_word' id='word_1_818' title='bbox 1007 4290 1126 4365; x_wconf 89' lang='lat' dir='ltr'>benigne</span> <span class='ocrx_word' id='word_1_819' title='bbox 1138 4291 1214 4359; x_wconf 86' lang='lat' dir='ltr'>Jesu,</span> <span class='ocrx_word' id='word_1_820' title='bbox 1229 4297 1257 4345; x_wconf 91' lang='lat' dir='ltr'>et</span> <span class='ocrx_word' id='word_1_821' title='bbox 1272 4288 1362 4345; x_wconf 90' lang='lat' dir='ltr'>sinon</span> <span class='ocrx_word' id='word_1_822' title='bbox 1376 4288 1476 4358; x_wconf 90' lang='lat' dir='ltr'>verbis,</span> <span class='ocrx_word' id='word_1_823' title='bbox 1497 4296 1585 4343; x_wconf 92' lang='lat' dir='ltr'>tamen</span> <span class='ocrx_word' id='word_1_824' title='bbox 1600 4286 1660 4360; x_wconf 90' lang='lat' dir='ltr'>ipsa</span> <span class='ocrx_word' id='word_1_825' title='bbox 1675 4303 1718 4343; x_wconf 89' lang='lat' dir='ltr'>re.</span> <span class='ocrx_word' id='word_1_826' title='bbox 1733 4287 1802 4358; x_wconf 84' lang='lat' dir='ltr'>Quid</span> 
     </span>
     <span class='ocr_line' id='line_1_97' title="bbox 1008 4375 1804 4453; baseline -0.008 -17"><span class='ocrx_word' id='word_1_827' title='bbox 1008 4380 1057 4437; x_wconf 92' lang='lat' dir='ltr'>tibi</span> <span class='ocrx_word' id='word_1_828' title='bbox 1071 4380 1259 4453; x_wconf 84' lang='lat' dir='ltr'>respondeam,</span> <span class='ocrx_word' id='word_1_829' title='bbox 1274 4379 1340 4451; x_wconf 91' lang='lat' dir='ltr'>quid</span> <span class='ocrx_word' id='word_1_830' title='bbox 1359 4379 1464 4451; x_wconf 90' lang='lat' dir='ltr'>loquar,</span> <span class='ocrx_word' id='word_1_831' title='bbox 1484 4384 1530 4432; x_wconf 91' lang='lat' dir='ltr'>aut</span> <span class='ocrx_word' id='word_1_832' title='bbox 1553 4376 1618 4450; x_wconf 91' lang='lat' dir='ltr'>quid</span> <span class='ocrx_word' id='word_1_833' title='bbox 1634 4375 1804 4433; x_wconf 68' lang='lat' dir='ltr'>retribuam?</span> 
     </span>
     <span class='ocr_line' id='line_1_98' title="bbox 1008 4465 1803 4542; baseline -0.008 -16"><span class='ocrx_word' id='word_1_834' title='bbox 1008 4470 1105 4526; x_wconf 87' lang='lat' dir='ltr'>Fecisti</span> <span class='ocrx_word' id='word_1_835' title='bbox 1118 4484 1185 4542; x_wconf 87' lang='lat' dir='ltr'>ergo</span> <span class='ocrx_word' id='word_1_836' title='bbox 1199 4468 1233 4525; x_wconf 88' lang='lat' dir='ltr'>de</span> <span class='ocrx_word' id='word_1_837' title='bbox 1247 4483 1362 4539; x_wconf 88' lang='lat' dir='ltr'>corpore</span> <span class='ocrx_word' id='word_1_838' title='bbox 1378 4474 1425 4523; x_wconf 92' lang='lat' dir='ltr'>tuo</span> <span class='ocrx_word' id='word_1_839' title='bbox 1449 4466 1589 4536; x_wconf 90' lang='lat' dir='ltr'>speculum</span> <span class='ocrx_word' id='word_1_840' title='bbox 1603 4465 1703 4521; x_wconf 84' lang='lat' dir='ltr'>animae</span> <span class='ocrx_word' id='word_1_841' title='bbox 1725 4479 1803 4522; x_wconf 75' lang='lat' dir='ltr'>meae.</span> 
     </span>
     <span class='ocr_line' id='line_1_99' title="bbox 1008 4553 1804 4627; baseline -0.008 -12"><span class='ocrx_word' id='word_1_842' title='bbox 1008 4558 1165 4616; x_wconf 88' lang='lat' dir='ltr'>Nesciebam</span> <span class='ocrx_word' id='word_1_843' title='bbox 1179 4555 1363 4625; x_wconf 91' lang='lat' dir='ltr'>contumelias,</span> <span class='ocrx_word' id='word_1_844' title='bbox 1379 4563 1406 4610; x_wconf 92' lang='lat' dir='ltr'>et</span> <span class='ocrx_word' id='word_1_845' title='bbox 1427 4563 1560 4625; x_wconf 88' lang='lat' dir='ltr'>terrores,</span> <span class='ocrx_word' id='word_1_846' title='bbox 1587 4561 1613 4610; x_wconf 94' lang='grc' dir='ltr'>ει</span> <span class='ocrx_word' id='word_1_847' title='bbox 1626 4553 1804 4627; x_wconf 85' lang='lat' dir='ltr'>colaphizan-</span> 
     </span>
     <span class='ocr_line' id='line_1_100' title="bbox 1009 4643 1806 4715; baseline -0.005 -10"><span class='ocrx_word' id='word_1_848' title='bbox 1009 4655 1065 4705; x_wconf 92' lang='lat' dir='ltr'>tem</span> <span class='ocrx_word' id='word_1_849' title='bbox 1079 4664 1121 4703; x_wconf 90' lang='lat' dir='ltr'>me</span> <span class='ocrx_word' id='word_1_850' title='bbox 1135 4646 1300 4703; x_wconf 90' lang='lat' dir='ltr'>incessanter</span> <span class='ocrx_word' id='word_1_851' title='bbox 1309 4645 1500 4715; x_wconf 87' lang='lat' dir='ltr'>satanam,nisi</span> <span class='ocrx_word' id='word_1_852' title='bbox 1515 4643 1637 4700; x_wconf 90' lang='lat' dir='ltr'>viderem</span> <span class='ocrx_word' id='word_1_853' title='bbox 1653 4653 1740 4699; x_wconf 91' lang='lat' dir='ltr'>artem</span> <span class='ocrx_word' id='word_1_854' title='bbox 1747 4658 1806 4701; x_wconf 65' lang='lat' dir='ltr'>ms</span> 
     </span>
     <span class='ocr_line' id='line_1_101' title="bbox 1008 4734 1807 4804; baseline -0.006 -11"><span class='ocrx_word' id='word_1_855' title='bbox 1008 4738 1104 4794; x_wconf 75' lang='lat' dir='ltr'>dicium</span> <span class='ocrx_word' id='word_1_856' title='bbox 1119 4744 1170 4791; x_wconf 84' lang='lat' dir='ltr'>tuae</span> <span class='ocrx_word' id='word_1_857' title='bbox 1180 4737 1278 4790; x_wconf 87' lang='lat' dir='ltr'>similia</span> <span class='ocrx_word' id='word_1_858' title='bbox 1291 4735 1424 4791; x_wconf 88' lang='lat' dir='ltr'>similibus</span> <span class='ocrx_word' id='word_1_859' title='bbox 1437 4741 1588 4803; x_wconf 90' lang='lat' dir='ltr'>curantem,</span> <span class='ocrx_word' id='word_1_860' title='bbox 1609 4739 1637 4787; x_wconf 92' lang='grc' dir='ltr'>ει</span> <span class='ocrx_word' id='word_1_861' title='bbox 1651 4734 1807 4804; x_wconf 82' lang='lat' dir='ltr'>appendere</span> 
     </span>
     <span class='ocr_line' id='line_1_102' title="bbox 1009 4820 1805 4894; baseline -0.008 -13"><span class='ocrx_word' id='word_1_862' title='bbox 1009 4827 1036 4881; x_wconf 93' lang='lat' dir='ltr'>in</span> <span class='ocrx_word' id='word_1_863' title='bbox 1051 4832 1149 4880; x_wconf 89' lang='lat' dir='ltr'>statera</span> <span class='ocrx_word' id='word_1_864' title='bbox 1164 4825 1227 4879; x_wconf 91' lang='lat' dir='ltr'>hinc</span> <span class='ocrx_word' id='word_1_865' title='bbox 1242 4824 1422 4879; x_wconf 91' lang='lat' dir='ltr'>calamitatem</span> <span class='ocrx_word' id='word_1_866' title='bbox 1442 4832 1525 4889; x_wconf 90' lang='lat' dir='ltr'>tuam,</span> <span class='ocrx_word' id='word_1_867' title='bbox 1542 4822 1616 4877; x_wconf 88' lang='lat' dir='ltr'>illinc</span> <span class='ocrx_word' id='word_1_868' title='bbox 1636 4820 1805 4894; x_wconf 83' lang='lat' dir='ltr'>iniquitatem</span> 
     </span>
     <span class='ocr_line' id='line_1_103' title="bbox 1008 4911 1804 4983; baseline -0.005 -15"><span class='ocrx_word' id='word_1_869' title='bbox 1008 4930 1107 4969; x_wconf 89' lang='lat' dir='ltr'>meam.</span> <span class='ocrx_word' id='word_1_870' title='bbox 1124 4912 1225 4968; x_wconf 90' lang='lat' dir='ltr'>Dedisti</span> <span class='ocrx_word' id='word_1_871' title='bbox 1235 4926 1334 4982; x_wconf 86' lang='lat' dir='ltr'>corpus</span> <span class='ocrx_word' id='word_1_872' title='bbox 1348 4920 1423 4968; x_wconf 93' lang='lat' dir='ltr'>tuum</span> <span class='ocrx_word' id='word_1_873' title='bbox 1440 4911 1665 4983; x_wconf 88' lang='lat' dir='ltr'>percutientibus,</span> <span class='ocrx_word' id='word_1_874' title='bbox 1682 4920 1804 4983; x_wconf 84' lang='lat' dir='ltr'>etgeuas</span> 
     </span>
     <span class='ocr_line' id='line_1_104' title="bbox 1008 4997 1803 5069; baseline -0.006 -10"><span class='ocrx_word' id='word_1_875' title='bbox 1008 5017 1070 5060; x_wconf 87' lang='lat' dir='ltr'>tuas</span> <span class='ocrx_word' id='word_1_876' title='bbox 1083 4999 1263 5069; x_wconf 83' lang='lat' dir='ltr'>vellentibus3</span> <span class='ocrx_word' id='word_1_877' title='bbox 1280 4999 1376 5057; x_wconf 84' lang='lat' dir='ltr'>taciem</span> <span class='ocrx_word' id='word_1_878' title='bbox 1400 5007 1472 5056; x_wconf 90' lang='lat' dir='ltr'>tuam</span> <span class='ocrx_word' id='word_1_879' title='bbox 1496 5015 1551 5055; x_wconf 92' lang='lat' dir='ltr'>nou</span> <span class='ocrx_word' id='word_1_880' title='bbox 1572 4997 1720 5057; x_wconf 79' lang='lat' dir='ltr'>avertistis</span> <span class='ocrx_word' id='word_1_881' title='bbox 1735 5012 1803 5054; x_wconf 88' lang='lat' dir='ltr'>oon·</span> 
     </span>
     <span class='ocr_line' id='line_1_105' title="bbox 1008 5087 1802 5162; baseline -0.008 -14"><span class='ocrx_word' id='word_1_882' title='bbox 1008 5091 1166 5162; x_wconf 90' lang='lat' dir='ltr'>spueutibus</span> <span class='ocrx_word' id='word_1_883' title='bbox 1188 5092 1214 5145; x_wconf 92' lang='lat' dir='ltr'>in</span> <span class='ocrx_word' id='word_1_884' title='bbox 1230 5098 1269 5160; x_wconf 86' lang='lat' dir='ltr'>te,</span> <span class='ocrx_word' id='word_1_885' title='bbox 1284 5102 1315 5147; x_wconf 92' lang='lat' dir='ltr'>ut</span> <span class='ocrx_word' id='word_1_886' title='bbox 1334 5090 1420 5160; x_wconf 87' lang='lat' dir='ltr'>alapae</span> <span class='ocrx_word' id='word_1_887' title='bbox 1435 5096 1487 5144; x_wconf 87' lang='lat' dir='ltr'>tuae</span> <span class='ocrx_word' id='word_1_888' title='bbox 1503 5087 1595 5160; x_wconf 89' lang='lat' dir='ltr'>alapas</span> <span class='ocrx_word' id='word_1_889' title='bbox 1615 5102 1691 5142; x_wconf 89' lang='lat' dir='ltr'>meas</span> <span class='ocrx_word' id='word_1_890' title='bbox 1709 5101 1802 5143; x_wconf 88' lang='lat' dir='ltr'>remo·</span> 
     </span>
     <span class='ocr_line' id='line_1_106' title="bbox 1008 5174 1807 5255; baseline -0.01 -17"><span class='ocrx_word' id='word_1_891' title='bbox 1008 5188 1096 5248; x_wconf 87' lang='lat' dir='ltr'>vaant,</span> <span class='ocrx_word' id='word_1_892' title='bbox 1118 5187 1144 5234; x_wconf 88' lang='lat' dir='ltr'>et</span> <span class='ocrx_word' id='word_1_893' title='bbox 1164 5178 1270 5255; x_wconf 76' lang='lat' dir='ltr'>flagella</span> <span class='ocrx_word' id='word_1_894' title='bbox 1293 5179 1406 5251; x_wconf 88' lang='lat' dir='ltr'>llagellis</span> <span class='ocrx_word' id='word_1_895' title='bbox 1427 5177 1581 5251; x_wconf 84' lang='lat' dir='ltr'>expientur,</span> <span class='ocrx_word' id='word_1_896' title='bbox 1604 5184 1632 5232; x_wconf 92' lang='lat' dir='ltr'>et</span> <span class='ocrx_word' id='word_1_897' title='bbox 1654 5174 1807 5248; x_wconf 79' lang='lat' dir='ltr'>opprobria·</span> 
     </span>
     <span class='ocr_line' id='line_1_107' title="bbox 1008 5263 1824 5344; baseline -0.009 -18"><span class='ocrx_word' id='word_1_898' title='bbox 1008 5271 1226 5343; x_wconf 84' lang='lat' dir='ltr'>exprobrantium</span> <span class='ocrx_word' id='word_1_899' title='bbox 1241 5285 1302 5344; x_wconf 80' lang='lat' dir='ltr'>quae</span> <span class='ocrx_word' id='word_1_900' title='bbox 1315 5268 1469 5326; x_wconf 87' lang='lat' dir='ltr'>ceciderunt</span> <span class='ocrx_word' id='word_1_901' title='bbox 1488 5283 1569 5336; x_wconf 87' lang='lat' dir='ltr'>super</span> <span class='ocrx_word' id='word_1_902' title='bbox 1586 5272 1622 5335; x_wconf 89' lang='grc' dir='ltr'>ιε,</span> <span class='ocrx_word' id='word_1_903' title='bbox 1646 5263 1805 5321; x_wconf 80' lang='lat' dir='ltr'>auterantc</span> <span class='ocrx_word' id='word_1_904' title='bbox 1820 5270 1824 5275; x_wconf 85' lang='lat'>&#39;</span> 
     </span>
     <span class='ocr_line' id='line_1_108' title="bbox 1008 5351 1822 5432; baseline -0.009 -17"><span class='ocrx_word' id='word_1_905' title='bbox 1008 5376 1053 5416; x_wconf 89' lang='lat' dir='ltr'>me</span> <span class='ocrx_word' id='word_1_906' title='bbox 1066 5359 1242 5432; x_wconf 92' lang='lat' dir='ltr'>opprobrium</span> <span class='ocrx_word' id='word_1_907' title='bbox 1263 5359 1468 5431; x_wconf 90' lang='lat' dir='ltr'>sempiternum.</span> <span class='ocrx_word' id='word_1_908' title='bbox 1488 5358 1552 5414; x_wconf 85' lang='lat' dir='ltr'>llaec</span> <span class='ocrx_word' id='word_1_909' title='bbox 1565 5363 1629 5413; x_wconf 90' lang='lat' dir='ltr'>suut</span> <span class='ocrx_word' id='word_1_910' title='bbox 1643 5351 1822 5412; x_wconf 75' lang='lat' dir='ltr'>linteamina·</span> 
     </span>
    </p>
   </div>
   <div class='ocr_carea' id='block_1_13' title="bbox 1007 5441 1806 5524">
    <p class='ocr_par' dir='ltr' id='par_1_17' title="bbox 1007 5441 1806 5524">
     <span class='ocr_line' id='line_1_109' title="bbox 1007 5441 1806 5524; baseline -0.006 -17"><span class='ocrx_word' id='word_1_911' title='bbox 1007 5447 1184 5507; x_wconf 90' lang='lat' dir='ltr'>mundissima</span> <span class='ocrx_word' id='word_1_912' title='bbox 1201 5449 1290 5507; x_wconf 76' lang='lat' dir='ltr'>manis</span> <span class='ocrx_word' id='word_1_913' title='bbox 1310 5458 1373 5522; x_wconf 81' lang='lat' dir='ltr'>tua,</span> <span class='ocrx_word' id='word_1_914' title='bbox 1401 5447 1498 5524; x_wconf 89' lang='lat' dir='ltr'>quibus</span> <span class='ocrx_word' id='word_1_915' title='bbox 1520 5447 1632 5508; x_wconf 90' lang='lat' dir='ltr'>vulnera</span> <span class='ocrx_word' id='word_1_916' title='bbox 1655 5460 1719 5502; x_wconf 90' lang='lat' dir='ltr'>mes</span> <span class='ocrx_word' id='word_1_917' title='bbox 1739 5441 1806 5502; x_wconf 83' lang='lat' dir='ltr'>alli·</span> 
     </span>
    </p>
   </div>
   <div class='ocr_carea' id='block_1_14' title="bbox 0 0 1863 5962">
    <p class='ocr_par' dir='ltr' id='par_1_18' title="bbox 0 0 1863 5962">
     <span class='ocr_line' id='line_1_110' title="bbox 0 0 1863 5962; baseline 0 0"><span class='ocrx_word' id='word_1_918' title='bbox 0 0 1863 5962; x_wconf 95' lang='lat' dir='ltr'> </span> 
     </span>
    </p>
   </div>
  </div>
 </body>
</html>
