3706 5962
46 201 103 264 553
622 202 814 266 interitus
832 201 876 265 bb
899 203 1123 267 consclssdtlt.
1638 209 1693 271 554

46 327 86 385 itu
101 327 144 385 vel
157 326 302 384 dilectione
318 343 377 384 mes
404 327 531 402 tangeris,
555 327 599 387 vel
620 329 761 403 opinione.
783 325 842 404 ligo
858 344 882 424 g
900 330 961 401 liei,
986 331 1058 403 quod
1086 347 1130 386 mo
1155 342 1208 386 non
1230 328 1293 385 sinit
1312 328 1464 402 intelligere
1482 333 1555 404 quod
1578 350 1691 407 operor,

48 417 243 487 quidsum,et
261 415 617 489 quidpossumll'eccttor
635 419 792 484 enimcum,
816 427 845 474 et
899 418 962 490 quia
989 418 1080 474 nescio
1103 418 1126 473 si
1154 424 1275 488 acceptet
1303 417 1369 473 illud
1396 419 1469 490 quod
1493 435 1602 491 operor.
1632 425 1693 494 lpse
1745 449 1748 453 <

46 505 123 562 ιιΙιιιι
142 504 251 562 mudum
274 521 389 576 peccem
413 518 545 577 peccator,
560 513 587 562 ει
601 506 703 580 ingenii
718 507 846 563 vivacitas
899 507 972 562 enim
989 508 1085 562 melius
1101 507 1177 563 novit
1199 522 1251 570 me,
1278 522 1358 577 quam
1385 523 1437 581 ego
1453 523 1505 575 me,
1527 519 1651 567 scrutans
1666 523 1694 568 et

47 595 226 650 ulluminme
241 609 297 649 uon
311 594 500 651 hebetlocum.
517 595 629 653 Accedit
646 596 847 668 sdhaecnego·
899 609 976 651 renes
1001 602 1028 651 ει
1050 597 1141 663 corda,
1171 594 1336 651 occultorum
1369 595 1505 670 cognitor,
1536 598 1695 673 pertingens

48 683 152 739 tiorum
167 682 361 755 multiplicitas,
380 699 442 755 quae
462 683 570 755 quidem
593 684 622 739 in
639 684 748 740 homine
770 684 847 754 ioge-
900 699 985 756 usque
1007 684 1041 738 ud
1063 683 1224 741 divisionem
1248 684 1344 740 anime
1368 693 1395 739 et
1417 686 1528 757 spiritus
1542 687 1636 758 (θεὸν.
1653 703 1694 754 rv,

49 771 132 828 nioso
153 771 233 827 totius
251 771 378 827 doctrinae
394 771 553 828 seminaret
571 773 671 844 obruit,
696 774 738 830 vel
757 771 847 843 repel-
903 771 959 842 lt),
974 772 1020 843 qui
1034 771 1110 829 solus
1124 771 1199 829 novit
1213 771 1304 828 omnic
1317 781 1344 827 et
1357 773 1479 828 omnium
1494 773 1622 831 rationes.

51 861 91 925 lit,
107 860 183 930 juxta
193 859 347 932 Sapientem
360 879 366 918 :
379 860 679 933 Septenttcscrttenoo
687 862 767 917 estin
777 866 848 917 tem-
937 858 993 915 λθ
1008 859 1148 931 singulare
1158 858 1245 915 sencti
1252 859 1370 930 Spiritus
1384 874 1528 933 organum,
1540 861 1564 916 si
1578 878 1634 918 non
1649 866 1694 920 in·

47 946 201 1020 porcelli,
219 951 248 1003 et
261 951 310 1020 gui
323 950 487 1007 minoratur
501 953 582 1016 actu,
595 949 734 1022 percipiet
751 948 846 1004 illum.
901 946 1000 1020 telligis
1026 950 1100 1018 quod
1123 947 1254 1021 operaris,
1274 963 1322 1004 cur
1340 947 1395 1004 alio
1411 949 1472 1005 loco
1491 950 1569 1017 dicis,
1600 952 1697 1011 Gloria

50 1035 250 1104 Ecetxxnvru,
260 1036 316 1107 25).
327 1036 519 1093 Verumtamen
529 1038 580 1092 etsi
594 1051 649 1092 non
659 1052 692 1093 eo
703 1037 774 1109 quod
785 1034 849 1090 smi-
901 1040 1000 1091 nostro
1010 1037 1068 1093 bec
1078 1042 1129 1102 est,
1146 1036 1342 1094 testimonium
1355 1039 1535 1095 conscientie
1545 1046 1649 1098 nortroe
1659 1043 1700 1113 )ll

51 1140 101 1180 cus
123 1139 161 1190 es,
182 1133 271 1178 temen
295 1125 358 1196 quin
384 1122 556 1196 importunus
578 1140 620 1194 es,
645 1140 756 1196 surgam
772 1125 849 1193 juxta
904 1124 965 1180 Cor.
976 1124 1148 1194 r,l2):tuam
1158 1124 1360 1195 gloriandum
1369 1125 1563 1181 conscientiam
1573 1131 1697 1186 vocaus?

51 1219 219 1282 praeceptum
228 1209 336 1266 Domini
345 1210 423 1281 (duc.
434 1227 474 1278 ιι,
485 1211 524 1282 8),
534 1220 561 1267 ει
570 1210 640 1267 dabo
654 1209 790 1280 nonquod
799 1208 849 1264 tibi
902 1208 954 1264 Sed
969 1225 1002 1264 ex
1021 1220 1096 1282 parte
1109 1210 1244 1284 intelligit,
1259 1218 1286 1266 et
1299 1226 1332 1267 ex
1343 1220 1417 1282 purte
1430 1228 1484 1268 non
1498 1213 1634 1287 iutelligit.
1650 1215 1697 1272 ln-

51 1298 248 1368 necesssrium,
271 1298 319 1353 sed
336 1299 410 1370 quod
436 1298 502 1354 mibi
521 1298 556 1353 od
578 1313 698 1354 manum.
717 1297 850 1354 Dominus
904 1297 1000 1370 telligit
1015 1299 1104 1369 plene,
1117 1298 1180 1371 quia
1194 1307 1222 1354 et
1231 1315 1310 1355 suum
1318 1299 1433 1356 eliorum
1447 1317 1642 1376 supergressus
1654 1313 1698 1362 est

52 1395 146 1442 sutem
169 1387 268 1441 tribuat
293 1384 342 1440 tibi
364 1385 512 1442 secundum
539 1399 586 1442 cor
609 1395 694 1442 tuum.
723 1385 786 1456 lpse
809 1393 852 1442 cst
901 1385 1057 1455 judicium:
1082 1387 1131 1443 sed
1154 1387 1220 1444 citra
1237 1387 1371 1457 iudicium
1404 1388 1454 1447 uei
1480 1391 1623 1461 retinetur,
1649 1394 1699 1450 ubi

52 1476 129 1530 enim
142 1475 189 1546 qui
204 1475 252 1530 dat
266 1475 328 1531 voci
351 1489 515 1532 suevooom
542 1473 672 1534 virtutis:
693 1472 780 1546 quiin
794 1476 853 1532 dul·
905 1475 1105 1545 proculdubio
1130 1476 1215 1533 nescit
1237 1476 1302 1549 quid
1327 1488 1464 1548 operetur.
1479 1478 1541 1534 Non
1560 1479 1632 1535 enim
1647 1497 1700 1553 per

52 1563 150 1620 adine
171 1580 221 1619 sun
242 1563 352 1637 pauperi
366 1574 451 1637 parat,
466 1564 515 1636 qui
528 1565 615 1637 replet
637 1562 759 1620 inbonis
781 1563 853 1621 desi·
906 1563 950 1618 illa
968 1565 1022 1620 duo
1043 1563 1215 1634 justificetur,
1231 1565 1279 1622 sed
1305 1580 1353 1636 per
1376 1566 1483 1621 tertium
1495 1566 1699 1636 justificabitur,
1748 1573 1755 1589 '

53 1651 161 1709 derium
171 1660 257 1711 tuum.
907 1651 979 1723 quod
989 1653 1058 1709 sicut
1075 1668 1131 1708 nou
1146 1663 1188 1708 est
1201 1652 1396 1724 cognoscibile,
1413 1656 1449 1710 tta
1475 1664 1517 1711 est
1544 1657 1700 1728 incompre-

318 1741 431 1798 utros
450 1741 592 1798 PlllllUll.
908 1740 1051 1798 tensibile.
1071 1741 1195 1797 Duorum
1221 1750 1310 1797 tamen
1331 1739 1497 1810 judiciorum
1521 1743 1655 1813 exclusio,
1672 1745 1701 1800 id

57 1830 316 1900 Quamobscuroct
329 1827 853 1903 impenetrabilirrcssitconscicntio.
907 1835 950 1884 est
975 1830 1004 1884 in
1025 1830 1149 1900 presenti
1167 1827 1331 1896 justificatio,
1352 1830 1551 1901 quodammodo
1571 1841 1646 1889 certa
1660 1832 1700 1888 si-

92 1923 120 1974 l.
136 1919 308 1976 Conscientia
321 1919 441 1976 hominis
454 1918 570 1990 abyssus
583 1919 677 1975 multa.
692 1918 768 1976 Siout
781 1917 853 1972 enim
907 1915 1043 1988 gnificatio
1058 1924 1099 1972 est
1115 1927 1224 1974 aetcrnae
1243 1916 1498 1989 predestinationis,
1528 1918 1556 1974 in
1575 1935 1628 1991 qut
1651 1936 1703 1978 noc

55 2006 225 2078 protundum
243 2008 333 2078 abyssi
348 2007 484 2063 exhauriri
497 2022 551 2062 non
571 2015 672 2078 potest,
688 2007 723 2062 ita
743 2022 790 2064 cor
804 2009 855 2062 ho·
908 2005 982 2061 Deus
1003 2003 1129 2076 praevidit
1150 2005 1303 2063 conlormcs
1319 2005 1377 2060 lieri
1396 2006 1507 2079 imagini
1521 2007 1582 2065 Filii
1600 2008 1658 2077 sui;
1675 2016 1704 2065 et

56 2094 142 2150 minis
164 2094 288 2149 evacuari
309 2109 363 2150 uon
392 2104 520 2166 potestn
547 2094 758 2167 cogitationibus
785 2094 853 2150 suis.
908 2095 1006 2151 tuturae
1031 2093 1246 2168 glorificationis,
1270 2110 1332 2151 cum
1354 2109 1405 2152 nos
1423 2094 1451 2150 in
1472 2095 1531 2165 ipso
1553 2098 1656 2152 erimus
1678 2105 1706 2155 et

58 2181 232 2238 Conscientia
241 2182 359 2237 hominis
373 2190 415 2238 est
427 2180 505 2253 quasi
517 2197 597 2238 more
606 2198 742 2255 mgnum
751 2185 781 2238 et
790 2199 856 2254 rpo-
909 2181 1014 2253 ipsein
1040 2180 1131 2251 nobis,
1153 2197 1217 2238 cum
1241 2182 1300 2252 ipso
1318 2181 1370 2236 erit
1397 2180 1490 2237 omnia
1513 2183 1542 2237 in
1565 2185 1704 2242 omnibus.

60 2274 177 2334 tiosum,
187 2269 231 2324 ubi
243 2270 358 2340 reptilia
367 2286 486 2342 quorum
499 2274 607 2326 nonest
619 2284 758 2327 numerus
768 2270 870 2341 (reat,
909 2269 1021 2339 Propter
1039 2269 1092 2325 hoc
1115 2269 1188 2325 enim
1209 2276 1263 2323 tam
1284 2283 1380 2325 secure
1407 2285 1488 2341 quam
1512 2270 1617 2328 sincere
1640 2271 1706 2327 alibi

59 2370 121 2424 cru,
136 2357 193 2426 ao).
216 2357 303 2423 Quam
326 2356 491 2421 benedixit,
519 2353 755 2430 meoptiliot
779 2356 857 2412 Sicut
908 2356 1085 2429 loquebatur:
1100 2357 1197 2415 Certus
1207 2373 1280 2426 sum,
1290 2356 1337 2422 ait,
1346 2356 1511 2431 caloneque
1520 2374 1606 2428 mmo,
1616 2374 1707 2426 moue

61 2445 137 2500 enim
160 2445 255 2514 reptile
270 2446 385 2501 latenter
407 2446 485 2515 repit,
502 2453 530 2500 et
549 2445 667 2500 sinuosis
689 2443 857 2500 anfractibus
910 2444 1490 2517 uitu,etmultuulia,imopeneomniaquae
1504 2446 1709 2503 ibienumerun·

62 2536 117 2590 buc
130 2531 244 2605 illucque
258 2533 411 2588 deambulet
426 2550 433 2590 :
453 2532 491 2589 ita
503 2541 530 2589 et
540 2533 568 2587 in
578 2532 698 2588 hominis
712 2532 857 2589 conscien·
910 2544 964 2598 tur,
980 2548 1038 2589 non
1054 2537 1191 2605 poterunt
1206 2548 1251 2589 me
1265 2548 1397 2606 reparare
1411 2550 1429 2589 o
1443 2533 1586 2590 stannes
1602 2535 1709 2593 Christi

63 2622 129 2678 tiam
155 2628 294 2679 venenntae
316 2621 493 2692 cogitationes
534 2621 653 2678 suaviter
690 2621 790 2677 intrant
831 2628 860 2677 ει
912 2623 1002 2690 (Rom,
1026 2635 1079 2690 vn,
1094 2625 1138 2687 38,
1155 2621 1211 2692 39).
1228 2621 1282 2676 Sed
1301 2637 1363 2678 cum
1384 2624 1424 2679 tot
1454 2631 1481 2678 ει
1495 2630 1567 2678 muts
1586 2623 1708 2696 dixisset,

62 2717 184 2776 exeunt3
201 2717 230 2763 ut
243 2710 343 2765 nesciat
357 2711 438 2765 homo
459 2710 531 2764 unde
546 2709 663 2781 veniant,
677 2717 724 2764 aut
738 2724 792 2780 quo
812 2723 860 2766 va·
911 2724 1005 2778 unum,
1030 2709 1130 2765 scilicet
1149 2709 1285 2781 proprium
1313 2712 1489 2777 voluntatem,
1510 2710 1627 2782 reticuit,
1648 2728 1711 2784 quae

62 2804 140 2854 dant.
150 2798 220 2854 Bene
233 2808 344 2854 noverat
359 2800 410 2854 hoc
423 2797 469 2869 qui
477 2797 584 2853 dicebat
600 2817 607 2853 ι
623 2800 748 2856 Pronum
756 2801 799 2854 eet
812 2813 861 2854 cor
912 2797 1069 2853 salvationis
1083 2805 1110 2853 et
1124 2798 1303 2854 damnationis
1316 2809 1358 2854 est
1371 2799 1506 2854 consulit
1519 2800 1629 2857 attende
1641 2814 1712 2872 quo·

64 2885 234 2942 dominieet
249 2886 450 2953 inscrutabile;
470 2888 586 2958 etquis,
602 2884 700 2957 inquit,
716 2889 860 2957 cognoscet
914 2885 995 2943 modo
1017 2886 1059 2942 vir
1084 2886 1141 2942 Deo
1169 2887 1265 2959 plenus
1287 2886 1482 2942 conscientiam
1510 2904 1589 2944 auam
1609 2888 1709 2945 dixerit

65 2974 165 3031 ittae?
181 2975 294 3045 (deren,
310 2979 423 3045 xvrr,9.)
433 2975 490 3031 Ncc
503 2975 569 3031 dicit
582 2975 656 3047 quis,
677 2989 727 3046 pro
744 2973 860 3042 dildcili,
876 3005 899 3084 c
915 2974 1028 3048 gloriam
1053 2989 1141 3041 susm,
1166 2985 1295 3048 tanquam
1308 2991 1368 3030 eam
1395 2977 1475 3048 plene
1495 2976 1660 3051 intelligens,
1685 2983 1715 3033 et

65 3067 114 3120 sed
129 3080 180 3136 pro
208 3063 389 3135 impossibili:
413 3062 478 3135 quis
499 3064 574 3135 quod
595 3063 787 3119 scrutationem
808 3077 861 3117 non
915 3078 944 3120 se
958 3065 986 3120 in
999 3081 1040 3122 εε.
1057 3065 1092 3120 Et
1105 3073 1194 3121 temen
1211 3063 1315 3120 dixerat
1333 3079 1363 3118 ac
1385 3079 1440 3119 non
1463 3064 1616 3138 intelligere
1639 3066 1714 3137 quod

64 3151 173 3222 recipit,
188 3167 238 3207 nec
260 3151 452 3222 coguitionem.
474 3150 538 3206 Vide
552 3150 628 3207 illum
644 3164 773 3222 megnum
796 3163 863 3219 apo-
915 3165 1054 3225 cperctur,
1068 3152 1258 3211 conscientiam
1282 3167 1360 3208 suem
1379 3168 1433 3208 non
1452 3154 1511 3222 jam
1533 3155 1561 3208 in
1586 3153 1713 3226 glorium,

64 3239 177 3307 stolum,
203 3238 316 3293 Paulum
341 3239 446 3309 loquor,
469 3238 580 3295 unicum
596 3245 773 3294 scrutatorem
794 3254 862 3293 con-
916 3243 964 3297 sed
979 3241 1006 3297 in
1016 3242 1192 3314 ignorantiam
1214 3238 1419 3310 concaptivans.
1442 3239 1541 3295 Deficit
1555 3256 1622 3314 ergo
1636 3245 1716 3314 Apo-

65 3327 187 3384 scientiae
200 3343 267 3384 suae.
284 3326 363 3394 llilti,
379 3327 426 3393 ait,
442 3344 492 3399 pro
507 3326 629 3383 minimo
645 3332 687 3383 est
701 3331 735 3383 ut
750 3342 769 3383 o
789 3326 864 3384 vodis
917 3330 1003 3385 stolus
1017 3337 1141 3386 scrutans
1157 3328 1285 3383 scrutinio
1299 3326 1494 3383 conscientium
1508 3343 1584 3383 suam
1596 3345 1603 3383 :
1614 3329 1716 3385 etdum

61 3415 190 3489 judicer,
203 3419 255 3472 out
269 3417 303 3473 od
317 3415 441 3472 dumoso
457 3415 513 3471 die.
529 3415 598 3472 Ecce
615 3415 751 3488 quomodo
769 3415 865 3470 humo·
917 3417 951 3472 ad
965 3416 1079 3473 fundum
1094 3417 1154 3486 ejus
1164 3415 1307 3487 pervenire
1320 3414 1485 3480 secrodidlt‚
1501 3416 1620 3471 ebenum
1638 3418 1716 3486 iudi-

67 3520 137 3561 num
145 3504 274 3574 iudicium
287 3511 421 3574 evaserat,
433 3503 498 3559 nihil
508 3503 729 3560 dubitansabhis
741 3504 786 3574 qui
800 3502 866 3558 loris
919 3502 993 3558 cium
1006 3511 1034 3557 et
1052 3517 1134 3558 sunm
1155 3516 1304 3567 evacuans,
1324 3501 1437 3557 incurrit
1453 3502 1628 3571 protundum,
1644 3503 1717 3559 scili·

67 3601 143 3661 sunt,
160 3593 212 3649 Sed
228 3609 328 3668 neque,
352 3593 454 3664 inquit,
476 3591 618 3665 meipsum
636 3591 735 3664 judico
757 3591 783 3662 (l
803 3591 866 3648 Cor.
919 3595 962 3645 cet
980 3588 1113 3660 judicium
1137 3589 1187 3645 Dei
1201 3596 1342 3661 penetrare
1357 3604 1413 3644 non
1431 3590 1534 3657 vulcus,
1551 3599 1581 3647 ut
1597 3594 1653 3661 jam
1674 3592 1718 3649 vol

69 3698 110 3751 vv,
126 3683 166 3753 ³).
182 3683 215 3738 lit
229 3684 272 3738 ubi
290 3689 340 3754 est,
366 3681 537 3753 obpostole,
557 3680 671 3738 verbum
691 3690 813 3736 sanctum
828 3678 866 3734 tui
921 3686 1071 3735 conventus
1089 3677 1133 3735 vel
1156 3676 1299 3734 convictus
1318 3684 1432 3746 eructet,
1456 3679 1570 3736 tudtctc
1585 3684 1647 3749 tuo,
1668 3682 1719 3740 Do-

68 3769 292 3842 ipsiusdicentis:
305 3772 392 3830 Sinos
400 3771 476 3844 ipsos
480 3769 692 3843 judicaremus,
702 3768 868 3841 cunctique
920 3766 1010 3833 mine,
1028 3782 1082 3825 non
1102 3767 1184 3823 modo
1208 3766 1334 3838 abyssus,
1361 3767 1411 3823 sed
1437 3773 1464 3824 et
1486 3768 1601 3840 abyssus
1622 3770 1720 3828 multo

64 3861 354 3935 judicaremur·?(ld.
365 3878 402 3930 ιι,
414 3864 474 3933 al.)
484 3861 556 3932 Quid
566 3860 690 3934 estquod
700 3860 815 3933 teipsum
825 3859 868 3916 vel
923 3857 1009 3927 (Prot.
1025 3871 1111 3923 xxxv,
1130 3857 1171 3926 7).
1185 3853 1256 3923 Quid
1264 3870 1332 3926 ergo
1346 3854 1478 3913 luoiemns
1501 3872 1551 3913 uos
1574 3859 1669 3914 miseri
1691 3865 1720 3915 et

68 3949 153 4006 nobis
163 3952 205 4005 vel
215 3950 595 4019 dissimulesjudicarettudi
606 3948 808 4022 quarerliiiil,
820 3949 867 4018 uit,
921 3945 1110 4012 miserabiles·
1127 3944 1153 4000 si
1178 3943 1223 4000 ille
1258 3945 1304 4016 qui
1332 3943 1394 4014 plus
1425 3944 1552 4002 omuibus
1584 3946 1717 4022 laborauit

66 4036 868 4111 mibiconsciussom.Felixoonscientianonsibiinaliquo
923 4035 947 4104 (l
962 4036 1023 4093 dor.
1039 4051 1089 4105 xv,
1103 4037 1159 4105 to),
1175 4032 1305 4090 cuietiom
1317 4033 1443 4108 Cluviger
1457 4026 1718 4109 regnicum'loaunc

67 4127 193 4188 conscie,
208 4140 267 4196 quae
286 4140 337 4180 neo
352 4125 489 4197 proprium
508 4126 652 4195 judicium,
675 4141 727 4184 nec
748 4127 870 4183 alienum
923 4131 951 4180 ct
964 4124 1066 4180 Jacobo
1084 4124 1151 4180 nihil
1166 4122 1316 4179 contulisse
1332 4121 1459 4179 videntur
1473 4122 1582 4195 (delet.
1600 4141 1628 4190 u,
1644 4125 1719 4199 6-9),

67 4222 196 4272 veretur.
227 4212 345 4269 Videsne
363 4227 448 4282 quom
472 4211 585 4268 sublimi
609 4215 816 4272 conversatione
842 4224 871 4270 et
924 4212 1068 4285 quiusque
1082 4213 1118 4267 cd
1133 4212 1240 4268 tertium
1256 4212 1357 4268 coelnm
1371 4219 1468 4283 reptas
1482 4218 1524 4268 est
1538 4213 1577 4282 (ll
1591 4213 1652 4269 Cor.
1669 4228 1719 4280 ιιι,

71 4304 194 4359 ntiooum
219 4308 246 4356 ει
263 4300 403 4372 proprium
416 4300 549 4370 judicium
571 4314 626 4356 non
640 4301 770 4358 timebat?
794 4304 871 4358 Latet
885 4340 909 4418 υ
925 4302 964 4371 2),
978 4300 1017 4357 itu
1030 4300 1064 4355 de
1079 4301 1170 4371 seipso
1185 4299 1268 4354 sentit
1281 4305 1308 4354 et
1321 4298 1441 4369 loquitur
1455 4298 1469 4356 l
1483 4299 1537 4354 Sed
1562 4306 1591 4354 ut
1604 4301 1662 4368 jam
1676 4310 1721 4356 to-

72 4402 165 4448 tnmen
179 4390 268 4446 edhuc
282 4390 393 4460 laqueus
416 4396 444 4444 et
467 4387 549 4445 loven
572 4404 678 4461 magns,
702 4405 749 4446 vas
762 4390 871 4447 electio-
925 4396 982 4444 tum
1010 4390 1084 4461 quod
1107 4389 1141 4443 de
1163 4386 1330 4443 conscientie
1351 4386 1449 4452 sentio,
1477 4386 1568 4444 serbis
1590 4387 1671 4442 nudis
1695 4396 1724 4444 et

74 4481 120 4536 nis
139 4497 146 4536 :
168 4479 216 4534 sed
231 4493 291 4550 quae
310 4477 547 4550 vigilantissimum
562 4476 638 4532 illum
661 4476 770 4532 oculum
796 4488 871 4534 tuum
923 4477 999 4548 puris
1026 4484 1078 4532 ture
1099 4475 1211 4549 puritati
1231 4477 1367 4545 aperiam,
1390 4481 1505 4545 quatuor
1521 4475 1724 4533 distinctionum

73 4585 134 4625 non
143 4567 230 4640 possit
242 4568 375 4640 elingere.
387 4566 532 4637 Subjunxit
546 4567 630 4637 enim,
641 4565 693 4624 Sed
707 4582 765 4624 non
778 4566 811 4623 in
821 4566 872 4627 icoc
924 4565 1021 4622 modos
1033 4565 1083 4619 tibi
1109 4564 1246 4636 resignare
1262 4561 1389 4633 decrevi,
1404 4573 1434 4620 ut
1447 4564 1519 4636 quod
1542 4563 1724 4635 particulatim

67 4658 250 4732 justificatus
263 4663 380 4713 ruwet
393 4655 504 4721 addidit,
515 4656 568 4726 Qui
576 4659 674 4711 cutem
683 4656 799 4728 judicat
815 4672 870 4732 nse,
924 4653 1078 4710 distinctum
1100 4652 1190 4722 luerit,
1210 4653 1313 4724 legetur
1340 4650 1456 4718 dulcius,
1481 4662 1509 4710 et
1530 4652 1628 4711 melius
1653 4669 1722 4712 con-

75 4747 215 4805 dominus
230 4749 271 4800 est
281 4743 308 4816 (l
323 4745 384 4801 Cor.
396 4758 435 4812 tv,
455 4744 493 4815 t).
506 4744 562 4800 lloc
575 4750 666 4799 autem
680 4742 788 4799 tortium
797 4744 871 4815 judi·
926 4751 1066 4802 servetur.

74 4836 148 4891 dum
169 4832 227 4899 Dei,
244 4833 317 4903 quod
338 4833 419 4889 etiam
440 4831 487 4889 illa
502 4832 693 4904 purgatissima
713 4848 767 4888 non
793 4848 872 4889 com·
1164 4834 1165 4837 ’
1187 4826 1275 4886 870
1288 4830 1401 4886 CAPUT
1415 4831 1451 4885 ll.

75 4921 220 4997 prehendit
242 4921 415 4988 conscientie,
442 4921 565 4977 nesciens
590 4921 667 4989 iuste
695 4921 869 4993 scripturam,
1070 4921 1196 4990 Quotuor
1209 4921 1452 4976 conscientiarum
1468 4936 1582 4992 genero.

74 5019 169 5069 utrum
192 5025 286 5066 amore
308 5026 344 5064 an
364 5009 427 5066 odio
441 5010 523 5082 digna
544 5010 589 5079 sit,
613 5026 675 5066 cum
697 5011 788 5066 omnin
802 5009 828 5066 ei
842 5011 870 5068 iu
960 5016 986 5068 3.
1002 5009 1173 5067 Conscientia
1191 5008 1275 5081 igitur
1288 5008 1341 5064 alle
1357 5008 1430 5065 bonu
1443 5019 1470 5066 et
1496 5008 1660 5083 tranquills;
1675 5008 1729 5069 sliu

73 5107 217 5174 posterum
231 5109 400 5156 reserventur
421 5099 639 5171 incerta(dccle.
655 5115 693 5166 rx,
714 5102 741 5169 l,
761 5099 800 5172 2).
816 5100 871 5156 llu-
924 5101 995 5157 bons
1025 5106 1053 5157 et
1075 5098 1183 5155 turbate
1208 5115 1215 5152 :
1240 5098 1293 5153 ulis
1330 5097 1400 5152 mals
1423 5106 1451 5153 et
1483 5097 1646 5169 tranquilts;
1676 5095 1730 5152 ulis

70 5194 119 5261 jus
142 5189 216 5246 enirn
236 5187 330 5260 judicii
353 5189 448 5244 timore
461 5203 610 5244 concussus
632 5187 742 5257 penitet,
763 5198 790 5245 et
812 5205 872 5259 por·
924 5190 994 5246 muln
1022 5196 1049 5244 et
1072 5187 1185 5244 turbata.
1196 5186 1251 5242 Sed
1267 5185 1384 5256 primum
1407 5185 1443 5240 de
1464 5185 1554 5256 primo
1578 5184 1729 5242 videamus.

74 5293 172 5336 cussus
185 5278 310 5350 gemebat
324 5284 352 5334 et
370 5276 493 5333 dicebat:
513 5276 589 5346 Quod
602 5275 681 5331 enim
695 5291 804 5346 operor,
813 5293 872 5333 non
924 5276 999 5332 Boou
1010 5291 1128 5347 namque
1142 5270 1308 5330 conscientia
1326 5281 1384 5349 est,
1396 5288 1459 5343 qiiae
1473 5283 1501 5328 et
1514 5273 1650 5344 preterita
1664 5288 1731 5346 pee-

75 5369 208 5439 intelligo
221 5367 312 5438 (llom.
334 5380 381 5437 vu,
408 5366 466 5438 lb).
494 5364 554 5421 Etsi
576 5363 649 5421 enim
675 5363 719 5419 exi
741 5362 872 5435 judicium
926 5371 986 5423 cata
1007 5365 1093 5436 punit,
1117 5371 1144 5418 et
1163 5360 1299 5433 punienda
1321 5361 1489 5416 committere
1506 5363 1608 5435 refugit
1636 5377 1644 5420 :
1669 5376 1732 5435 quo

76 5457 183 5528 mundi,
207 5465 234 5513 et
256 5456 391 5526 judicium
418 5454 491 5525 mei,
519 5461 603 5513 restet
626 5460 719 5512 tomen
740 5452 873 5525 iudicium
927 5454 978 5512 etsi
989 5463 1131 5527 peccatum
1152 5451 1392 5524 sentiet,.pccttto
1406 5465 1462 5509 non
1490 5453 1633 5511 consentit.
1658 5453 1732 5513 lico-

186 5565 311 5626 Parnor..
329 5564 500 5625 CLXXXIV.
1593 5564 1627 5618 to
