3706 5962
173 179 226 240 559
741 170 929 239 salutatus
950 169 992 229 [ιιι
1010 168 1132 230 ORDINE
1151 167 1248 230 vitat.
1757 176 1824 247 560

171 305 395 363 immundissimae
409 304 516 379 longius
535 305 562 361 iu
578 306 638 375 ipso
653 305 784 376 principio
799 299 965 374 propulsan·
978 309 1004 389 ,Ι
1020 311 1117 354 nomm
1128 304 1246 367 quatuor
1259 293 1370 366 spiritus
1390 293 1540 367 loquuntur
1562 296 1684 369 assidue,
1704 298 1820 370 spiritus

170 395 212 451 dae
227 408 299 451 sunt.
319 392 420 450 Otiose
435 399 509 462 suut,
529 394 637 464 quaudo
651 393 704 451 illis
727 407 778 450 uec
805 388 964 451 delectatur,
1021 384 1131 452 mundi,
1164 382 1276 456 spiritus
1300 384 1399 455 caruis,
1428 384 1540 455 spiritus
1563 384 1678 452 diaboli,
1698 385 1817 458 Spiritus

170 498 221 539 nec
235 482 352 541 afficitur
366 499 373 536 s
389 481 464 538 verbi
492 481 587 552 grstia,
615 498 716 553 equum
745 487 896 537 currentem
923 472 965 529 rel
1020 472 1080 528 Dei.
1100 471 1216 543 Spiritus
1232 471 1325 527 mundi
1339 471 1461 545 loquitur
1469 486 1554 539 sana,
1570 479 1598 528 et
1620 472 1679 545 ipse
1691 480 1758 531 tuuc
1771 474 1822 532 Ιι-7

170 586 246 627 asem
261 572 392 626 rolautem
401 569 533 642 cogitans,
549 569 595 624 ubi
608 585 677 642 peue
690 570 759 626 iuter
773 565 866 622 sitium
879 558 967 620 8⁷8
1021 560 1112 631 quitur
1131 560 1206 616 cordi
1228 570 1321 616 nostro
1339 576 1401 617 cum
1415 560 1562 618 vanitatem
1585 561 1739 633 diligimus,
1752 578 1815 631 cum

168 659 272 716 residet
284 667 311 714 et
324 658 463 725 virtutem,
476 673 526 715 nec
539 657 761 727 descendeus,ad
776 655 922 721 illum‚nec
932 651 966 705 ad
1020 650 1055 705 de
1082 648 1203 705 sanitate
1224 648 1357 718 letamur,
1373 649 1614 728 condelectamur
1629 649 1658 704 iu
1682 652 1818 722 sanitate,

168 744 245 803 uum
260 747 417 802 ascendens.
446 745 566 801 curiosae
599 752 672 812 suut,
700 744 809 817 quaudo
837 736 965 812 proponit
1019 736 1136 807 Spiritus
1150 738 1241 799 caruis,
1263 737 1392 809 loquitur,
1406 753 1468 793 cum
1483 736 1576 794 mollia
1590 738 1666 795 carui
1680 737 1816 809 etsensiq

166 835 308 904 explorare
332 835 514 903 proximorum
528 841 652 890 secreta:
667 841 694 888 ιι
716 848 776 904 quae
795 828 900 887 curiose
915 842 962 883 se·
1018 825 1069 881 bus
1084 824 1357 898 carumappetimus;
1377 840 1438 902 curu
1451 820 1512 895 ej'us
1526 841 1621 882 euram
1635 827 1662 881 iu
1672 827 1815 892 desideriis

166 921 255 991 ipsam
274 923 385 979 scrutari
408 922 546 990 debuerat,
576 922 662 978 oblita
691 921 734 977 sui
760 918 846 975 aliena
878 919 962 980 curat,
1017 915 1194 989 etroluptate
1224 912 1388 987 perficimus.
1418 913 1535 986 Spiritus
1557 914 1658 970 diaboli
1676 915 1818 988 loquitur,

166 1009 334 1075 nunciatus,
350 1025 422 1066 nunc
449 1009 515 1066 ioris
529 1025 598 1084 vaga
613 1018 641 1067 et
663 1009 784 1082 garrula,
813 1015 839 1062 et
866 1002 964 1076 quietis
1017 1004 1123 1072 quaudo
1136 1012 1163 1058 et
1181 1018 1271 1057 amara
1293 1004 1453 1076 cogitamus,
1479 1010 1506 1058 et
1520 1018 1616 1075 aspera
1635 998 1813 1076 proferimus,

166 1098 320 1171 impatiens.
335 1097 500 1169 Suspiciosae
515 1106 587 1167 suut,
604 1099 713 1169 quaudo
732 1096 836 1154 nullum
859 1101 963 1150 certum
1017 1089 1108 1146 tristes
1126 1090 1153 1144 iu
1172 1089 1261 1159 nobis,
1277 1089 1339 1145 aliis
1358 1092 1505 1147 irascentes
1519 1090 1629 1163 ingrati,
1644 1091 1734 1161 insidi,
1752 1095 1813 1157 siue

165 1170 482 1259 argumentum'babeus,
498 1186 569 1242 male
594 1186 628 1241 de
642 1184 768 1257 proximo
792 1180 963 1253 suspicatur:
1017 1178 1169 1248 aiiectione,
1186 1179 1244 1235 sine
1259 1177 1371 1237 foedere.
1388 1178 1505 1251 Spiritus
1519 1179 1569 1236 Dei
1583 1179 1709 1252 loquitur,
1725 1197 1813 1253 quau

164 1277 193 1327 et
206 1286 310 1343 eaquae
324 1270 352 1325 in
366 1268 521 1327 utramlibet
536 1276 637 1341 partem
652 1268 774 1325 inclinari
796 1271 918 1338 possunt,
934 1263 961 1317 in
1016 1265 1052 1322 do
1066 1265 1158 1322 dulcia
1182 1266 1344 1322 meditamur
1358 1273 1383 1322 et
1406 1266 1553 1336 loquimur,
1569 1267 1667 1323 hilares
1691 1269 1769 1323 nobis
1784 1275 1813 1323 et

165 1357 325 1414 deteriorem
340 1359 542 1428 interpretatur.
564 1355 737 1414 Distentoriae
760 1362 834 1422 suut,
852 1351 961 1427 quando
1016 1355 1158 1425 proximis,
1193 1354 1308 1410 inomni
1324 1353 1467 1410 dulcedine
1494 1362 1521 1412 et
1541 1355 1674 1422 bonitate,
1703 1354 1818 1424 solliciti

164 1445 199 1501 da
213 1445 366 1518 longinquis
381 1447 472 1510 rebus,
488 1452 516 1501 et
531 1445 632 1518 reguis,
648 1453 675 1501 et
694 1443 851 1516 regionibus
865 1440 960 1508 dispo·
1015 1458 1123 1499 servare
1138 1442 1269 1500 unitatem
1279 1441 1393 1513 spiritus
1406 1441 1550 1498 invinculo
1564 1442 1757 1514 pacis(liplres.
1772 1459 1812 1516 tr,

162 1532 202 1588 uit
215 1539 244 1590 et
270 1540 378 1602 tractam
406 1535 513 1606 quaudo
527 1532 689 1590 distenditur
711 1532 738 1586 in
765 1529 960 1603 questionibus
1014 1535 1052 1601 3),
1069 1533 1116 1588 ilae
1131 1532 1314 1601 conscientie,
1330 1533 1372 1587 hee
1386 1530 1815 1603 cogitationescousciantisrum,

162 1629 190 1677 et
202 1621 352 1678 rationibus
366 1621 449 1691 hujus
463 1620 573 1676 muudi:
586 1637 668 1695 quam
675 1620 832 1693 pessimum
842 1633 958 1689 occupa·
975 1572 998 1651 n
1013 1621 1039 1676 iti
1054 1620 1165 1690 spiritus
1183 1621 1324 1692 loquentes
1337 1619 1364 1674 in
1379 1619 1586 1690 cogitationibus
1604 1618 1704 1675 uostris
1721 1636 1728 1674 ι
1744 1636 1808 1693 quae

164 1711 282 1775 tionem,
298 1709 375 1780 juxta
393 1708 575 1777 Salomonem,
596 1709 673 1766 dedit
690 1709 762 1778 Deus
779 1709 850 1779 filiis
865 1706 956 1778 bonti-
1012 1708 1110 1764 melius
1124 1718 1170 1765 tua
1184 1708 1360 1773 couscientia,
1376 1706 1535 1763 dulcissime
1550 1707 1639 1774 irater,
1653 1723 1733 1780 qoam
1747 1723 1815 1777 mea,

163 1814 248 1866 num,
263 1802 295 1853 ul
318 1796 523 1853 distenduntur
546 1796 578 1856 in
595 1813 628 1853 eu
652 1797 754 1866 (seete
770 1811 790 1853 ι.
808 1795 862 1867 1³).
878 1788 955 1851 Item.
1012 1797 1214 1873 paginaoemit,
1228 1807 1308 1868 atque
1322 1795 1460 1854 discernit.
1473 1795 1569 1851 taetus
1587 1811 1647 1851 sum
1665 1795 1810 1866 iusipiens,

199 1884 243 1939 ιι.
260 1884 463 1956 Cogitationem
485 1900 549 1943 vero
578 1884 717 1959 multiplex
748 1884 860 1942 varietas
895 1897 957 1938 esse
1014 1893 1043 1940 ιιι
1057 1900 1101 1940 me
1115 1882 1248 1958 coegisti:
1275 1884 1323 1939 sed
1338 1884 1434 1939 melius
1452 1883 1526 1939 volui
1539 1883 1683 1941 ostendere
1696 1883 1811 1956 imperi·

162 1973 347 2045 cognoscitur.
374 1971 443 2030 Alite
458 1988 573 2045 namque
596 1972 756 2038 coriuilaut,
767 1971 828 2026 aliae
841 1970 956 2037 elevant,
1013 1974 1078 2031 tiam
1097 1989 1197 2041 meam,
1212 1989 1295 2046 quatu
1310 1972 1477 2030 contundere
1496 1972 1590 2030 isdem
1607 1980 1692 2030 tuam.
1706 1973 1810 2046 Siquid

162 2059 221 2115 aliae
244 2061 412 2132 perturbant,
441 2060 500 2116 aliae
528 2061 669 2133 dissipant,
693 2060 754 2116 alite
777 2057 958 2137 contundunt,
1012 2061 1197 2118 benedictum
1212 2069 1264 2128 est,
1280 2061 1328 2117 tibi
1343 2060 1458 2132 imputa,
1473 2075 1524 2132 pro
1538 2060 1617 2133 cujus
1631 2059 1694 2127 fide,
1706 2071 1734 2122 st
1746 2078 1810 2117 seu-

161 2147 221 2202 uliae
236 2147 400 2220 distendunt,
430 2148 489 2203 aliae
516 2148 609 2221 ligant,
639 2147 699 2203 aliae
723 2146 875 2219 inquinant,
896 2144 957 2201 aliae
1015 2166 1085 2216 sum,
1103 2157 1130 2206 et
1147 2151 1261 2209 verbum
1275 2149 1351 2206 dedit
1364 2149 1447 2205 Filius
1461 2151 1520 2205 Dei.
1536 2149 1564 2205 Si
1584 2149 1650 2220 quid
1665 2165 1745 2206 secus
1762 2144 1809 2206 dt.

161 2237 333 2306 contrahunt,
348 2234 407 2292 alias
422 2245 612 2308 corrumpunt.
637 2234 743 2302 lullant,
770 2245 800 2291 ut
813 2235 956 2303 superbae3
1013 2246 1086 2295 etum
1102 2246 1154 2311 est,
1170 2239 1217 2295 tibi
1233 2238 1344 2310 imputa,
1361 2238 1427 2310 quis
1439 2237 1556 2310 iussisti.
1577 2239 1660 2294 Parce
1675 2247 1765 2294 autem
1779 2232 1814 2297 e't'

162 2325 280 2393 elevant,
297 2335 326 2381 ut
340 2341 418 2381 vanae
434 2343 441 2394 3
459 2326 626 2397 perturbent,
641 2335 671 2381 ιιι
686 2324 798 2390 invidae;
813 2321 957 2395 dissipant,
1012 2326 1186 2394 festinationi,
1202 2327 1266 2399 quia
1280 2327 1346 2382 nihil
1367 2326 1405 2382 ita
1419 2325 1596 2395 contrarium,
1611 2326 1679 2381 nihil
1695 2326 1732 2383 ila
1747 2326 1807 2383 dis·

162 2423 191 2468 ιιι
205 2414 340 2470 iracunde
356 2431 363 2482 ;
379 2414 559 2490 ιοιιιιιιιιιιιιιι,
576 2421 607 2470 ιιι
621 2413 752 2469 acediosae
767 2429 775 2479 ;
790 2412 956 2480 distendunt,
1012 2415 1247 2486 crepantissimum
1270 2416 1297 2470 in
1322 2415 1477 2481 scribendo,
1501 2431 1583 2485 quam
1604 2416 1766 2473 acceleratio
1781 2425 1809 2473 ιι

161 2514 191 2560 ut
200 2502 364 2570 ambitiosae3
377 2503 471 2574 ligant,
489 2511 517 2558 nt
531 2504 634 2575 gulosae
645 2520 651 2567 ;
664 2501 813 2572 inquinant,
829 2508 859 2555 ut
872 2500 956 2555 lusu·
1014 2502 1146 2560 celeritas.
1167 2502 1255 2577 Digne
1268 2502 1340 2559 enirn
1355 2502 1476 2558 iuvenire
1495 2503 1571 2573 quod
1584 2500 1685 2571 queris
1699 2509 1727 2558 et
1741 2519 1805 2561 rer·

161 2592 239 2647 riosae
251 2608 259 2662 3
273 2592 442 2661 contrahunt,
459 2600 488 2645 ut
511 2589 629 2660 timidoe3
645 2595 869 2661 corrumpunt,ut
883 2586 960 2642 mali·
1012 2591 1054 2647 his
1081 2591 1298 2664 competentibus
1312 2591 1413 2646 vendre
1426 2590 1499 2661 quod
1513 2590 1659 2658 inveneris,
1673 2598 1701 2645 et
1714 2591 1806 2649 locum

160 2679 246 2735 tiosae.
267 2679 315 2732 llis
330 2680 412 2750 igitur
425 2679 542 2734 exclusis
557 2694 632 2732 meus
647 2686 787 2749 purgatur,
812 2676 835 2731 si
859 2673 958 2730 sanctis
1011 2687 1113 2751 aptum,
1126 2688 1154 2735 et
1172 2686 1278 2750 tempus
1293 2677 1415 2734 feriatum
1430 2684 1457 2734 et
1468 2677 1609 2751 ingenium
1624 2678 1742 2735 vividum
1755 2724 1764 2751 ,
1779 2689 1818 2740 et.

159 2765 372 2838 cogitationibus
398 2765 502 2836 jugiter
524 2776 692 2831 exerceatur,
729 2765 799 2819 sieut
825 2762 953 2832 scriptum
1011 2767 1109 2837 stylum
1124 2766 1301 2824 exercitatum
1316 2766 1666 2823 desiderat.llerumtameu
1687 2768 1808 2833 abscon,

160 2864 202 2909 ast
219 2870 225 2909 :
244 2851 383 2924 Capitulio
403 2857 503 2908 sancta
525 2851 668 2910 custodiet
684 2855 721 2906 le.
738 2852 806 2907 Sunt
825 2856 953 2922 praeterea
970 2821 992 2901 Β
1008 2855 1041 2909 de
1064 2853 1216 2926 epistolam,
1236 2855 1281 2911 vel
1295 2855 1403 2922 librum,
1418 2856 1441 2910 si
1459 2855 1500 2909 sic
1513 2854 1599 2928 magis
1619 2854 1698 2927 eligis
1713 2857 1804 2913 nomi·

158 2941 337 3010 oogitationes
359 2940 438 2994 bonae
459 2948 486 2994 et
505 2948 613 2996 sauctae.
630 2940 766 2996 Debemus
782 2938 853 2994 enirn
874 2939 951 3010 oogi·
1006 2958 1071 2997 uere
1090 2961 1096 3000 :
1124 2943 1178 3008 rel,
1193 2935 1368 3016 sipropalare
1381 2943 1547 3007 decreveris,
1565 2953 1623 2999 tace
1640 2958 1741 3001 nomeu
1757 2960 1806 3001 su-

157 3035 214 3083 tare
230 3027 264 3080 de
277 3025 344 3095 Deo,
361 3035 392 3081 nt
406 3024 568 3082 delectemur
584 3025 673 3081 inille
694 3044 701 3080 :
717 3027 751 3082 de
764 3025 952 3096 Redemptoris
1006 3029 1098 3087 ctoris.
1115 3030 1197 3087 Novit
1210 3032 1310 3089 Auctor
1333 3029 1491 3101 salutis,cui
1502 3029 1653 3087 solihouor
1663 3039 1691 3090 et
1705 3030 1805 3107 glorie,

157 3113 242 3169 uestri
255 3111 389 3181 passione,
407 3128 488 3185 quam
501 3128 551 3186 pro
574 3114 652 3171 uobis
675 3112 801 3168 sustinuit
815 3112 842 3167 in
863 3113 952 3168 crucis
1005 3125 1134 3188 quantum
1154 3133 1207 3190 ego
1221 3120 1304 3191 diligo
1315 3119 1430 3178 salutem
1444 3117 1541 3175 auimae
1554 3125 1618 3185 tute,
1634 3129 1661 3176 et
1672 3121 1804 3178 honorem

156 3200 289 3273 patibulo,
305 3206 373 3257 utet
387 3215 438 3256 uos
453 3200 539 3270 parati
557 3200 642 3256 simus
655 3200 844 3256 tribulationes
857 3209 886 3256 et
900 3214 951 3253 au·
1005 3221 1129 3277 personae
1139 3213 1203 3263 tum.
1212 3208 1273 3281 lpse
1282 3216 1323 3264 est
1337 3207 1469 3264 Dominus
1477 3213 1569 3262 noster
1578 3206 1658 3265 lesus
1668 3209 1803 3280 cunnus,

155 3287 260 3362 guadias
289 3288 403 3345 libenter
431 3291 563 3344 sustinere
583 3289 690 3359 proillo
707 3306 714 3343 ι
731 3289 846 3344 debora
869 3297 953 3344 trans·
1006 3296 1054 3366 qui
1075 3295 1122 3350 tibi
1144 3304 1213 3351 etse
1233 3296 1430 3368 ipsumdonat,
1446 3297 1805 3359 eteoronetteinmiffli.

155 3374 210 3431 itus
223 3377 318 3445 nostri,
335 3388 363 3431 ut
378 3391 485 3447 semper
497 3379 582 3432 simus
596 3376 679 3447 parati
696 3393 703 3430 :
720 3375 753 3430 de
781 3374 824 3430 die
845 3373 949 3444 judicii,
1005 3381 1099 3440 cordia
1110 3391 1138 3440 gt
1152 3384 1380 3442 minationibus,
1391 3384 1466 3454 pale,
1482 3389 1509 3438 et
1518 3395 1567 3438 οη
1581 3399 1631 3456 pro
1642 3401 1695 3442 m„

154 3460 216 3534 quie
230 3461 268 3517 ibi
282 3462 314 3517 de
329 3461 458 3534 operibus
471 3461 570 3518 uostris
584 3463 714 3518 rationem
740 3477 836 3516 sumus
858 3459 951 3515 reddi-

154 3551 207 3605 turi
230 3564 236 3604 :
256 3550 291 3606 de
314 3550 432 3619 interno,
448 3558 476 3606 ut
504 3551 646 3607 timeamus
674 3565 778 3620 poeuas,
802 3548 866 3620 quia
889 3548 952 3603 inde

153 3638 226 3693 nulla
241 3647 283 3693 est
297 3637 466 3709 redemptio:
495 3640 529 3693 de
545 3636 682 3708 paradiso,
711 3644 739 3691 ut
766 3636 952 3692 desideremus

153 3740 277 3791 coronas,
306 3741 375 3795 quas
395 3724 556 3780 babebimus
588 3727 615 3778 iu
631 3723 722 3781 loturo
739 3740 747 3793 3
762 3723 796 3778 de
819 3723 952 3779 mandatis

153 3813 270 3877 Domini,
287 3820 314 3868 et
327 3812 361 3868 de
378 3811 560 3868 Sacrameutis
574 3821 674 3866 nosttae
692 3809 889 3881 redemptionis
897 3826 906 3878 ;
921 3821 952 3866 ut

154 3914 360 3972 perseveremus
374 3899 402 3956 iu
415 3899 460 3955 via
471 3899 579 3969 justitiae
595 3915 644 3972 per
657 3899 769 3973 gratiam
780 3899 839 3955 Dei.
854 3899 948 3956 dunen.
1003 3945 1007 3954 .
1042 3900 1073 3954 ln
1084 3897 1153 3955 eliis
1163 3897 1339 3955 editionibus
1349 3897 1446 3973 inepte
1455 3900 1598 3956 nonnulla
1609 3904 1803 3970 assutorepe-

456 3987 566 4045 CAPUT
582 3988 639 4045 Vll.
1004 3990 1071 4054 sies,
1085 3986 1315 4060 precedentibus,
1324 3990 1414 4060 petitu
1424 4003 1460 4044 en
1474 3993 1603 4045 tractatu
1619 3989 1653 4045 de
1667 3986 1804 4063 Interior}

154 4077 191 4135 De
202 4081 325 4149 quatuor
339 4075 487 4149 spiritibus
501 4075 534 4130 in
544 4075 672 4158 cordibus
683 4074 829 4130 bominum
840 4075 951 4147 loquen-
965 4086 989 4164 ῃ
1003 4074 1155 4135 ιιοιιιο.8ιιι
1165 4074 1244 4131 nobis
1259 4092 1315 4133 non
1326 4080 1368 4130 est
1378 4090 1469 4147 operae
1479 4076 1706 4148 pretium,rebus
1715 4072 1807 4149 otium

510 4163 597 4220 tibus.
837 4212 839 4217 .
1001 4165 1144 4240 repetitis,
1164 4165 1284 4239 implere
1306 4166 1436 4238 popinas,
1464 4166 1628 4238 presertim
1650 4182 1715 4223 eunt
1741 4168 1803 4239 ipse

190 4257 234 4309 ιι.
250 4254 295 4312 llis
316 4254 444 4312 omuibus
467 4252 674 4327 cogitationibus
697 4252 819 4308 cordium
848 4253 948 4309 bunia·
1000 4254 1151 4328 praesentis
1163 4257 1271 4310 tructus
1284 4256 1411 4326 epilogus
1421 4253 1650 4311 additamentum
1664 4252 1800 4311 reticent.

417 4562 831 4682 TRACTATUS
885 4565 976 4679 DE
1031 4565 1296 4683 ORDINE
1351 4566 1545 4689 VITAE

557 4770 625 4860 uu
658 4770 861 4864 noenu
892 4769 1284 4864 instituamus
1330 4757 1391 4865 ll.

186 5074 273 5134 874
289 5077 338 5134 llic
352 5080 500 5134 lruclntus
510 5078 637 5162 mensuit
648 5079 788 5137 bernardi
798 5095 856 5135 non
870 5082 917 5147 sit,
931 5084 1078 5138 esttamen
1095 5084 1242 5148 cuiusdam
1248 5086 1437 5155 benedictini,
1448 5092 1482 5143 ut
1493 5101 1529 5143 ec
1537 5102 1600 5159 cup.
1612 5089 1639 5155 t,
1652 5104 1683 5142 n.
1695 5089 1740 5155 ιιι,
1751 5103 1798 5158 up

149 5153 242 5220 peret,
253 5164 289 5206 en
300 5152 430 5214 Puteum,
442 5165 569 5206 nonnemo
583 5167 620 5207 en
630 5151 770 5209 Ambrosii
776 5151 1095 5212 sententiiscententus.
1106 5155 1255 5214 Dividitur
1265 5158 1297 5214 in
1324 5166 1430 5216 untuor
1440 5164 1554 5231 partes:
1568 5175 1691 5232 querum
1700 5161 1796 5231 primu

149 5234 212 5292 enp.
228 5225 289 5290 1-5,
307 5221 339 5276 de
353 5221 511 5278 uirtutibus
525 5219 911 5288 adolescentiummeenndo,
926 5237 988 5306 cup.
1000 5224 1066 5295 ti,de
1079 5225 1296 5303 virtutibuspre
1333 5228 1585 5301 tenerenturne,
1600 5246 1662 5302 cup.
1678 5227 1705 5297 7,
1722 5232 1750 5299 8,
1761 5228 1797 5285 de

149 5291 304 5349 uirtutibus
318 5298 530 5364 perlectorum
544 5298 657 5365 quarto,
674 5309 739 5364 cup.
750 5294 830 5362 9-12,
852 5289 885 5347 de
900 5291 1005 5349 vities.
1756 5298 1759 5302 ’
1790 5301 1792 5304 ⁴

189 5438 246 5515 (aut
258 5442 290 5499 ιιι
303 5442 462 5517 mbusdam
477 5441 671 5516 manuscriptis
684 5442 849 5514 inscribitur,
863 5444 901 5503 De
915 5441 1052 5506 Doctrina
1063 5463 1217 5521 puerorum
1231 5451 1332 5522 salian
1344 5454 1385 5513 De
1400 5452 1569 5516 lneenndn
1582 5452 1797 5512 molemonium
