3706 5962
159 192 212 251 687
851 191 937 254 litis
955 191 1108 254 lllsltda.
1747 185 1803 247 688

158 312 285 388 proximo
298 311 468 387 largiturum,
482 326 544 387 que
557 311 643 369 divisa
656 311 797 386 minuitur,
808 317 854 389 qni
868 320 951 375 rerba
966 332 989 412 Α
1006 319 1123 375 devitent
1137 315 1257 390 virgines
1277 315 1380 390 pudici,
1396 313 1419 371 si
1434 314 1528 373 volunt
1540 314 1667 374 virtutem
1689 311 1804 386 pudici·

158 418 296 473 nunquam
311 401 461 459 deficientia
474 418 528 458 non
549 401 686 474 largituri
710 403 796 460 Ponat
813 420 879 479 ergo
894 409 950 466 Do·
1007 408 1050 462 tiae
1064 421 1236 463 conservare.
1256 404 1428 462 Manifestum
1441 404 1514 460 enim
1534 412 1575 459 eat
1589 403 1662 476 quod
1676 402 1704 458 in
1726 402 1803 457 mul-

158 493 248 548 miuns
263 491 412 548 custodiam
428 491 470 548 ori
483 497 588 558 nostro,
615 498 644 547 nt
659 491 778 549 sciamus
801 496 908 567 quando
924 506 951 554 et
1005 493 1115 567 tiloqnio
1142 510 1195 549 non
1223 492 1309 550 deerit
1336 500 1476 564 peccatum
1497 488 1589 563 (Pron.
1614 507 1645 557 x,
1672 491 1732 561 ts),
1752 490 1804 546 sed

155 583 263 655 qualem
288 582 435 638 debeamus
460 582 584 653 prolerre
607 597 760 639 sermonem
776 597 783 637 :
799 593 827 641 et
850 585 951 643 ostium
1003 582 1130 656 paulatim
1145 588 1179 640 ab
1194 582 1288 639 otiosis
1300 582 1392 640 verbis
1409 581 1443 636 ad
1458 580 1665 637 detractationes
1680 579 1802 646 aeuitur,

155 671 364 728 circumstantiae
381 669 460 727 labiis
478 670 589 738 nostris,
603 678 634 726 ut
656 669 693 726 ita
713 688 768 728 non
782 674 869 730 solum
883 691 950 746 ape-
1003 671 1089 728 donec
1109 673 1218 728 tandem
1246 670 1279 725 ad
1300 680 1406 741 apertas
1429 670 1603 726 contumelias
1631 683 1801 740 prorumpa-

155 760 249 831 riatnr,
263 760 311 815 sed
337 761 418 815 etiarn
442 759 583 815 claudatur
605 758 633 813 in
658 768 790 832 tempore,
805 769 834 817 ut
852 770 949 819 neutro
1003 768 1055 818 tur.
1085 762 1180 833 arguit
1201 767 1288 815 autem
1304 758 1494 830 loquacitatem
1509 756 1650 828 apostolus
1663 757 1802 827 lacobus,

154 850 335 908 oil'endamns.
364 849 416 905 Sed
445 847 617 919 superposita
649 850 862 919 apostematibus
888 850 948 906 ani·
1002 848 1144 904 itadicens
1160 867 1166 906 :
1184 847 1215 905 Si
1239 848 1396 922 quisperant
1418 862 1448 903 cc
1470 845 1633 916 rellpioram
1649 861 1718 914 ease,
1742 862 1803 904 noa

155 955 258 996 marum
289 937 456 993 inlirmamm
484 938 565 994 rerba
591 943 702 1004 nostra,
733 947 858 1011 tanquam
885 939 948 995 lolia
1002 938 1149 1007 refrenans
1163 938 1289 1009 linquam
1306 951 1400 999 raum,
1423 933 1471 991 sed
1485 934 1617 990 seducens
1632 948 1800 1002 corsuum:

154 1027 290 1096 liliorum,
334 1026 437 1082 saniem
478 1025 606 1082 vitiorum
643 1024 760 1081 Domino
805 1028 949 1098 adjuvaute
1003 1026 1086 1097 brejas
1103 1042 1178 1083 vona
1196 1029 1238 1082 eal
1253 1024 1350 1098 relipio
1365 1021 1473 1095 (locali
1489 1038 1508 1091 r,
1523 1024 1582 1094 26),
1602 1025 1689 1079 Nemo
1713 1023 1801 1099 igitur

153 1116 273 1187 ejiciant,
288 1125 316 1173 et
330 1115 457 1174 virtutum
476 1113 547 1172 vires
569 1113 674 1170 valeant
698 1115 817 1172 inserere
839 1116 948 1173 audito·
1001 1114 1052 1168 sibi
1068 1116 1102 1169 de
1120 1113 1262 1187 religionis
1285 1112 1376 1166 habitu
1391 1111 1554 1176 blandiatur,
1569 1111 1616 1182 qni
1638 1115 1733 1168 adhuc
1747 1113 1799 1168 lin·

153 1205 238 1261 ribus.
1001 1217 1084 1274 guam
1099 1217 1176 1257 snam
1195 1215 1250 1255 nou
1273 1199 1368 1255 didicit
1386 1197 1514 1270 religare.
1542 1199 1638 1273 Religa
1652 1208 1727 1256 tuem
1743 1201 1799 1256 lin·

103 1289 106 1294 ’
429 1289 538 1349 capul
556 1290 670 1347 XXVll.
1001 1306 1093 1362 gnam,
1118 1290 1139 1345 si
1165 1288 1205 1345 vis
1218 1303 1278 1343 esse
1302 1287 1453 1360 religiosus,
1469 1286 1532 1358 quia
1546 1286 1605 1343 sine
1619 1286 1723 1359 linguae
1740 1290 1799 1345 reli·

153 1400 192 1458 00
209 1400 286 1472 sopp,
303 1399 360 1456 mii
382 1398 568 1469 insen-orpha,
587 1402 615 1455 εἰ
629 1396 833 1470 ,mrim-pm,
848 1416 899 1457 m
915 1400 947 1456 de
1001 1378 1111 1476 gerione
1135 1377 1321 1474 religiolvaua
1344 1381 1397 1430 est.
1418 1375 1496 1431 Unde
1523 1384 1612 1446 patrea
1635 1377 1798 1478 sanctissimi

276 1471 440 1544 frequentia
458 1474 487 1525 et
505 1471 647 1542 parcitate
664 1472 822 1527 verborum.
1000 1467 1165 1537 religionum
1187 1466 1364 1532 institutores,
1390 1472 1522 1520 eteorum
1537 1478 1671 1536 sequaces
1686 1481 1798 1537 sapten-

189 1561 233 1614 88.
249 1557 318 1628 Quid
333 1567 486 1624 astantem,
502 1557 575 1628 quod
596 1557 657 1629 ipsa
670 1559 748 1627 juxta
770 1566 867 1612 terrem
890 1576 948 1615 ma.
1001 1551 1108 1622 tissimi,
1137 1553 1206 1609 sient
1233 1550 1374 1621 aSpiritu
1407 1549 1547 1623 sapientiae
1574 1553 1649 1609 docti
1678 1554 1797 1627 fuerant,

149 1647 214 1720 J'ora
229 1645 423 1715 suntetplura,
439 1645 776 1717 superinsreropauciora
790 1654 815 1701 et
829 1648 945 1717 minora,
1001 1641 1121 1697 districte
1147 1639 1320 1696 instituerunt
1341 1639 1559 1697 obseruationem
1584 1641 1683 1698 silentii
1709 1660 1716 1701 :
1741 1658 1797 1699 non

153 1734 205 1789 nisi
220 1734 294 1804 quod
312 1733 362 1790 riri
385 1732 460 1803 justi,
480 1741 506 1788 et
529 1731 668 1804 praecipue
690 1732 831 1806 virgines,
848 1744 948 1806 quanto
1002 1731 1159 1803 ignorantes
1173 1728 1249 1800 quia,
1264 1728 1336 1784 sicut
1350 1728 1416 1783 urbs
1436 1738 1528 1800 pateus
1542 1736 1569 1784 et
1583 1730 1686 1801 absque
1700 1745 1797 1789 muro-

153 1823 234 1877 altius
252 1821 399 1879 ascendunt
413 1821 447 1875 ad
463 1820 571 1876 culmen
585 1820 725 1888 uirtutum,
741 1822 853 1878 terrenis
868 1824 945 1896 cogi·
1001 1834 1059 1874 rum
1073 1817 1188 1883 ambitu,
1203 1816 1240 1872 ita
1268 1817 1308 1873 sir
1335 1815 1381 1888 qui
1408 1831 1462 1873 non
1490 1825 1580 1888 potest
1606 1819 1634 1873 in
1658 1819 1798 1890 loquendo

151 1909 301 1966 talionibus
321 1915 348 1964 et
370 1906 558 1978 cupiditatibus
577 1907 647 1963 inire
669 1907 783 1978 relictis,
810 1916 885 1968 tanto
904 1913 947 1968 di·
1000 1907 1123 1978 spiritum
1138 1921 1218 1962 sunm
1235 1905 1362 1962 cohibere
1384 1907 1477 1976 (Pron.
1501 1922 1568 1974 xxv,
1592 1910 1648 1978 28).
1664 1909 1710 1977 Et,
1727 1912 1798 1967 sicut

154 1996 343 2069 aciplinatores
358 2004 384 2053 et
407 2003 480 2053 taum
500 1995 635 2068 parciores
658 1996 758 2052 debent
771 2013 832 2056 esse
845 1999 874 2056 in
887 2017 947 2058 uer·
1000 1996 1120 2051 Psalmus
1135 1996 1170 2050 ait
1189 2010 1195 2050 :
1216 1996 1261 2052 Vir
1276 1996 1418 2068 linqueres
1437 2011 1496 2051 non
1510 1995 1650 2068 diripetnr
1663 1999 1698 2053 r'n
1709 2002 1797 2057 derra

153 2087 221 2142 bisi
233 2088 284 2142 Per
298 2085 503 2142 diminutionem
527 2083 597 2141 enim
622 2083 746 2141 loliomm
760 2085 788 2141 in
812 2088 947 2160 superiori
1000 2084 1087 2158 (Psal.
1102 2098 1220 2150 mxxix,
1240 2086 1296 2153 tt).
1313 2083 1409 2141 Sciunt
1423 2084 1502 2140 etiam
1518 2085 1645 2141 homines
1659 2087 1796 2158 spiritua·

152 2182 228 2245 parte
251 2174 394 2245 disciplina
417 2174 562 2230 uerborum
583 2172 739 2245 intelligitur
754 2190 762 2241 ;
776 2175 841 2246 quia
864 2177 945 2233 disci·
1001 2175 1050 2240 les,
1069 2173 1115 2246 qni
1136 2174 1189 2229 hoe
1216 2173 1409 2246 superdeum,
1438 2181 1568 2245 qnantum
1582 2175 1690 2232 auferat
1708 2177 1795 2235 deso·

110 2317 112 2320 ,
153 2263 246 2334 pliuati
274 2261 375 2334 quique
408 2262 486 2335 quasi
513 2260 710 2318 circumcidunt
737 2272 764 2318 et
802 2275 947 2324 extenuant
1000 2261 1090 2329 tionis,
1120 2268 1250 2332 qnantum
1286 2261 1383 2319 alterat
1417 2261 1601 2318 dissolutionis
1628 2262 1796 2323 intrinsecus

151 2352 356 2419 carbasaque
377 2351 444 2422 quid
458 2351 486 2405 iu
501 2350 540 2405 eis
560 2349 705 2421 pudidtiae,
731 2349 773 2407 vel
795 2352 946 2421 disciplinae
1001 2351 1125 2421 irequens
1143 2350 1243 2423 linguae
1257 2349 1395 2407 resolutio.
1416 2353 1494 2417 Nam,
1509 2351 1577 2408 sicut
1593 2352 1699 2421 lornax,
1717 2361 1796 2425 enjus

152 2443 318 2498 contrarium
346 2440 432 2498 valeat
458 2439 583 2510 inveniri,
613 2455 673 2512 quae
700 2439 889 2512 indisciplinati
920 2454 948 2502 rt
999 2455 1031 2497 os
1044 2455 1152 2510 semper
1168 2447 1292 2511 apertum
1314 2447 1363 2508 est,
1389 2455 1443 2495 non
1468 2448 1557 2512 potest
1572 2442 1598 2495 in
1617 2457 1647 2497 se
1675 2445 1795 2502 retinere

152 2542 245 2601 turpes
264 2529 419 2600 quicunque
434 2527 508 2584 omni
532 2528 671 2585 honestate
690 2531 818 2597 carentia,
839 2533 946 2606 turgida
1001 2529 1145 2597 terrorem,
1162 2531 1201 2584 sic
1215 2544 1264 2584 neo
1284 2543 1331 2583 cor
1353 2528 1507 2584 devotionis
1525 2528 1554 2583 in
1568 2544 1598 2584 se
1613 2531 1714 2599 poterit
1727 2550 1794 2607 gra-

151 2627 179 2676 et
196 2619 286 2674 inllata
309 2616 443 2673 emittunt.
465 2618 518 2671 Per
541 2616 703 2687 paucitatem
726 2633 789 2674 vero
808 2619 944 2690 loliorum,
1000 2619 1063 2673 tiam
1078 2632 1246 2683 conservare,
1261 2618 1338 2686 cnjus
1361 2632 1393 2672 os
1407 2630 1459 2672 non
1484 2616 1564 2672 inerit
1584 2618 1668 2687 janna
1694 2621 1795 2679 silentii

150 2707 295 2764 verborum
321 2702 407 2760 utta
436 2704 556 2774 paucitas
574 2707 768 2762 convenienter
790 2708 942 2780 accipitur:
998 2707 1143 2764 reclusum.
1173 2706 1336 2762 claudamus
1363 2705 1446 2777 igitur
1468 2714 1650 2779 canestrum,
1674 2717 1705 2766 nt
1731 2726 1795 2769 cnm

151 2795 298 2852 cuiomnes
314 2793 378 2848 boni
391 2793 945 2865 turrtomagisstudent,quandorirtutum
998 2796 1146 2852 dovotionis
1170 2795 1275 2850 fervore
1298 2793 1434 2850 Christum
1456 2796 1611 2852 devotionis
1632 2798 1794 2874 largitorem

150 2884 262 2940 culturae
273 2881 414 2940 viciniores
433 2881 558 2937 existunt.
575 2880 652 2937 Unde
674 2883 707 2937 de
722 2885 802 2939 tratre
816 2887 943 2957 quodam,
999 2885 1027 2941 in
1040 2885 1153 2943 terrenti
1165 2883 1261 2940 aflectu
1275 2883 1359 2938 animi
1375 2883 1509 2954 possimus
1523 2900 1697 2945 conservare.

150 2973 196 3045 qni
210 2972 315 3028 discere
332 2972 448 3040 solebat,
472 2977 500 3027 et
513 2971 589 3041 qnasi
606 2969 725 3026 in-usnm
745 2972 874 3031 reducere
889 2975 982 3069 lin-c
1034 2978 1079 3030 90.
1104 2973 1159 3028 llos
1200 2980 1288 3028 autem
1320 2972 1468 3045 precipue,
1494 2990 1512 3028 o
1538 2975 1659 3055 pirgiues
1682 2994 1793 3052 sponsae

97 3063 102 3069 ”
149 3076 211 3133 gum
220 3061 423 3129 correctionem,
439 3058 538 3132 legitur
551 3058 623 3130 qnod
641 3063 785 3131 quemdam
799 3076 847 3132 per
862 3063 944 3121 trien·
997 3062 1106 3129 Christi,
1121 3060 1218 3117 intrate
1228 3061 1255 3114 in
1269 3060 1425 3116 cubiculum
1440 3063 1638 3136 cordisvestri,
1656 3074 1685 3123 et
1699 3069 1794 3126 clauso

149 3150 223 3205 nium
238 3148 352 3221 lapidem
375 3149 500 3222 portabat
523 3147 550 3203 iu
565 3163 612 3205 ore
629 3165 635 3204 :
652 3148 685 3205 de
705 3149 759 3205 alio
781 3164 854 3218 vero,
869 3153 942 3223 qnod
996 3153 1065 3210 ostio
1085 3149 1141 3208 oris
1168 3149 1250 3205 uestri
1278 3160 1352 3205 orate
1376 3149 1552 3218 familiariter,
1574 3155 1723 3224 humiliter,
1752 3159 1793 3214 la·

149 3240 260 3312 triginta
273 3254 358 3294 annos
381 3253 434 3293 uon
449 3237 536 3293 luerat
558 3236 664 3293 locutus
684 3238 840 3310 quidquam.
856 3240 941 3297 Vide·
995 3239 1186 3314 crymahiliter,
1208 3238 1339 3304 hilariter,
1369 3239 1496 3308 dulciter,
1522 3239 1682 3300 fiducialiter
1709 3262 1795 3318 spon·

148 3342 209 3383 mus
225 3330 322 3399 plnres,
338 3326 394 3400 qui,
409 3326 475 3382 dum
490 3326 516 3382 in
533 3326 665 3399 principio
680 3328 743 3385 boni
757 3330 900 3402 propositi,
915 3341 943 3388 et
996 3346 1057 3386 sum
1087 3340 1215 3392 vestrum,
1245 3342 1335 3400 regem
1369 3341 1501 3400 restrum,
1530 3337 1633 3400 patrem
1661 3343 1793 3404 restrum,

47 3478 51 3493 Ι
147 3418 235 3472 adbuc
254 3419 330 3489 qnasi
351 3416 431 3474 ricini
457 3425 542 3483 terrae,
569 3416 680 3489 pristina
699 3419 772 3474 ducti
795 3428 942 3478 consuetu·
995 3431 1023 3476 et
1050 3419 1257 3476 consolatorem.
1285 3415 1422 3471 Elt'undite
1459 3433 1549 3473 coram
1579 3421 1633 3488 illo,
1668 3424 1793 3479 omnium

148 3507 223 3576 diue,
251 3520 301 3563 nec
328 3505 503 3573 modestiam,
536 3521 586 3563 nec
613 3507 773 3578 paucitatem
800 3511 941 3566 uerborum
996 3511 1151 3582 inspectore
1172 3506 1304 3578 cordium,
1333 3506 1416 3563 corda
1444 3514 1548 3574 restre;
1578 3509 1793 3568 confabulemini

146 3595 254 3651 valeant
277 3596 432 3662 ohservare,
459 3609 577 3665 quornm
596 3595 678 3650 uerba
702 3595 876 3669 designantur
895 3614 943 3670 per
995 3615 1058 3656 curn
1072 3597 1117 3654 illo
1132 3598 1306 3653 recordantes
1320 3594 1403 3663 illius,
1422 3594 1552 3651 eilundite
1567 3614 1650 3670 super
1663 3614 1714 3656 vos
1728 3601 1793 3656 ani·

145 3682 274 3741 lolialilii
287 3683 364 3752 justa
386 3693 508 3738 terram:
535 3680 697 3753 procedente
715 3698 780 3741 vero
808 3695 940 3759 tempore,
996 3703 1054 3743 mas
1072 3696 1186 3752 uestras,
1213 3694 1240 3741 et
1267 3686 1383 3740 terrenis
1408 3687 1650 3759 corporalibusque
1675 3689 1792 3759 relictis,

143 3772 284 3845 gratiaque
296 3769 441 3828 accedente
459 3768 605 3825 secundum
622 3769 770 3840 proiectum
784 3789 864 3830 sunm
879 3791 941 3831 mo·
996 3775 1093 3849 pennis
1107 3773 1290 3846 spiritualibus
1304 3772 1440 3830 charitatis
1454 3774 1596 3832 elevamini
1613 3792 1619 3831 :
1636 3785 1663 3832 el
1679 3778 1793 3837 transite

146 3859 378 3927 deranturverba,
389 3857 555 3928 studentque
571 3858 731 3928 silentio,ita
745 3870 774 3917 ut
790 3866 941 3920 uonsolnm
995 3863 1123 3920 inlocum
1148 3860 1313 3918 tabernaculi
1336 3861 1502 3919 admirabilis
1521 3879 1608 3935 usque
1626 3865 1660 3920 ad
1675 3865 1791 3925 domum

144 3964 238 4025 prava,
254 3950 301 4004 sed
316 3949 395 4003 etiam
412 3946 498 4002 otiosa
511 3946 643 4004 devitent.
995 3952 1056 4018 Dei,
1078 3952 1124 4009 nbi
1139 3965 1193 4007 uon
1207 3951 1341 4025 corporis,
1365 3953 1412 4006 sed
1427 3952 1517 4007 cordis
1540 3953 1650 4008 auribus
1672 3956 1791 4015 audiatis

183 4042 228 4094 89.
253 4037 302 4094 cni
321 4043 412 4093 eutem
435 4036 567 4091 bonorum
591 4038 672 4092 statui
693 4039 791 4097 melius
814 4044 942 4114 competit
994 4058 1089 4100 rocem
1103 4039 1299 4108 exsultationis,
1316 4049 1343 4097 et
1361 4039 1537 4097 confessionis
1560 4056 1666 4114 sonum,
1688 4043 1790 4103 festum

144 4124 291 4198 disciplina
327 4133 354 4181 et
390 4123 510 4196 paucitas
536 4126 700 4198 verborum,
733 4144 812 4199 quam
841 4131 1069 4244 virgiuindiem
1090 4130 1262 4195 celebrantes,
1284 4128 1330 4185 nbi
1354 4129 1457 4184 interna
1471 4129 1655 4188 consolatione
1670 4131 1791 4206 reiectae,

145 4216 268 4274 Chrlslii
283 4216 360 4283 Nam,
377 4213 400 4269 si
415 4213 489 4268 omni
499 4213 601 4270 homini
615 4215 761 4273 christiano
774 4220 939 4291 praecipitur,
995 4220 1156 4293 quandoque
1170 4232 1231 4274 curu
1242 4217 1371 4274 articulus
1385 4220 1553 4290 tempestatis
1567 4229 1594 4276 et
1608 4223 1791 4296 necessitatis,

145 4313 176 4363 ot
189 4321 241 4363 nee
255 4303 459 4377 turpiloquium,
475 4318 525 4359 nec
540 4303 689 4361 scurrilitas
703 4308 833 4378 procedat
846 4325 878 4365 ex
893 4326 941 4368 ore
994 4307 1147 4366 tentationis
1165 4317 1192 4362 et
1207 4308 1295 4363 earnis
1318 4305 1465 4374 advenerit,
1489 4308 1609 4365 coelestis
1633 4310 1792 4372 relectionis

146 4409 253 4463 eorum,
269 4394 317 4449 sed
341 4393 429 4465 magis
452 4391 599 4467 gratiarnm
622 4394 690 4451 actio
710 4395 819 4468 (apte.
847 4414 875 4468 v,
891 4400 938 4472 l);
994 4396 1130 4454 recordari
1143 4395 1264 4468 possitis,
1275 4402 1302 4450 et
1315 4395 1403 4451 dicere
1416 4411 1422 4448 :
1437 4397 1529 4464 Quare
1539 4400 1630 4455 truta
1640 4415 1680 4467 es,
1691 4416 1791 4460 anama

146 4491 248 4558 quanto
268 4481 355 4554 magis
369 4482 459 4554 virgo,
471 4497 520 4537 suo
539 4481 655 4538 Domino
676 4484 831 4556 pudicitiam
840 4502 939 4544 conse-
993 4486 1078 4543 osca?
1092 4492 1121 4542 el
1135 4502 1221 4558 quare
1235 4485 1384 4541 conturbes
1399 4486 1468 4541 me?
1488 4489 1574 4559 Spera
1588 4492 1620 4544 irc
1633 4491 1701 4563 Deo,
1717 4507 1790 4567 quo·

145 4588 235 4637 crans,
250 4571 284 4627 ab
298 4571 340 4626 his
358 4571 484 4627 omnibus
497 4572 578 4628 debet
597 4572 765 4644 temporibus
779 4575 940 4637 abstinere?
993 4579 1073 4634 aiom
1092 4575 1182 4632 odltac
1197 4575 1348 4644 cortfilcdor
1361 4575 1414 4643 illi,
1429 4576 1559 4653 solutore
1573 4580 1673 4637 uultus
1690 4597 1746 4639 mer
1762 4588 1790 4639 ct

145 4657 198 4730 Qui
222 4675 297 4714 snam
320 4659 412 4731 procul
430 4659 513 4716 dubio
541 4660 699 4733 pudicitiam
727 4679 783 4721 non
808 4666 936 4739 violarit,
992 4667 1066 4723 Deua
1082 4679 1160 4720 meua
1175 4664 1261 4734 (Psol.
1276 4678 1342 4730 nort,
1357 4666 1395 4736 5).
1421 4666 1557 4722 Memores
1581 4675 1667 4726 estote
1694 4670 1790 4742 optimi

145 4755 220 4804 tento
231 4748 348 4817 majores
357 4748 437 4803 debet
447 4749 563 4804 Domino
575 4749 688 4806 reddere
698 4752 939 4822 gratiammactio·
992 4752 1101 4811 Domini
1115 4752 1175 4821 Dei,
1196 4752 1386 4807 memoramini
1401 4763 1430 4810 et
1444 4754 1622 4827 delectamini,
1641 4766 1668 4814 et
1681 4758 1789 4817 deliciet

144 4853 205 4906 nes,
219 4847 320 4908 quanto
334 4836 467 4906 majorem
477 4845 518 4892 est
531 4837 644 4911 qratiam
658 4850 831 4898 consecutus.
847 4845 938 4905 Bonos
992 4843 1102 4916 spiritus
1115 4839 1203 4898 carnis
1217 4847 1318 4897 vestrae
1329 4858 1336 4896 ε
1349 4851 1378 4898 ut
1393 4844 1489 4916 spiritu
1499 4844 1580 4918 illius,
1593 4846 1640 4920 qui
1652 4856 1789 4923 estsuper

144 4928 217 4983 enim
232 4923 353 4998 uirgines
371 4942 442 4996 esse,
458 4940 595 4982 summum
608 4927 709 4983 bonum
723 4935 775 4996 est,
791 4942 818 4988 et
833 4948 939 4993 summa
992 4932 1045 4988 mel
1059 4930 1154 4996 dulcis,
1179 4929 1347 5003 reficiamini,
1363 4943 1390 4988 et
1403 4933 1515 4991 discatis
1528 4934 1697 5007 vilipendere
1712 4947 1789 4993 exte·

144 5017 241 5090 gratia,
257 5014 320 5088 quia
347 5013 366 5069 ii
388 5014 439 5070 soli
467 5024 618 5087 sequuntur
645 5017 753 5092 rignum
776 5038 937 5098 quocunque
992 5023 1077 5077 riores
1091 5019 1294 5093 collocutiones,
1307 5023 1695 5095 postquaminteriorislssl
1708 5027 1787 5083 collo

141 5103 205 5163 ierit
220 5107 313 5179 (Apoc.
329 5119 389 5172 xta,
410 5105 449 5176 l).
463 5103 598 5175 Quantum
617 5123 682 5166 tero
699 5111 722 5165 is
740 5112 820 5168 etiam
835 5115 937 5170 amul·
991 5109 1109 5168 cationis
1122 5110 1291 5185 gustaveritis
1306 5113 1487 5170 dnlcedinem.
1506 5114 1625 5187 Oquem
1648 5117 1752 5173 honum
1762 5124 1788 5173 et

143 5192 283 5263 tiplicitate
308 5193 455 5267 uerborum
482 5192 580 5251 debeat
612 5197 766 5269 abstinere,
792 5200 854 5271 quis
883 5218 938 5259 non
990 5200 1364 5275 quamjucundnm‚oqnam
1379 5203 1786 5276 bonnmetjucundnmest,to·

141 5279 241 5347 tidem,
257 5298 316 5338 cnm
332 5283 480 5358 loquacitas
498 5287 587 5342 omnis
613 5287 647 5343 sit
661 5287 793 5345 indicium
819 5289 937 5364 impudi-
991 5307 1061 5364 cnm,
1081 5306 1098 5348 o
1119 5291 1273 5350 dulcissime
1291 5293 1366 5363 lesu,
1388 5295 1509 5351 habitare
1537 5295 1565 5350 io
1587 5311 1683 5364 unum,
1698 5305 1785 5356 tecum

142 5368 222 5437 citire,
238 5387 298 5444 que
312 5388 484 5449 nequaquam
507 5383 596 5448 potest
614 5376 695 5436 dmul
710 5393 769 5437 esso
783 5395 844 5439 cum
857 5380 936 5455 pudi-
991 5381 1120 5458 colloqui,
1129 5381 1176 5441 tibi
1186 5384 1308 5440 revelare
1318 5397 1426 5440 causam
1439 5384 1537 5442 animae
1551 5392 1662 5453 nostre,
1679 5392 1787 5462 tueque

142 5459 206 5520 cltia
227 5461 375 5537 virginalia
400 5465 581 5542 Loquacitatis
607 5483 673 5544 erqo
696 5469 795 5528 uitium
819 5471 936 5535 maxime
989 5472 1183 5536 consolationis
1200 5489 1332 5551 responso
1351 5474 1470 5551 perimi!
1485 5476 1509 5537 0
1524 5491 1606 5557 quam
1628 5477 1732 5536 bonnm
1746 5486 1790 5541 est
