3706 5962
145 146 214 208 1079
587 142 631 202 iu
645 140 782 204 uitauit
799 142 833 203 lli
847 141 998 206 condicto
1008 143 1151 205 lllllllillSl
1165 142 1261 207 cond.
1275 141 1392 204 stulto.
1731 142 1797 204 1⁰8⁰

145 283 290 339 acorpore
319 273 455 339 separata,
483 283 561 343 quam
575 285 592 326 a
605 276 651 326 tua
677 269 793 328 Domim
807 272 887 329 exsul
901 271 978 364 fag
993 270 1088 328 danim
1110 270 1229 330 miseriis
1247 270 1275 327 in
1293 270 1363 329 valle
1384 268 1563 342 lacrymarum
1590 283 1703 338 sumus,
1723 276 1797 328 tuun

145 364 187 415 cta
196 357 210 414 l
220 356 277 412 lieu
288 355 357 411 mihi
369 357 375 410 l
389 372 504 413 cursum
516 357 606 414 lutam
629 360 740 430 longum
754 360 880 417 exsilium
895 377 941 418 re-
995 361 1148 417 subsidium
1158 361 1334 432 postulantes.
1341 359 1413 437 Quid
1424 359 1538 428 amplius
1545 357 1718 415 dicamlnec
1728 358 1798 415 suli

147 444 267 516 legatus!
280 443 303 500 0
317 444 443 511 Domina,
457 446 522 504 dum
537 448 582 504 hic
597 463 701 514 sumus,
716 450 824 506 exsules
838 451 942 507 consti·
995 449 1049 516 cio,
1062 465 1112 506 nec
1126 449 1183 506 scio
1196 449 1287 506 omnia
1301 448 1471 506 detestabilia
1480 446 1561 520 hujus
1567 447 1651 503 vallis
1657 463 1797 506 enarrare

91 526 98 534 ’
147 542 282 600 tuasnos,
299 550 333 590 ne
348 534 393 590 bic
409 544 534 605 tanquam
549 536 862 607 inputriacouiidentes,
879 546 951 595 teet·
1000 544 1058 595 ·6.
1085 539 1163 595 allia
1185 554 1260 611 orgo,
1287 536 1419 594 advocata
1442 547 1577 593 nostra.»
1605 536 1630 593 0
1654 536 1799 594 laudabilis

148 633 223 680 tuum
232 621 329 679 Filium
344 638 466 694 quaererc
486 622 647 680 desistamus
663 643 670 680 :
687 626 822 682 sictamcn
846 630 945 684 consti·
986 627 1138 698 ¹clementia
1152 628 1308 698 salvatoris,
1320 626 1366 697 qui
1381 626 1420 683 sic
1431 625 1539 683 afflictis
1553 633 1610 680 tam
1625 625 1725 683 nobile
1741 627 1800 682 sub

148 723 207 770 tuas
220 709 371 767 exsulesin
387 725 513 783 corpore,
529 723 558 769 ut
576 728 686 784 semper
705 721 795 771 tecum
809 714 892 771 simus
905 715 943 770 ci·
996 717 1097 772 sidium
1109 717 1235 789 diguatus
1248 723 1290 771 est
1304 714 1412 789 elargiri
1425 713 1432 770 l
1449 713 1549 770 etideo
1565 729 1621 769 non
1640 721 1684 770 est
1699 715 1801 771 timen-

147 801 232 858 vesin
248 808 346 858 mente.
361 822 372 850 s
389 799 558 857 Filiilivae.»
574 801 711 859 VereFilii
726 805 805 872 Βιιες
821 803 942 876 superbi,
996 804 1140 878 dumquiu
1155 803 1309 861 miserearis
1329 803 1445 870 miseris,
1472 803 1506 858 ad
1528 801 1602 858 illam
1618 808 1730 876 partem
1759 803 1801 857 in·

148 891 368 961 praesumptuosi,
392 888 539 956 ambitiosi,
555 891 639 957 avari,
664 891 755 962 gulosi
769 899 795 949 et
810 894 941 960 carnales,
995 893 1101 950 clinans
1114 891 1272 948 sententiam
1283 905 1364 962 quam
1375 889 1511 956 defendis,
1527 896 1557 945 nt
1572 888 1653 945 nobis
1669 889 1801 946 exhibeas

148 979 349 1051 inobedientem
365 978 532 1046 etbreviter,
558 979 584 1034 in
603 980 730 1036 omnibus
745 981 834 1053 ipsam
860 981 944 1038 livam
997 981 1110 1054 gloriam
1124 997 1205 1053 quam
1221 978 1359 1052 peperisti.
1379 980 1440 1036 Non
1464 993 1531 1050 ergo
1548 986 1645 1046 restat,
1669 978 1799 1044 Domina,

150 1074 303 1140 sequentes,
319 1067 402 1139 proni
415 1084 507 1124 sumus
520 1068 675 1136 admalum,
691 1069 816 1127 difficiles
829 1085 897 1129 reru
910 1072 944 1125 ad
997 1070 1051 1126 nisi
1065 1076 1094 1125 ut
1119 1069 1182 1125 illos
1195 1067 1385 1124 misericordes
1408 1067 1505 1124 oculos
1520 1064 1556 1123 ad
1580 1081 1632 1123 uos
1646 1073 1800 1125 convertas.

150 1159 274 1215 bonum:
300 1165 326 1213 et
349 1158 375 1212 ai
399 1157 537 1231 contingat
565 1158 681 1231 aliquem
707 1157 792 1215 filium
811 1160 946 1216 bonorum
1002 1159 1078 1215 allia
1092 1172 1169 1231 ergo,
1198 1157 1326 1215 advocatu
1340 1155 1520 1226 nostra,illos
1534 1163 1596 1212 tuos
1610 1154 1801 1212 misericordes

151 1261 264 1316 operum
279 1261 421 1319 generare,
436 1260 498 1302 cum
511 1247 629 1318 quodam
645 1247 734 1304 cordis
748 1248 843 1304 dolore
857 1257 885 1304 et
898 1248 947 1304 tri·
999 1247 1093 1304 oculos
1111 1247 1144 1302 ad
1162 1260 1213 1303 uos
1227 1252 1364 1302 converte.
1381 1264 1392 1295 ι
1409 1244 1469 1301 Non
1489 1243 1658 1311 dubitamus,
1674 1244 1801 1312 Domina,

152 1334 226 1389 stitia
238 1334 413 1406 parturimus.
431 1335 482 1391 Sed
498 1334 601 1391 malurn
613 1351 676 1393 cum
697 1335 789 1392 laetitia
803 1342 946 1409 perpetra·
998 1336 1075 1409 quin,
1089 1335 1113 1391 si
1127 1341 1234 1391 nostras
1253 1333 1393 1406 aspexeris
1406 1331 1540 1397 miserias,
1558 1347 1614 1389 non
1630 1332 1733 1403 poterit
1757 1341 1800 1388 tua

151 1439 221 1490 mus,
239 1438 290 1480 nec
311 1423 389 1480 bouis
409 1421 547 1478 sufficiunt
579 1425 649 1480 mala
668 1433 762 1480 nostra
781 1425 852 1481 :sed
876 1427 946 1501 sicut
996 1424 1132 1481 miseratio
1155 1438 1236 1480 suum
1251 1423 1387 1478 retardare
1402 1419 1540 1477 ellectum.
1565 1421 1708 1476 llisabiles
1736 1437 1801 1477 neo·

151 1514 210 1580 ipsa
225 1511 291 1579 Eva,
307 1511 387 1569 itaet
411 1527 462 1567 nos
475 1511 544 1568 alios
563 1511 724 1569 inclinamus
737 1513 772 1568 ad
786 1513 901 1580 malum3
919 1520 947 1570 et
963 1554 985 1630 Β
1000 1530 1055 1571 non
1070 1522 1098 1569 et
1113 1511 1242 1569 amabiles
1267 1511 1306 1566 illi
1321 1518 1429 1567 tuorum
1449 1509 1516 1566 radii
1531 1511 1692 1577 oculorum,
1707 1508 1803 1582 quibus

151 1601 232 1657 eriam
246 1601 315 1657 sicut
326 1601 393 1674 ipsa,
409 1602 445 1657 ita
459 1609 486 1658 et
499 1618 550 1660 uos
562 1602 590 1658 iu
607 1602 758 1659 defectibus
772 1619 942 1671 excusamus,
1002 1619 1052 1660 nos
1060 1601 1144 1658 allicis
1157 1602 1191 1658 ad
1208 1614 1338 1670 amorem,
1358 1609 1386 1656 ct
1399 1599 1433 1654 ad
1448 1599 1557 1670 plenam
1571 1597 1649 1655 ducb
1671 1598 1801 1666 salutem,

151 1698 197 1745 sut
212 1691 315 1757 saltem,
329 1691 352 1746 si
367 1704 521 1760 possumus,
539 1692 567 1747 in
587 1690 654 1747 alios
669 1699 866 1764 retorquemus.
883 1691 946 1748 l’lns
999 1708 1033 1747 ne
1057 1697 1204 1748 venenatos
1232 1688 1326 1745 oculos
1357 1686 1476 1744 basilisci
1500 1687 1656 1744 timeamus.
1692 1687 1718 1742 0
1743 1686 1804 1743 lire

152 1779 224 1835 euim
245 1778 334 1851 placet
351 1779 430 1835 nobis
450 1782 478 1834 in
503 1779 587 1836 multo
610 1781 710 1836 sudore
727 1788 754 1835 et
776 1781 870 1836 labore
883 1781 946 1837 villa
999 1779 1071 1838 osuii
1084 1779 1208 1835 venenati
1224 1776 1230 1833 l
1247 1792 1297 1834 cur
1310 1774 1483 1834 nonoflertis
1506 1775 1657 1832 vosooulis
1668 1774 1802 1850 Virginis,

151 1868 388 1940 acquirers,quam
395 1868 539 1924 Dominam
553 1867 647 1940 gloriae
656 1868 813 1940 degustare,
825 1867 945 1941 etipsam
1000 1869 1023 1923 si
1037 1866 1117 1924 vultis
1127 1865 1272 1935 perfectam
1287 1865 1406 1938 recipere
1421 1864 1603 1921 medicinam?
1614 1879 1682 1920 nana
1693 1879 1805 1920 suorum

152 1954 297 2020 levissime,
317 1954 375 2011 imo
391 1955 545 2013 dulcissime
560 1956 712 2027 possidere.
728 1956 788 2012 Nisi
798 1956 869 2012 anim
884 1973 946 2024 uos,
999 1955 1109 2012 claritas
1125 1956 1264 2011 oculorum
1279 1956 1404 2012 tenebras
1418 1953 1540 2028 expellit,
1556 1952 1662 2028 effuget
1685 1962 1806 2011 mtervu

153 2045 278 2111 Domina,
293 2045 455 2114 adiuvisses,
470 2045 594 2103 fortassis
606 2047 660 2117 iam
677 2047 706 2102 in
719 2045 814 2104 inferni
838 2046 949 2119 profnu·
1000 2045 1164 2108 daemonum,
1187 2050 1286 2116 purgat
1312 2040 1380 2100 vitia
1399 2043 1536 2110 mentium,
1557 2043 1645 2099 corda
1664 2042 1806 2118 congelata

152 2135 265 2190 dissime
274 2134 453 2191 venissemus.
1000 2131 1136 2202 accendit,
1164 2136 1191 2186 et
1217 2132 1326 2188 demum
1355 2132 1392 2187 ad
1414 2131 1537 2188 coelestia
1563 2131 1656 2187 trabit.
1679 2130 1807 2204 Oquam

189 2225 216 2277 ὃ.
231 2223 288 2280 Nec
300 2231 342 2278 est
355 2223 427 2292 quod
438 2237 489 2278 nos
502 2222 589 2279 valeat
605 2208 744 2290 excuiare,
767 2223 882 2295 quinon
909 2227 947 2289 te,
1002 2220 1083 2288 beati,
1099 2234 1116 2276 o
1130 2219 1254 2288 Domina,
1274 2234 1346 2291 quos
1368 2219 1408 2275 tui
1420 2219 1536 2277 viderint
1559 2219 1653 2277 ocutil
1669 2220 1730 2276 llos
1742 2235 1808 2292 ergo

151 2312 293 2370 sedlivam
307 2312 333 2366 iu
348 2312 475 2367 omnibus
489 2311 634 2379 imitamur,
651 2327 683 2368 ac
694 2327 743 2384 per
757 2314 817 2381 hoc,
841 2333 852 2361 r
869 2312 910 2367 dd
923 2319 950 2369 te
1002 2308 1096 2366 oculos
1114 2308 1147 2363 ad
1162 2323 1221 2374 nos,
1238 2307 1363 2375 Domina,
1375 2316 1514 2365 converte.
1528 2329 1541 2360 ι
1557 2310 1590 2365 lit
1615 2309 1713 2365 lesum
1727 2309 1808 2365 bene·

152 2401 332 2472 suspiramus.
346 2420 358 2451 s
375 2399 552 2472 suspiramus
565 2407 656 2457 antem
677 2402 711 2458 de
725 2409 778 2459 tam
802 2402 880 2458 bonae
893 2402 948 2456 lla·
1001 2397 1102 2455 dictum
1116 2395 1234 2453 fructum
1249 2397 1352 2454 ventris
1375 2397 1415 2454 tui
1430 2397 1509 2453 uobis
1523 2404 1587 2469 post
1612 2397 1665 2454 boc
1679 2397 1808 2456 exsilium

151 2492 200 2546 tris
227 2489 356 2556 absentia,
382 2489 475 2545 venire
496 2490 530 2545 ad
560 2497 597 2557 te,
622 2489 749 2556 Domina,
775 2490 915 2562 cupientes
941 2504 948 2544 :
1003 2485 1205 2543 ostendero
1232 2492 1327 2543 venter
1352 2485 1495 2551 mirabilis,
1521 2485 1569 2559 qui
1592 2485 1685 2557 potuit
1709 2500 1806 2559 capere

157 2599 170 2631 ι
190 2579 358 2648 suspiremus
369 2576 403 2633 ad
418 2586 454 2645 te,
473 2598 485 2629 s
501 2578 593 2636 videre
609 2579 704 2635 Filium
719 2585 795 2635 tuum
819 2577 951 2634 affectan·
1003 2573 1184 2632 salvatorem!
1204 2583 1326 2632 aventer
1340 2574 1494 2642 laudabilis,
1514 2573 1562 2646 qni
1580 2574 1670 2644 putuit
1684 2575 1809 2646 recipere

153 2676 205 2724 tes.
223 2668 330 2724 Nimius
344 2683 410 2740 ergo
430 2683 516 2734 amor,
533 2683 587 2739 quo
603 2682 668 2738 erga
683 2675 708 2723 te
722 2682 814 2723 sumus
829 2663 952 2721 inebriati
1006 2660 1226 2734 Redemptoreml
1243 2677 1260 2718 ο
1275 2670 1370 2720 venter
1383 2661 1580 2729 desiderabilis,
1596 2677 1612 2718 e
1626 2676 1683 2734 quo
1697 2677 1810 2719 emane-

152 2755 328 2823 intrinsecus,
343 2757 418 2828 cogit
438 2770 488 2810 nos
501 2756 534 2810 ad
548 2755 721 2821 tc,Domina,
734 2750 956 2825 suspirareom-
1008 2752 1046 2808 uit
1061 2750 1229 2809 desiderium
1250 2751 1392 2824 mentium,
1421 2752 1569 2825 gratiarum
1586 2751 1698 2822 fluvius,
1713 2752 1811 2825 glorie

155 2845 237 2901 nibus
253 2861 282 2900 es
301 2844 435 2912 amabilis,
451 2844 578 2900 omnibus
604 2842 731 2911 allabilis,
752 2843 878 2900 omuibus
906 2844 956 2896 do·
973 2827 1164 2912 Gpraemiuml
1192 2848 1318 2898 ovanter
1336 2840 1459 2898 amabilis
1476 2848 1504 2897 et
1518 2841 1633 2897 dulcedo
1654 2841 1769 2910 amne,
1792 2855 1811 2897 o

154 2933 302 3000 lectabitis3
319 2935 400 2990 sedes
413 2933 564 3003 sapientiae,
573 2932 673 2990 fluvius
682 2932 843 3000 clementiae,
856 2931 949 2987 radius
1001 2929 1113 2984 clevatio
1128 2927 1268 2994 mentium,
1282 2928 1424 3003 inebriatio
1438 2928 1572 2996 cordium,
1587 2927 1690 2984 sanius
1707 2943 1813 2997 pecco·

153 3021 292 3077 Deitatis:
309 3029 407 3077 necess
421 3021 509 3092 quise
523 3021 697 3077 abscondata
710 3022 799 3078 calore
813 3018 949 3088 tuo.Quis
1004 3015 1109 3072 toruml
1126 3016 1241 3073 Fructus
1255 3027 1328 3083 tuus,
1344 3019 1471 3089 Domina,
1495 3018 1537 3073 bic
1549 3025 1617 3073 certe
1636 3022 1678 3071 est
1695 3013 1813 3074 fructus

154 3125 221 3181 crgo
234 3109 267 3163 sd
282 3116 317 3173 tc,
334 3109 458 3173 Domina,
470 3123 525 3164 non
540 3111 815 3180 suspirabittamore
829 3111 949 3184 suspira·
1001 3107 1124 3163 beatusa
1145 3105 1274 3178 principio
1289 3106 1330 3162 sui
1345 3115 1431 3163 ortus.
1462 3107 1511 3162 llio
1524 3106 1659 3162 estlesus
1672 3104 1729 3161 Dei
1747 3106 1808 3162 riri

155 3214 226 3263 mus,
242 3199 323 3253 ctiam
342 3206 370 3252 et
395 3196 501 3253 dolore.
517 3198 639 3270 Undique
660 3215 710 3256 nos
732 3199 864 3271 angustiae
884 3215 948 3269 pre-
1001 3194 1094 3252 lliliua.
1109 3195 1158 3251 liic
1171 3204 1211 3250 est
1225 3195 1344 3251 salvator
1357 3203 1450 3252 noster
1470 3194 1602 3252 Dominus
1616 3195 1704 3250 Deus.
1731 3195 1813 3252 llunc

154 3294 241 3343 inurit.
257 3285 400 3355 Qomodu
410 3301 475 3359 crgo
489 3286 524 3341 ad
545 3293 570 3343 te
586 3302 640 3344 uon
664 3287 857 3359 suspiremus?
877 3288 950 3344 sola-
1005 3283 1117 3341 ‹lesum
1130 3283 1299 3341 benedictum
1318 3283 1438 3340 fructum
1468 3283 1575 3342 ventris
1589 3282 1627 3339 tui
1641 3283 1726 3340 nobis
1739 3293 1813 3354 poss

153 3377 221 3434 tium
250 3376 422 3443 miserorum,
451 3377 587 3450 refugium
615 3378 799 3448 expulsorum,
830 3376 950 3434 liberatio
1003 3374 1055 3430 boc
1068 3373 1194 3430 exsilium
1212 3373 1333 3442 ostendo,
1351 3392 1363 3423 ι
1381 3383 1408 3429 ιιι
1434 3373 1557 3430 videndo
1575 3373 1664 3443 ipsum
1698 3371 1810 3428 babea-

153 3462 330 3535 captivorum,
351 3463 456 3536 Regina
470 3464 640 3531 bellatorum,
668 3464 787 3522 Domina
804 3464 950 3521 universo-
1003 3478 1079 3533 mus3
1103 3463 1193 3533 ipsum
1213 3462 1338 3529 ridendo,
1361 3461 1529 3519 beatitudine
1555 3462 1724 3533 repleamur.
1748 3482 1761 3514 ι
1786 3460 1811 3518 0

154 3568 223 3617 rum,
240 3553 319 3607 etiam
343 3551 523 3620 inimicorum,
544 3568 596 3609 nec
612 3560 655 3610 est
676 3553 723 3625 qui
745 3559 798 3610 tuae
820 3551 950 3611 votunusi
1003 3551 1133 3620 clemens,
1149 3566 1166 3607 o
1181 3550 1235 3622 pia,
1259 3551 1379 3607 odulcis
1399 3549 1534 3608 llarials
1559 3548 1727 3607 Oclemens
1740 3549 1813 3606 indi·

154 3641 374 3699 ualeatobviare.
389 3641 434 3698 Sic
442 3641 545 3709 afflicti,
557 3643 597 3699 sic
619 3642 710 3699 miseri
724 3642 759 3698 ad
779 3651 805 3698 te
827 3643 949 3714 suspira·
1003 3639 1139 3710 gentibus,
1154 3641 1199 3711 pia
1211 3639 1399 3707 exorantibus,
1414 3639 1503 3696 dulcis
1512 3639 1694 3711 diligentibus
1706 3637 1714 3692 l
1725 3655 1743 3696 o
1755 3638 1811 3694 ols-

155 3744 241 3783 mus:
274 3747 286 3780 s
314 3728 472 3796 Gementss,
495 3736 524 3786 et
536 3731 630 3787 flentes
652 3729 681 3785 in
694 3729 747 3786 hac
770 3730 949 3801 lacrymarum
1003 3727 1307 3798 mma-paenitentibus,
1332 3730 1377 3799 pia
1391 3727 1607 3799 proficientibus,
1636 3727 1729 3784 dulcis
1744 3741 1813 3784 con-

155 3815 237 3874 valle.
255 3838 267 3867 s
284 3819 353 3883 ileu,
369 3817 484 3874 Domina
501 3817 507 3874 l
524 3833 578 3874 non
593 3818 671 3875 vides
684 3818 758 3891 quod
773 3817 890 3874 totaliter
904 3832 951 3872 su·
1003 3816 1216 3887 temptantibus!
1242 3830 1259 3873 o
1277 3817 1397 3873 clemens
1415 3815 1568 3881 liberando,
1585 3815 1629 3885 pia
1653 3814 1809 3887 largiendo,

155 3921 217 3961 mus
235 3905 415 3962 amaritudine
428 3906 525 3976 pieni?
539 3907 615 3961 intus
628 3921 724 3962 sumus
736 3915 884 3979 gementes,
899 3922 951 3962 ex·
1004 3904 1090 3962 dulcis
1105 3914 1130 3961 tc
1145 3903 1286 3962 donandol
1303 3920 1319 3962 o
1335 3903 1652 3973 clemens-consolando,
1669 3905 1717 3974 pia
1732 3907 1811 3960 blan-

155 3993 239 4048 terius
261 3992 358 4049 flentes
385 3994 413 4048 in
430 3993 491 4051 loco
518 3995 670 4063 lacrymoso
690 3994 831 4066 jacentes:
847 3993 951 4050 ouerati
1004 3992 1114 4058 diendo,
1129 3992 1215 4049 dulcis
1234 3994 1399 4050 osculando!
1415 3995 1542 4050 Clemens
1557 4009 1587 4049 es
1601 3994 1752 4066 subjacus,
1767 3993 1812 4065 pia

155 4080 273 4155 pereatis
288 4080 430 4156 gemimus,
445 4081 585 4156 aggravati
599 4081 725 4137 molestiis
739 4080 845 4147 flemus,
861 4082 950 4137 abun·
1000 4083 1058 4153 jam
1073 4082 1219 4162 correctis,
1235 4083 1324 4142 dulcis
1338 4085 1510 4156 praedilectis.
1526 4085 1625 4141 Amen.

480 4430 533 4496 au
563 4428 722 4496 cunnum
749 4429 789 4495 m
815 4381 991 4494 εοιιειιιῡ
1004 4427 1175 4495 unumst
1192 4415 1481 4496 concanonicis

921 4561 1049 4622 SERMO.

158 4820 306 4883 mlius
315 4829 358 4882 cst
367 4825 519 4910 Berscrds‘,
525 4827 575 4884 cos·
583 4827 733 4912 superbum
744 4833 772 4886 ct
781 4829 908 4887 insulem
915 4827 1068 4915 videretur,
1076 4827 1218 4914 episcopos
1225 4832 1425 4959 uniuersosque
1444 4831 1581 4916 praelatos
1591 4832 1707 4902 fratros
1721 4834 1815 4908 appel·

192 4899 374 4971 luraqccam
384 4899 621 4969 msacsdsobotos,
632 4899 680 4955 cti
695 4900 739 4956 luc
752 4902 877 4971 fitncm.
891 4905 918 4957 3.
936 4902 1130 4975 Cuiuscunque
1146 4906 1196 4973 stt,
1207 4919 1244 4959 ex
1258 4904 1367 4960 Dmocr
1386 4907 1571 4963 scenicusbos
1589 4907 1670 4961 totos
1685 4910 1812 4973 cosam,

189 4984 286 5027 coram
300 4971 389 5044 Papa,
404 4971 520 5043 ejusque
532 4971 614 5042 jussas
626 4968 754 5041 babitus,
768 4988 806 5030 ec
820 4988 901 5032 acm.
917 4980 944 5028 t.

190 5228 217 5288 l.
232 5228 370 5289 Graseest
382 5228 456 5302 quod
467 5227 534 5285 mibi
547 5228 843 5302 iniungitur,videlicet
856 5236 887 5286 at
899 5231 949 5288 do·
963 5248 987 5326 ῃ
1003 5230 1250 5306 strumarum,
1270 5232 1309 5306 Ὀ.
1325 5232 1381 5290 Sed
1396 5231 1523 5304 praeoipit
1543 5230 1612 5288 mibi
1627 5232 1744 5306 lloyses
1761 5233 1812 5292 ists

154 5333 228 5375 ceam
257 5320 391 5387 doctores,
417 5320 549 5378 instruam
573 5328 683 5392 patres:
712 5321 864 5394 presertim
888 5337 948 5377 cum
1005 5324 1084 5394 cujus
1101 5339 1199 5378 manus
1213 5337 1311 5395 graves
1330 5330 1407 5390 suut;
1431 5321 1475 5378 cui
1488 5318 1675 5378 obediendum
1695 5331 1742 5379 est
1755 5336 1811 5379 non

154 5406 283 5477 scriptum
291 5409 336 5477 sit,
347 5411 493 5484 interroga
497 5415 592 5485 patres
604 5415 679 5476 locs,
692 5415 720 5467 et
731 5409 952 5469 caucasorum
1004 5411 1254 5484 salamanasser
1269 5411 1349 5469 etiarn
1364 5411 1399 5468 ab
1427 5410 1569 5470 omnibus.
1589 5410 1625 5468 lit
1639 5407 1705 5482 plus
1725 5426 1812 5486 quarn
