3706 5962
95 179 130 240 aa
345 246 351 253 ,
622 134 625 143 ’
742 168 934 243 ιιιιιιτιιι
951 176 1060 242 sumo
1078 177 1111 237 ι.
1719 181 1755 240 ιι

95 302 273 374 emigrat-ita
296 299 414 360 maculis
436 300 535 358 restris
561 315 568 358 :
592 301 649 373 iam
673 302 776 359 dimisit
789 304 898 362 domum
914 322 938 400 Α
955 303 1027 376 piam
1042 304 1071 359 in
1084 303 1137 361 hoc
1159 318 1264 378 genere
1279 301 1426 370 deductio,
1442 308 1469 358 et
1488 302 1612 361 arctioris
1625 312 1754 377 respectu

93 408 183 460 suam,
200 390 349 464 dereliquit
372 391 560 448 haereditatem
588 407 666 447 suam
695 393 763 464 fier.
787 409 837 459 nu,
858 396 897 466 t).
955 393 1006 448 alia
1020 400 1161 464 reputatur
1181 392 1269 450 latior.
1292 392 1335 447 hu
1358 406 1413 445 non
1437 389 1485 444 tibi
1508 391 1616 449 videtur
1637 393 1753 452 latitudo

39 469 41 473 ¹
94 482 222 554 Denique
237 481 303 538 facti
318 480 385 537 estis
400 482 478 553 quasi
494 481 632 552 tugurium
651 481 679 535 in
700 483 898 552 cucumerario,
953 480 1083 550 mandati,
1099 480 1146 537 uhi
1160 498 1241 540 nemo
1256 479 1425 552 compellitur
1436 479 1471 534 ad
1485 480 1691 552 perfectionem,
1703 483 1752 540 scd

93 572 175 644 quasi
190 571 288 627 civitas
303 587 364 643 quae
376 577 497 626 vastatur
508 573 572 640 (lac.
590 586 609 637 r,
627 572 666 642 8).
681 570 735 626 Sed
750 579 777 627 et
791 572 825 627 de
837 572 900 644 pla·
952 571 1067 626 infirmae
1086 587 1142 627 nou
1165 574 1247 630 modo
1270 569 1427 637 valetudini,
1453 569 1503 626 sad
1523 569 1602 625 etiam
1622 571 1752 629 voluntati

94 662 147 716 teis
162 660 342 715 nihilomiuus
357 658 467 732 legitur,
479 659 542 733 quia
557 660 668 716 comit
679 660 711 715 in
720 662 816 733 platea
831 661 902 717 veri-
953 658 1090 715 inferioris
1106 661 1208 732 gradus
1231 659 1397 733 permittitur
1415 658 1543 715 licentia?
1561 658 1669 715 Gratias
1692 661 1751 729 tibi,

96 752 142 805 tos
158 749 229 820 (lac.
246 763 306 812 uix,
319 748 375 818 ιι).
393 747 530 818 Siquidem
540 747 575 804 dc
589 746 717 803 Gentium
731 747 902 821 pbilosophis
953 747 1069 805 Domine
1087 748 1150 805 lesu
1165 750 1270 807 Christe
1288 748 1353 818 16,
1370 748 1442 822 quod
1462 749 1541 804 nobis
1561 748 1655 804 salutis
1668 762 1751 805 occa·

95 836 201 892 dictum
217 844 261 893 est
274 835 348 908 quod
361 835 502 892 veritatem
523 835 574 892 Dei
588 835 765 892 detinuerunt
778 836 807 892 in
821 852 900 893 men·
954 837 1046 893 siones
1068 854 1159 909 paras,
1180 840 1265 895 etita
1286 838 1391 911 vegetis
1415 845 1443 894 et
1466 837 1601 894 alacribus
1623 837 1752 909 proponis

95 926 178 982 dacio
190 926 283 1000 (hom.
294 941 314 993 1,
333 928 376 990 ts,
393 925 451 993 at).
467 926 511 979 hu
527 939 582 979 nou
597 923 644 980 tibi
655 923 764 980 videtur
776 941 900 1000 congrue
954 926 1107 994 consilium,
1122 934 1151 983 ιιι
1170 928 1251 983 etiarn
1273 927 1383 1000 aegrotis
1396 927 1525 999 disponas
1548 925 1709 996 remedium,
1723 934 1752 983 et

94 1013 186 1086 accipi
201 1015 229 1069 iu
247 1013 327 1079 vicis,
353 1011 438 1068 lsrael
459 1012 611 1068 secundum
630 1028 757 1078 carnem;
773 1014 901 1087 quoniam
953 1015 1039 1088 pigris
1052 1016 1195 1089 dispenses
1208 1033 1358 1074 ascensum.
1370 1017 1431 1073 Non
1446 1016 1527 1072 modo
1540 1015 1616 1073 vicos
1629 1015 1750 1073 districtc

94 1100 131 1158 de
146 1116 204 1158 uno
218 1108 301 1158 erant
314 1099 418 1157 semiue
432 1100 561 1168 Abrabae,
577 1107 605 1157 et
619 1100 647 1156 in
666 1118 750 1157 unum
766 1101 902 1175 compacti
953 1105 1101 1163 viventium
1125 1106 1209 1163 babet
1234 1107 1328 1166 civitas
1343 1115 1388 1164 tua
1406 1112 1499 1163 sancta
1521 1105 1681 1175 Jerusalem,
1700 1105 1751 1163 sod

95 1199 123 1246 et
145 1189 282 1247 coarctati
305 1188 398 1256 ritum,
423 1205 477 1245 uua
491 1189 553 1261 lege
573 1190 736 1246 constricti?
759 1190 902 1264 Sapientes
954 1193 1037 1250 etiam
1049 1194 1153 1266 plateas
1172 1196 1314 1252 humiliora
1327 1203 1355 1252 et
1373 1195 1496 1268 planiora
1508 1194 1689 1270 diligentium.
1707 1193 1751 1252 Sc

96 1287 192 1335 autem
212 1278 342 1335 Gentium
359 1279 422 1348 jure
446 1275 643 1333 adumbrantur
657 1278 685 1334 in
700 1278 811 1350 plateis;
833 1296 901 1351 quo·
954 1283 983 1339 iu
996 1284 1070 1339 omui
1082 1284 1252 1357 professione
1267 1295 1296 1343 et
1308 1285 1415 1354 ordine,
1431 1302 1492 1358 quae
1503 1300 1604 1357 sponsa
1622 1292 1674 1353 est,
1690 1285 1751 1354 ejus

97 1369 175 1424 uiam
197 1367 333 1425 effrenata
354 1366 479 1423 libertate
496 1374 525 1423 et
547 1366 663 1433 licentia,
684 1375 762 1423 extra
780 1367 901 1426 veritatis
955 1387 1035 1444 quem
1050 1381 1124 1430 caste
1139 1374 1235 1448 diligit,
1248 1375 1364 1446 vestigia
1381 1374 1488 1448 quaerit,
1504 1381 1639 1447 qualemn
1651 1373 1752 1429 habeat

98 1457 209 1530 evagati
224 1465 289 1512 suut
302 1455 448 1522 tramitem,
464 1455 499 1512 de
514 1456 655 1526 majestate
671 1455 762 1511 dirim
780 1456 902 1513 sentien·
955 1460 1134 1534 undecunque
1163 1470 1190 1519 et
1213 1464 1381 1535 operationis
1403 1463 1566 1536 exemplum,
1590 1471 1618 1520 et
1650 1460 1751 1517 amoris

98 1554 141 1602 tes
157 1554 185 1601 et
200 1553 354 1602 asserentes
368 1560 423 1619 uon
445 1544 535 1599 minus
550 1545 654 1600 absona
667 1544 802 1618 dignitati,
819 1561 902 1618 quam
955 1549 1120 1607 incendium.
1136 1551 1198 1608 Non
1212 1551 1377 1624 dedignatur
1391 1552 1425 1607 ab
1447 1552 1491 1606 bis
1513 1552 1594 1607 etiam
1616 1551 1663 1623 qui
1685 1549 1753 1607 foris

99 1633 264 1691 reluctantia
278 1633 396 1690 veritati.
420 1632 506 1689 Judaei
526 1638 686 1705 paupertate
704 1632 900 1708 intelligentias,
957 1645 1028 1708 sunt,
1044 1638 1092 1711 qui
1104 1637 1179 1693 nulla
1194 1639 1318 1695 arctioris
1333 1637 1483 1708 disciplinae
1502 1637 1598 1710 regula
1616 1636 1752 1694 constrin-

99 1721 178 1777 clrca
202 1720 298 1776 divinae
320 1719 538 1794 singularitatem
567 1721 706 1777 constricti
733 1722 900 1794 substantia,
918 1710 940 1789 Β
955 1734 1057 1798 guntur
1071 1726 1188 1781 mutuari
1202 1725 1310 1782 virtutis
1331 1726 1449 1797 insignia
1466 1740 1472 1780 τ
1488 1734 1619 1797 reputans
1641 1725 1753 1782 ferven-

99 1826 189 1882 usque
211 1810 245 1864 ad
260 1809 320 1864 Filii
334 1818 362 1865 et
383 1809 501 1880 Spiritus
516 1810 603 1867 sancti
622 1826 755 1882 personas
769 1828 825 1868 non
849 1828 901 1883 po·
956 1815 1054 1870 liorem
1068 1814 1107 1869 ibi
1129 1814 1287 1886 frequenter
1314 1813 1454 1882 affectum,
1471 1812 1518 1869 ubi
1538 1812 1652 1870 inferior
1673 1811 1755 1870 fucrit

100 1907 214 1955 tuerunt
228 1898 293 1954 fidei
311 1898 482 1954 incrementa
504 1897 628 1957 dilatare.
644 1899 771 1956 Gentium
785 1900 904 1972 philoso·
956 1903 1060 1960 ordinis
1073 1903 1184 1976 gradus.

100 1987 146 2058 phi
160 2004 215 2058 per
229 1987 341 2059 planum
365 1987 467 2057 diffusi,
488 1995 516 2042 et
536 1988 611 2043 nullo
629 1988 728 2045 diviuae
743 1989 903 2049 eruditionis
992 1996 1019 2049 5.
1035 1990 1106 2060 Quid
1130 1992 1253 2048 dicemus
1267 1991 1302 2047 de
1317 1991 1359 2047 his
1378 1990 1425 2064 qui
1442 2006 1576 2063 nusquam
1601 1989 1695 2045 santis
1713 2004 1757 2047 oo·

98 2077 177 2132 obice
197 2074 306 2146 tardati,
322 2076 437 2132 deorum
456 2075 624 2132 induxemnt
637 2077 860 2134 numerositatem
875 2080 903 2134 iu
957 2080 1081 2137 casiouas
1096 2089 1232 2154 quamnt,
1249 2081 1351 2152 ubique
1369 2088 1513 2136 causantes
1527 2085 1555 2136 et
1569 2077 1756 2135 remissionem

99 2164 219 2230 naturis,
236 2162 400 2220 infinitatem
422 2164 450 2220 iu
474 2165 611 2237 personis,
628 2166 776 2224 sentientes
788 2167 859 2224 iuter
874 2183 904 2226 se
956 2171 985 2226 iu
999 2169 1106 2241 plateis,
1123 2178 1151 2226 et
1163 2170 1193 2226 in
1206 2170 1272 2227 vicis
1286 2169 1528 2226 indiscretionem?
1542 2166 1668 2240 Denique
1687 2166 1757 2223 tales

100 2253 203 2326 singuli
219 2253 306 2319 varia,
321 2253 444 2310 universi
459 2269 538 2310 vana.
957 2258 1120 2326 multisunt,
1137 2258 1184 2331 qui
1198 2274 1294 2315 omnes
1308 2264 1513 2329 perscrutantur
1527 2255 1713 2327 professiones
1729 2261 1758 2312 at

135 2347 162 2398 3.
180 2342 238 2398 Sed
257 2359 319 2414 que
333 2343 388 2412 jam
403 2342 494 2398 anima
513 2343 539 2398 in
554 2342 614 2399 istis
638 2343 682 2402 vel
697 2344 763 2401 vicis
781 2344 825 2403 vel
843 2346 904 2417 pla·
957 2345 1080 2411 ordines,
1092 2346 1142 2401 sed
1156 2345 1184 2401 in
1199 2346 1240 2402 eis
1254 2346 1326 2402 nulla
1336 2345 1477 2403 inveniunt
1491 2361 1552 2416 quae
1562 2344 1623 2401 illos
1637 2346 1756 2411 trahant,

100 2431 150 2487 teis
178 2429 295 2503 inquirit
319 2432 467 2503 sponsum?
491 2432 650 2488 Concubiua
674 2441 724 2500 est,
741 2433 764 2488 si
783 2438 903 2504 quaest,
958 2434 1007 2489 sed
1022 2442 1118 2490 cuncta
1129 2435 1229 2507 quibus
1242 2435 1295 2508 ipsi
1310 2434 1464 2503 detrahant,
1476 2432 1674 2491 calumniantes
1684 2431 1758 2505 quod

104 2527 148 2573 ant
174 2519 314 2584 adultera,
341 2535 459 2589 quarum
491 2519 579 2575 altera
607 2522 816 2578 contubernium
842 2538 905 2593 curp
959 2522 1089 2577 districtio
1105 2523 1133 2576 in
1148 2523 1209 2578 aliis
1224 2523 1259 2578 sit
1273 2524 1366 2590 nimia,
1383 2523 1410 2576 in
1425 2522 1485 2578 aliis
1499 2519 1759 2579 nulla.lstorumdi·

103 2622 204 2679 sponso
228 2622 286 2662 nou
314 2607 397 2662 habet
428 2617 598 2679 perpetuum,
627 2609 714 2665 altera
737 2610 903 2666 malefidum.
959 2625 1023 2666 cere
1034 2618 1115 2675 est,et
1124 2609 1235 2681 quidem
1245 2609 1435 2682 quammisere
1446 2616 1498 2663 tam
1508 2610 1656 2666 vere:Non
1665 2607 1758 2666 inveni

101 2694 173 2763 Quid
188 2694 266 2751 euim
291 2693 329 2750 ibi
353 2705 466 2768 quaerat,
486 2695 534 2751 ubi
558 2704 632 2752 casta
652 2714 708 2754 non
726 2698 846 2754 occurrit
858 2715 905 2754 sa·
959 2697 1043 2753 illurn.
1058 2697 1162 2753 Pravus
1176 2705 1250 2753 certe
1265 2714 1372 2767 sensus,
1389 2706 1420 2752 ut
1434 2696 1508 2752 dicas
1526 2713 1532 2752 :
1548 2699 1620 2754 Ecce
1635 2698 1758 2754 Christus

101 2783 218 2856 pientia,
234 2782 285 2838 sed
303 2783 454 2855 peregrina
468 2792 495 2840 et
508 2785 688 2842 meretricia?
702 2786 773 2842 Talis
792 2788 840 2843 tibi
854 2787 904 2844 da·
960 2786 1004 2842 hic
1020 2792 1071 2856 est,
1087 2785 1141 2841 imo
1157 2801 1222 2843 ecce
1237 2786 1301 2844 illic.
1318 2786 1454 2843 Pessimus
1467 2801 1543 2852 vero,
1559 2786 1582 2841 si
1597 2787 1670 2843 dicas
1682 2800 1688 2840 :
1701 2786 1758 2844 Nec

100 2871 227 2946 pingitur
242 2872 269 2926 in
279 2871 449 2940 Proverbiis,
464 2887 612 2930 occurrens
626 2875 737 2932 vecordi
750 2876 844 2945 juveni
859 2874 907 2932 ubi
960 2874 1013 2941 hic,
1025 2890 1077 2930 nec
1087 2874 1151 2931 illic.
1164 2874 1314 2948 Utrobique
1325 2874 1423 2947 quaerit
1433 2890 1543 2945 sponsa,
1554 2883 1582 2931 et
1593 2875 1645 2942 hic,
1656 2884 1684 2931 et
1693 2874 1756 2932 illio.

101 2961 204 3017 transit
225 2960 253 3014 in
276 2961 366 3031 platea
393 2977 478 3033 prope
501 2963 643 3038 angulum,
662 2964 906 3036 advesperascente
964 2965 1094 3033 Quarum
1106 2981 1159 3036 per
1174 2966 1248 3020 vicos
1262 2969 1290 3022 et
1309 2964 1431 3037 pluteus,
1447 2981 1530 3037 quem
1548 2963 1644 3038 diligit
1658 2963 1759 3020 anicia

101 3051 159 3117 die,
181 3049 211 3104 in
226 3050 311 3106 noctis
334 3051 456 3106 tenebris
482 3060 509 3107 et
532 3052 660 3125 caligine,
684 3054 783 3110 mulier
806 3063 904 3111 ornatu
961 3068 1034 3109 mcc.
1050 3054 1102 3109 Per
1115 3052 1191 3110 vicos
1205 3052 1400 3109 districtionem
1414 3052 1517 3124 accipe,
1533 3069 1583 3125 per
1595 3053 1707 3125 pluteos
1721 3051 1760 3108 di·

102 3137 270 3203 meretricio,
286 3148 440 3211 preparata
453 3139 489 3194 ad
503 3140 651 3213 capiendas
668 3143 783 3210 animas,
795 3143 905 3215 garrula
923 3102 944 3180 c
961 3140 1173 3210 sponsationem.
1188 3142 1318 3197 Neutram
1343 3141 1371 3195 in
1396 3140 1524 3196 ministris
1544 3140 1675 3196 Ecclesiae
1693 3138 1759 3195 sini·

103 3238 133 3287 et
153 3245 238 3302 raga3
264 3244 338 3285 nuuc
362 3229 438 3298 foris,
462 3246 535 3286 nunc
559 3229 588 3285 in
606 3230 716 3303 plateis,
740 3249 813 3290 nunc
830 3233 906 3303 juxta
960 3236 1017 3286 stre
1040 3229 1239 3301 interpreteris.
1270 3231 1419 3303 Utramque
1447 3230 1572 3286 Ecclesia
1598 3228 1703 3300 recipit,
1730 3228 1759 3284 in

105 3317 223 3390 angulos
236 3316 370 3373 insidians
394 3317 487 3389 (Pron.
510 3334 558 3388 vn,
574 3321 614 3390 ι).
639 3320 770 3392 Suspecta
784 3327 826 3377 cst
841 3320 907 3377 mihi
961 3326 1077 3391 utroque
1091 3334 1193 3390 sponsa
1208 3319 1306 3392 quaerit
1319 3319 1468 3377 Christum.
1480 3318 1543 3374 Noli
1557 3317 1584 3372 iu
1599 3318 1685 3372 altero
1699 3325 1760 3373 tau·

107 3406 167 3462 talis
181 3406 282 3478 platea,
302 3406 331 3461 iu
346 3422 400 3480 qua
413 3407 512 3464 mulier
535 3413 590 3462 tam
609 3408 684 3465 varia
701 3415 730 3465 et
742 3408 906 3480 versipellis,
962 3414 1033 3475 tum;
1045 3408 1074 3463 in
1088 3413 1205 3481 utroque
1220 3409 1356 3464 Christum
1371 3423 1474 3481 quaere.
1488 3405 1560 3462 llicis
1574 3406 1677 3477 plateas
1690 3405 1718 3459 in
1733 3411 1760 3460 ta

106 3495 303 3552 blanditiarum
330 3509 443 3551 suarum
464 3495 578 3552 iusidias
600 3497 712 3553 vecordi
736 3496 907 3553 machinatur
961 3496 1021 3567 ipso
1036 3498 1183 3568 conjunge.
1199 3495 1305 3564 Quaeris
1325 3493 1480 3567 quomodo?
1496 3494 1524 3547 Si
1540 3501 1565 3549 te
1584 3500 1705 3548 coarctat
1717 3491 1759 3547 al·

105 3582 215 3654 juveni.
227 3582 325 3639 Nescio
341 3583 416 3640 enim
435 3583 499 3657 quid
514 3585 663 3641 obscurum
677 3590 706 3640 et
724 3583 867 3640 distortum
881 3591 908 3641 et
961 3584 1055 3650 flictio,
1083 3590 1130 3639 aut
1153 3583 1305 3641 voluntarie
1326 3590 1464 3654 suscepta,
1486 3586 1532 3636 aut
1555 3580 1687 3637 violenter
1705 3579 1759 3636 im-

104 3672 229 3728 fucatum
237 3671 304 3727 mihi
318 3669 453 3746 siguificat
475 3688 539 3741 nox,
555 3681 584 3729 et
606 3672 733 3746 angulus,
750 3680 777 3729 et
795 3679 908 3729 omatus
963 3680 1055 3744 pacta;
1072 3671 1145 3727 intus
1165 3672 1192 3727 in
1219 3671 1301 3729 corde
1320 3670 1420 3744 gaudio
1443 3669 1557 3726 dilatare
1575 3668 1716 3741 spirituali,
1733 3674 1762 3724 ot

104 3760 291 3817 meretricius.
308 3762 441 3832 Suspecta
455 3769 496 3817 est
521 3761 587 3818 mibi
606 3761 696 3818 omnis
709 3761 843 3829 doctrina,
862 3769 909 3818 aut
961 3765 1018 3834 jam
1046 3761 1110 3818 vicis
1137 3762 1241 3833 plateas
1272 3761 1416 3832 copulasti.
1445 3761 1542 3816 Nonne
1570 3758 1618 3814 tibi
1653 3757 1761 3816 videtur

103 3856 183 3906 certe
196 3850 337 3921 despecta,
354 3866 415 3922 quae
428 3850 530 3906 nullam
541 3850 644 3907 inducit
659 3851 693 3907 de
707 3851 813 3907 Christo
828 3866 908 3906 men·
962 3862 1108 3924 utrumque
1130 3859 1234 3920 tenere,
1250 3851 1296 3923 qui
1311 3851 1339 3905 in
1354 3848 1528 3905 tribulatione
1552 3848 1694 3904 dilatatum
1709 3845 1761 3903 sibi

104 3939 209 3995 tionem
226 3953 308 4011 :quae
322 3940 383 4008 ejus
397 3955 440 3994 me
459 3955 511 3996 nco
524 3940 700 3996 sacramentis
716 3947 837 4010 renovat,
858 3953 909 3996 nac
962 3941 1090 3997 laetaturf
1106 3942 1192 4011 (Paci.
1205 3956 1248 4010 tr,
1263 3939 1304 4013 2.)
1319 3938 1465 4010 Apostolus
1479 3938 1508 3993 iu
1523 3947 1597 3995 arcto
1612 3936 1760 3996 tribulatio

101 4027 251 4100 praeceptis
268 4026 405 4097 informat,
429 4044 480 4085 uec
503 4029 643 4101 promissis
661 4029 823 4085 inflammat.
839 4030 909 4084 Nam
963 4030 1005 4086 uis
1019 4030 1165 4102 quamdam
1188 4028 1357 4085 latitudinem
1380 4029 1492 4100 optabat
1512 4026 1565 4083 illis
1581 4027 1678 4100 quibus
1699 4026 1759 4085 ait:

103 4117 192 4173 iudai
207 4117 320 4190 quidem
336 4118 439 4173 habeut
452 4119 480 4174 iu
494 4119 595 4194 pagiua
609 4119 694 4190 illum,
710 4119 758 4174 sed
773 4119 801 4173 in
819 4118 909 4173 inter·
963 4113 1760 4192 Spepccdentcsintrtbalcticrtcpaticctcs(flammasti.

107 4205 263 4276 pretatione
275 4221 330 4261 non
341 4206 452 4264 babent.
467 4205 566 4263 Adhuc
576 4207 650 4263 enirn
659 4206 786 4263 velamen
799 4213 841 4262 est
854 4220 910 4260 rna·
963 4207 1088 4280 Denique
1111 4208 1146 4262 ad
1160 4223 1238 4279 spem
1259 4206 1374 4263 latitudo
1398 4205 1518 4261 refertur
1533 4221 1540 4260 :
1557 4205 1701 4270 Habentes,
1716 4203 1761 4261 iu·

107 4292 153 4365 gis
165 4294 193 4347 in
208 4309 307 4349 eorum
329 4301 422 4350 mente
438 4310 520 4367 quam
543 4294 613 4367 lege.
633 4296 692 4352 Nec
711 4295 784 4351 enirn
808 4293 911 4349 auferri
964 4297 1031 4369 quit,
1044 4300 1142 4354 tuntas
1151 4297 1362 4370 promissiones,
1374 4292 1547 4362 charissimi,
1559 4293 1763 4351 dilataminict

104 4390 209 4454 potest,
224 4382 277 4438 nisi
291 4399 354 4439 cum
373 4385 498 4440 conversi
521 4384 621 4440 fuerint
635 4385 670 4440 ad
684 4383 839 4441 Dominum.
855 4383 910 4440 Su·
963 4402 1010 4443 vos
1025 4385 1065 4459 (ff
1078 4387 1139 4443 Cor.
1159 4401 1199 4456 vr,
1217 4384 1272 4458 13).
1289 4384 1411 4456 Augusta
1430 4389 1472 4440 est
1495 4383 1574 4439 nobis
1588 4379 1762 4453 inpraesenti

105 4477 205 4542 specta
228 4478 270 4527 est
293 4471 359 4527 mihi
385 4480 440 4528 tam
460 4473 489 4527 in
512 4473 612 4529 divinis
636 4473 764 4529 sensibus
787 4488 867 4545 quam
880 4471 909 4527 iu
925 4493 948 4572 n
966 4489 1020 4542 res,
1034 4489 1097 4546 spes
1112 4488 1177 4530 vero
1190 4473 1255 4528 lata.
1268 4473 1351 4528 hrota
1365 4470 1512 4542 possessio,
1524 4469 1692 4541 exspectatio
1705 4466 1762 4539 qui·

106 4560 235 4615 humanis
263 4561 359 4616 usibus
374 4561 454 4617 unius
478 4561 598 4631 licentia,
627 4560 738 4618 alterius
761 4560 907 4628 restrictio,
965 4562 1026 4618 dem
1040 4561 1187 4634 profusior.
1198 4563 1272 4633 Ergo
1282 4559 1317 4613 ad
1330 4558 1500 4613 latitudinem
1515 4556 1573 4628 spei
1582 4555 1686 4627 plateas
1696 4555 1762 4613 istas

106 4648 257 4705 obstinatio
273 4650 414 4722 utriusque
430 4667 437 4708 ε
453 4651 533 4706 nnius
552 4651 581 4705 in
595 4650 688 4707 diviua
702 4658 799 4705 natura
812 4665 910 4706 uume-
964 4652 1077 4708 referto.
1104 4651 1156 4723 Spe
1178 4649 1333 4721 gaudentes
1359 4644 1505 4717 Apostolus
1527 4644 1601 4703 ‹licia
1627 4644 1763 4716 Propheta

107 4736 221 4806 rositas,
255 4737 368 4794 alterius
398 4738 581 4811 siugrdaritas,
618 4739 762 4811 utriusque
791 4738 909 4796 caecitas.
963 4753 1028 4797 vero
1045 4757 1052 4796 :
1069 4734 1763 4810 natacreplebunturptateoetaaectnrataccn·

108 4826 174 4880 ldeo
201 4841 308 4898 sponsae
332 4843 388 4882 non
412 4827 534 4883 dederim
559 4828 585 4882 iu
600 4827 660 4883 istis
675 4827 742 4885 vicis
767 4835 793 4883 et
812 4824 910 4898 plateis
966 4831 1038 4886 tium
1051 4828 1149 4901 (chh.
1167 4842 1228 4898 vin,
1244 4826 1282 4899 ὃ).
1304 4825 1387 4883 Vides
1405 4825 1543 4897 quomodo
1558 4825 1609 4881 sibi
1623 4827 1657 4881 dc
1672 4831 1764 4896 spect

111 4929 234 4984 querere
248 4915 388 4972 dilectum.
408 4915 484 4972 Alios
505 4916 543 4972 illi
559 4916 729 4990 assignemus
744 4916 828 4985 vicos,
846 4914 912 4971 alias
964 4916 1062 4988 plateis
1088 4915 1209 4973 sentiunt
1234 4930 1355 4972 consona
1381 4914 1529 4987 Apostolus
1556 4920 1583 4971 et
1609 4912 1762 4985 Propheta?

108 5001 226 5076 plateas,
251 5021 333 5077 quarn
357 5004 410 5060 sibi
429 5005 552 5062 Christus
576 5005 752 5079 desponsavit
766 5004 794 5060 in
808 5003 862 5060 fide
885 5008 912 5059 et
965 5007 1084 5074 Uterque
1104 5004 1176 5060 enim
1195 5003 1325 5075 gaudium
1339 5002 1468 5076 assignat.

107 5092 236 5152 veritate.
1002 5097 1028 5149 6.
1044 5092 1130 5148 Simul
1146 5093 1226 5149 etiam
1241 5093 1293 5149 hoc
1316 5090 1513 5149 advertendum
1532 5091 1608 5161 juxta
1621 5087 1703 5145 aliam
1717 5090 1762 5146 di·

147 5184 174 5237 ι.
189 5183 224 5239 ιιι
237 5184 351 5257 quidem
364 5185 475 5258 gemina
489 5186 613 5258 quaedam
627 5193 670 5242 est
687 5182 862 5241 conversatio
877 5181 912 5237 ti·
965 5180 1149 5250 stinctiouem,
1166 5180 1239 5253 quod
1255 5180 1336 5236 etiam
1357 5180 1385 5234 in
1400 5179 1466 5236 vicis
1481 5175 1585 5233 mansio
1605 5185 1647 5234 est
1662 5178 1697 5233 ad
1711 5178 1763 5236 do·

105 5270 222 5328 delitun.
236 5274 289 5332 Alii
309 5275 396 5330 latam
413 5283 554 5331 sectantur
575 5275 671 5334 riam:
692 5274 738 5330 ulii
753 5273 913 5330 arctissimae
966 5270 1097 5327 mesticas
1110 5269 1265 5326 utilitates:
1286 5268 1315 5322 in
1337 5266 1444 5338 plateis,
1461 5264 1570 5321 feriatio
1589 5266 1714 5340 quaedam
1727 5265 1764 5323 ad

106 5375 142 5416 se
162 5362 270 5418 tradunt
284 5362 445 5435 disciplima.
461 5364 529 5420 Nam
544 5364 597 5421 etsi
611 5362 749 5431 scribitur,
765 5363 852 5420 Arcto
865 5359 913 5416 cic
966 5359 1174 5432 iucunditatem.
1188 5358 1219 5413 lu
1233 5354 1332 5429 plateis
1345 5354 1420 5411 enim
1430 5354 1532 5412 chorus
1547 5359 1591 5413 est
1604 5365 1632 5412 et
1645 5371 1765 5415 conveu-

106 5449 263 5523 praeducit
273 5451 310 5512 ad
321 5453 413 5508 citam
426 5453 539 5526 (llattlt.
550 5469 579 5524 v,
596 5456 640 5525 tt)
655 5469 662 5509 :
679 5460 723 5511 est
737 5460 828 5508 umen
839 5465 913 5525 quae-
968 5457 1012 5507 tna
1036 5447 1200 5513 ludentium.
1212 5446 1284 5522 Ergo
1306 5442 1457 5502 vacationis
1480 5452 1509 5502 et
1530 5442 1631 5504 laetitiae
1652 5460 1718 5504 usus
1733 5443 1764 5507 ia
