3706 5962
152 191 214 279 ,aaa
881 206 883 208 ·
928 191 1040 257 nauhu
1758 185 1809 249 ⁹⁰⁰

158 319 225 374 Nam
240 331 335 371 servus
356 313 445 371 sciens
460 317 624 372 voluntatem
650 316 757 372 Domini
778 317 830 383 sui,
853 327 882 374 at
900 333 953 373 non
971 336 995 414 ss
1016 334 1071 374 nou
1086 315 1149 389 quia
1164 316 1191 371 in
1206 317 1292 373 veteri
1305 314 1474 372 Testamento
1489 330 1540 369 noa
1556 314 1591 368 sit
1601 314 1747 384 scriptum,
1763 317 1809 371 Di·

66 420 67 424 ¹
155 403 269 472 taciens,
286 403 375 475 plagis
389 404 527 476 vapulabit
543 405 634 461 multis
649 404 728 477 (Luc.
749 421 797 474 xit,
814 407 860 479 ll)
880 425 887 465 ε
905 425 950 480 qur
1016 407 1084 478 liges
1099 407 1251 461 Dominum
1261 406 1350 460 Deum
1364 408 1447 459 icum
1461 404 1553 473 (Dect.
1570 416 1609 468 vt,
1626 403 1667 472 5).
1685 399 1760 471 Quid
1772 409 1811 456 est

159 505 248 548 autem
261 492 363 558 iecerit,
380 492 481 549 divitiis
499 505 526 549 et
549 493 699 549 honoribus
710 493 836 550 ditabitur
853 496 952 562 multis,
1007 510 1074 570 ergo
1089 493 1416 564 somniantiumque
1431 500 1523 547 vetera
1541 492 1575 546 ad
1587 492 1734 546 novitatem
1747 509 1810 561 per-

156 584 231 653 juxta
260 583 332 654 quod
360 585 490 639 Dominus
514 583 636 639 omnium
659 585 696 638 ait
724 587 863 658 discipulis
887 588 953 655 suis,
1008 583 1091 649 ducit,
1107 591 1133 637 et
1148 590 1251 637 veteres
1260 581 1383 637 homines
1395 580 1568 636 transformat
1578 579 1607 633 in
1615 580 1748 649 juvenes.
1758 581 1810 638 ll'o·

159 670 953 746 uentircrtdspisecerirtspnoeepproectptocolis(toan.
1008 667 1810 743 numquisexuitvcteaemhorrinem,etinduitnovom,qui

157 777 202 828 xa,
221 761 274 829 li).
287 759 381 814 Dulcis
395 759 527 815 Dominus
540 761 619 816 dulce
637 762 789 817 mandatum
803 763 954 834 proposuit.
1008 760 1156 816 secundum
1172 761 1260 816 Deum
1275 767 1383 814 creatus
1397 767 1437 812 est
1458 759 1485 812 iu
1509 758 1649 813 sanctitate
1663 768 1691 813 et
1707 759 1811 829 justitia

158 847 500 905 discriminantem
525 866 628 905 nouum
648 851 681 906 do
704 851 786 919 nobb,
803 856 838 907 ul·
856 851 956 922 dilipu-
1008 848 1256 915 verltnttstcotnss.
1278 847 1323 916 lll,
1344 850 1369 914 9,
1394 851 1479 913 thet
1498 847 1650 917 EpheslV,
1678 849 1738 917 Di).
1756 849 1810 903 Νο-

162 939 199 994 tis
215 939 336 995 inuicem
346 937 423 993 sicut
438 938 529 994 dilexi
543 956 602 996 vos.
622 939 775 994 Mandatum
794 939 873 994 nobis
888 956 955 1011 pro·
1010 953 1087 1005 nana,
1104 937 1165 1005 quia
1180 936 1244 991 olim
1257 952 1344 1010 genus
1365 937 1523 1005 humanum,
1538 952 1553 990 a
1568 937 1686 1006 paradisi
1703 936 1811 1009 gaudiis

163 1025 238 1099 ponit
253 1025 364 1094 amoris,
380 1027 427 1096 qui
442 1026 533 1082 dilexit
560 1044 619 1093 nos,
638 1035 664 1083 ct
679 1028 739 1085 lavit
754 1045 832 1084 nasa
854 1043 955 1099 pccca-
1010 1026 1162 1096 expulsum,
1188 1041 1259 1082 nnnc
1278 1033 1305 1080 et
1331 1023 1451 1096 quotidie
1476 1025 1632 1080 transmittit
1646 1025 1674 1078 iu
1698 1023 1809 1080 carlum.

161 1114 197 1170 tis
210 1115 347 1171 nostrisiu
363 1115 493 1186 sanguiue
512 1131 575 1171 suo.
590 1113 673 1172 titt
692 1115 826 1173 Obonum
844 1120 957 1173 rnanda-
1008 1113 1216 1184 sedquoniam
1232 1113 1310 1169 multi
1325 1128 1354 1167 se
1367 1112 1483 1184 diligunt
1508 1128 1542 1168 ea
1565 1113 1723 1180 dilectione,
1749 1131 1810 1186 que

160 1211 228 1274 tum,
244 1207 401 1258 mandatum
421 1202 509 1273 dulce,
526 1205 683 1260 mandatnm
698 1204 865 1272 delectabile,
881 1222 956 1262 man·
1010 1201 1116 1258 tramite
1129 1202 1251 1258 veritatis
1264 1217 1317 1260 non
1332 1202 1451 1274 gaudet3
1467 1202 1529 1257 ideo
1560 1201 1720 1271 adjunctum
1744 1211 1806 1258 cst:

161 1291 255 1347 datam
272 1291 343 1359 vitae,
359 1296 514 1347 mandatum
530 1291 622 1348 salutis
636 1293 757 1349 aetcrnael
775 1294 805 1349 ln
820 1297 870 1351 isto
885 1311 958 1349 mau-
1011 1291 1086 1347 sicut
1097 1289 1251 1349 dilaniatos.
1267 1291 1338 1346 Inter
1352 1305 1469 1345 amorem
1479 1297 1506 1345 et
1520 1289 1679 1346 charitatem
1695 1290 1755 1345 talis
1769 1302 1809 1346 ast

161 1380 223 1435 dato
238 1379 326 1435 ortruis
340 1381 383 1434 lex
398 1379 499 1452 pandet
523 1389 549 1435 ct
576 1381 727 1452 Propheta.
748 1382 803 1438 iloc
826 1388 867 1437 cst
891 1379 957 1436 illud
1012 1376 1175 1445 differentia,
1191 1379 1278 1450 qualis
1292 1380 1360 1433 inter
1375 1394 1462 1450 genus
1482 1387 1509 1434 at
1523 1380 1653 1450 speciem.
1684 1379 1733 1433 Est
1752 1380 1809 1449 qui-

161 1485 243 1524 ununr
267 1469 434 1539 mandatum,
455 1469 489 1525 de
509 1486 563 1542 quo
577 1469 680 1526 dictum
699 1477 739 1526 cst
756 1485 762 1525 :
787 1471 839 1540 Qui
862 1471 959 1527 amaria
1012 1467 1074 1522 dam
1085 1469 1268 1537 amorbonus,
1285 1474 1311 1521 et
1326 1474 1366 1521 est
1379 1466 1488 1539 quidam
1499 1482 1573 1523 amor
1585 1468 1721 1534 trralus,et
1735 1484 1810 1522 arnor

160 1557 300 1616 mendcio
313 1561 487 1630 sanaverit,
515 1559 643 1632 offendat
670 1564 767 1617 cutem
785 1559 817 1614 iar
840 1577 907 1631 arro,
931 1559 958 1613 itl
1013 1555 1168 1612 mediocris⁴
1190 1558 1273 1611 Amor
1284 1555 1371 1610 bontas
1383 1554 1442 1626 ipsa
1456 1555 1569 1611 charitas
1584 1565 1634 1622 est,
1651 1572 1705 1626 qna
1719 1555 1809 1628 diligi-

160 1656 201 1703 cst
215 1648 242 1703 in
258 1648 397 1715 charitate,
414 1650 510 1719 factus
525 1652 568 1706 eti
582 1647 711 1705 omnium
730 1664 795 1705 reus
809 1647 959 1720 (locatim,
1014 1661 1074 1699 ritus
1089 1645 1234 1700 Dominum
1247 1660 1328 1715 super
1341 1658 1401 1714 nos,
1422 1653 1448 1700 ot
1462 1659 1545 1716 super
1559 1660 1640 1699 omne
1655 1648 1727 1714 quod
1758 1654 1808 1708 est,

162 1736 219 1807 to).
236 1735 314 1791 Unde
326 1735 473 1806 Apostolus
480 1736 644 1792 enumeratis
658 1735 784 1808 gradihus
799 1734 960 1808 quibusdan
1014 1742 1040 1788 ct
1054 1732 1207 1799 proximum
1220 1742 1342 1790 nostrum
1358 1741 1483 1805 anquam
1507 1734 1701 1805 nosmetipsos.
1723 1733 1811 1790 Amor

161 1826 301 1892 virtutum,
330 1824 363 1878 dc
391 1824 522 1881 charitate
546 1823 668 1894 protinus
694 1824 798 1878 addidit
826 1824 922 1879 dicens
951 1840 957 1876 :
1014 1820 1099 1876 nialus
1111 1829 1153 1877 est
1166 1822 1303 1877 charitatis
1317 1820 1454 1892 inimicus,
1479 1831 1508 1876 ut
1537 1831 1600 1895 puta
1614 1838 1757 1893 coenosus,
1773 1823 1811 1880 lu·

164 1909 342 1967 crantorem
357 1914 454 1968 autern
468 1926 527 1966 aton
537 1909 747 1982 lechecmpriht'l
760 1909 834 1968 mihi
844 1911 959 1985 prodest
1013 1909 1104 1966 bricus
1115 1918 1141 1966 et
1167 1910 1336 1967 fornicarius.
1362 1911 1408 1967 lsti
1424 1926 1530 1967 amores
1551 1913 1764 1979 conuariorum,
1782 1922 1810 1967 ut

161 1999 188 2072 (l
210 1999 272 2055 Cor.
289 2014 348 2066 xrrt,
366 1999 406 2071 3).
430 1999 495 2074 Hac
523 2007 564 2055 est
590 1998 635 2054 illa
659 2000 779 2070 pretiosa
802 2001 957 2071 margarita,
1013 2000 1197 2070 oppositorum
1212 1999 1284 2057 inter
1301 2016 1329 2055 sa
1344 2000 1527 2056 habitudinem
1544 1999 1712 2055 sortiuntur:
1740 2016 1811 2057 unns

161 2104 241 2159 quatu
258 2086 323 2142 dum
337 2087 438 2145 invonit
463 2101 562 2158 sponsa
576 2087 677 2155 dilecti,
693 2089 768 2144 dedit
781 2089 870 2145 omnia
898 2104 956 2155 sua,
1012 2087 1148 2154 meritum,
1165 2088 1231 2144 alius
1259 2104 1309 2145 suo
1337 2088 1487 2160 possessori
1502 2087 1614 2160 acquirit
1627 2087 1809 2160 supplicium

154 2160 188 2231 'et
214 2174 381 2246 comparavit
406 2192 467 2232 eam
496 2172 607 2246 (uncta,
638 2191 701 2243 xrtr,
731 2178 800 2248 te).
830 2178 893 2233 llaec
917 2184 958 2232 est
1012 2176 1214 2250 aliuspoenam,
1234 2176 1302 2233 alius
1330 2177 1462 2249 gloriam;
1492 2177 1560 2234 alius
1589 2186 1713 2244 mortam,
1741 2177 1811 2233 alins

160 2263 208 2320 illa
232 2263 318 2331 scala,
352 2279 412 2334 quae
434 2264 585 2320 insomnis
608 2262 694 2320 Jacob
719 2266 856 2336 apparuit,
876 2282 956 2336 quarn
1012 2265 1111 2331 vitam3
1128 2265 1608 2337 aliusparadisum,aliusinlernum3
1624 2266 1694 2321 alius
1709 2266 1808 2331 Deum,

162 2370 245 2425 usque
268 2355 302 2408 ad
331 2354 430 2410 coelum
446 2353 643 2409 teudividebat
663 2371 670 2408 ε
688 2355 956 2428 perquamquidaur
1011 2357 1078 2410 alins
1092 2354 1241 2412 diabolum.
1256 2355 1344 2411 Amor
1358 2356 1462 2412 madius
1476 2366 1526 2420 est,
1551 2356 1598 2428 qui
1620 2370 1673 2412 nec
1686 2356 1808 2412 charitati

160 2440 368 2508 descendebant,
383 2447 410 2496 et
433 2441 543 2513 quidam
556 2442 737 2498 ascendebant
753 2444 833 2513 (Gen.
857 2457 955 2508 xxviii,
1011 2445 1186 2510 connectitur,
1203 2461 1251 2501 nac
1264 2459 1356 2501 amore
1370 2460 1482 2500 caenoso
1498 2444 1613 2500 laedatur
1630 2462 1637 2499 :
1653 2444 1724 2501 sictd
1734 2459 1808 2499 amor

163 2530 368 2601 lihPerhanc
384 2529 456 2586 enim
480 2541 508 2587 ct
521 2530 620 2604 nugati
634 2531 842 2599 descendebant,
856 2542 883 2587 et
907 2548 957 2588 nos
1012 2531 1136 2599 liliorum,
1160 2541 1299 2603 parentum
1324 2541 1352 2588 et
1380 2546 1554 2605 cognatorum
1583 2540 1609 2589 ct
1635 2532 1753 2588 aliarum
1768 2549 1808 2588 re·

160 2620 332 2676 ascendimus
347 2620 382 2675 ad
393 2619 534 2692 Angelos:
551 2622 616 2693 quia
630 2620 689 2676 sinc
704 2622 752 2678 hac
766 2623 838 2677 scala
864 2621 954 2677 nullus
1012 2637 1081 2689 rum,
1107 2637 1169 2692 quae
1181 2624 1254 2691 juste
1268 2633 1295 2679 et
1310 2621 1369 2679 sine
1382 2621 1506 2692 periculo
1521 2621 1706 2694 possidentur.
1723 2622 1758 2677 Et
1780 2629 1807 2677 ut

160 2709 292 2764 scandere
307 2716 395 2780 potest
409 2709 442 2763 ad
457 2708 578 2765 coelestia
600 2724 693 2779 regna.
715 2709 750 2764 Et
771 2710 797 2764 in
819 2711 878 2781 ipso
893 2709 956 2764 rtiuu
1012 2709 1055 2765 isti
1067 2711 1235 2766 amorasdno
1245 2712 1280 2766 ab
1291 2710 1336 2766 illo
1354 2724 1449 2766 amore
1462 2710 1510 2783 qui
1528 2717 1570 2766 est
1584 2708 1703 2766 charitas
1718 2710 1807 2767 exolu-

160 2795 241 2852 scale
256 2794 314 2867 ipse
328 2795 461 2851 Dominus
476 2796 641 2869 Angelorum
652 2796 776 2853 inventus
786 2805 837 2863 est,
852 2797 899 2870 qui
912 2795 957 2851 di·
1011 2798 1187 2864 dardanidae
1202 2799 1315 2865 addidit,
1330 2799 1405 2856 sicut
1416 2798 1506 2855 dileai
1516 2815 1570 2857 aaa.

161 2886 208 2941 cit:
225 2885 543 2945 llcndcicanaovnmdo
557 2884 677 2957 vobisut
688 2885 993 2967 dtttpnttstnnieem,g
1045 2887 1071 2938 3.
1088 2884 1139 2942 Sed
1161 2886 1223 2958 quis
1241 2901 1359 2958 uuquam
1380 2885 1520 2941 acaunum
1538 2887 1626 2958 potu²t
1641 2885 1684 2943 ael
1710 2884 1807 2957 poterit

162 2973 239 3030 sicut
256 2972 348 3030 dilexi
360 2989 415 3030 vas.
427 2974 491 3047 lstc,
506 2973 626 3048 iuquam,
638 2982 678 3028 est
691 2973 831 3041 Dominus,
846 2973 893 3046 qui
909 2973 955 3028 dat
1008 2972 1062 3029 tale
1081 2973 1224 3031 observare
1240 2974 1412 3030 mandatum?
1427 2975 1487 3047 quis
1510 2990 1626 3046 unquam
1648 2977 1688 3030 sio
1716 2973 1808 3030 dilexit

159 3072 325 3134 praeceptum
340 3062 449 3118 tratrem
469 3062 587 3129 amandi,
608 3063 696 3136 quiet
713 3080 729 3117 a
744 3063 832 3119 servis
847 3064 905 3119 suis
920 3079 955 3118 en
1009 3061 1158 3131 prroximos,
1174 3061 1245 3117 sicut
1258 3062 1382 3119 Christus
1392 3062 1554 3133 Apostolosl
1567 3064 1664 3119 Nullus
1672 3078 1805 3136 unquam.

161 3150 235 3206 omni
248 3150 329 3207 corde
345 3151 399 3206 vult
412 3151 507 3208 amari.
518 3152 572 3208 Nec
587 3161 628 3207 cst
641 3168 785 3224 magnum,
807 3151 830 3206 si
851 3158 954 3207 tantum
1008 3150 1084 3206 Unde
1095 3152 1242 3206 notandum
1255 3151 1371 3223 estquis
1380 3151 1474 3220 dictio,
1484 3153 1570 3218 sicut,
1582 3167 1637 3209 uon
1648 3161 1807 3224 estaxpres·

160 3238 251 3312 diligit
265 3255 362 3296 sertus
375 3240 524 3308 dominum,
541 3249 669 3312 qnantum
685 3240 810 3297 dominus
826 3255 953 3297 servum:
1007 3236 1065 3294 siva
1083 3239 1251 3311 quantitatis,
1277 3240 1325 3306 sed
1346 3239 1544 3305 similitudinis,
1568 3252 1595 3297 et
1617 3249 1660 3296 est
1683 3255 1803 3297 sensns:

159 3327 215 3384 imo
229 3328 315 3403 magis
334 3346 443 3386 aservo
457 3330 585 3387 dominns
611 3330 792 3393 dabetaarari,
814 3346 875 3386 cum
899 3345 953 3386 non
1007 3327 1149 3396 Quomodo
1164 3328 1245 3385 dilexi
1266 3329 1471 3395 cessamodo
1490 3328 1593 3400 diligite
1607 3343 1658 3384 ros
1681 3327 1807 3386 inuicem.

158 3416 197 3471 illi
220 3435 323 3486 servus,
348 3421 396 3475 sed
429 3437 508 3476 servo
533 3420 658 3476 dominus
683 3421 768 3476 valeat
796 3419 951 3492 suflragari.
1007 3416 1149 3488 Quomodo
1168 3419 1499 3477 nosdilexit‘ihudi.St'c
1525 3417 1628 3475 diana
1643 3421 1810 3478 Decaniac-

158 3504 260 3562 Servus
278 3507 326 3578 qui
342 3524 374 3563 ex
404 3515 459 3564 toto
478 3509 559 3563 corde
583 3508 671 3583 diligit
697 3507 836 3565 dominum
861 3523 952 3579 snam,
1007 3506 1086 3581 dum,
1098 3511 1132 3565 ct
1149 3510 1330 3582 detinentium
1348 3525 1431 3568 scunt
1445 3509 1526 3564 daret
1540 3505 1646 3575 Μῦς
1668 3512 1705 3566 nt
1719 3510 1808 3567 οιιιιιιι

159 3593 232 3647 illins
255 3602 308 3651 tota
330 3595 425 3652 virtuto
449 3594 548 3668 satagit
572 3596 716 3652 observare
730 3612 905 3669 praeceptuur.
921 3595 954 3650 Et
1007 3598 1057 3668 qai
1088 3597 1178 3656 credit
1202 3600 1235 3653 iar
1260 3615 1325 3654 enm
1347 3604 1526 3671 conpererat,
1543 3596 1805 3656 scdhcbcctaitora

158 3684 237 3749 cujus
254 3696 418 3753 preceptum
432 3682 592 3752 despicitur,
609 3691 691 3738 restat
706 3683 801 3755 procul
828 3682 910 3739 dubio
925 3690 955 3737 ut
1006 3689 1146 3742 etcertum
1162 3689 1254 3757 (locta.
1270 3702 1311 3759 ιιι,
1328 3688 1384 3760 to).
1400 3687 1445 3744 Sic
1459 3702 1510 3743 nos
1523 3687 1596 3744 Deus
1606 3687 1805 3755 Pataramarit,

159 3767 218 3837 ipse
233 3775 326 3825 auctor
336 3769 462 3841 praeecpti
479 3770 647 3842 negligatur:
664 3788 725 3827 uam
741 3772 850 3844 quinon
864 3770 954 3844 diligit
1007 3773 1077 3845 quod
1098 3775 1178 3831 unico
1193 3775 1323 3833 Filiosuo
1344 3792 1399 3832 nou
1423 3775 1618 3850 pepercit‚sed
1647 3792 1701 3847 pro
1728 3776 1805 3833 nobis

161 3856 313 3927 proximum
329 3857 354 3913 in
367 3859 484 3930 verimtc,
499 3857 614 3929 despicit
625 3859 724 3914 Christi
738 3861 912 3927 mandatum,
928 3869 954 3917 ct
1008 3862 1118 3918 tradidit
1129 3863 1205 3919 illum
1214 3866 1303 3936 (liora
1321 3880 1381 3935 ιιιι,
1393 3867 1449 3935 32).
1460 3865 1580 3922 Christus
1591 3866 1619 3920 iu
1639 3872 1746 3922 tantum
1760 3880 1807 3921 noa

57 3944 62 3955 “
157 3945 204 4015 qni
221 3946 373 4001 arandatum
384 3946 480 4001 Christi
496 3944 621 4016 despicit,
636 3946 753 4020 despicit
771 3961 797 4007 ct
818 3948 953 4008 Christum
1006 3949 1108 4025 dilexit,
1120 3953 1184 4024 quia
1197 3969 1247 4025 pro
1261 3954 1340 4011 nobis
1355 3955 1539 4025 peccatoribus
1551 3954 1673 4011 animam
1692 3970 1768 4012 suam
1781 3955 1806 4009 in

158 4041 292 4091 auctorem
310 4034 436 4091 mandati.
1008 4048 1121 4096 mortem
1138 4041 1256 4114 tradidit,
1272 4051 1299 4099 at
1313 4059 1363 4099 suo
1378 4043 1512 4118 sauguine
1524 4045 1588 4099 lavit
1602 4058 1654 4100 nos
1668 4059 1688 4100 a
1715 4057 1807 4115 pecca·

194 4127 219 4178 2.
236 4121 290 4181 ttos
304 4139 380 4196 ergo,
391 4124 558 4182 dilectisimi
577 4125 683 4198 iratres,
699 4136 727 4185 et
749 4127 883 4183 Christum
907 4130 949 4184 di-
968 4165 991 4242 ῃ
1008 4129 1052 4198 tis,
1067 4128 1169 4187 faciem
1193 4147 1244 4189 nos
1259 4135 1292 4189 de
1304 4133 1494 4205 peccatoribus
1517 4136 1618 4204 justos,
1643 4133 1681 4190 da
1697 4130 1806 4191 nnana

112 4228 115 4235 ·
157 4209 284 4284 ligamus,
295 4214 390 4283 atejus
405 4222 538 4286 praecepta
553 4230 703 4286 serrandus,
722 4224 883 4290 pracceptum
898 4218 951 4273 Do
1008 4218 1094 4288 vivos,
1112 4221 1146 4276 de
1161 4220 1303 4296 terrigenis
1319 4222 1477 4289 coelites,de
1493 4221 1804 4288 terreniscoelestes,da

158 4298 223 4357 mini
238 4299 367 4370 lucidum,
392 4301 489 4360 oculos
511 4305 608 4360 urentis
633 4305 797 4360 illuminans.
824 4306 951 4363 Dulciora
1006 4310 1179 4367 consortibus
1199 4312 1384 4382 iumentorum
1397 4323 1535 4368 consortes
1549 4310 1739 4381 Angelorum.
1757 4310 1803 4367 Dc·

156 4400 219 4445 suut
233 4388 332 4446 Christi
345 4401 480 4464 praecepta
493 4409 575 4465 super
591 4394 642 4448 mel
658 4406 684 4452 et
698 4393 789 4453 favum
807 4413 814 4463 ;
831 4404 857 4453 at
867 4396 894 4451 iu
904 4413 951 4452 cu·
1006 4399 1129 4455 nedictus
1156 4399 1190 4454 sit
1218 4401 1268 4456 ista
1289 4411 1404 4472 uitiator,
1419 4416 1436 4455 a
1451 4416 1506 4471 quo
1520 4400 1548 4454 in
1562 4400 1705 4457 mandatis
1728 4400 1804 4456 habe·

157 4480 307 4536 stodiandis
329 4480 382 4535 illis
405 4481 545 4540 retributio
566 4483 843 4558 multa(Prcl.xr1u,
864 4489 889 4555 9,
907 4490 950 4551 ll,
1005 4504 1077 4556 mus,
1099 4496 1128 4544 ut
1142 4505 1191 4545 nos
1207 4489 1321 4545 invicem
1345 4489 1501 4562 diligamns,
1521 4489 1591 4545 sicut
1619 4487 1720 4547 dilexit
1746 4503 1801 4544 nos

156 4571 214 4640 ¹2),
236 4569 295 4640 ipse
307 4569 439 4625 Dominus
453 4570 585 4628 Christus.
599 4573 691 4646 igitur,
709 4575 746 4630 mi
760 4576 854 4644 lector,
870 4592 952 4650 regu·
1043 4578 1068 4631 i.
1085 4577 1140 4632 Sed
1160 4576 1273 4634 locasse
1300 4576 1364 4633 dicit
1390 4577 1505 4649 aliquis:
1531 4577 1571 4632 Do
1597 4578 1649 4634 hac
1664 4578 1802 4635 dilectione

156 4657 207 4712 lam
224 4659 351 4728 praecepti
367 4674 454 4728 serva,
483 4671 508 4716 at
523 4677 635 4718 securas
654 4672 781 4733 exspecta
796 4663 885 4735 ipsura
901 4679 952 4735 pro
1007 4663 1124 4731 vacillo;
1140 4675 1166 4719 ct
1181 4665 1316 4736 quomodo
1331 4665 1485 4737 diligendus
1498 4664 1693 4735 sitproximns,
1717 4666 1802 4722 minin

158 4739 272 4816 praemio
286 4756 422 4804 auctorem
446 4749 547 4804 trabere
573 4751 701 4808 mandati.
716 4752 819 4809 Bonum
836 4754 950 4809 manda-
1007 4751 1125 4825 perfecte
1143 4752 1276 4824 intelligo.
1292 4754 1359 4809 llari
1370 4753 1478 4825 quidem
1494 4768 1549 4808 non
1560 4768 1672 4824 possum
1687 4769 1738 4828 pro
1755 4759 1801 4810 ha·

158 4845 227 4900 tum,
244 4834 314 4890 unde
330 4844 432 4892 tantum
453 4844 479 4891 ct
494 4838 547 4891 tale
572 4839 696 4908 provenit
711 4842 951 4912 praeminanlstud,
1007 4848 1056 4907 tre,
1069 4841 1140 4898 sicut
1166 4841 1288 4899 Christus
1303 4843 1434 4899 Dominus
1452 4842 1535 4899 voluit
1549 4841 1620 4898 mori
1639 4858 1694 4913 pro
1716 4852 1802 4901 notin

158 4924 277 4997 inquam,
309 4925 463 4981 mandatum
479 4942 495 4980 a
514 4926 592 4981 nobis
618 4924 841 4999 irrefragabiliter
875 4931 953 4987 debet
1006 4931 1101 4987 saluto.
1117 4930 1157 4987 hd
1172 4947 1251 5002 quem
1267 4930 1529 5007 egosnperiusdixi‚
1546 4931 1618 5002 quod
1633 4932 1801 4990 nichosicat

156 5013 305 5076 observari,
321 5030 381 5069 curn
397 5014 492 5070 exinde
508 5015 652 5071 Dominum
670 5017 807 5075 Christum
827 5035 880 5075 non
895 5022 948 5075 du·
1007 5035 1061 5074 nou
1076 5027 1117 5074 est
1131 5021 1288 5092 expressiva
1297 5020 1463 5093 quantitatis,
1479 5021 1527 5076 sed
1540 5019 1694 5094 qualitatis.
1708 5021 1738 5078 st
1752 5035 1801 5077 non

155 5102 273 5159 bitamus
302 5118 351 5160 nos
380 5105 540 5177 promereri.
564 5105 621 5162 lloc
648 5115 688 5162 est
706 5105 771 5162 illud
787 5109 951 5175 mandatum,
1008 5117 1176 5182 potesaeque
1195 5109 1333 5168 ambulare
1351 5127 1412 5169 cuin
1440 5110 1555 5175 Christo,
1571 5110 1702 5167 saltema
1728 5109 1804 5183 longe

158 5191 233 5264 quod
247 5193 333 5250 iturus
348 5193 382 5248 ad
396 5193 499 5250 Patrem
518 5194 625 5269 reliquit
636 5194 779 5268 discipulis
795 5197 875 5253 suis:
899 5199 953 5255 imo
1008 5199 1116 5255 imitare
1131 5200 1245 5274 vestigia
1268 5203 1337 5273 ejus.
1355 5201 1382 5258 Si
1409 5215 1464 5256 non
1491 5201 1564 5258 vales
1591 5198 1709 5273 diligere
1723 5198 1805 5272 proxi

160 5279 231 5337 istud
249 5291 290 5339 est
305 5290 504 5353 testamentum,
520 5285 593 5356 quod
607 5283 754 5341 moriturus
767 5284 871 5341 dimisit
899 5287 954 5341 bae·
1010 5305 1081 5343 munt
1099 5297 1172 5345 tuum
1194 5289 1349 5363 plusquam
1365 5299 1390 5346 te
1406 5290 1503 5360 ipsum,
1520 5288 1594 5361 quod
1607 5287 1735 5346 Christus
1748 5286 1806 5345 iacit

159 5367 273 5427 aeduus
289 5372 356 5430 suis.
380 5371 428 5430 nir
444 5372 514 5430 enim
529 5373 669 5447 discipulis
694 5375 752 5432 suis
768 5392 775 5433 :
790 5375 955 5433 damatam
1009 5378 1155 5437 moriendo
1170 5396 1218 5452 pro
1242 5380 1329 5436 salute
1351 5379 1459 5452 generis
1472 5377 1597 5444 humana
1614 5378 1716 5437 saltem
1728 5378 1810 5452 diligo

160 5469 269 5553 'nonum
283 5458 316 5516 dn
330 5460 413 5518 vohis
437 5461 516 5519 Unde
538 5462 664 5524 novum?
682 5464 776 5540 Nuper
792 5464 930 5528 intentum
946 5484 953 5523 ;
1011 5483 1080 5524 cnm
1094 5479 1217 5540 tanquam
1233 5481 1259 5526 te
1272 5471 1372 5540 ipsum,
1387 5469 1438 5524 hnc
1446 5467 1571 5524 iaciendo
1584 5466 1623 5523 illi
1635 5466 1714 5541 quod
1726 5468 1765 5525 ab
1778 5483 1810 5529 oc
