3706 5962
166 170 222 276 ese

726 240 731 249 ,
834 207 992 269 exararat
1018 204 1156 265 aetius

1765 211 1819 276 660

167 341 227 412 spei
240 341 332 413 utique
347 348 374 395 et
390 337 504 395 timoris.
535 338 610 392 lnter
635 338 693 393 baec
722 351 821 408 nempe
848 334 962 391 fluctuat
975 353 999 431 g
1014 331 1334 404 paruerit,vitavestro,
1345 333 1818 410 innectenscppcrebitisenntipse

161 429 278 503 iugiter,
298 428 386 483 donec
406 424 511 498 peccati
528 439 627 494 corpus
649 424 790 488 inhabitat,
808 423 961 479 ascendens

166 534 254 589 usque
268 516 303 571 ad
316 515 411 586 coelos,
426 514 563 570 etiterum
576 511 709 586 usquead
724 513 837 583 abyssos
847 511 960 567 descen·

166 606 249 676 deus3
267 605 411 661 tabescens
425 604 453 659 iu
468 603 554 667 malis,
571 612 599 658 et
627 601 660 656 ad
688 601 758 657 bona
786 598 960 655 nibilominus

163 680 355 749 inardescens.

276 781 419 837 ,XXXllL
430 810 464 821 -
479 783 517 837 be
532 781 699 851 imperfecta
713 778 843 834 sessione.

202 872 247 925 39.
262 868 321 925 Erit
334 875 424 924 autem
439 885 500 924 cum
517 869 621 924 luteum
646 868 697 922 boe
712 863 858 940 egrediens
871 861 959 917 domi-

166 957 266 1027 cilium,
291 973 306 1012 a
329 957 425 1012 timore
441 956 550 1029 quidem
579 955 686 1028 penitus
714 950 882 1014 liberabitur,
912 949 960 1004 sed

167 1046 282 1104 necdum
296 1045 331 1101 ab
343 1046 555 1116 exspectatione.
571 1045 613 1100 Ex
628 1052 692 1099 tuno
701 1042 837 1111 enimjam
847 1036 961 1095 nouerit

167 1135 248 1189 timor
256 1133 283 1189 in
299 1131 399 1188 finibus
409 1134 520 1200 nostris,
536 1134 584 1188 sed
601 1135 629 1187 in
644 1147 694 1202 spe
708 1126 884 1204 singulariter
896 1141 961 1182 ron-

166 1222 252 1278 stituti
264 1222 414 1295 psallemus
433 1222 532 1296 singuli
546 1229 638 1277 mente
647 1219 778 1290 etspiritu
791 1234 797 1272 :
808 1216 879 1289 quod
891 1231 960 1286 prae·

167 1311 299 1367 libaverat
317 1309 434 1383 quodam
454 1309 535 1366 modo
562 1308 610 1380 qui
637 1307 753 1372 dicebat,
786 1306 958 1367 Convertere,

165 1390 960 1471 anianenses,inrequiemtunm,qnicl)ominnsbenesecit

1015 420 1266 492 ingloricidoioss.
1283 437 1323 487 ιιι,
1340 424 1378 493 b).
1395 423 1535 495 Aumagis
1549 422 1712 480 audebimus
1723 424 1816 482 dicere

1015 515 1042 563 et
1057 507 1145 578 ipsum
1158 506 1245 565 adbuc
1260 516 1333 566 stare
1353 510 1471 582 quodam
1495 510 1588 582 niodo,
1617 520 1712 585 utpote
1739 514 1817 585 cujus

1015 596 1131 652 necdum
1146 597 1227 653 sedes
1246 606 1434 655 consummata
1456 600 1572 665 ridetur,
1589 601 1707 657 necdum
1736 601 1815 674 pedi-

1014 684 1065 739 bus
1084 685 1144 755 ejus
1168 684 1285 742 scabello
1301 686 1452 759 supposito,
1466 687 1540 759 quod
1563 688 1673 745 aPatre
1696 692 1816 762 promis-

1014 788 1074 828 sum
1089 771 1152 829 esti
1164 773 1225 830 Non
1241 775 1314 847 quod
1327 774 1366 830 illi
1380 775 1544 846 plenitudini
1560 777 1704 850 quidpiam
1732 779 1814 848 desit,

1014 861 1063 916 sed
1078 861 1151 934 quod
1165 863 1287 919 membra
1300 870 1382 936 caput
1401 871 1553 935 exspectet.
1573 866 1679 924 Audeat
1699 867 1752 924 hoc
1772 877 1815 925 te·

1015 950 1091 1015 stari,
1108 951 1152 1022 qui
1167 951 1266 1008 meruit
1279 952 1388 1009 intueri.
1401 956 1480 1021 licre,
1491 953 1529 1008 ait
1546 952 1712 1026 Stephanus,
1735 957 1815 1014 video

1014 1040 1098 1095 coelos
1107 1043 1228 1112 epotos,
1241 1044 1270 1097 et
1282 1041 1390 1097 Filium
1402 1041 1527 1101 bominis
1538 1046 1666 1101 stentem
1677 1045 1815 1102 edenti-ia

1014 1128 1138 1184 virtutis
1147 1129 1198 1185 bet
1214 1131 1345 1201 (Aetvn,
1357 1131 1411 1200 55).
1426 1130 1524 1186 Paulus
1546 1147 1656 1205 quoque
1681 1133 1720 1190 sio
1743 1135 1813 1189 seri·

1018 1216 1071 1271 bit:
1082 1217 1657 1290 Cbrietusassistenspontiseafutarorum
1667 1223 1811 1291 bonoram,

1016 1304 1151 1361 introivit
1161 1307 1248 1363 semel
1258 1306 1291 1362 in
1302 1307 1416 1375 Sancta,
1430 1310 1540 1365 oeternc
1554 1308 1751 1383 redemptione
1763 1311 1813 1368 in-

1016 1397 1099 1450 uento
1113 1392 1204 1463 (llebr.
1222 1410 1261 1459 tx,
1278 1399 1322 1464 tt,
1333 1395 1388 1467 ta).
1407 1397 1541 1453 Caeterum
1554 1397 1582 1451 in
1604 1400 1813 1471 regeneratione

168 1484 241 1541 tibi:
252 1489 320 1557 quic
334 1487 442 1558 eripuit
456 1488 584 1541 animam
594 1501 687 1542 meam
702 1481 736 1539 de
748 1487 849 1550 morte,
867 1481 960 1538 oeulos
1015 1496 1159 1551 corporum
1174 1481 1281 1537 sedebit
1295 1483 1322 1538 in
1338 1484 1404 1538 sede
1421 1484 1583 1554 majestatis,
1609 1487 1656 1558 qui
1681 1502 1732 1557 pro
1753 1489 1813 1541 ani-

159 1572 907 1649 ,measanemnempedesmeosatapsoirsatsmrn,
921 1569 958 1639 8).
1015 1583 1119 1622 marum
1134 1570 1342 1640 regeneratione
1370 1571 1444 1627 stetit
1473 1571 1522 1644 [nl.
1552 1572 1633 1647 sedit]
1668 1571 1749 1631 ³⁰1
1785 1577 1814 1629 in

167 1663 303 1719 Caeterum
318 1662 353 1718 de
368 1663 574 1733 exspectatione
584 1661 656 1717 idem
668 1659 837 1732 ipsesicait:
855 1658 894 1713 lle
908 1674 960 1714 en·-
978 1651 1000 1728 Β
1015 1655 1195 1728 ignominioso
1205 1659 1336 1729 supplicio
1347 1660 1445 1729 erucis,
1471 1659 1655 1733 interrogatus
1670 1658 1815 1718 contume-

91 1773 95 1778 ·
157 1754 296 1822 ¹spectant
306 1752 382 1822 justi
396 1750 482 1806 donec
497 1749 638 1807 retribuas
652 1744 960 1817 mibi(Psol.cxur,8).
1016 1744 1058 1799 liis
1069 1744 1172 1815 pariter
1182 1754 1209 1801 et
1225 1747 1385 1803 tormentis:
1402 1764 1453 1804 neo
1463 1749 1543 1805 modo
1557 1750 1701 1808 durissima
1710 1756 1811 1818 morte,

167 1837 224 1893 Nec
243 1837 323 1914 modo
343 1846 485 1893 nutnerum
496 1834 619 1900 fratrum,
640 1845 668 1889 ut
687 1834 866 1906 compleatur,
878 1831 962 1888 sedet
1016 1830 1106 1888 sedet
1122 1835 1278 1905 turpissima
1291 1836 1497 1892 condemnatus.
1513 1837 1647 1907 Quoniam
1662 1840 1734 1895 enim
1748 1839 1813 1895 obe

158 1926 256 1997 ‘ipsum
268 1942 378 1999 corpus,
394 1936 423 1981 ut
438 1942 487 1981 sus
502 1925 713 2000 regeneratione
729 1922 895 1987 restituatur,
912 1937 961 1977 ex·
1016 1922 1095 1978 diens
1109 1923 1181 1978 Patri
1195 1921 1338 1981 factusest
1364 1942 1450 1994 usque
1477 1924 1513 1981 ad
1540 1937 1665 2000 mortem,
1696 1938 1812 1985 mortem

100 2066 102 2071 .
167 2022 304 2095 spectant.
320 2015 378 2071 lmo
393 2029 459 2071 vero
473 2022 501 2070 et
514 2020 647 2085 expetunt
664 2028 728 2068 eum
743 2010 891 2076 desiderio,
912 2009 962 2063 sub
1017 2018 1107 2069 autem
1122 2013 1219 2081 erucis,
1234 2021 1348 2086 proptor
1366 2016 1418 2071 hoo
1433 2015 1560 2074 exaltavit
1573 2016 1658 2086 illurn,
1675 2025 1702 2074 et
1722 2017 1812 2075 doca-

168 2101 253 2159 sltare
268 2102 319 2158 Dei
334 2103 515 2159 vociferantes
528 2102 563 2156 ad
577 2102 682 2172 ipsum3
698 2106 727 2155 ut
742 2099 787 2172 qui
803 2098 896 2154 audire
910 2112 962 2152 me·
1016 2099 1053 2155 vit
1068 2100 1218 2157 illinomeu
1237 2103 1310 2174 quod
1330 2111 1465 2175 estsuper
1487 2120 1569 2162 omne
1584 2121 1693 2174 nomeu,
1724 2113 1754 2161 ut
1784 2105 1811 2160 iu

168 2192 233 2257 ruit,
248 2193 336 2264 potuit
355 2199 382 2248 et
397 2190 536 2247 testificari
551 2192 646 2264 (Apoe.
657 2206 695 2256 vr,
713 2194 739 2255 9,
753 2188 807 2259 to).
818 2188 887 2242 Nam
899 2201 962 2241 cor·
1017 2188 1125 2244 nomine
1143 2192 1207 2245 lesu
1221 2205 1302 2247 omne
1320 2208 1393 2264 genu
1413 2192 1538 2249 flectatur
1564 2195 1701 2268 (Philipp.
1726 2211 1757 2261 rt,
1784 2198 1811 2260 8,

154 2295 220 2350 ¹pus
235 2279 345 2353 quidem
357 2279 405 2335 illo
419 2280 446 2334 in
462 2289 585 2351 tempore
600 2279 697 2334 sedere
716 2277 776 2349 quis
795 2275 875 2340 dicat,
897 2273 961 2328 dum
1016 2280 1073 2350 ιθ).
1090 2280 1153 2334 llaeo
1167 2285 1258 2335 autem
1273 2280 1397 2348 dixerim,
1413 2281 1520 2353 tratres,
1537 2293 1566 2338 ut
1584 2283 1716 2340 noveritis
1732 2299 1811 2357 quae-

170 2367 266 2435 efssuit,
283 2378 311 2424 et
326 2371 352 2424 in
367 2369 470 2424 saniem
484 2368 679 2439 pulveremque
694 2365 834 2437 redigitur.
1016 2384 1077 2422 nam
1101 2367 1155 2422 siut
1179 2369 1233 2424 duo
1259 2368 1347 2425 latera
1374 2370 1466 2437 scalae,
1495 2389 1555 2445 quae
1577 2372 1732 2429 volentibus
1762 2388 1810 2428 se-

301 2457 432 2513 xxxtV.
448 2459 535 2512 -De
548 2458 678 2530 perfeeto
691 2456 822 2512 sessione.
1016 2457 1061 2528 qui
1076 2456 1221 2512 Dominum
1240 2458 1403 2529 proponitur
1429 2460 1612 2528 ascendenda,
1643 2477 1704 2533 quae
1730 2461 1812 2518 bases

202 2550 248 2605 id.
263 2539 960 2619 inrepencratione,inquit,sedebitisetaosSemi-
1014 2560 1120 2616 eorum,
1140 2563 1203 2618 quae
1218 2546 1314 2618 capita,
1332 2547 1411 2619 quive
1430 2551 1533 2621 gradus
1558 2566 1672 2621 quorum
1700 2550 1811 2606 summi·

167 2628 957 2708 naturenimcorpusanimale,resurgetcorpusspirituale:
1015 2634 1063 2689 tati
1077 2634 1151 2691 Deus
1161 2634 1272 2689 innixus
1286 2643 1336 2692 est.

167 2725 317 2781 seminatur
331 2722 359 2777 in
370 2722 529 2794 ignominia,
541 2730 634 2797 surget
645 2721 673 2775 in
683 2719 770 2792 gloria
779 2718 814 2791 (f.
830 2719 892 2776 dor.
908 2732 958 2783 xv,
1167 2721 1296 2781 XXXVI.
1311 2753 1345 2767 —
1359 2726 1398 2782 fle
1412 2724 1549 2783 lateribus
1558 2727 1652 2784 scelte.

106 2863 110 2868 .
167 2816 212 2880 ii,
227 2816 284 2886 itt).
300 2812 352 2869 Ubi
364 2814 421 2883 jam
433 2821 505 2878 tuno,
518 2826 603 2876 mors,
615 2809 727 2865 victoria
737 2809 805 2864 tua?
821 2804 958 2879 Siquidem
1048 2813 1094 2866 te.
1112 2812 1226 2882 Oportet
1235 2811 1369 2884 siquidem
1380 2827 1430 2869 nos
1445 2814 1556 2872 domare
1571 2831 1693 2883 earnem,
1704 2814 1808 2871 calcare

166 2913 194 2984 et
208 2911 237 2959 tu
250 2902 358 2959 inimica
372 2902 517 2958 novissima
531 2899 690 2956 destrueris.
705 2897 809 2967 Corpus
819 2895 889 2951 enim
912 2909 957 2949 re·
1013 2898 1152 2966 muudum,
1173 2911 1211 2965 ut,
1233 2900 1398 2973 voluptatem
1412 2903 1534 2974 eorporis
1561 2904 1738 2970 declinantes,
1765 2918 1810 2959 ca·

165 2991 405 3061 surrectionisjam
415 3005 470 3046 non
480 2987 603 3055 moritur,
615 2985 805 3041 morsilliultra
812 2981 959 3039 nondomi-
1012 3003 1123 3044 veamus
1138 2988 1312 3044 nihilominus
1330 2990 1420 3046 saecuii
1436 2992 1593 3048 vanitatem,
1612 2993 1660 3050 11ae
1678 2991 1809 3049 nimirum

149 3079 274 3137 ‘nubitur
287 3081 379 3153 (Rom.
394 3094 433 3146 vt,
448 3079 486 3148 9).
499 3078 554 3133 Sed
566 3087 594 3132 et
603 3075 681 3131 dolor
695 3085 723 3130 et
736 3073 855 3148 gemitus
868 3071 958 3127 omnis
1011 3076 1227 3133 abominationes
1247 3077 1446 3150 AEgyptiorum,
1462 3096 1530 3150 quas
1557 3080 1727 3138 immolamus
1754 3081 1809 3156 Do-

164 3169 306 3235 abscedet,
318 3168 446 3240 quoniam
460 3168 601 3237 absterget
609 3165 801 3219 Deusomuem
810 3162 957 3233 lacrymam
1011 3165 1084 3220 mino
1099 3165 1157 3221 Deo
1177 3173 1270 3222 nostro
1289 3166 1390 3240 (Enod.
1406 3184 1465 3240 vsu,
1481 3171 1538 3241 26).
1556 3170 1590 3225 Et
1605 3176 1692 3225 totum
1703 3167 1810 3242 quoda

164 3259 199 3314 ab
214 3259 299 3315 oculis
312 3265 478 3323 sauctorum,
491 3262 518 3311 et
530 3257 656 3326 jamnon
671 3250 852 3323 eritamplius
868 3266 956 3322 neque
1011 3253 1053 3308 ria
1073 3253 1136 3309 vitae
1155 3264 1183 3309 et
1204 3253 1354 3325 disciplinae
1374 3255 1497 3312 deterret
1519 3255 1588 3312 filios
1601 3258 1682 3328 hujus
1704 3255 1806 3323 saeculi,

163 3349 262 3414 luctus,
283 3362 373 3418 neque
391 3347 503 3412 clamor,
523 3345 624 3399 sednec
643 3343 713 3398 ullus
727 3340 812 3407 dolor,
830 3340 956 3410 quoniam
1012 3351 1096 3399 totum
1112 3345 1186 3415 quod
1201 3352 1311 3400 exercet
1325 3344 1434 3401 interim
1450 3362 1544 3402 servos
1559 3347 1619 3414 Dei,
1635 3347 1664 3402 in
1678 3347 1720 3402 ltis
1739 3347 1807 3402 duo·

163 3440 252 3512 priora
272 3437 438 3494 transierunt
453 3435 548 3509 (Apoc.
564 3448 625 3498 xxi,
643 3432 680 3504 i).
702 3430 806 3487 Felices
819 3429 955 3499 locri-mm,
1011 3430 1061 3485 bus
1076 3439 1127 3502 est,
1144 3448 1203 3504 quae
1218 3432 1268 3487 sub
1292 3448 1346 3488 uno
1358 3447 1447 3490 versu·
1461 3435 1595 3507 propheta
1612 3434 1807 3491 commendat:

79 3575 84 3587 .
161 3544 230 3600 quas
245 3527 364 3599 benigna
377 3542 473 3581 manus
491 3522 645 3580 Conditoris
659 3521 822 3593 absterget:
842 3526 869 3573 et
884 3518 957 3572 beati
1017 3519 1089 3586 Vide,
1096 3520 1433 3593 inquiens,ltnntilitotem
1441 3527 1580 3592 meamet
1589 3524 1809 3582 laboremmettm

162 3617 243 3682 oculi,
256 3616 334 3689 quiin
346 3613 443 3669 talibus
451 3612 586 3684 liquefieri
594 3612 703 3667 fletibus
713 3609 864 3680 elegerunt,
876 3622 956 3679 quam
1013 3608 1099 3679 (Psoi.
1117 3624 1198 3676 xxiv,
1216 3612 1271 3680 18).
1288 3610 1352 3665 Haec
1363 3626 1430 3685 ergo
1447 3613 1503 3667 sint
1516 3612 1603 3668 latera
1615 3613 1704 3679 scalae,
1721 3611 1811 3669 vilitas

158 3706 263 3762 elevari
272 3702 439 3774 superbiam,
451 3716 532 3773 quam
543 3716 623 3756 omno
636 3698 752 3754 sublime
762 3696 865 3762 videre,
876 3711 957 3767 quarn
1011 3707 1039 3754 et
1062 3697 1213 3769 asperitas:
1237 3697 1336 3770 quibus
1360 3699 1492 3772 deinceps
1515 3700 1630 3758 internae
1651 3701 1759 3757 virtutis
1781 3712 1810 3758 et

161 3793 282 3850 avaritiae
292 3798 320 3846 et
331 3790 490 3862 petulantiae
501 3787 634 3843 famulari.
646 3787 758 3843 Sedebit
767 3785 850 3858 igitur
858 3799 958 3855 corpus
1011 3785 1105 3856 gratiae
1120 3785 1221 3860 gradus
1239 3784 1353 3842 firmiter
1371 3787 1538 3847 inserantur.
1559 3791 1607 3846 Est
1625 3790 1698 3846 enim
1717 3791 1810 3847 videre

161 3880 373 3939 immortalitatis
384 3889 408 3935 et
419 3877 644 3952 impassibilitatis
653 3877 761 3949 gemina
771 3860 888 3948 quadam
898 3870 957 3928 feli-
1011 3873 1134 3929 lromines
1150 3873 1245 3929 mundi
1266 3884 1432 3947 spernentes
1455 3879 1582 3953 gloriam,
1604 3879 1729 3936 favorem
1749 3878 1808 3935 eal-

162 3966 509 4034 citatedotatum,liberum
521 3966 554 4019 ab
565 3966 640 4019 omni
649 3965 824 4032 necessitate,
835 3963 869 4018 ab
884 3961 957 4019 omni
1011 3970 1106 4018 rantes
1124 3962 1227 4034 populi,
1250 3979 1305 4020 uon
1329 3963 1518 4023 desiderantes
1539 3969 1687 4025 humanum
1707 3967 1807 4026 diem:

165 4055 343 4129 corruptione
357 4071 494 4134 securum,
509 4054 629 4110 alienum
642 4062 671 4110 et
689 4053 808 4108 immune
826 4052 861 4107 ab
885 4053 956 4107 omni
1010 4055 1129 4109 sednon
1145 4051 1215 4108 adeo
1233 4051 1320 4110 fortes
1339 4056 1368 4111 in
1389 4058 1532 4115 tolerantia
1556 4058 1687 4115 molestiae
1706 4072 1809 4128 corpo-

163 4145 392 4218 conoupisccntia,
414 4144 525 4217 plenum
544 4142 641 4214 gloria,
660 4139 856 4213 configuratum
875 4140 954 4197 deni·
1011 4141 1083 4205 ralis,
1102 4155 1157 4196 non
1171 4143 1241 4198 sdeo
1253 4144 1409 4213 rejicientes
1428 4147 1527 4214 mollia,
1549 4162 1604 4203 nou
1629 4148 1698 4202 adeo
1720 4146 1810 4203 carnis

161 4252 216 4309 que
229 4235 344 4294 claritati
358 4234 482 4305 corporis
496 4232 605 4288 Christi.
622 4230 735 4287 Sedebit
749 4238 777 4286 et
790 4229 879 4285 anima
888 4229 955 4285 siout
1011 4229 1153 4286 illecebras
1167 4240 1339 4304 superantes.
1359 4234 1430 4304 Quid
1442 4234 1511 4291 istos
1529 4234 1654 4302 dixerim,
1669 4233 1721 4290 nisi
1739 4234 1809 4290 latus

160 4326 199 4381 nil
217 4333 354 4389 metuens,
370 4323 409 4379 sic
424 4338 475 4379 nec
489 4321 602 4393 cupiens
620 4321 709 4375 ultra:
731 4319 856 4374 ninurum
875 4319 955 4391 plena
1010 4319 1124 4375 alterum
1139 4337 1193 4377 non
1210 4330 1303 4378 tenere
1314 4323 1328 4377 i
1341 4322 1425 4381 Porro
1437 4324 1485 4380 uni
1506 4326 1609 4380 tantum
1629 4326 1715 4380 latere
1737 4323 1811 4380 inni·

160 4412 338 4480 beatitudine,
370 4420 398 4468 et
422 4426 518 4468 secura
541 4408 709 4482 plenitudiue
734 4409 842 4481 fruens;
868 4407 956 4464 nullos
1011 4410 1092 4466 tentis
1109 4411 1279 4483 periculosus
1301 4413 1382 4470 nimis
1396 4431 1536 4483 ascensus,
1562 4429 1589 4472 et
1605 4414 1744 4487 proximus
1768 4423 1809 4470 est

159 4504 217 4574 jam
239 4502 435 4576 cogitationum
449 4499 560 4572 fluetus,
575 4497 664 4555 nullos
683 4497 861 4554 tentationum
889 4513 956 4554 eou-
1011 4498 1107 4556 ruiuae.

159 4593 263 4661 flictus,
301 4591 391 4648 nullos
423 4589 598 4646 affectionum
624 4587 745 4644 sentiens
772 4595 877 4642 motus:
907 4586 956 4642 sed
1047 4590 1090 4643 id.
1108 4589 1185 4656 Quod
1200 4589 1223 4645 si
1245 4590 1414 4663 periclitatur
1438 4592 1484 4664 qui
1503 4591 1575 4648 circa
1600 4608 1709 4649 caruem
1733 4592 1810 4649 vide·

160 4687 270 4736 aeternae
280 4679 318 4734 illi
328 4678 591 4736 incommutabilitati
600 4693 712 4749 prorsus
722 4677 860 4744 immersa,
880 4684 908 4733 et
917 4676 957 4731 sic
1011 4685 1055 4732 tur
1087 4676 1147 4749 plus
1173 4695 1253 4752 quam
1282 4689 1407 4753 oporteat
1437 4679 1581 4750 infirmari,
1615 4680 1681 4738 licet
1713 4681 1809 4737 mundi

160 4768 305 4823 adlraereus
320 4768 389 4834 Deo,
406 4776 435 4823 ut
449 4783 519 4823 uuus
531 4768 586 4836 jam
597 4766 707 4837 spiritus
717 4767 830 4823 sitiacta
839 4782 900 4823 cum
911 4780 953 4823 eo.
1011 4775 1121 4838 respuat
1135 4767 1261 4839 gloriam,
1285 4786 1336 4826 uec
1361 4769 1531 4827 coutumeliis
1553 4779 1715 4828 moveatur:
1744 4786 1808 4842 pro·

313 4856 430 4912 XXXV.
444 4887 481 4896 —
493 4860 529 4913 fle
542 4855 664 4913 sessione
678 4856 804 4912 Domini.
1010 4855 1081 4911 fecto
1095 4854 1176 4927 longe
1196 4857 1350 4915 horribilius
1363 4869 1405 4915 est
1423 4858 1582 4930 perieulum,
1604 4865 1632 4916 et
1650 4858 1737 4915 multo
1756 4876 1809 4914 ma-

196 4947 242 5002 il.
261 4944 316 5000 Sed
328 4943 437 5016 quaudo
453 4943 520 5010 haec,
534 4950 580 4997 aut
589 4942 687 5014 quibus
698 4943 756 4999 haec
770 4943 872 4999 eruut?
898 4943 956 5006 Vos,
1009 4943 1052 5015 gis
1066 4944 1262 5013 inexcusabile,
1288 4947 1311 5002 si
1334 4947 1395 5020 quis
1409 4947 1490 5017 forte,
1509 4947 1573 5006 licet
1590 4948 1727 5020 castigaus
1744 4946 1808 5006 riri-

137 5090 140 5096 .
157 5033 257 5107 inquit,
272 5032 321 5107 qai
335 5031 426 5090 secuti
436 5032 504 5090 estis
514 5049 569 5100 me,
580 5047 644 5087 cnm
653 5030 758 5089 sederit
766 5029 858 5087 Filias
868 5029 957 5086 bomi-
1009 5031 1072 5089 liter
1091 5048 1189 5106 corpus
1208 5052 1297 5106 suum,
1314 5046 1342 5094 et
1365 5053 1420 5094 non
1444 5053 1560 5109 parcens
1581 5038 1641 5108 ejus
1664 5033 1809 5094 afflictioni

138 5124 208 5183 nis
221 5122 323 5182 insede
332 5121 498 5194 mejestatis
507 5136 574 5189 rae,
586 5118 721 5178 sedebitis
730 5123 759 5175 et
769 5134 825 5175 vos.
835 5117 957 5192 lamqui-
994 5119 1060 5194 ¹[att.
1077 5121 1236 5198 affectiouii,
1257 5125 1409 5184 inveniatur
1437 5135 1528 5184 tamen
1557 5127 1647 5183 minus
1675 5115 1808 5183 resiste'iis

150 5212 236 5287 dem,
256 5213 336 5270 sedet
350 5210 433 5274 Filius
445 5210 563 5266 bominis
576 5208 605 5265 in
618 5208 685 5265 sede
700 5207 957 5279 majestatimstqui·
1010 5211 1103 5285 gloriae
1147 5213 1297 5285 desiderio,
1341 5215 1432 5271 miuus
1475 5216 1582 5290 patiens
1633 5211 1806 5287 iujuriarum,

160 5299 224 5356 dem
239 5299 554 5367 ascendeusiucoelum,
569 5300 647 5356 sedet
661 5313 677 5352 a
690 5297 792 5355 dextris
811 5296 872 5353 Dei.
901 5297 955 5354 Sed
991 5301 1098 5375 'minus
1131 5303 1257 5360 immunis
1289 5321 1305 5359 a
1336 5304 1428 5362 saeculi
1458 5303 1588 5362 vanitate.
1625 5304 1697 5376 Quid
1735 5301 1808 5361 enim

160 5391 344 5448 cnmtederit
358 5391 459 5447 dietum
475 5397 529 5458 est;
555 5392 608 5446 boo
629 5397 682 5455 est,
711 5405 772 5444 cum
799 5388 956 5461 apparuerit
1011 5390 1069 5458 tibi,
1107 5391 1202 5450 infelix
1235 5394 1328 5462 homo,
1361 5410 1423 5451 oum
1457 5393 1498 5450 bis
1529 5392 1609 5468 nugis
1642 5402 1672 5452 et
1699 5389 1809 5449 cabini-

160 5479 274 5552 sedens,
284 5479 506 5552 sicutApostolus
518 5478 569 5535 ait:
589 5480 658 5535 Cam
666 5478 746 5535 enim
762 5477 892 5537 cbristus
900 5492 954 5554 cp·
1012 5480 1120 5551 tatibus,
1157 5498 1219 5538 cum
1256 5484 1308 5541 boc
1346 5483 1417 5542 fasta
1446 5491 1475 5556 et
1500 5482 1618 5542 unitate
1649 5483 1713 5553 ista,
1744 5484 1807 5558 qun
