3706 5962
73 235 148 298 1193

527 231 722 298 otuattttttttt
741 235 774 297 tlt
797 234 906 295 vtttbx
925 234 1249 307 :modulatibus

1648 236 1718 297 1191

71 378 158 434 opera
171 361 311 418 virtutum.
326 360 400 417 luter
420 359 472 416 ista
493 358 549 416 duo
575 361 685 434 propria
703 361 869 433 expen'antia
883 375 908 456 Α
921 359 1029 416 edesse.
1045 361 1078 416 lit
1091 359 1135 418 rix
1149 367 1314 432 potestesse
1330 359 1397 432 quin
1410 360 1486 417 Deos
1498 359 1589 433 aliqua
1607 361 1722 433 speciali

71 451 173 508 melior
186 449 319 523 magistra
332 448 392 506 arit.

214 538 267 594 lx.
282 565 316 582 -·
334 539 373 593 Dc
392 541 564 610 paupertate
580 539 726 596 secunda.

920 447 1007 519 gratia
1032 455 1188 503 remuneret
1212 463 1275 504 eum
1295 447 1323 503 iu
1345 448 1482 519 praesenti,
1498 448 1546 520 qui
1566 448 1665 505 devota
1690 455 1719 505 et

922 535 1037 593 libenter
1051 535 1186 593 ministrat
1206 537 1241 592 ad
1263 538 1469 594 Sacramentum
1482 536 1548 592 illud
1562 543 1618 594 tarn
1641 537 1716 593 salu·

111 628 257 699 Paupertas
271 625 371 681 Christi
385 625 471 681 amica
485 626 589 696 placeat
604 626 653 683 tibi
675 628 703 682 in
730 627 867 698 omuibus,
921 631 1002 695 taro;
1019 640 1074 696 quo
1088 623 1124 680 nil
1140 623 1338 696 meliusneque
1357 625 1478 681 sanctius
1492 631 1582 696 potest
1599 641 1660 682 esse
1687 628 1716 681 in

71 723 101 770 et
126 715 213 785 ipsam
240 730 346 770 summo
369 725 466 770 conatu
493 716 663 784 amplectere,
688 715 716 770 in
747 715 824 784 cibis,
840 716 868 771 iu
921 715 990 771 coelo
1005 725 1032 768 et
1044 714 1070 768 in
1085 722 1174 784 terra3
1191 723 1218 769 et
1238 714 1439 786 quodammodo
1454 713 1620 787 praecipuum
1640 714 1716 771 indi·

72 802 208 871 vestibus,
226 804 252 858 in
276 802 445 868 utensilibus,
469 801 498 856 in
519 802 605 869 libris,
635 804 663 860 in
687 802 817 870 edificiis,
840 804 868 860 in
921 800 993 857 cium
1012 801 1110 859 diriuae
1133 803 1298 874 dignationis
1311 811 1337 858 et
1350 801 1503 858 dilectionis
1521 804 1557 857 ad
1579 803 1714 864 hominos.

71 891 209 947 omuibus.
227 891 295 947 Vide
318 905 398 961 quam
418 890 533 946 humiles
551 900 645 961 gestus
667 893 786 949 habeant
804 907 869 963 pau·
920 889 990 958 Quid
1004 891 1075 945 euim
1090 890 1180 945 minus
1194 889 1258 947 lacit
1272 892 1345 946 Deus
1358 891 1481 962 quotidie
1494 891 1719 965 verbodosuper

71 995 165 1051 peres,
190 995 272 1049 quam
295 978 408 1050 simplex
436 993 606 1051 responsum,
627 996 709 1053 quam
742 981 868 1051 pauidum
920 977 1015 1049 altare,
1035 994 1115 1050 quam
1129 995 1193 1035 com
1212 979 1246 1035 de
1260 980 1329 1036 coelo
1348 980 1514 1036 descendeus
1530 978 1643 1036 sormam
1666 998 1714 1037 as-

71 1067 206 1123 animum.
224 1068 369 1139 Nunquam
383 1067 507 1123 audiatur
529 1067 618 1140 aliqua
640 1068 808 1141 querimonia
833 1071 868 1126 de
920 1067 1035 1140 sumpsit
1045 1068 1214 1123 humanam?
1228 1076 1254 1123 et
1268 1068 1330 1125 ideo
1339 1068 1450 1140 reliquit
1465 1071 1620 1127 memoriale
1634 1072 1715 1128 totius

72 1167 100 1211 te
121 1172 170 1227 pro
193 1155 283 1227 aliquo
302 1156 408 1212 delectu
431 1154 458 1210 iu
477 1154 549 1227 cibo,
574 1157 615 1213 rel
636 1156 664 1212 io
694 1166 826 1228 potu‚aut
840 1158 868 1212 in
920 1156 1073 1212 dilectionis
1092 1159 1118 1212 in
1141 1173 1171 1213 se
1194 1156 1265 1229 ipso,
1279 1156 1485 1222 incarnationis,
1500 1158 1713 1231 Redemptiunis,
1766 1186 1771 1195 ·

69 1244 118 1301 vili
133 1246 241 1302 vestitu.
257 1245 372 1315 Semper
386 1256 481 1316 reputa
495 1253 522 1302 te
536 1246 677 1318 indignum
691 1248 725 1302 de
749 1247 782 1302 iis
807 1263 868 1319 qum
920 1242 1139 1300 Glorilicationia.
1155 1244 1266 1300 Salubre
1291 1252 1331 1300 est
1354 1245 1377 1300 ei
1407 1260 1480 1315 saepe
1501 1247 1714 1317 communicare,

71 1334 167 1389 babes.
188 1333 257 1402 Quia
270 1332 389 1391 delectus
404 1333 521 1389 exterior
535 1334 632 1390 crescit
643 1334 670 1388 iu
692 1346 867 1407 augmentum
920 1329 967 1402 qui
980 1331 1053 1388 omni
1070 1331 1212 1388 devotione
1233 1341 1260 1387 et
1273 1333 1363 1388 studio
1385 1332 1523 1397 virtutum,
1538 1344 1566 1390 et
1592 1336 1716 1392 custodia

70 1422 168 1492 gratim
183 1422 330 1489 interioris,
345 1432 370 1479 et
385 1421 412 1477 in
426 1421 535 1478 divitias
552 1422 631 1477 bonae
645 1424 836 1479 conscientie:
852 1438 869 1480 e
921 1419 973 1486 sui,
989 1434 1043 1474 non
1058 1421 1145 1474 solum
1159 1435 1174 1473 a
1189 1420 1294 1495 magnis
1307 1420 1433 1492 peccatis,
1452 1421 1595 1478 sedetiam
1610 1439 1626 1479 a
1645 1424 1714 1480 leri-

71 1518 167 1565 contra
193 1509 311 1565 exterior
337 1507 500 1564 abundantia
523 1507 642 1580 inopiam
665 1521 777 1581 generat
799 1510 868 1567 inte·
922 1513 976 1561 tata
990 1508 1144 1573 verborum,
1164 1516 1191 1563 cl
1213 1523 1337 1581 operum,
1355 1518 1382 1564 et
1407 1508 1597 1580 cogitationum
1625 1528 1655 1568 se
1681 1512 1716 1569 ad

72 1596 182 1653 riorem.
924 1593 976 1647 boc
988 1594 1080 1649 studet
1092 1602 1193 1666 aptare.
1208 1594 1281 1651 Licet
1295 1595 1366 1652 enim
1380 1595 1455 1653 omni
1469 1603 1592 1668 tempore
1614 1601 1716 1656 debea-

162 1685 238 1742 X,-
251 1687 290 1743 De
310 1685 390 1743 modo
408 1683 528 1742 cubandi
547 1702 597 1744 see
611 1687 778 1745 dormiendi,
885 1643 908 1721 Β
924 1695 985 1735 mus
1011 1696 1070 1737 esso
1098 1681 1204 1737 solliciti
1232 1683 1266 1738 ad
1294 1682 1443 1754 spiritualia
1467 1697 1563 1756 opera,
1588 1689 1717 1744 convenit

109 1775 139 1828 ln
156 1773 313 1830 dormitorio
328 1781 386 1829 esto
401 1774 519 1845 quietus,
536 1790 586 1829 nec
600 1789 648 1844 pcr
668 1784 693 1831 te
707 1775 804 1847 aliquis
827 1775 868 1831 in·
923 1777 1011 1825 tamen
1040 1770 1164 1837 maxime,
1188 1777 1217 1825 ut
1239 1770 1273 1825 ad
1296 1770 1494 1841 susceptionem
1523 1774 1589 1830 tanti
1616 1774 1716 1832 Sacra·

73 1862 217 1932 quietetur.
232 1860 448 1932 Quotiescunque
471 1860 651 1933 evigilaveris,
666 1862 758 1919 statim
772 1878 869 1920 occur·
922 1857 1007 1913 menti
1034 1873 1085 1913 110³
1107 1875 1303 1930 praepatemttst
1327 1868 1354 1914 0¹
1380 1868 1535 1931 1110891111
1564 1874 1717 1921 reverenter

74 1956 115 2004 rat
129 1950 176 2005 tibi
194 1949 326 2005 memoria
347 1950 397 2005 Dei
420 1965 483 2005 cum
505 1949 652 2022 gratiarum
669 1952 785 2019 actione,
804 1952 870 2024 quia
923 1945 1115 2003 custiodamus.

74 2037 134 2110 ipse
152 2037 247 2109 vigilat
260 2053 342 2107 super
356 2052 416 2103 nos,
431 2038 540 2108 quaudo
552 2037 715 2106 dormimus,
732 2051 763 2096 ut
776 2049 869 2097 custo·
992 2034 1052 2090 Xll.
1065 2064 1100 2075 -
1118 2037 1158 2092 oe
1171 2037 1346 2106 consessione
1365 2041 1439 2094 recte
1453 2037 1642 2096 instituenda.

73 2127 129 2182 diat
143 2142 202 2182 nos.
218 2125 332 2196 Quando
346 2124 464 2181 dormire
481 2125 529 2191 ris,
550 2126 624 2196 prius
637 2126 870 2186 intendoredebea
959 2121 1037 2193 Saepe
1050 2121 1180 2180 confitere
1194 2130 1302 2194 peccalo
1321 2132 1376 2189 11111,
1391 2125 1424 2178 ad
1439 2123 1527 2179 minus
1547 2123 1589 2181 bis
1608 2127 1651 2183 vel
1675 2135 1717 2186 ter

75 2214 189 2281 orando,
205 2212 247 2269 vel
270 2212 442 2280 meditando;
460 2220 488 2267 et
511 2211 547 2267 ita
564 2212 593 2266 in
615 2213 668 2268 ista
694 2213 870 2284 occupatione
922 2209 951 2265 in
965 2210 1083 2283 qualibet
1103 2210 1290 2278 hebdomada;
1307 2221 1334 2267 et
1356 2210 1514 2281 simpliciter
1534 2213 1579 2269 dic
1606 2216 1715 2286 culpam

76 2306 249 2374 obdormias;
266 2311 292 2359 et
306 2303 356 2358 erit
380 2301 429 2357 tibi
451 2318 563 2358 somnus
580 2302 687 2359 dulcior
708 2314 736 2360 et
758 2303 848 2359 utilior
860 2320 869 2360 ι
924 2307 1007 2366 1111111.
1023 2299 1152 2355 1101111111
1167 2298 1274 2370 angeio,
1289 2298 1336 2372 qui
1349 2299 1430 2355 sciret
1442 2311 1546 2357 secreta
1560 2303 1651 2359 cordis
1665 2307 1716 2361 tui.

76 2393 234 2465 somniabis,
252 2400 279 2448 et
293 2392 374 2448 etiam
389 2390 532 2461 evigilabis
556 2391 705 2448 ferventior
722 2392 750 2446 in
774 2394 870 2448 ealcm
922 2388 983 2443 Non
1004 2387 1116 2457 adjicias
1129 2387 1251 2443 velamen
1265 2388 1446 2443 excusationis
1460 2389 1501 2445 rel
1515 2390 1692 2448 alleviationis
1706 2413 1715 2465 ;

76 2481 229 2547 devotione,
244 2489 271 2536 et
284 2495 382 2550 surges
405 2479 527 2546 alacrior,
544 2487 572 2535 et
590 2478 700 2536 facilius
719 2479 821 2537 redibis
842 2481 871 2537 iu
923 2491 975 2532 1100
988 2475 1124 2546 111111111θὶ1
1137 2474 1298 2542 0011111113,
1315 2475 1575 2535 11001111101111111
1596 2495 1653 2535 11011
1672 2483 1718 2537 itt·
1742 2519 1746 2525 ·

77 2570 198 2625 eamdem
226 2569 407 2633 devotionem,
422 2566 449 2622 in
469 2584 522 2639 qua
548 2569 622 2637 prius
643 2568 726 2625 luisti.
751 2569 785 2623 Et
809 2569 872 2626 licet
923 2564 1025 2635 telligat
1039 2564 1105 2636 quid
1119 2570 1206 2622 notes.
1222 2563 1340 2636 Specilia
1357 2564 1421 2637 quid
1443 2566 1547 2634 leceris,
1563 2576 1591 2624 at
1604 2570 1677 2625 nude
1691 2577 1721 2627 al

77 2656 273 2713 dormientibus
287 2672 341 2711 non
355 2656 540 2726 imputandum
554 2655 687 2726 rideatur,
702 2659 775 2729 quod
788 2658 872 2714 amali
924 2668 992 2725 pure
1009 2652 1171 2711 confitearis.
1195 2652 1325 2709 Historias
1348 2662 1437 2708 autem
1460 2665 1487 2709 et
1509 2654 1580 2711 lacta
1602 2656 1718 2716 aliorum
1756 2708 1763 2719 ,

77 2745 190 2817 iaciunt,
210 2746 251 2802 rel
275 2745 430 2818 patiuntur;
459 2753 548 2801 tamen
571 2746 648 2802 ralde
675 2746 802 2804 indecens
830 2755 872 2803 est
926 2740 980 2796 noli
996 2741 1125 2809 recitarat
1142 2740 1273 2812 sedquod
1291 2739 1387 2797 recolis
1403 2749 1428 2797 le
1441 2743 1592 2800 excessisse
1614 2754 1718 2804 atem-

78 2834 176 2890 bomini
200 2834 337 2904 religioso,
355 2832 393 2887 ita
416 2848 477 2888 csse
499 2841 585 2889 totum
608 2834 734 2890 obrutum
762 2852 869 2905 somno,
926 2845 991 2900 pore
1005 2846 1060 2902 quo
1075 2829 1232 2900 nuperrime
1244 2845 1275 2885 es
1293 2829 1445 2898 confessus,
1462 2833 1520 2888 baec
1542 2833 1660 2891 breviter
1674 2836 1719 2893 die

77 2922 148 2977 sicut
177 2937 269 2993 pecus,
293 2932 320 2978 et
344 2923 434 2991 jacere
457 2920 579 2978 distentis
604 2922 737 2988 manibus,
758 2934 785 2980 ct
812 2924 872 2980 aliis
886 2912 909 2992 Β
924 2930 951 2976 ct
965 2936 1049 2991 pure,
1063 2925 1090 2975 et
1105 2919 1160 2975 noli
1175 2925 1315 2975 tractatum
1329 2922 1572 2992 texerccujusdam
1587 2924 1677 2998 longae
1692 2935 1719 2983 at

78 3009 204 3065 membris
224 3008 401 3079 incomposite
414 3009 441 3064 in
465 3009 525 3064 sinu
540 3011 701 3066 contractis:
718 3026 779 3068 cum
806 3028 873 3083 pro·
925 3006 1091 3063 affirmativae
1104 3007 1284 3065 consessionis
1297 3009 1441 3080 generalia,
1455 3012 1520 3081 quia
1542 3022 1652 3085 generat
1667 3023 1719 3070 tm-

77 3107 137 3168 pter
152 3099 204 3153 hoc
217 3097 306 3155 vestiti
319 3098 457 3167 jaceamus
469 3108 496 3155 et
508 3097 599 3165 cincti,
616 3107 643 3154 ut
658 3116 712 3156 uon
727 3101 872 3157 habeamus
925 3097 1000 3153 dium
1012 3094 1177 3153 confessori:
1198 3098 1234 3154 ita
1249 3097 1351 3167 poteris
1361 3096 1390 3152 in
1405 3100 1528 3155 oratione
1541 3108 1588 3156 tua
1600 3102 1722 3174 quotidie

78 3192 238 3255 potestatem
266 3184 484 3240 circum-lucendi
506 3201 603 3242 manus
626 3187 679 3244 huc
701 3196 729 3244 el
751 3188 816 3245 illuc
843 3188 871 3245 in
925 3185 1038 3243 Domino
1064 3182 1195 3241 confiteri.
1224 3184 1349 3240 Deiectus
1378 3194 1438 3240 tuos
1461 3185 1486 3240 ci
1513 3202 1631 3259 expone,
1651 3206 1722 3260 quoa

78 3273 151 3330 nudo
164 3287 288 3342 corporo,
303 3278 329 3326 et
344 3271 430 3342 magis
450 3274 535 3341 parati
560 3273 645 3329 simus
667 3274 699 3328 ad
724 3275 872 3332 credonem
925 3273 1008 3329 sentia
1032 3272 1062 3327 in
1089 3272 1204 3343 singuiis
1231 3271 1393 3343 uirtutibus3
1418 3280 1444 3327 et
1471 3275 1585 3330 multum
1614 3279 1723 3348 expedit

78 3361 120 3417 rel
136 3361 169 3414 ad
183 3360 361 3431 surgendum.
378 3357 510 3413 Discretio
531 3361 559 3414 in
586 3359 627 3415 tris
640 3362 800 3430 {necessaria
820 3373 872 3435 est,
927 3376 1010 3430 super
1028 3360 1071 3415 bis
1088 3358 1122 3414 ab
1143 3374 1176 3414 eo
1200 3358 1349 3414 remedium
1369 3358 1507 3431 postulare
1529 3362 1720 3420 miserationis.

80 3467 130 3523 per
144 3458 259 3522 qnamet
273 3463 373 3519 corpus
390 3448 535 3517 prudenter
549 3447 675 3519 castiges,
689 3464 724 3503 ne
742 3451 874 3509 adversus
928 3449 1025 3504 Parum
1040 3447 1113 3502 anim
1127 3445 1199 3502 valet
1220 3444 1364 3513 confessio,
1379 3445 1431 3500 uisi
1451 3462 1589 3519 proponas
1610 3451 1644 3506 de
1666 3467 1722 3507 cae·

76 3541 203 3611 spiritum
216 3554 278 3594 caro
293 3536 419 3592 rebellet:
439 3544 466 3590 et
491 3534 614 3607 spiritum
637 3538 752 3594 discrete
769 3537 873 3609 loreas,

78 3646 114 3685 ne
128 3628 179 3684 sub
193 3626 298 3682 sarcina
311 3622 425 3693 deficiat,
437 3633 465 3679 et
483 3623 651 3696 spiritualem
666 3625 800 3684 deiectum
819 3628 874 3685 im-

77 3717 167 3788 pediat
185 3731 241 3787 prae
256 3714 339 3771 nimia
352 3712 500 3771 debilitate.
928 3713 1049 3770 11111-
1065 3716 1103 3770 lte
1125 3729 1221 3773 acrore
1243 3713 1321 3772 cette
1343 3719 1371 3772 ct
1393 3716 1578 3789 obcaecatione
1599 3724 1724 3795 propriae

167 3805 217 3862 xt.
232 3835 268 3846 -
282 3806 321 3861 Dc
335 3818 416 3875 opere
439 3801 782 3873 uiti,et1icaoescruitio.
1245 3804 1413 3862 voluntatis.

114 3895 156 3950 dd
183 3893 290 3950 labores
311 3907 478 3961 communes,
498 3898 526 3948 et
548 3891 582 3948 ad
606 3893 766 3952 humilitatis
786 3895 875 3955 ollicia
963 3891 995 3948 ln
1012 3889 1079 3948 calla
1094 3893 1207 3949 libenter
1221 3899 1292 3964 esto,
1305 3900 1333 3949 et
1355 3895 1384 3950 in
1406 3909 1439 3951 aa
1460 3895 1561 3968 aliquid
1575 3898 1639 3955 boni
1662 3916 1724 3974 age,

78 3993 137 4039 esto
153 3989 261 4054 paratus
280 3980 307 4035 in
321 3981 435 4037 ecclesia
447 3990 474 4036 et
496 3980 524 4035 in
544 3981 678 4052 coquina:
701 3992 729 4041 et
757 3986 875 4043 maxima
927 3981 1000 4053 quod
1018 3980 1131 4038 aedificet
1143 3997 1192 4040 cor
1210 3989 1296 4049 tuum,
1309 3994 1462 4041 mentemra
1486 3993 1568 4054 tuam.
1587 3987 1633 4045 vel
1650 3990 1726 4062 quod

79 4071 114 4127 aa
128 4070 174 4125 ttu
185 4075 212 4124 te
226 4067 357 4140 obsequia
372 4068 478 4135 exutae,
494 4085 555 4139 quae
569 4071 615 4125 otu
635 4087 684 4142 pro
697 4090 748 4130 sun
771 4075 873 4134 ntitata
928 4078 1004 4126 aruo
1022 4070 1163 4141 superiora
1176 4070 1328 4142 iniunctum
1346 4073 1391 4129 atr.
1407 4072 1474 4128 Tam
1492 4075 1662 4134 roluuurias
1674 4081 1725 4136 do-

927 3544 985 3591 tcro
998 3550 1096 3591 cavere
1112 3533 1160 3591 tibi
1173 3536 1207 3590 ab
1221 3533 1254 3590 iis
1267 3548 1328 3606 quae
1342 3532 1491 3601 confiteris,
1513 3545 1541 3591 ct
1566 3545 1592 3594 te
1613 3539 1724 3596 studeas

928 3625 1080 3680 emendare.

79 4165 264 4224 contemnunt,
278 4162 305 4211 et
319 4155 397 4227 quasi
420 4156 586 4225 abhorrent;
607 4169 637 4215 ut
659 4160 733 4234 liqna
755 4172 874 4235 portare,
891 4182 915 4261 Β
931 4160 981 4216 bes
993 4175 1055 4215 essa
1067 4160 1101 4215 ad
1115 4160 1307 4230 obedientiam,
1322 4170 1351 4215 ιιι
1373 4162 1396 4216 si
1411 4163 1486 4217 omni
1506 4165 1572 4220 bora
1591 4166 1728 4239 relinquo·

80 4249 191 4305 domum
206 4259 335 4318 purgare,
350 4242 455 4300 tunicas
468 4254 607 4315 excutere,
622 4255 650 4302 et
672 4249 755 4319 pedes
774 4251 878 4310 lavare.

83 4336 128 4393 ad
141 4334 253 4391 liissam
271 4332 386 4388 libenter
400 4332 513 4398 servias,
527 4333 654 4404 quoniam
673 4336 724 4392 troc
746 4348 787 4392 est
811 4338 878 4395 oili·

81 4425 151 4481 cium
173 4423 351 4494 Angelorum.
376 4420 431 4494 ipsi
453 4421 526 4477 enim
557 4422 730 4480 dovotissime
761 4426 878 4484 Domino

82 4514 202 4571 serviunt
215 4523 241 4568 et
256 4511 416 4569 ministrent.
432 4511 462 4566 ln
482 4511 534 4567 hoc
553 4513 626 4568 anim
641 4512 801 4581 ministerio,
826 4515 878 4571 tri-

82 4604 147 4675 plex
160 4610 202 4659 est
220 4602 331 4658 iructus.
347 4600 445 4668 Primo,
462 4600 526 4656 boni
541 4601 632 4673 operis
653 4601 810 4660 exercitium
825 4613 877 4665 est.

83 4691 217 4758 Secundo,
233 4706 303 4762 opus
326 4697 367 4745 est
390 4689 536 4759 charitatis,
566 4690 613 4761 qui
636 4691 790 4762 proximum
818 4709 867 4764 pro

83 4789 160 4837 uocat
175 4778 202 4833 in
220 4779 304 4835 bono.
319 4778 420 4845 Tertio,
436 4794 505 4850 opus
518 4786 561 4836 est
579 4778 731 4836 dovotionis
745 4799 753 4849 ;
768 4781 879 4853 quando

82 4877 155 4923 astas
172 4878 233 4923 aute
248 4882 368 4922 mensam
382 4867 481 4924 summi
504 4867 596 4940 Regis,
610 4877 637 4924 ot
651 4884 714 4925 cum
734 4885 766 4926 ao
780 4871 879 4942 loque·

932 4257 1007 4305 retur
1018 4246 1083 4321 qnid
1096 4246 1186 4304 lacera
1195 4248 1310 4304 deberes
1319 4248 1429 4305 arbitrio
1439 4257 1497 4316 tuo,
1510 4251 1640 4311 libentius
1649 4270 1728 4328 aequo
1790 4313 1797 4319 ,

931 4337 1022 4392 animo
1030 4334 1146 4405 accipias
1160 4335 1285 4391 mandato
1298 4333 1459 4393 obediendae
1472 4338 1618 4405 deservire,
1631 4353 1659 4399 at
1672 4358 1727 4401 non

931 4424 970 4478 tui
982 4422 1052 4491 juris
1064 4438 1138 4489 esse;
1155 4428 1191 4479 ita
1205 4422 1278 4496 quod
1292 4439 1343 4479 nec
1367 4424 1440 4496 loqui
1459 4427 1519 4482 sine
1542 4427 1659 4497 licentia,
1674 4447 1725 4488 nac

932 4509 966 4564 ad
979 4508 1084 4580 aliquas
1092 4510 1277 4576 necessitates,
1293 4511 1417 4583 proprias
1430 4513 1494 4585 ires,
1510 4515 1533 4570 si
1547 4515 1664 4574 litteram
1677 4535 1725 4575 ar·
1747 4552 1750 4557 ·

934 4598 1042 4654 bitrium
1064 4599 1195 4666 lraberas;
1219 4599 1290 4657 sicut
1311 4616 1419 4658 sanctos
1442 4613 1532 4675 patros
1555 4605 1583 4661 iu
1607 4607 1724 4681 rttqypto

932 4687 1049 4757 legimus
1064 4686 1173 4759 rixisso,
1187 4705 1301 4761 quorum
1324 4689 1483 4764 gloriamsi
1506 4695 1632 4768 cupimus
1660 4699 1722 4754 adi·

932 4775 1012 4847 pisci,
1026 4778 1139 4833 virtutes
1153 4778 1298 4835 imitemur.

933 4865 1007 4923 xlv.
1017 4895 1053 4908 -
1067 4869 1104 4924 lic
1114 4868 1232 4928 bebbae
1243 4870 1401 4943 Scriptura
1410 4876 1439 4929 et
1446 4874 1560 4945 piorum
1574 4873 1725 4931 librorum.

84 4956 122 5012 ris
135 4956 162 5011 in
176 4955 339 5013 orationeet
353 4956 383 5010 in
396 4955 543 5012 ministerio
564 4973 625 5012 cum
647 4957 766 5032 Angelis,
782 4959 881 5032 quibus
967 4955 1045 5026 Sepe
1067 4955 1159 5013 divino
1182 4974 1266 5015 aamae
1285 4959 1432 5030 Scriptura
1454 4961 1564 5034 cloquio
1589 4962 1726 5020 incumbe.

84 5053 113 5101 et
134 5042 292 5101 familiarior
309 5044 362 5101 eris
384 5060 418 5100 ex
440 5043 654 5103 ministerialis
676 5047 730 5103 hoc
753 5050 881 5107 sacerdos
933 5043 990 5099 lloc
1016 5051 1093 5100 tuum
1121 5045 1237 5116 prinum
1264 5063 1325 5103 esse
1344 5049 1425 5106 debet
1452 5048 1665 5123 tundamentum,
1680 5068 1731 5110 nac
1746 5058 1757 5089 *-

83 5132 247 5205 specialiter,
262 5141 289 5191 et
302 5147 395 5189 omnes
416 5131 622 5192 circumstantes
641 5138 806 5208 gonamtiter
830 5154 880 5210 pro
934 5146 989 5188 noo
1003 5133 1046 5189 tia
1060 5149 1121 5206 quoe
1135 5134 1209 5190 ducit
1222 5135 1255 5189 ad
1269 5135 1360 5192 11111111.
1376 5137 1449 5210 Lege
1471 5149 1627 5197 sanctorum
1648 5139 1730 5198 vitam

85 5230 113 5279 tc
127 5236 206 5277 orara
218 5219 302 5278 m
316 5222 426 5289 debant,
445 5221 499 5278 imo
515 5231 570 5279 tota
591 5224 713 5282 Ecclesia
733 5227 834 5300 ubique
851 5229 880 5285 in
933 5237 1081 5294 eorumque
1094 5223 1267 5281 doctrinam:
1292 5233 1322 5279 ut
1340 5226 1418 5282 bonis
1436 5227 1565 5298 operibus
1585 5242 1681 5285 eorum
1703 5240 1734 5287 ct
1757 5266 1760 5271 -

85 5309 152 5367 orbe
168 5316 321 5380 terrarum;
341 5325 375 5368 co
394 5311 468 5382 quod
489 5311 565 5369 vices
585 5313 709 5373 omnium
728 5332 820 5390 peras,
834 5318 882 5391 qni
934 5313 1039 5369 actibus
1061 5311 1209 5379 instruaris,
1226 5319 1253 5368 et
1277 5313 1434 5384 humilieris,
1454 5327 1482 5372 et
1501 5316 1536 5373 ad
1560 5317 1734 5376 devotionem
1821 5317 1828 5330 ‘

86 5398 204 5457 Domino
226 5415 276 5457 suo
299 5400 334 5456 de
361 5401 431 5458 ooelo
453 5417 515 5460 cum
537 5403 709 5463 devotissima
731 5406 882 5478 gratiarum
936 5400 1158 5468 accomodaret
1176 5401 1540 5477 adstudiumprorocarta;
1557 5407 1734 5467 utiniorma·

85 5488 193 5553 actione
215 5488 367 5548 vehementi
388 5489 544 5552 ministrare
566 5493 704 5564 deberent,
728 5495 752 5554 ai
770 5502 885 5572 poscent
937 5490 976 5551 ris
988 5490 1017 5551 in
1031 5489 1168 5555 intellectu
1182 5490 1394 5567 Scripturarum,
1407 5503 1434 5554 at
1448 5495 1475 5555 in
1490 5495 1545 5558 tide
1558 5495 1734 5574 illumineris,

176 5597 296 5660 Panaca.
322 5597 498 5667 ctxxtttv.
1594 5609 1628 5673 38
1734 5627 1737 5635 ¹

1702 5638 1737 5689 ..ι’
