3706 5962
54 206 110 265 685
750 208 832 269 tttts
851 208 1001 270 utsttut.

1644 224 1698 285 686

55 333 163 389 uirtutis
182 348 257 404 suam
275 331 346 387 unde
370 342 523 404 perpetuam
541 333 745 404 despectionem
760 334 855 391 incur·
872 351 976 435 “quas
995 335 1052 407 ipse
1068 335 1140 394 lecit.
1157 334 1232 392 Fecit
1244 335 1303 408 ipse
1317 336 1404 409 primo
1421 344 1606 402 tesecundum
1620 363 1660 418 se,
1676 358 1703 405 et

55 421 101 479 rit.
908 424 995 480 lactus
1009 433 1051 480 est
1066 434 1158 496 postea
1180 427 1328 492 secuudum
1349 437 1384 482 te.
1406 429 1480 484 Fecit
1502 432 1561 502 ipse
1585 445 1612 491 te
1627 439 1703 508 prior

96 515 140 564 86.
157 511 213 566 llos
235 527 344 581 ergo,o
368 511 488 582 virgines
503 510 613 578 Christi,
630 512 711 568 virete
725 512 753 568 in
772 513 855 582 toliis,
908 517 940 567 ad
956 513 1100 584 imaginem
1116 523 1143 568 et
1166 513 1369 570 similitudinem
1394 534 1480 583 suam,
1501 529 1528 574 et
1551 523 1636 580 laetus
1659 537 1701 583 est

56 600 86 654 in
115 599 203 654 verbis
227 599 378 669 charitatis,
405 599 560 661 humilitatis
585 607 613 655 et
632 601 776 671 patientiae.
803 602 854 657 Se·
908 599 965 672 ipse
980 600 1115 673 posterior
1128 602 1209 658 homo
1223 603 1469 661 adsimiritudiuem
1486 615 1569 666 turm.
1582 612 1699 670 Verbum

56 687 170 760 (tulmini
198 688 284 742 lilium
318 688 385 742 illud
416 689 592 758 praecipuum,
616 691 725 745 Matrem
755 690 854 746 summi
909 689 981 744 enim
996 703 1058 745 cero
1075 691 1171 745 laetum
1187 701 1227 748 est
1240 690 1334 762 (doum
1354 707 1374 758 r,
1392 697 1446 763 tt).
1464 697 1617 753 Laudemus
1636 718 1702 775 ergo

57 777 118 845 lilii,
140 775 202 831 boni
227 777 299 844 lesu,
317 783 346 830 ut
368 775 458 846 ipsum
478 781 564 832 solum
580 776 792 850 magnificantes,
808 776 855 847 qui
909 779 1006 842 Deum,
1023 776 1109 834 16⁶2
1122 779 1168 849 qui
1186 783 1337 835 secuudum
1356 798 1385 837 se
1404 782 1468 837 iecit
1487 800 1548 842 nos.
1569 790 1702 846 duremus

57 867 133 920 sulus
149 880 262 928 maguus
277 872 327 928 est,
344 865 371 918 iu
387 864 457 935 ipso,
471 873 497 921 et
513 881 560 935 per
576 865 665 935 ipsum
676 874 704 920 et
717 881 779 922 cum
794 866 854 936 ipso
909 867 1003 932 Deum,
1021 870 1066 938 qui
1091 876 1204 942 propter
1219 884 1268 924 nos
1298 868 1383 925 iactus
1408 879 1449 926 ρει
1476 875 1624 931 secundum
1639 894 1699 934 nos·

56 952 216 1008 mereamini
246 950 422 1022 magnificari.
449 951 548 1007 Cavete
576 951 751 1008 nihilominus
770 953 855 1008 enuti-
907 953 1025 1011 Oramus
1039 956 1136 1025 ipsum,
1154 964 1183 1011 ut
1195 956 1436 1028 irrragiuenrsuam,
1453 960 1704 1023 sicubidelormata
1744 970 1747 975 '

55 1057 119 1097 curn
140 1041 324 1111 detractionis,
345 1041 417 1111 quod
438 1040 464 1094 in
489 1040 615 1110 paradiso
630 1042 785 1097 inchoatum
802 1051 853 1109 est,
908 1051 949 1098 est
972 1044 1000 1098 in
1027 1045 1117 1100 anima
1142 1054 1246 1111 nostra,
1273 1046 1483 1104 misericorditer
1498 1050 1646 1110 reformare
1660 1057 1703 1111 dp.

57 1128 196 1186 cauticum
211 1136 287 1183 vetus
302 1137 328 1183 et
352 1127 377 1181 iu
393 1127 494 1198 peccati
520 1137 678 1185 vetustatem
693 1129 854 1200 perducens.
908 1140 1022 1203 goetur;
1048 1133 1225 1188 nihilominus
1247 1144 1274 1189 et
1299 1150 1397 1204 corpus
1416 1149 1550 1202 nostrum.
1570 1144 1644 1211 quod
1668 1147 1701 1200 ad

58 1219 93 1273 Et
120 1218 210 1272 videte
238 1227 367 1287 quantum
398 1217 509 1271 omnino
533 1218 567 1270 sit
595 1216 759 1273 eontrarium
780 1232 854 1273 novo
908 1219 1108 1275 similitudinem
1123 1231 1149 1276 et
1174 1232 1295 1277 naturam
1320 1231 1439 1278 nostram
1459 1229 1574 1298 accepit,
1590 1230 1701 1287 sicim-

59 1307 166 1362 cantieo
179 1304 333 1372 charitatis3
363 1320 424 1360 cum
441 1304 620 1360 necessarium
643 1307 678 1360 sit
702 1305 775 1360 illum
801 1321 855 1361 nou
909 1308 1068 1363 maculatum
1084 1324 1244 1366 ronservare
1259 1311 1394 1383 dignetur.
1416 1314 1447 1368 lit
1465 1314 1561 1370 uiridia
1580 1318 1654 1386 lolia,
1674 1322 1702 1376 id

58 1395 150 1464 diligi,
166 1394 210 1449 cni
224 1392 382 1448 detrahitur.
403 1391 478 1448 Solet
491 1391 560 1446 enirn
576 1394 692 1449 charitas
705 1409 759 1450 non
774 1396 854 1451 eblo·
908 1403 948 1451 est
962 1397 1046 1453 verba
1071 1396 1187 1453 virtutes
1206 1400 1381 1466 coutinentia,
1398 1400 1576 1472 proteramus,
1597 1408 1619 1460 si
1637 1407 1702 1477 qui-

56 1485 115 1557 qui,
131 1499 185 1539 uon
200 1483 361 1550 detrahere;
378 1482 425 1537 sod
445 1482 533 1553 potius
549 1489 658 1553 peccata
672 1482 757 1538 aliena
771 1499 854 1539 ercu-
908 1484 968 1538 dem
990 1485 1116 1540 volumus
1140 1502 1200 1542 esse
1215 1503 1276 1543 vera
1299 1487 1353 1543 lilia
1369 1529 1375 1555 ,
1401 1505 1461 1560 quse
1484 1493 1566 1546 verba
1582 1504 1700 1551 veterem

55 1589 118 1629 sare
135 1592 140 1629 :
157 1573 200 1628 vel
229 1571 253 1626 si
276 1572 344 1626 torte
369 1570 404 1625 sit
425 1573 606 1626 necessarium
625 1572 770 1642 corripere,
792 1570 856 1628 lacit
909 1573 1607 1649 canticorumnoobabent,sedquaeuovocautico,
1624 1583 1704 1639 idest

58 1664 114 1719 boc
136 1677 189 1718 nou
209 1663 298 1715 auimo
319 1659 493 1732 malignandi,
509 1660 556 1714 sed
571 1661 734 1732 corrigendi.
754 1661 854 1716 Cavete
872 1622 1045 1728 Bcharitati,
1074 1661 1148 1732 spei,
1179 1663 1339 1731 humilitati,
1369 1672 1395 1721 et
1422 1669 1526 1724 certeris
1549 1670 1703 1738 ¹virtutibus,

57 1764 85 1807 et
106 1751 240 1806 canticum
257 1748 415 1815 dubietatis;
434 1763 487 1802 non
511 1747 666 1802 dubitantes
688 1749 722 1804 de
746 1747 854 1803 miseri·
908 1751 1053 1806 conventre
1068 1760 1222 1807 noscamur,

57 1840 152 1896 cordia
167 1839 290 1906 Domini,
320 1838 367 1893 sed
383 1853 491 1892 omnem
515 1836 724 1892 sollicitudinem
737 1845 855 1892 vestram
945 1838 989 1892 st.
1005 1836 1177 1895 Proieremus
1192 1838 1255 1894 lolia
1275 1841 1313 1910 (et
1327 1857 1375 1897 vos
1390 1843 1537 1913 precipue,
1553 1861 1569 1903 ο
1584 1847 1704 1920 virgines

59 1931 188 1984 audacter
201 1928 227 1983 iu
249 1942 308 1982 eum
326 1925 458 1997 projicite,
474 1925 600 1998 quoniam
616 1926 667 1996 ipsi
687 1940 752 1982 cura
766 1933 808 1982 est
821 1926 856 1980 de
910 1924 1016 1998 Christi,
1041 1941 1101 1998 quie
1124 1943 1139 1982 a
1160 1926 1294 1984 viriditate
1320 1945 1418 1986 nomeu
1443 1932 1558 2003 habetis)
1578 1950 1639 2006 quae
1661 1937 1704 1992 ri-

59 2017 151 2072 vobis.
166 2016 224 2069 Nou
240 2016 311 2070 enirn
334 2015 450 2069 crudelis
465 2023 515 2080 est,
540 2022 570 2070 ut
584 2013 721 2086 permittat
745 2029 793 2071 vos
807 2031 855 2071 cr·
910 2024 995 2082 reant,
1016 2023 1043 2070 et
1057 2030 1117 2085 quae
1137 2018 1350 2086 apostematibus
1374 2021 1548 2090 superposita
1573 2031 1702 2096 rumpant

58 2105 138 2172 dere,
154 2103 176 2157 si
197 2118 244 2157 vos
268 2103 294 2156 irr
317 2102 405 2173 ipsum
422 2101 599 2173 projeceritis,
615 2102 662 2172 qui
686 2118 733 2159 ros
752 2105 784 2158 ad
804 2105 856 2160 hoc
910 2101 965 2170 illa,
980 2111 1005 2159 et
1028 2101 1138 2171 levient,
1154 2113 1181 2160 et
1199 2115 1303 2173 sanent,
1320 2107 1394 2163 sanie
1419 2109 1484 2164 toris
1507 2110 1591 2179 ejecta
1608 2130 1615 2166 ε
1631 2114 1705 2184 quod

58 2195 202 2259 hortatur,
220 2191 266 2262 qui
291 2207 340 2244 vos
359 2199 469 2260 propter
492 2191 580 2262 ipsum
601 2190 675 2245 omni
689 2197 796 2246 terreno
811 2207 856 2247 so·
909 2189 939 2246 lit
962 2192 1067 2262 quoties
1088 2192 1219 2249 incestum
1243 2195 1278 2249 ad
1303 2196 1462 2261 castitatem,
1491 2201 1639 2269 superbum
1666 2202 1702 2255 ad

58 2280 124 2338 latio
153 2281 203 2335 scit
226 2279 377 2333 voluntarie
404 2278 558 2333 destitutos.
588 2278 644 2334 Nec
669 2277 799 2336 dubitetis
821 2282 856 2337 de
910 2279 1095 2350 humilitatem,
1111 2281 1270 2338 iracundum
1281 2285 1313 2337 ad
1328 2286 1574 2351 mansuetudinem,
1595 2304 1705 2344 ararum

60 2385 142 2444 poeua
154 2368 232 2423 malis
246 2383 295 2437 pro
310 2368 366 2421 suis
380 2367 519 2421 demeritis
532 2366 687 2439 infligenda,
703 2383 738 2423 ne
748 2369 775 2422 in
789 2384 855 2438 pree·
910 2368 943 2421 ad
958 2368 1122 2442 largitatem,
1137 2370 1262 2440 gulosum
1278 2372 1311 2425 ad
1333 2373 1518 2444 sobrietatem,
1534 2374 1656 2433 invidum
1671 2376 1706 2432 ed

60 2457 222 2527 sumptionis
232 2455 325 2511 vitium
337 2454 461 2510 incidatis
477 2472 483 2512 :
499 2471 548 2511 nec
558 2454 686 2510 dubitetis
696 2456 730 2510 de
743 2456 855 2527 praemio
909 2459 1077 2525 charitatem,
1093 2459 1250 2515 acediosum
1271 2461 1304 2514 ad
1329 2460 1490 2518 alacritatem
1514 2465 1606 2520 verbi,
1628 2466 1708 2522 bon„

63 2545 145 2616 justis
161 2544 335 2614 contemndo,
352 2559 385 2596 oe
401 2543 470 2597 torte
494 2543 691 2611 desperationis
706 2542 855 2614 periculum
910 2555 936 2601 et
950 2546 1055 2601 veritati
1070 2548 1256 2604 consentaneis
1271 2550 1455 2619 perducimus.
1472 2550 1525 2606 lata
1544 2552 1610 2609 ritis
1624 2554 1703 2625 qumi

64 2631 218 2689 incurratis.
233 2632 341 2696 Cavete,
364 2645 398 2683 ue
418 2628 552 2684 canticum
567 2630 698 2684 mendacii
711 2629 856 2703 aliquando
910 2635 1000 2690 ulcera
1015 2635 1132 2690 animam
1152 2644 1276 2710 merant,
1292 2637 1457 2694 coutinentia
1482 2638 1508 2693 in
1524 2656 1554 2694 se
1569 2656 1706 2698 vervecum

63 2737 97 2777 ex
116 2736 163 2776 ore
178 2726 269 2774 vestre
290 2717 428 2789 procedat,
443 2732 497 2789 quo
513 2717 633 2773 veritatis
647 2733 777 2790 sponsum
797 2734 858 2773 res·-
912 2723 1088 2779 immundiriae
1103 2732 1130 2777 et
1143 2739 1234 2794 pravae
1252 2726 1465 2796 consuetudinis,
1481 2727 1627 2800 dequibus
1648 2732 1706 2784 siu-

66 2817 136 2864 trum
152 2807 330 2879 spiritualiter
341 2806 451 2861 laudare
465 2805 609 2876 spernatis.
626 2805 717 2859 Perdit
731 2820 764 2861 os
775 2806 858 2877 uirgi-
912 2811 984 2884 gulis
1002 2811 1064 2883 quja
1079 2827 1129 2866 nos
1140 2814 1167 2866 in
1183 2821 1294 2869 tractare
1309 2813 1343 2868 de
1357 2815 1428 2869 sotiis
1442 2815 1505 2869 viris
1519 2818 1644 2888 exempta
1657 2835 1708 2889 1³⁰·

67 2898 110 2951 nis
122 2895 304 2968 virginitatem
315 2910 401 2959 suam,
415 2893 646 2965 quotiesscieuter
660 2895 687 2947 iu
702 2893 791 2948 auimo
808 2880 1000 2967 rna-cauisse
1026 2899 1214 2969 meminimus,
1243 2917 1323 2957 causa
1351 2903 1489 2959 brevitatis
1523 2904 1549 2959 iu
1578 2908 1707 2975 praesenti

65 2985 186 3058 lignandi
197 2985 316 3056 loquitur
331 2985 471 3039 mendacia
486 2982 744 3039 contrariaveriteti.
761 2984 859 3038 Cavete
911 2988 1064 3058 judicamus
1079 2992 1275 3059 praetereunda.
1293 2991 1349 3047 lloc
1359 3001 1450 3047 autem
1465 2992 1579 3049 dicimus
1594 3004 1707 3064 tantum,

65 3067 386 3129 nihilominuseanlreum
406 3071 585 3128 excusationis
599 3071 625 3126 in
641 3071 767 3142 peccatis,
784 3087 859 3129 sem.
913 3079 985 3151 quod
1017 3077 1246 3135 considemndw,
1275 3081 1353 3135 nob„
1372 3088 1424 3147 es,
1452 3098 1506 3152 quo
1534 3082 1602 3140 ,mo
1625 3101 1710 3141 unus·

65 3176 114 3232 per
130 3163 259 3216 trabentes
280 3159 413 3215 inurente
433 3159 500 3214 illud
521 3161 590 3215 beati
614 3159 725 3214 loannis
748 3158 860 3231 virginis
913 3166 1027 3237 quisque
1042 3164 1154 3236 laboret,
1170 3174 1199 3221 ut
1219 3168 1371 3224 secundum
1393 3168 1494 3226 laboris
1513 3171 1555 3228 sui
1570 3176 1709 3244 magnitu-
1799 3185 1804 3193 '

63 3249 168 3307 veritati
189 3248 237 3321 [ot.
255 3247 413 3321 virginitati}
425 3248 607 3303 testimouium
623 3247 798 3318 perbibentis.
811 3250 860 3305 Fi·
915 3253 1006 3308 dinem
1030 3262 1056 3307 et
1076 3253 1245 3324 qualitatem,
1270 3258 1416 3312 verborum
1440 3258 1604 3315 medicinam
1627 3261 1709 3326 miuif

67 3340 140 3411 ticli,
154 3338 288 3411 inquitet
303 3336 462 3393 dixerimus
477 3335 544 3408 quie
553 3339 703 3407 peceatum
713 3350 770 3392 cerr
781 3335 862 3392 bohe-
915 3347 1040 3408 stremus,
1055 3348 1081 3396 et
1100 3340 1223 3398 similiter
1238 3342 1271 3397 de
1286 3343 1344 3398 aliis
1357 3345 1429 3410 vitis,
1447 3346 1515 3401 sicut
1530 3364 1612 3417 supra
1633 3351 1710 3419 pusi-

65 3447 138 3497 mus,
148 3428 335 3499 nosmetipsos
343 3426 547 3490 arduennensi
557 3426 661 3481 veritus
671 3425 703 3480 in
714 3424 860 3481 nobismori
915 3434 971 3484 tum
991 3435 1042 3483 est.
1059 3428 1115 3484 lloc
1129 3429 1201 3484 enim
1219 3429 1360 3486 sciendum
1380 3435 1512 3503 estquis
1530 3449 1585 3491 noo
1600 3452 1711 3508 semper

67 3522 121 3576 est.
148 3519 178 3576 st
192 3521 288 3572 autem
311 3514 433 3585 confessi
446 3513 590 3584 fuerimus
611 3518 727 3585 peccato
749 3517 860 3578 nostro,
915 3515 1020 3572 silentio
1039 3517 1212 3586 studendum,
1230 3518 1293 3573 licet
1316 3535 1380 3574 cum
1401 3536 1502 3594 magno
1515 3521 1607 3579 studio
1623 3524 1710 3580 silen-

66 3607 168 3678 fidetir,
180 3608 310 3678 etjuatus
321 3606 456 3671 estheris,
468 3603 515 3676 qui
526 3600 863 3674 dimittituobispeccatc
916 3604 983 3661 tium
994 3606 1030 3660 sit
1043 3605 1228 3677 servandum
1249 3607 1297 3662 sed
1318 3598 1428 3677 januam
1444 3609 1500 3664 oris
1520 3611 1607 3667 nostri
1620 3629 1709 3684 quau·

66 3699 176 3760 nostru,
191 3699 219 3751 et
234 3694 432 3752 emundatrice
446 3691 479 3747 uh
491 3689 570 3748 omni
580 3689 770 3764 iniquitute(l
780 3692 861 3750 Ioue.
916 3695 1004 3765 doque
1022 3692 1155 3764 claudere,
1175 3695 1337 3768 quandoque
1356 3698 1465 3768 aperire
1479 3699 1621 3767 debemus,
1640 3718 1710 3774 qua·

66 3799 86 3852 r,
102 3788 129 3851 a,
146 3789 183 3855 s).
199 3786 284 3839 Nemo
299 3785 380 3857 igitur
394 3783 507 3838 aestimet
521 3796 549 3836 se
569 3780 629 3837 sine
643 3779 760 3850 peccatis
775 3795 860 3836 esse:
916 3789 995 3840 tenus
1009 3781 1044 3837 itu
1064 3790 1201 3838 necantur
1219 3784 1300 3853 mala,
1317 3800 1351 3840 ue
1370 3800 1432 3841 curn
1456 3787 1533 3842 malis
1547 3789 1625 3844 etiarn
1641 3791 1712 3847 bona

65 3891 126 3944 nec,
147 3889 210 3930 cum
223 3875 380 3945 cognoverit
393 3873 450 3940 illa,
467 3881 578 3929 excuset
592 3888 631 3940 se,
644 3874 714 3928 sicut
729 3873 803 3930 stulti
818 3888 862 3929 so·
916 3879 944 3927 et
966 3869 1043 3928 utilia
1069 3877 1219 3927 taceantur.
1247 3870 1326 3938 Quod
1355 3873 1437 3928 etiam
1459 3874 1488 3930 in
1510 3876 1642 3948 petitione
1662 3893 1712 3934 suu

64 3964 132 4026 lent,
149 3963 236 4018 adhuc
255 3963 335 4017 hodie
359 3962 500 4033 loquentes
514 3963 715 4018 excusationem
735 3964 811 4028 Adae,
835 3969 863 4018 et
916 3959 1002 4025 innuit
1017 3960 1160 4032 Propheta,
1181 3977 1243 4019 cum
1258 3963 1364 4019 dicebat
1382 3981 1388 4022 :
1404 3967 1490 4034 Perre,
1510 3969 1637 4034 Domine,
1658 3984 1711 4025 cu·

66 4052 188 4106 diceutes
205 4050 317 4104 :Mulier
329 4063 409 4120 quam
421 4050 495 4105 dedit
509 4048 575 4104 mihi
591 4050 672 4117 Deus,
688 4051 796 4107 seduxit
809 4065 861 4106 me.
917 4048 1039 4107 stodiam
1056 4052 1101 4106 ori
1115 4066 1185 4121 meo,
1201 4055 1230 4108 et
1252 4054 1356 4110 ostium
1380 4054 1606 4115 circumstantie
1632 4057 1713 4114 tuliis

66 4137 158 4207 Quare
174 4137 251 4191 talem
270 4138 409 4191 mulierem
423 4136 498 4191 dedit
511 4138 578 4193 mihi
591 4139 676 4210 Deus,
691 4155 752 4211 quae
762 4155 805 4196 nre
819 4155 863 4195 se·
878 4156 902 4236 n
917 4142 988 4198 meis
1008 4140 1095 4211 (Prot.
1121 4156 1186 4212 oxu,
1207 4139 1246 4212 3).
1272 4139 1378 4198 Ostium
1402 4143 1501 4217 quippe
1525 4160 1579 4202 non
1604 4161 1714 4219 semper

66 4227 168 4285 ducat?
183 4225 279 4281 Mulier
289 4225 338 4280 ista
347 4225 481 4281 seducens
495 4227 592 4294 virum,
607 4237 648 4284 est
662 4244 724 4284 raro
737 4229 863 4301 spiritum
919 4234 1000 4297 patet,
1015 4242 1065 4283 nec
1080 4241 1187 4298 semper
1200 4228 1352 4297 clauditur;
1373 4230 1420 4286 sed
1439 4230 1467 4285 iu
1482 4231 1565 4287 domo
1583 4232 1712 4304 sapientis

66 4323 191 4375 nostrum
207 4314 347 4370 adducens
371 4314 404 4368 ad
430 4314 649 4370 consentiendum
672 4317 799 4386 peccatis,
816 4334 863 4389 pro
916 4323 991 4389 patet
1014 4314 1186 4384 sapientibus
1208 4315 1235 4370 in
1260 4317 1361 4373 nuntiis
1385 4319 1558 4388 emittendis3
1580 4317 1713 4378 clauditur

66 4422 121 4480 qua
135 4405 212 4461 stulti
226 4403 442 4477 Deumquotidie
455 4412 594 4475 accusant,
609 4405 719 4476 seipsos
732 4406 760 4461 iu
773 4422 866 4477 pecca·
917 4420 982 4463 vero
997 4421 1046 4475 pro
1072 4403 1161 4459 stultis
1191 4405 1353 4461 intrinsecus
1378 4406 1532 4463 retinendis.
1557 4406 1602 4462 Sic
1628 4416 1654 4464 et
1681 4425 1713 4465 os

66 4497 102 4554 tis
112 4495 260 4561 volventes,
273 4501 299 4550 et
310 4495 428 4549 diceutes
438 4492 566 4549 secernis
575 4493 709 4550 illecebris
719 4510 772 4551 nou
783 4512 863 4566 posse

66 4584 202 4653 resistere,
219 4600 300 4655 quam
316 4592 479 4654 acceperunt
495 4599 510 4638 a
524 4585 590 4641 Deo.
606 4583 715 4640 Grande
730 4584 808 4641 valdo
822 4593 863 4641 est

66 4685 206 4748 peccatum
219 4674 297 4741 illud,
313 4687 439 4729 accusare
464 4674 551 4727 Deum
571 4671 712 4744 optimum,
728 4673 775 4745 qui
800 4675 864 4731 tecit

66 4761 155 4822 omnia
170 4764 242 4817 bona
252 4762 330 4816 valde
342 4771 450 4832 propter
465 4771 508 4831 te,
525 4770 552 4818 et
567 4763 703 4834 praecipue
717 4763 805 4834 ipsum
817 4764 864 4818 lro-

66 4854 168 4909 minem
184 4852 358 4924 praecaeteris
376 4851 506 4907 creaturis
519 4851 668 4910 exornavit.
685 4853 788 4907 Bonum
803 4852 860 4909 sine

66 4940 153 4997 dubio
170 4941 230 4996 terit
250 4950 275 4995 te
304 4941 379 4994 Deus
403 4941 500 5007 bonus,
519 4940 565 5014 qui
589 4940 654 4998 iecit
673 4944 763 4998 omnia
777 4944 860 5014 bone,

66 5030 138 5086 boue
152 5029 231 5086 valde
248 5037 357 5098 propter
377 5036 413 5084 te.
430 5029 526 5100 Neque
541 5030 613 5085 enirn
637 5033 725 5087 bonus
739 5041 822 5101 esset,
839 5031 861 5086 si

67 5127 94 5172 te
112 5117 183 5173 male
207 5117 326 5182 lecisset,
343 5124 452 5188 propter
478 5133 560 5189 quern
587 5120 678 5175 omnia
701 5120 772 5192 lecit,
799 5137 861 5193 quae

66 5214 181 5279 propter
199 5215 225 5262 te
248 5206 318 5263 boue
348 5206 417 5263 lacta
440 5207 516 5262 valde
542 5206 606 5263 lecit
631 5209 732 5265 omnia.
756 5211 861 5267 Bonum

66 5310 135 5366 ergo
155 5304 181 5351 et
203 5297 280 5353 ratde
297 5298 397 5352 bonurn
413 5294 513 5352 fecitte
532 5296 616 5352 Deus.
631 5296 724 5354 Bonus
746 5299 860 5372 tuipse,

66 5394 94 5443 te
109 5401 172 5444 vere
188 5388 285 5441 rnatum
300 5389 377 5443 tacis.
398 5384 427 5443 Si
443 5384 577 5442 deleveris
591 5385 619 5440 in
633 5393 658 5442 te
673 5386 745 5460 quod
759 5395 787 5444 tu
804 5389 862 5463 ipse

66 5473 147 5548 lacis,
166 5476 289 5534 invenies
301 5476 378 5535 valde
397 5477 498 5534 bonum
516 5482 543 5534 te
563 5489 625 5535 esse
638 5474 710 5535 iuter
722 5485 862 5538 creaturas

918 4503 1052 4563 nostrum,
1066 4491 1141 4564 quud
1165 4501 1207 4548 est
1230 4493 1329 4547 ostium
1353 4493 1444 4550 cordis
1464 4495 1559 4561 nostri,
1574 4511 1622 4568 per
1638 4498 1712 4569 quod

916 4582 1001 4639 verba
1015 4581 1092 4653 quasi
1105 4580 1229 4652 quaedam
1248 4584 1343 4638 nuntia
1357 4583 1543 4656 egrediuntur,
1563 4584 1713 4641 nuntiantia

917 4671 982 4742 quid
998 4668 1111 4726 interius
1126 4679 1220 4741 agetur
1238 4669 1264 4724 iu
1285 4670 1377 4743 corde,
1397 4673 1470 4744 quod
1489 4673 1581 4730 verbis
1596 4675 1715 4747 prudeu-

915 4759 988 4815 tibus
1002 4767 1028 4815 et
1043 4757 1152 4813 utilibus
1173 4760 1258 4815 estin
1277 4769 1397 4831 tempore
1415 4763 1607 4836 reserandum,
1624 4766 1716 4835 pravis
1813 4824 1818 4832 ,

915 4866 979 4909 vero
995 4851 1084 4905 verbis
1103 4865 1164 4921 quae
1177 4849 1212 4905 de
1235 4850 1313 4905 malis
1332 4851 1451 4908 motibus
1482 4853 1572 4909 cordis
1595 4861 1712 4927 surgunt

914 4940 1014 5014 jugiter
1026 4947 1067 4994 est
1081 4938 1269 4995 claudendum.
1291 4940 1409 5009 Tempus
1436 4942 1508 4997 euim
1532 4941 1671 5012 loquendi,
1687 4943 1716 4999 et

916 5038 1021 5101 tempus
1041 5028 1158 5087 tacendi.
1181 5030 1239 5084 Nec
1257 5029 1347 5085 miuus
1367 5041 1462 5101 precut
1488 5031 1513 5087 is
1534 5032 1581 5103 qui
1602 5031 1715 5087 verbum

915 5117 1048 5175 subtrahit
1071 5118 1098 5171 iu
1121 5126 1240 5188 tempore
1264 5126 1427 5190 opportuno,
1452 5135 1533 5190 quam
1558 5117 1606 5190 qui
1629 5133 1713 5186 preve

915 5206 1067 5282 loquendo,
1096 5205 1165 5260 alios
1192 5205 1363 5261 scandalizat.
1392 5205 1478 5261 Nimis
1506 5206 1578 5261 euim
1607 5205 1715 5263 videtur

916 5312 1012 5353 avarus
1034 5309 1094 5350 esse
1116 5300 1141 5347 et
1161 5291 1279 5358 invidus,
1300 5292 1348 5364 qui
1366 5293 1449 5349 verba
1463 5293 1549 5365 gratis
1573 5293 1663 5352 hahita
1681 5296 1716 5351 ad

916 5386 1058 5445 utilitatem
1080 5378 1264 5452 proximorum
1280 5379 1393 5455 negligit
1413 5380 1576 5441 urinistra're.
1599 5382 1717 5452 Quando

916 5477 989 5536 enim
1013 5476 1092 5549 putas
1114 5483 1175 5526 eum
1207 5468 1384 5528 substantiam
1416 5470 1555 5547 propriam
1579 5472 1715 5551 indigenti
