3706 5962
610 218 645 280 tt
662 219 800 285 ttdttdt
817 221 926 285 salbo
943 222 1039 283 xtttt.
1611 227 1648 291 94

76 344 193 401 somnia
203 346 287 415 (Dare.
304 360 355 413 vn,
370 344 408 416 7).
423 343 505 401 Nulla
520 343 590 401 iuter
603 346 732 415 oviculas,
743 348 799 405 imo
816 377 839 457 Α
858 349 951 420 sessio,
959 349 1056 422 inquit,
1063 352 1092 406 et
1097 348 1283 421 pulchritudo
1291 350 1323 407 ia
1333 354 1484 422 conspectu
1492 352 1645 423 ejusffsol.

85 432 193 489 arnicas
215 432 324 489 Domini
339 432 426 487 bestia
439 432 500 487 telis
522 434 682 504 reperiatur.
698 436 729 491 ln
747 438 800 495 lroc
856 454 923 509 xcv,
934 437 973 511 li).
983 438 1014 493 ln
1025 437 1128 493 Libano
1138 436 1360 510 pulchritudo,in
1373 445 1489 512 argento
1497 440 1646 510 confessio,

76 538 83 578 r
105 521 236 594 virgineo
250 520 325 576 nulla
348 520 491 587 virulenta,
508 521 582 577 nulla
603 522 722 580 violenta
741 525 799 580 sit:
854 525 883 582 in
897 542 965 583 auro
979 526 1077 583 diriuae
1095 534 1259 597 conspectus
1273 525 1427 598 presentiae
1442 525 1491 583 tibi
1506 542 1648 587 commeo·

76 628 89 667 ι
104 609 134 666 in
149 611 203 667 troc
223 610 350 682 paradiso
363 609 500 681 serpentis
517 610 614 666 sibilus
637 620 723 668 sonet.
741 613 801 669 Vir·
854 615 944 673 datur.
959 614 1048 685 Quam
1058 631 1158 689 magna
1172 623 1216 671 est
1229 614 1411 673 confessionis
1426 623 1455 672 et
1473 616 1649 686 pulchritudi-

76 716 112 775 un
121 716 157 755 os
166 698 302 755 virulenta
315 699 399 755 rerba
412 715 468 754 non
480 700 589 756 decent.
604 700 695 767 Ouid?
710 701 802 772 pravis
853 704 896 759 nis
910 705 992 776 huius
1003 703 1103 778 gratia,
1119 721 1181 777 quae
1190 704 1219 759 in
1232 713 1383 777 conspectu
1400 712 1482 761 tantae
1495 706 1648 777 majestatis

76 795 102 843 ta
127 788 221 844 verbis
240 788 366 845 osculum
391 787 419 842 in
443 788 535 858 sponsi
559 789 630 845 lubia
654 789 799 863 porriges?
853 792 1021 850 admittiturl
1040 794 1085 849 Vis
1099 794 1165 849 alibi
1181 794 1210 849 iu
1230 794 1341 850 Psalmo
1356 797 1428 851 banc
1442 794 1647 854 distinctionem

76 893 109 935 ot·
123 876 186 949 ipse
201 876 271 933 lucis
280 885 401 943 aeternae,
418 885 445 932 et
460 877 499 931 nil
509 878 679 949 inquinatum
693 878 801 954 attingit
852 882 970 939 audnf
985 884 1047 950 Cor,
1062 882 1159 955 inquit,
1171 884 1389 941 ruendumcreo
1405 884 1438 939 ia
1452 900 1506 952 me,
1521 887 1604 955 Deus,
1619 891 1648 943 et

78 1006 86 1021 .
103 968 245 1025 Hemento
259 981 292 1021 os
307 973 384 1021 tuum
397 966 560 1021 coelestibus
578 966 681 1023 osculis
694 975 721 1023 et
735 983 799 1025 ora·
850 974 1210 1043 spiritumreetuminnooo
1220 972 1409 1030 ineiseeribas
1419 974 1500 1032 meir.
1513 975 1553 1032 Ne
1560 977 1649 1048 proji-

90 1064 296 1115 cousecratum.
318 1054 499 1127 Sacrilegium
518 1063 591 1127 puta,
611 1056 635 1110 si
656 1056 722 1128 quid
743 1072 800 1113 non
851 1062 909 1117 cias
925 1076 971 1117 ιιιι
989 1063 1093 1132 atcere
1107 1060 1183 1119 tuo?
1196 1061 1286 1133 (Prot.
1300 1078 1328 1131 a,
1349 1064 1393 1127 ta,
1410 1065 1466 1133 ts).
1482 1062 1565 1119 Vides
1580 1080 1648 1136 quo-

76 1166 91 1213 r,
107 1160 167 1201 non
186 1143 319 1210 divinum,
336 1158 392 1199 non
415 1144 450 1199 de
471 1153 566 1199 sancta
589 1145 690 1217 pagina
708 1153 798 1203 sonet.
851 1148 1063 1221 modoabyssus
1080 1150 1210 1221 abyssum
1229 1150 1359 1219 invocet3
1379 1150 1517 1222 quomodo
1535 1151 1647 1209 diversa

76 1234 169 1301 lacte,
180 1231 280 1305 inquit,
297 1234 328 1287 ιἰι
342 1234 490 1289 neomenia
502 1236 621 1300 latmia
636 1235 740 1307 insigni
754 1234 800 1290 die
851 1236 998 1309 Scriptum
1010 1236 1131 1309 capitula
1150 1237 1203 1293 sibi
1221 1238 1379 1296 concinunt.
1405 1239 1524 1296 Primum
1543 1240 1581 1296 ad
1603 1240 1646 1296 ti-

76 1323 198 1379 taitctis
208 1326 309 1379 uesfroe
319 1323 408 1391 (Prot.
422 1337 509 1388 cxxx,
521 1322 559 1393 l).
576 1321 673 1378 Omnis
683 1322 742 1379 dies
752 1339 799 1380 vo·
851 1325 917 1381 bani
925 1325 1074 1383 candorem
1086 1325 1168 1383 refer.
1180 1326 1257 1382 Beati
1271 1326 1346 1383 enim
1357 1328 1457 1383 mundo
1471 1328 1564 1394 corde,
1577 1344 1647 1402 quo·

76 1409 194 1469 ohannis
208 1410 292 1466 debet
303 1425 384 1476 esser
400 1426 510 1482 semper
523 1411 680 1476 neomenia,
690 1427 800 1483 semper
852 1415 927 1470 niam
939 1413 992 1487 ipsi
1006 1416 1093 1471 ὓιιιιιι
1105 1412 1238 1471 videbunt
1256 1416 1368 1483 (ttattta
1382 1432 1411 1483 v,
1425 1416 1465 1488 8).
1486 1416 1646 1473 Secundum

76 1506 157 1557 utum.
171 1499 238 1555 ldeo
252 1514 284 1554 os
298 1506 420 1555 vestrum
443 1499 520 1571 quasi
544 1500 608 1555 tuba
622 1499 657 1555 sit
677 1499 797 1571 ductilis,
851 1503 887 1559 ad
900 1503 1008 1577 argenti
1017 1503 1174 1560 columnas.
1187 1503 1301 1559 llectum
1316 1512 1360 1560 est
1374 1504 1448 1561 enim
1462 1506 1578 1563 verbum
1589 1506 1646 1561 Do-

78 1587 314 1659 argentoniaco
329 1604 390 1659 quae
404 1603 459 1643 non
474 1587 546 1655 lites,
563 1589 612 1644 sed
625 1588 746 1645 laetitiam
755 1602 799 1645 so-
850 1591 928 1647 mini.
939 1591 1061 1649 Tertium
1076 1592 1111 1647 ad
1124 1606 1240 1648 aureum
1254 1592 1468 1657 reclinatorium,
1481 1592 1528 1648 ubi
1537 1593 1646 1648 Domini

76 1677 128 1735 sed
141 1677 352 1743 solemnitatem,
370 1677 420 1733 sed
435 1677 541 1733 cautim
554 1677 713 1747 spiritualia.
852 1679 936 1736 facies
949 1679 1008 1735 sine
1027 1680 1181 1736 velamento
1200 1680 1306 1737 sincere
1330 1680 1437 1737 videtur
1457 1700 1465 1735 ι
1481 1688 1510 1735 ιι
1528 1680 1556 1735 in
1579 1695 1648 1737 auro

78 1766 184 1823 Nescio
199 1766 338 1837 quomodo
352 1766 386 1821 de
402 1766 538 1823 columnis
552 1766 693 1837 argenteis
707 1766 742 1823 ad
753 1774 798 1823 tu·
815 1768 943 1847 fimtilat
959 1769 1088 1837 majestas
1107 1768 1198 1839 regim
1224 1768 1276 1824 hoc
1292 1776 1344 1831 est,
1372 1776 1529 1840 purgatum,
1544 1768 1647 1824 iustru-

76 1864 165 1913 roatra
187 1854 299 1911 deflexit
324 1855 435 1911 oratio:
460 1855 513 1909 nisi
539 1856 612 1926 quod
632 1855 735 1927 optime
748 1870 799 1912 co-
852 1865 937 1927 ctum,
957 1864 994 1923 ct,
1019 1865 1049 1913 ut
1068 1856 1109 1914 sie
1132 1856 1231 1925 dicam,
1247 1855 1430 1927 praestrictum
1448 1855 1573 1927 spiritum
1595 1856 1648 1912 sibi

76 1952 149 2001 aest
159 1944 188 1999 in
204 1943 286 2000 doruo
301 1944 420 2009 Domini,
433 1944 479 2016 qui
496 1944 550 1999 tale
563 1959 595 1999 os
608 1951 709 2015 portat.
725 1945 800 2000 Bona
852 1945 973 2018 postulat
986 1946 1056 2001 dari.
1080 1946 1111 2001 lu
1125 1944 1230 2001 libano
1249 1951 1393 2019 purgatur,
1415 1944 1443 1999 in
1466 1952 1582 2017 argento
1599 1944 1646 2000 in·

76 2049 129 2089 nna
158 2041 200 2087 est
223 2032 251 2086 in
274 2048 329 2104 quo
356 2032 420 2089 fessi
446 2040 624 2088 sustentatur.
654 2034 744 2089 llubes
772 2032 799 2087 in
853 2034 976 2099 struitur,
995 2034 1024 2090 in
1038 2050 1106 2091 auro
1124 2033 1334 2107 praestringitur.
1350 2033 1553 2107 Praestringitur
1573 2033 1647 2091 enirn

84 2124 249 2181 :Dominus
263 2120 340 2177 dedit
361 2121 432 2177 mibi
451 2123 578 2193 ling-uum
592 2122 747 2187 eruditum,
768 2128 799 2178 ιιι
852 2139 917 2181 vere
926 2122 954 2179 in
964 2123 1438 2196 conmmptandoquaettoetpurgarae
1449 2122 1550 2179 mentis
1559 2123 1646 2179 acies:

76 2212 223 2283 saumqui
232 2213 329 2282 tapsus
340 2215 551 2268 estsusterrtare
561 2211 713 2283 verbatim.
725 2228 751 2278 ι,
759 2210 797 2283 l).
853 2220 880 2269 et
894 2211 1096 2271 coruscationes
1110 2212 1210 2269 intimae
1224 2211 1291 2267 lucis
1310 2212 1346 2268 ad
1370 2211 1507 2269 modicum
1522 2211 1646 2269 sustinet.

76 2301 114 2357 tta
127 2299 212 2371 plane
224 2298 319 2373 lingua
334 2298 433 2354 Christi
452 2300 524 2365 lesu,
548 2300 734 2355 annuntiantis
748 2316 798 2372 pa-
852 2302 908 2358 llos
922 2302 1093 2374 profectuum
1103 2300 1208 2375 gradus
1218 2300 1311 2373 relege
1323 2306 1361 2365 tu,
1376 2316 1438 2372 quae
1452 2299 1648 2371 speculationis

86 2389 265 2461 predicantis
280 2389 392 2445 bonum.
412 2389 518 2462 Lingua
537 2389 676 2460 placabilis
696 2389 799 2461 lignum
852 2389 1002 2462 aspirasad
1012 2390 1140 2463 gratiam.
1156 2390 1228 2445 Nihil
1242 2389 1271 2445 in
1285 2397 1312 2445 te
1326 2389 1440 2453 fredum,
1455 2388 1524 2445 nibil
1538 2387 1648 2444 infidele

76 2480 225 2549 [Promxm
234 2477 275 2546 l),
287 2477 446 2534 columnact
458 2478 658 2534 firmamentum
669 2477 798 2535 tentatis.
853 2478 981 2545 resideat,
997 2485 1026 2533 ιιι
1036 2478 1111 2533 nuda
1124 2477 1172 2534 tibi
1186 2478 1273 2549 possit
1282 2476 1421 2549 fulgurare
1434 2477 1545 2533 veritas.
1558 2476 1648 2532 Primo

91 2568 174 2639 virgo
188 2565 216 2620 in
227 2566 278 2622 hoo
294 2567 388 2637 sponsi
398 2566 547 2638 imaginem
562 2573 649 2638 porte,
661 2568 801 2623 athabeos
853 2566 1014 2631 emundare,
1025 2565 1148 2622 seeundo
1157 2564 1319 2629 exercitare,
1330 2564 1410 2619 tertio
1420 2563 1538 2621 intuere.
1549 2565 1651 2619 Emun-

76 2670 124 2713 ιιι
151 2654 298 2719 eruditam,
318 2653 441 2727 linguam
459 2655 640 2726 placabilem3
655 2670 710 2711 nou
724 2671 801 2712 erro·
854 2656 921 2713 dare
934 2670 952 2712 a
964 2655 1028 2726 lege
1040 2653 1155 2719 carnali,
1168 2653 1320 2709 exercitare
1333 2651 1362 2707 in
1375 2650 1435 2724 lege
1450 2651 1525 2717 fidei,
1541 2651 1649 2709 intuere

76 2766 92 2811 ι,
107 2758 167 2800 non
181 2758 291 2815 vagam,
308 2758 361 2799 non
381 2742 492 2799 labilem
506 2744 540 2798 ad
562 2745 660 2809 otiosa,
676 2744 725 2799 sed
740 2760 801 2816 quea
854 2752 882 2801 et
897 2743 1022 2815 perspice
1033 2742 1060 2797 in
1072 2743 1134 2813 lege
1149 2742 1278 2813 perfer-ta
1291 2740 1438 2805 libertatis,
1453 2739 1482 2795 in
1497 2740 1560 2813 lege
1570 2739 1650 2812 spiri·

76 2832 288 2901 mejudicium
301 2848 363 2903 quae
373 2833 488 2888 verbum
503 2832 591 2888 solatii
602 2833 802 2904 professaque
853 2834 929 2889 tuali.
947 2832 998 2889 Ubi
1013 2833 1087 2887 enim
1101 2830 1211 2903 spiritus
1225 2828 1343 2893 Domini,
1359 2829 1397 2885 ibi
1410 2828 1525 2885 libertas
1534 2830 1572 2897 (ll
1586 2829 1648 2886 dor.

76 2938 128 2979 nna
143 2920 270 2993 qoaedam
285 2920 320 2975 sit
335 2929 362 2977 et
376 2920 579 2977 firmamentum
597 2923 630 2977 ad
646 2921 802 2978 edificatio·
853 2937 895 2987 ιιι,
912 2921 968 2993 tt).
980 2922 1011 2976 ln
1027 2920 1087 2992 lege
1102 2936 1164 2992 quae
1177 2920 1277 2975 litterae
1296 2917 1432 2975 velamine
1451 2924 1536 2983 earet,
1552 2917 1581 2972 in
1595 2933 1650 2990 qua

76 3006 137 3069 5⁸
148 3008 221 3075 tidei,
238 3009 280 3066 rel
295 3017 358 3075 tuae,
368 3010 411 3067 rel
428 3010 536 3068 alienae.
548 3013 635 3083 Prope
645 3010 679 3067 sit
688 3011 800 3069 verbum
854 3026 907 3067 nee
922 3010 1018 3075 errori,
1035 3024 1087 3066 nee
1100 3008 1272 3082 ignorantia,
1288 3022 1340 3063 uec
1354 3007 1491 3080 aenigmati
1506 3005 1582 3063 loeus
1595 3014 1647 3063 est.

76 3100 109 3157 ln
122 3114 173 3155 ore
183 3107 239 3165 tuo,
254 3105 283 3153 ιι
297 3097 324 3152 in
339 3099 422 3154 corde
438 3102 624 3171 ruotberti,
643 3100 680 3169 8).
696 3100 744 3157 Vis
757 3114 801 3157 co
854 3097 938 3155 Error
949 3098 997 3155 ubi
1007 3106 1060 3164 est,
1075 3096 1189 3154 seducit.
1206 3096 1363 3169 Ignorantia
1374 3095 1421 3152 ubi
1431 3102 1483 3161 est,
1495 3111 1551 3151 non
1561 3094 1645 3152 ducit.

76 3204 124 3245 am
137 3186 236 3243 andire
250 3186 429 3259 argenteam?
440 3190 506 3255 Lea,
518 3188 615 3260 inquit,
629 3191 680 3245 Dei
693 3191 753 3261 ejas
769 3188 801 3244 irs
852 3187 985 3259 AEnigme
1002 3187 1049 3242 ubi
1072 3193 1123 3252 est,
1144 3187 1193 3242 etsi
1217 3185 1302 3250 ducit,
1326 3198 1382 3239 non
1402 3191 1493 3239 tameo
1513 3182 1647 3254 perducit.

76 3278 185 3351 rtpstas
195 3296 205 3333 .·
217 3290 282 3332 ecce
292 3285 448 3349 argentum.
464 3281 499 3333 st
508 3294 567 3334 noa
576 3278 802 3350 supplantatus·
853 3275 921 3346 Quis
933 3276 971 3332 ibi
985 3274 1082 3331 erret?
1095 3273 1308 3332 declinatorium
1322 3272 1396 3329 euim
1411 3280 1464 3338 est,
1479 3278 1507 3327 et
1521 3271 1609 3344 quies,
1621 3278 1648 3327 et

76 3380 180 3429 ινιιιιιι
193 3367 255 3436 ejm
270 3367 355 3434 (Psoi.
373 3380 472 3433 xxxrr,
488 3370 536 3438 31)
553 3381 559 3419 :
579 3381 645 3422 ecce
663 3366 800 3422 columna.
853 3373 978 3421 votorum
989 3364 1060 3419 finis.
1072 3364 1139 3434 Quis
1154 3363 1397 3437 ignorettrtumm
1407 3359 1479 3416 euim
1494 3366 1545 3424 cst,
1561 3367 1588 3414 et
1602 3374 1648 3413 ru-

84 3454 225 3519 columna,
241 3470 303 3525 quae
318 3454 438 3510 subverti
453 3470 508 3509 nou
522 3462 622 3525 potest.
649 3455 730 3511 Verbo
748 3455 800 3511 Do·
853 3455 911 3509 tilat
922 3454 958 3510 ad
970 3454 1069 3511 lucem.
1086 3452 1165 3523 Quod
1179 3451 1216 3506 ibi
1230 3449 1371 3521 aenigma?
1386 3450 1518 3504 Votorum
1533 3446 1604 3511 finis,
1620 3455 1649 3503 at

82 3542 799 3615 cclifimnotimrrt,iuquitl‘salmista(Prsarum).
853 3542 1073 3607 serenaverites,
1092 3540 1267 3614 aenigmatum
1286 3538 1388 3608 figuras
1408 3551 1463 3591 uon
1482 3534 1590 3604 recipit.
1607 3533 1646 3589 lbi

76 3632 164 3687 rerba
182 3630 360 3687 confirmetur
380 3646 429 3687 cor
444 3631 575 3704 virginiae
596 3638 624 3687 ut
639 3631 739 3688 coelum
754 3631 798 3698 sit,
852 3630 919 3686 nibil
933 3630 1041 3696 falsum,
1057 3628 1124 3684 nihil
1139 3626 1313 3691 occultatum,
1328 3624 1396 3680 uiltil
1409 3623 1557 3697 figuratum
1574 3636 1580 3675 :
1596 3636 1647 3677 au·

76 3718 128 3777 des
143 3720 204 3786 Dei,
224 3728 253 3774 ut
272 3719 477 3775 reclinatorium
498 3720 584 3790 possit
598 3736 713 3776 aureum
727 3719 798 3776 fieri.
852 3736 914 3775 rum
928 3726 979 3785 est,
995 3727 1022 3775 et
1035 3718 1140 3789 fulget3
1157 3713 1359 3773 reclinatorium
1374 3721 1426 3779 ιιι,
1442 3718 1470 3769 ιι
1484 3711 1558 3768 fovet
1569 3725 1576 3779 3
1587 3709 1648 3766 dul·

76 3815 175 3882 gento,
186 3806 250 3863 fidei
266 3808 400 3863 rationem
414 3817 443 3863 et
457 3807 599 3864 scientiam
614 3808 731 3879 aceirrite
748 3823 755 3862 :
772 3808 800 3863 in
852 3808 893 3864 cis
915 3808 1011 3872 fomes,
1031 3806 1081 3863 sed
1103 3808 1171 3862 bore
1190 3806 1286 3877 fugax.
1310 3804 1346 3859 Et
1365 3803 1458 3875 fulgor
1480 3801 1532 3855 iste
1546 3798 1648 3873 fulguri

91 3897 287 3970 intelligentiae
302 3903 330 3953 et
344 3896 466 3953 veritatis
481 3897 628 3971 fulgorem.
645 3897 800 3954 lleeliuato-
853 3904 1035 3969 comparatur.
1047 3897 1078 3951 ln
1092 3902 1242 3958 momento,
1257 3892 1297 3959 lit,
1309 3892 1338 3947 in
1352 3892 1409 3948 ictu
1422 3888 1506 3955 oculi,
1520 3888 1549 3944 in
1558 3888 1649 3944 novis·

80 3988 139 4045 hoc
154 4002 271 4042 aureum
284 4002 367 4056 super
382 3987 540 4056 hujusmodi
554 3988 695 4041 columnas
709 3986 799 4059 impo-
853 3986 923 4041 sima
937 3985 1012 4041 tuba.
1027 3982 1182 4041 Novissima
1195 3982 1261 4037 tuba
1276 3988 1328 4048 est,
1343 3979 1455 4053 quando
1476 3992 1532 4035 non
1545 3980 1602 4049 jam
1620 3976 1648 4031 in

76 4076 164 4135 ..ttae
182 4075 257 4131 enirn
271 4076 458 4141 credideritis,
474 4092 531 4134 nors
547 4075 716 4147 intelligetis
730 4077 798 4146 (Iso.
852 4074 964 4149 pagina,
980 4073 1029 4129 sed
1053 4073 1080 4127 in
1102 4072 1162 4144 ipsa
1181 4070 1328 4144 praesentia
1347 4067 1513 4131 innotescit3
1538 4066 1649 4139 quando

75 4180 148 4234 ,aec
163 4163 260 4234 LXX).
272 4164 347 4220 Fidei
363 4163 479 4219 eruditio
493 4165 529 4219 ad
544 4164 732 4237 intelligentiae
747 4180 800 4235 pu·
853 4163 915 4236 quis
933 4162 1051 4219 eflicitur
1063 4160 1189 4218 docibilis
1204 4160 1274 4226 Deir
1291 4157 1403 4230 quaudo
1422 4163 1484 4228 post
1497 4153 1648 4228 Apostolo-

76 4270 112 4311 m
124 4252 245 4327 gradum
259 4260 381 4323 praestat.
392 4253 581 4309 Fundamento
596 4254 659 4311 huic
671 4262 797 4309 contem·
854 4269 914 4308 rum
928 4262 956 4308 et
971 4250 1165 4322 Prophetarum
1180 4263 1323 4305 sermones
1337 4245 1486 4303 ιιινίιιίιιιι
1500 4244 1529 4299 in
1543 4259 1574 4300 se
1588 4242 1649 4315 ipso

76 4342 132 4401 nis
146 4341 273 4397 innititur
288 4341 388 4417 gratie.
409 4342 479 4397 Dum
493 4342 520 4396 in
536 4355 662 4399 sermone
674 4342 725 4398 Dei
739 4357 801 4398 me·
853 4340 904 4396 Dei
923 4339 1005 4396 Filios
1021 4340 1110 4395 Patris
1124 4339 1244 4396 Verbum
1256 4336 1387 4409 loquitur.
1402 4336 1478 4391 Tuba
1493 4334 1553 4390 haec
1563 4330 1651 4387 nescit

76 4430 245 4497 infideliter,
263 4439 290 4486 et
304 4446 356 4502 per
365 4430 524 4502 patientiam
542 4439 570 4486 et
584 4431 800 4488 consolationem
854 4430 987 4487 incertum
1003 4444 1100 4484 sonum
1110 4428 1177 4483 dare
1188 4444 1195 4492 ;
1207 4442 1263 4482 non
1278 4430 1359 4481 sonat
1371 4423 1424 4479 nisi
1443 4424 1477 4478 ad
1493 4419 1651 4478 solemnita-

76 4526 154 4577 tnrae
178 4518 214 4575 ad
228 4534 305 4590 spem
326 4526 352 4575 te
367 4535 512 4591 supernam
531 4519 622 4592 erigis,
644 4520 800 4576 columnam
815 4530 839 4611 ὓ
855 4526 919 4585 tem,
930 4516 1021 4573 nisiiu
1034 4515 1188 4581 neomenia,
1204 4522 1231 4571 ιι
1245 4528 1324 4569 novae
1336 4511 1405 4567 lucis
1418 4509 1541 4566 exordio.

76 4610 179 4668 rbibcs.
203 4608 416 4665 licelinatorium
439 4623 552 4664 aureum
576 4617 642 4664 tunc
665 4608 799 4679 exsurgis,
889 4610 916 4663 s.
931 4605 1050 4661 Bucciua
1065 4602 1143 4659 nobis
1157 4595 1649 4667 tu,bonelesu,inneomeniatuba,

76 4699 157 4757 nuda
173 4697 222 4752 tibi
236 4697 296 4753 siue
312 4697 446 4753 sermonis
460 4697 601 4754 involucro
617 4697 714 4767 raptim
729 4697 800 4753 inci·
854 4696 883 4750 in
892 4693 991 4768 insigni
1002 4692 1047 4747 die
1057 4690 1236 4747 solemnitatis
1247 4696 1357 4745 nostrae.
1368 4687 1442 4744 Vere
1451 4685 1567 4758 insignis
1578 4684 1650 4751 dies,

76 4802 206 4845 ιηιιιιιιι
221 4786 330 4842 raritas.
855 4784 899 4840 ubi
914 4782 1005 4839 dirirra
1019 4782 1193 4849 molestasse
1214 4778 1371 4835 manifestat
1393 4791 1400 4830 ε
1415 4775 1482 4832 nihil
1502 4773 1648 4849 insignius,

76 4876 137 4935 Sed
162 4876 220 4946 iam
241 4875 386 4948 perfectius
405 4875 529 4932 ordinem
549 4874 663 4940 intuere,
683 4883 711 4931 et
733 4890 800 4947 pro-
854 4873 904 4929 sed
918 4871 957 4927 nil
971 4869 1148 4928 succinctius.
1163 4869 1243 4926 Diem
1258 4867 1313 4924 dixi
1328 4883 1336 4923 :
1353 4867 1421 4923 hora
1433 4873 1484 4922 est.
1497 4866 1571 4921 llora
1584 4878 1650 4920 vere

76 4963 272 5039 nquemdam
291 4965 325 5021 de
340 4965 435 5020 Libani
451 4964 534 5039 lignis
549 4964 583 5019 ad
597 4965 740 5021 columnas
753 4981 801 5021 ar·
854 4961 979 5035 insignis,
1002 4969 1030 5017 et
1052 4975 1117 5017 uere
1142 4958 1283 5015 solemnis.
1303 4957 1406 5013 Eructo
1425 4962 1454 5010 tu
1474 4952 1564 5021 nobis,
1586 4951 1650 5005 lesu

76 5070 129 5121 ιι,
145 5062 176 5111 ιι
189 5070 304 5109 ιιιιιιιιιι
319 5054 535 5109 reclinatorium.
548 5055 578 5108 ln
592 5054 697 5112 Libano
712 5054 802 5110 cordis
854 5053 936 5117 boue,
952 5049 1048 5107 aterni
1071 5048 1143 5105 illius
1161 5048 1217 5104 diei
1240 5049 1323 5104 boras
1342 5045 1458 5116 aliquas.
1474 5042 1551 5097 Diem
1574 5038 1650 5093 illum

76 5144 155 5215 litia3
174 5142 200 5197 in
218 5150 335 5215 argento
354 5142 453 5199 divinae
472 5143 542 5216 legis
557 5143 670 5209 notitiu;
692 5143 720 5197 in
735 5159 802 5200 auro
855 5140 948 5197 statim
962 5137 1074 5205 efficies,
1099 5139 1144 5195 cui
1162 5146 1215 5194 tute
1238 5135 1308 5193 lucis
1326 5134 1440 5191 verbum
1463 5134 1582 5193 eructes,
1604 5126 1650 5198 qui

77 5232 225 5291 sermonis
244 5232 395 5287 ministerio
415 5232 547 5302 mysteria
561 5247 640 5288 saera
659 5232 803 5291 manifeste
856 5230 915 5285 dies
928 5244 960 5286 es
972 5236 1101 5285 aternus.
1116 5226 1236 5301 Fulgura
1253 5222 1333 5278 nobis
1348 5216 1553 5277 coruscationes
1570 5215 1649 5272 talos.

76 5322 195 5381 eadent.
215 5321 247 5375 ln
268 5320 355 5392 primo
376 5321 476 5377 mentis
496 5321 604 5377 oculum
623 5337 725 5395 purgas
745 5340 753 5377 ε
774 5323 802 5377 iu
856 5320 958 5392 Fulgur
973 5318 1098 5382 eflicitur,
1115 5316 1159 5372 cui
1179 5323 1206 5370 tu
1227 5312 1362 5383 fulguras.
1378 5307 1501 5365 Similem
1519 5305 1569 5363 tibi
1587 5305 1651 5362 red·

76 5410 124 5469 ido
133 5409 292 5485 prospicis:
308 5410 442 5483 perspicis
457 5417 549 5467 autem
567 5410 595 5465 in
611 5410 700 5466 tertio.
720 5410 765 5467 tet
780 5410 804 5466 si
856 5409 909 5474 dis,
920 5408 1036 5480 uquem
1049 5403 1175 5467 irradias,
1189 5401 1314 5466 Similes,
1325 5397 1424 5470 iuquit,
1435 5396 1652 5457 ammarum

76 5501 141 5561 rita
153 5498 381 5568 disimundaris,
393 5499 542 5568 meditaris,
554 5498 718 5572 specularis.
735 5501 804 5561 corr-
854 5495 1026 5571 apparuerit
1038 5495 1066 5565 (1
1081 5495 1163 5552 loca.
1178 5506 1223 5557 ιιι,
1238 5490 1278 5562 2).
1298 5487 1406 5546 tientes
1430 5500 1501 5563 quos
1515 5484 1563 5543 tali
1575 5483 1652 5543 radio
