3706 5962
559 284 563 295 q
627 210 661 273 ιι
679 209 819 273 raurici
837 208 945 272 sanun
965 188 1026 270 xa
1432 247 1443 258 -
1601 213 1656 277 ειο

76 351 108 393 ιιι
131 334 262 407 improba
285 335 355 392 iuris
369 349 465 393 manus
479 349 534 393 non
553 335 710 409 depraedata
724 343 799 394 esset
814 374 838 452 st
854 335 1355 411 rcrmcasponso.llsssnimyrrbom
1366 354 1457 396 mecm
1468 356 1533 396 cnm
1543 355 1652 399 cronto-

85 423 173 483 stunc
197 432 292 481 autem
310 425 431 497 optimos
445 425 549 481 imatus
564 425 631 491 tulit,
648 432 676 482 et
691 429 798 499 eosqui
857 426 932 482 tibus
945 427 1025 482 mcis.
1038 426 1126 481 Durus
1140 433 1183 482 cst
1195 424 1311 482 aflectus
1324 441 1405 498 quem
1420 442 1474 482 non
1490 442 1652 498 permovent

76 512 179 573 enon
192 520 318 587 possunt.
334 513 385 569 Alii
400 521 595 570 succreverunt
608 513 636 569 in
651 515 739 571 locum
755 531 800 573 eo·
856 512 1028 570 invitationes
1042 521 1070 570 ct
1090 513 1295 571 reinvitationes
1308 512 1368 570 istae
1390 522 1445 569 tam
1458 513 1563 573 dulces.
1579 517 1649 588 Quid

80 601 113 659 id
136 611 183 659 est
201 619 253 675 pro
272 602 398 676 virginali
414 601 589 669 continentia,
606 619 699 659 amara
711 605 801 678 poeni-
855 603 906 659 bac
927 601 1110 660 vicissitudine
1129 601 1252 677 gratius?
1276 601 1342 676 quid
1366 601 1515 660 mirabilius
1538 613 1580 661 est
1600 608 1651 665 boc

76 689 208 762 nQnam
231 690 336 749 dulcius
349 691 396 747 illo
416 691 506 748 nativo
528 691 626 757 fructu,
647 707 729 764 quarn
750 695 801 750 hoc
856 691 1040 748 commercio?
1067 691 1091 748 0
1114 690 1273 746 admirabile
1301 692 1507 748 commerciuml
1531 691 1651 751 Dilectus

76 780 187 850 sativo,
203 786 231 835 et
246 787 272 834 te
288 788 316 835 et
336 778 466 836 dilectum
480 780 614 836 cibabas?
633 781 680 836 Vae
693 782 801 838 miserae
855 780 906 836 Dei
919 779 1016 846 Patris,
1031 778 1118 851 gloria
1131 779 1204 846 coeli,
1220 779 1388 855 Angelorum
1402 779 1516 846 dende,
1533 781 1567 837 ad
1582 784 1650 840 bor-

85 869 205 943 quando
229 868 321 925 veniet
340 868 456 925 dilectus
475 876 546 937 tuus,
568 886 629 941 qum
648 868 696 925 tibi
710 886 799 939 mens,
856 868 927 925 tulos
939 876 1049 925 nostms
1062 867 1169 925 invitari
1184 885 1214 925 se
1231 867 1372 940 permittit,
1384 876 1411 925 et
1425 870 1459 925 ad
1473 885 1539 927 suns
1554 871 1653 930 reinvi-

82 955 188 1022 iaoics
217 956 279 1029 quis
293 957 383 1012 vultus
411 956 484 1013 erit?
502 956 562 1026 Quo
582 965 609 1013 te
632 964 724 1014 vertes
745 976 801 1031 prae
857 962 914 1013 tare
928 972 984 1016 non
998 957 1187 1030 pretermittit
1205 958 1240 1012 Et
1255 957 1300 1030 qui
1319 966 1411 1013 noster
1425 966 1467 1014 εει
1482 960 1585 1024 hortus,
1599 978 1650 1018 ve·

76 1060 116 1113 ιο,
144 1060 206 1118 quac
229 1045 366 1117 pudicitiae
389 1044 493 1102 iructus
512 1046 676 1118 perdidisti?
697 1064 750 1121 quo
775 1056 800 1106 tc
856 1045 912 1102 rius
932 1044 1030 1103 dicitur
1051 1046 1145 1119 ipsius.
1162 1047 1222 1103 Non
1243 1046 1382 1115 enimait,
1405 1047 1504 1105 Veniat
1527 1049 1650 1107 dilectus

76 1149 107 1194 s:
125 1150 192 1190 cum
207 1134 327 1201 accedet,
344 1150 405 1190 cum
420 1133 582 1197 veracitatis
598 1141 653 1203 tua,
670 1138 801 1193 etaolitos
855 1151 934 1192 mens
946 1136 979 1192 in
994 1136 1109 1193 tortam
1119 1151 1224 1204 meum;
1235 1137 1295 1205 sed,
1305 1138 1336 1192 in
1351 1135 1465 1193 tortum
1480 1154 1575 1194 snum.
1585 1139 1651 1195 lure

76 1238 102 1280 u
116 1237 175 1279 non
192 1222 323 1288 inveniat,
344 1222 458 1295 pudebit
475 1221 550 1277 illum
569 1240 627 1294 prae
641 1225 800 1282 contusione
855 1223 976 1295 quidem,
992 1227 1024 1280 in
1046 1240 1141 1290 snam,
1157 1223 1284 1297 quoniam
1307 1226 1342 1280 ab
1365 1224 1424 1297 ipso
1439 1225 1542 1293 datum,
1556 1234 1583 1283 et
1598 1226 1650 1300 ipsi

76 1310 165 1371 'aeolo
180 1312 265 1368 verba
280 1311 339 1367 voti
354 1311 504 1382 virginalis,
520 1313 733 1369 consecrationis
748 1322 800 1371 tuae
855 1311 987 1379 debitum,
1008 1318 1124 1369 atcerte
1147 1312 1280 1369 deditum.
1307 1313 1406 1370 Veniat
1419 1315 1548 1372 dilectas.
1574 1318 1647 1384 Vani,

76 1416 226 1459 .·recensc.
243 1400 300 1456 Sub
315 1399 357 1455 bis
371 1399 442 1456 loliis
455 1401 577 1467 attende,
598 1401 662 1473 quia
675 1403 731 1472 jam
746 1419 800 1459 non
855 1417 1126 1476 sorormcosponsc.
1137 1403 1235 1474 lingna
1248 1400 1374 1468 dulcedo,
1387 1411 1415 1459 et
1428 1407 1491 1475 apta
1502 1403 1648 1461 distinctio.

76 1489 195 1563 seprius
223 1488 337 1557 fructus,
363 1488 466 1544 fructus
493 1488 666 1563 integritatis,
697 1489 801 1548 tructus
856 1489 904 1546 llla
924 1488 1070 1558 desiderat,
1086 1499 1114 1547 ct
1136 1489 1183 1547 ille
1197 1491 1323 1562 imperat.
1344 1491 1408 1547 llaec
1429 1491 1504 1558 dicit,
1531 1495 1649 1550 Veniat:

76 1576 174 1635 duan.
197 1575 448 1647 Tales1consccrati
472 1587 544 1644 sunt,
568 1577 617 1633 sed
644 1579 699 1648 jam
719 1577 800 1636 ablati
855 1579 899 1635 hic
908 1577 993 1638 dicit:
1010 1580 1084 1637 Veni.
1099 1583 1163 1652 Ego,
1173 1579 1326 1653 inquitate
1337 1580 1374 1636 od
1386 1582 1502 1649 ostiam,
1512 1585 1540 1637 ct
1548 1585 1649 1654 palso:

78 1665 150 1724 Non
159 1666 231 1723 bene
247 1665 411 1722 conveniunt
426 1666 596 1722 consecratio
611 1671 639 1722 et
650 1667 798 1740 corruptio.
854 1670 951 1741 signis
965 1668 1112 1741 aperuerit
1123 1668 1206 1736 mibi,
1217 1668 1340 1725 introibo
1355 1674 1382 1723 ct
1391 1669 1503 1726 coencbo
1514 1685 1579 1725 cnm
1589 1671 1649 1738 illo,

87 1755 239 1829 virginius
260 1755 411 1812 condonari
433 1755 512 1821 solet,
528 1755 578 1810 sed
597 1755 726 1812 redonari
745 1772 799 1813 non
817 1732 838 1808 Β
854 1764 881 1816 ct
895 1758 1074 1830 ipsemecum
1085 1757 1181 1832 (ipoc.
1192 1771 1234 1826 ιιι,
1246 1756 1302 1828 20).
1312 1756 1375 1812 Non
1390 1757 1476 1814 babes
1491 1773 1616 1826 neccsse,
1634 1775 1650 1816 ο

84 1843 218 1903 Gloriosa
229 1844 301 1900 dicta
314 1852 377 1900 suut
390 1842 424 1899 de
440 1851 476 1911 te,
487 1844 581 1900 civitas
592 1845 652 1911 Dei,
664 1845 800 1920 sedigno
854 1848 927 1903 bone
947 1845 1021 1912 lesu,
1037 1845 1136 1902 morari
1159 1845 1194 1901 ad
1218 1842 1302 1902 136
1323 1845 1421 1902 ostium
1444 1861 1552 1918 sponse
1568 1862 1574 1901 :
1591 1847 1650 1919 ipss

76 1946 115 1991 ιι
136 1933 212 1990 iacta
227 1942 289 1988 sunt
304 1933 332 1987 iu
348 1939 385 1989 tc.
401 1933 468 1988 Cum
483 1933 642 1990 confusione
657 1934 759 2008 duplici
773 1944 801 1991 ει
854 1935 927 1992 εείιιι
943 1941 970 1991 ιε
989 1934 1058 1993 ιοιίε
1072 1934 1142 1991 ultro
1162 1932 1327 2006 interpellat.
1343 1934 1438 1990 Redde
1460 1935 1557 2004 vicem,
1574 1936 1650 1993 rein·

76 2036 99 2081 s
116 2022 156 2078 de
171 2031 273 2078 cetero
292 2023 319 2076 in
334 2022 445 2094 planctu
460 2037 579 2097 agnosce
594 2030 701 2095 partem
714 2031 797 2080 tuam.
854 2023 910 2080 vita
922 2022 1005 2080 illam.
1022 2023 1123 2081 Sedisti
1137 2024 1172 2079 ad
1185 2039 1308 2081 mensam
1323 2024 1392 2095 ejus,
1404 2022 1466 2080 vide
1481 2032 1582 2098 quanta
1595 2026 1650 2082 sint

76 2109 158 2168 dabit
172 2110 257 2182 capiti
274 2127 335 2167 meo
348 2126 456 2183 aquam,
472 2120 499 2166 et
514 2111 599 2167 oculis
614 2113 681 2168 meis
695 2112 799 2170 iontem
854 2110 977 2185 apposita
992 2112 1049 2179 tibi,
1066 2112 1156 2168 sciens
1170 2112 1233 2185 quia
1251 2119 1279 2169 et
1290 2120 1366 2169 tanta
1380 2120 1488 2184 oportet
1502 2121 1529 2170 te
1542 2130 1650 2187 prapa-

76 2215 193 2265 narum,
210 2206 238 2254 ct
247 2200 362 2270 plorabo
377 2200 480 2271 lapsam
491 2215 546 2255 non
561 2201 642 2257 vilem
657 2202 692 2258 de
706 2202 799 2277 plebe,
854 2216 926 2257 rara.
941 2202 1037 2268 Tanta,
1049 2201 1170 2273 inquam,
1186 2210 1214 2258 et
1228 2200 1328 2258 sufficit
1342 2201 1377 2258 ei.
1389 2203 1447 2259 Hoc
1459 2209 1551 2260 antem
1565 2203 1645 2261 dico:

76 2287 139 2345 usi
153 2287 272 2361 primam
283 2287 310 2342 in
323 2287 446 2359 virginati
458 2289 568 2361 grege?
582 2289 658 2360 Quis,
674 2290 796 2364 inquam,
854 2296 938 2347 totam
965 2306 995 2347 se
1018 2290 1161 2364 impendit,
1177 2297 1205 2346 tu
1230 2297 1345 2348 tetotum
1359 2291 1491 2364 repende.
1506 2291 1649 2363 Quomodo

76 2375 147 2433 nint
164 2375 269 2433 iontem
279 2376 479 2449 lacrymamm?
492 2379 560 2433 Nam
575 2378 634 2451 ipsa
649 2395 710 2451 quaa
724 2380 800 2452 lapsa
854 2387 938 2436 totum
954 2379 1016 2449 erit,
1032 2379 1113 2435 siilla
1127 2395 1157 2436 se
1172 2387 1255 2436 totam
1269 2379 1325 2450 dat,
1341 2383 1370 2436 tu
1386 2387 1412 2436 te
1426 2380 1647 2439 dimidiastssxt-

76 2465 196 2537 smmis
212 2472 268 2521 tota
283 2464 427 2536 pereffluit,
452 2482 503 2537 per
516 2482 567 2524 nra
590 2467 692 2541 irrigua
706 2468 798 2543 lacry-
853 2484 938 2542 guum
951 2477 1036 2534 tuum,
1052 2468 1113 2539 plus
1127 2475 1170 2524 est
1184 2475 1241 2523 toto
1260 2467 1340 2524 illius.
1357 2468 1453 2524 Totum
1472 2471 1542 2538 cjus,
1557 2471 1648 2542 portic

76 2570 103 2613 at
117 2553 171 2612 rivi
187 2554 322 2610 deiluunt.
337 2556 400 2611 Alta
414 2555 531 2628 suspiria
547 2562 574 2612 et
589 2556 661 2611 anxii
679 2559 799 2632 gemitus
853 2565 894 2613 εει
913 2557 1039 2630 quaedam
1057 2554 1152 2627 gratiae
1177 2562 1230 2611 ture
1246 2569 1253 2609 :
1269 2555 1332 2611 iden
1342 2562 1379 2629 =et
1393 2573 1457 2611 suus
1480 2564 1542 2613 tuus
1566 2567 1617 2623 est,
1635 2575 1651 2615 c

76 2652 117 2701 ιιι
131 2644 208 2716 quod
224 2643 354 2717 contigua
367 2660 476 2716 semper
490 2645 578 2719 culpae
593 2645 718 2704 contusio
732 2665 798 2722 sup·
853 2654 914 2702 tuus
927 2661 992 2702 snus
1006 2651 1049 2701 est
1062 2644 1168 2701 hortus.

76 2738 99 2790 t.
123 2731 189 2788 viai
214 2732 243 2787 in
262 2731 363 2788 misera
378 2733 446 2789 iacie
460 2734 600 2804 dejectum
615 2735 728 2804 vultum,
745 2738 799 2793 ira·
889 2738 914 2790 5.
938 2733 1005 2792 Vani
1017 2735 1049 2790 in
1065 2734 1180 2791 bortum
1194 2733 1384 2806 neumago,
1401 2733 1551 2805 iratres,in
1570 2733 1649 2790 barto

83 2836 187 2896 ganas.
214 2820 356 2895 Singultus
384 2838 527 2879 sermones
554 2823 757 2882 intercidebat:
783 2844 800 2883 a
852 2823 946 2895 sponsi
969 2822 1109 2896 copiosum
1133 2821 1218 2889 iilum,
1243 2828 1271 2878 et
1295 2821 1449 2889 delicatum,
1475 2830 1504 2878 et
1529 2823 1647 2895 gloriose

85 2909 237 2967 oontincre
248 2909 341 2976 noluit,
354 2925 369 2964 a
384 2910 510 2982 lacrymis
525 2913 666 2969 continere
681 2930 738 2970 nou
753 2931 799 2969 va·
852 2912 986 2970 consitum
1000 2910 1157 2983 paradisum
1176 2912 1306 2967 virtutum
1320 2910 1417 2968 Christi
1439 2904 1558 2968 libenter
1572 2911 1646 2968 acci-

76 3012 117 3073 gs
129 2997 207 3070 quod
217 2998 402 3068 agis,imctus
412 2999 510 3072 dignos
525 3001 701 3071 poenitcntiae.
719 3004 799 3060 luno-
854 3002 908 3073 pio,
924 3016 993 3075 quas
1006 3000 1156 3058 secundam
1172 2999 1310 3073 geminam
1328 3007 1451 3056 naturam
1466 3000 1510 3057 val
1523 3000 1558 3056 ab
1572 3006 1649 3056 aetcr·

76 3086 187 3153 tentor,
199 3102 319 3145 rnoerore
331 3102 503 3157 consumere,
515 3105 578 3146 cnm
589 3093 724 3164 propbeta
733 3092 797 3151 dic:
815 3082 837 3161 B
855 3107 889 3147 no
904 3088 1006 3160 babuit,
1026 3089 1069 3147 vel
1087 3089 1191 3162 accepit
1204 3090 1232 3144 in
1246 3097 1381 3162 ternpore.
1400 3091 1474 3163 Ergo
1495 3089 1646 3146 secundum

76 3190 91 3234 s
109 3177 276 3234 amanen-c
289 3182 323 3234 nt
337 3179 523 3236 consolemini
543 3195 599 3246 nac,
614 3198 713 3238 cmorc
731 3183 800 3252 {tcto
854 3181 926 3236 bunc
939 3178 1051 3237 modum
1064 3179 1171 3235 bortum
1185 3194 1293 3250 sponse
1307 3185 1407 3235 statum
1420 3177 1519 3236 animan
1532 3178 1576 3236 vel
1590 3180 1648 3238 lc·

84 3282 156 3331 xxiv,
179 3267 217 3332 i).
241 3266 327 3323 Flebo
342 3274 370 3322 ct
390 3282 442 3342 ego
464 3275 564 3328 tecum.
590 3270 669 3326 Forte
684 3268 800 3327 dilectus
853 3267 944 3326 clasiae
956 3267 1147 3342 interpretare,
1160 3274 1189 3323 et
1202 3267 1330 3324 virtutum
1343 3266 1546 3342 affectuumque
1557 3267 1645 3336 dotes,

76 3360 107 3412 st
120 3353 182 3426 ipse
204 3354 445 3426 collacrymabitur
460 3357 518 3426 tibi,
541 3357 588 3432 qui
603 3358 732 3415 Lazarum
747 3361 799 3422 ile,-
854 3360 953 3432 quibus
967 3357 1068 3414 ditatur
1084 3373 1100 3412 a
1114 3371 1225 3429 sponso.
1240 3355 1270 3411 ln
1284 3355 1338 3413 isto
1354 3355 1562 3413 considerantur
1575 3357 1649 3413 bona

76 3446 143 3504 aas.
160 3460 199 3511 ιι,
214 3448 267 3514 35).
283 3445 366 3501 Forte
380 3445 441 3516 plus
452 3444 496 3501 ille
512 3447 568 3503 ilat.
585 3447 648 3504 Plus
663 3448 739 3504 dolat
753 3450 800 3524 qni
853 3445 990 3519 corporia;
1016 3445 1042 3500 in
1070 3444 1127 3510 illo,
1153 3442 1257 3516 capitis.
1282 3443 1395 3500 Pulchra
1417 3443 1563 3517 utrobique
1585 3460 1648 3500 con·

76 3530 172 3604 dibgit.
189 3531 379 3590 liiserationes
394 3535 454 3604 ejus
468 3534 559 3592 multae
569 3544 633 3590 sunt
651 3536 741 3603 :idem
758 3538 799 3593 in·
853 3533 1036 3607 templationis
1049 3532 1157 3589 cibatio.
1169 3532 1223 3588 Sed
1238 3532 1303 3605 quid
1316 3531 1362 3588 illa
1376 3531 1411 3586 ad
1424 3531 1526 3589 istam?
1539 3531 1647 3602 Quanto

76 3621 799 3697 rropbata‚nonsumnsconsumptiffbrcnmntal.
853 3623 939 3697 gloria
965 3621 1076 3688 Christi,
1096 3621 1139 3677 vel
1170 3620 1277 3688 animae,
1299 3620 1343 3677 vel
1370 3619 1500 3677 Ecclesia
1517 3620 1651 3692 praeccllit

76 3724 127 3786 gua
147 3726 199 3767 nac
219 3719 246 3766 tu
269 3712 449 3778 consumaris,
475 3714 538 3784 quia
561 3714 733 3771 consiliarius
758 3725 800 3773 est
854 3713 977 3781 virtutes,
993 3718 1068 3768 tanto
1085 3708 1269 3768 delectabilior
1283 3709 1313 3766 in
1333 3711 1407 3767 bunc
1420 3711 1529 3768 hortum
1544 3709 1649 3786 ingrcs-

76 3812 100 3857 ε
121 3798 288 3871 consolator,
309 3809 474 3858 convertens
489 3802 605 3858 animam
622 3811 705 3860 tuam.
721 3804 800 3874 Quo·
854 3817 910 3859 sus.
927 3801 968 3859 Ad
989 3801 1063 3857 illum
1077 3799 1201 3874 operatio
1219 3800 1281 3874 plus
1294 3807 1408 3871 spectat,
1424 3799 1459 3855 ad
1472 3799 1565 3870 istum,
1586 3815 1648 3857 con·

76 3907 80 3939 r
103 3887 149 3960 (nt
163 3887 252 3944 dicam
267 3889 341 3961 quod
355 3889 471 3964 intelligi
485 3890 529 3946 vix
543 3896 646 3965 potest)
662 3909 718 3949 non
734 3910 798 3965 per·
854 3891 993 3965 templatio
1008 3891 1075 3948 sola.
1099 3890 1215 3962 Sponsa,
1230 3888 1283 3945 etsi
1297 3889 1403 3945 laetatur
1417 3889 1452 3946 dc
1464 3888 1522 3960 illo,
1541 3887 1650 3947 laborat

76 3974 121 4033 bit
131 3977 204 4049 ipsa,
221 3978 389 4034 dissimiliter
403 3987 504 4046 tamen,
521 3981 581 4051 ejus
600 3980 737 4052 allectum,
753 3982 798 4038 lu·
854 3997 916 4039 cum
930 3980 986 4051 illo,
1004 3988 1031 4037 at
1044 3979 1072 4036 in
1086 3981 1186 4037 sudore
1199 3979 1318 4036 vescitur
1331 3978 1419 4052 pomis
1432 3978 1489 4034 auis
1504 3996 1511 4033 :
1526 3978 1554 4035 in
1569 3978 1649 4035 istum

76 4064 112 4123 lui
127 4065 293 4122 miserabilis
310 4067 410 4136 lacies3
430 4069 496 4123 dum
521 4069 591 4141 ipse,
617 4070 663 4143 qui
681 4080 798 4129 retracto
854 4084 915 4125 curn
929 4067 1085 4125 introducta
1098 4066 1189 4135 fucrit,
1204 4066 1271 4122 nibil
1281 4066 1416 4140 reliquum
1431 4066 1649 4127 estnisidelicin

76 4152 126 4212 ιιιέ
141 4154 180 4210 tui
202 4155 311 4221 seriem,
328 4156 423 4212 dolore
438 4156 528 4213 cordis
553 4167 654 4231 tangor
667 4159 800 4216 intrinse-
854 4165 969 4214 tantam.
984 4159 1070 4214 Suum
1085 4165 1185 4227 tuetur,
1202 4163 1230 4212 ct
1243 4155 1326 4213 istum
1341 4155 1473 4213 intuetur.
1492 4157 1553 4214 Nec
1566 4156 1649 4214 intre-

81 4241 114 4303 Β
127 4242 228 4299 seceris
248 4243 345 4319 dignos
360 4246 526 4317 poenitentiae
545 4247 657 4312 fructus,
675 4257 799 4306 reverte·
853 4247 965 4303 mittitur
982 4247 1010 4302 in
1025 4247 1105 4303 istum
1119 4245 1172 4301 nisi
1185 4245 1219 4302 de
1232 4244 1288 4315 illo,
1304 4246 1357 4302 boc
1371 4251 1421 4315 est,
1437 4246 1472 4301 dc
1492 4245 1600 4303 actione
1613 4247 1648 4302 ad

76 4340 168 4391 aarum
183 4331 297 4389 dilectus
312 4340 373 4389 tuus
386 4335 413 4388 iu
428 4336 536 4390 bortum
551 4351 639 4392 suum.
656 4337 725 4393 Nam
739 4354 798 4410 poe·
853 4352 933 4393 usum
946 4334 1147 4408 speculationis.
1158 4336 1212 4390 Aut
1226 4333 1250 4390 si
1259 4334 1522 4406 contemplationem
1535 4334 1564 4390 in
1573 4335 1648 4391 illum

76 4418 124 4479 iim
138 4436 222 4493 poma
244 4422 360 4480 libenter
374 4425 502 4481 comedit.
529 4425 636 4481 Beatius
654 4434 754 4497 tamen,
775 4428 800 4483 si
853 4437 960 4498 monsae
973 4427 1083 4482 bortum
1096 4422 1273 4493 admittimus,
1291 4422 1387 4479 similis
1401 4429 1444 4478 εει
1466 4422 1576 4480 actioni.
1594 4423 1649 4479 Uti·

76 4524 143 4567 nrvac
156 4509 281 4582 puritatis
293 4512 397 4568 fructus
412 4511 528 4569 intactos
542 4514 604 4587 quis
618 4522 720 4572 servet.
745 4516 798 4574 Bo·
815 4472 837 4549 Β
853 4531 907 4588 quc
922 4514 958 4570 de
970 4513 1021 4569 illis
1035 4511 1126 4567 multis
1140 4509 1237 4566 ordine
1250 4511 1393 4565 commodo
1408 4509 1516 4565 venitur
1529 4511 1563 4564 ad
1578 4511 1648 4567 hanc

76 4599 796 4674 estinmaturitatepraevenire,etperscverareinca.
853 4602 1001 4675 myrrham.
1025 4600 1086 4656 Non
1112 4597 1184 4654 cuim
1203 4596 1256 4652 nisi
1279 4597 1309 4652 in
1330 4597 1497 4654 abnndantia
1520 4598 1648 4656 virtutum

84 4686 152 4747 lano
174 4704 274 4761 sponsa
289 4692 422 4763 praeveuit
436 4692 463 4747 in
483 4692 648 4766 maturitate,
664 4702 692 4750 et
710 4692 796 4753 dicit:
853 4689 1022 4764 ingredictur
1044 4688 1071 4743 in
1097 4688 1205 4744 bortum
1232 4686 1333 4745 diecti.
1357 4687 1537 4761 Ingrediare,
1561 4689 1650 4763 inquit

76 4779 237 4839 naamam
247 4796 325 4838 meas
339 4783 371 4837 in
386 4781 501 4839 bortum
517 4800 611 4850 snam,
623 4788 657 4838 ct
671 4784 798 4842 comedat
852 4780 912 4847 lob,
930 4778 962 4834 in
986 4776 1165 4835 abnndantia
1178 4778 1341 4851 sepulcrum
1355 4776 1423 4849 (lot,
1439 4794 1465 4845 v,
1482 4777 1539 4850 26).
1555 4778 1651 4836 Melius

76 4870 290 4942 tsnpomcrum
300 4887 425 4929 snorum.
443 4872 509 4929 Veni
520 4871 552 4927 in
567 4872 683 4929 tortam
693 4889 797 4942 mcum,
853 4877 943 4925 tamen
958 4866 1002 4924 bic
1025 4874 1104 4924 sonat
1126 4867 1159 4922 in
1182 4866 1306 4925 bortum.
1330 4867 1362 4922 ln
1384 4866 1511 4941 sepulcro
1529 4866 1650 4924 innuitur

76 4972 164 5017 ’msa
183 4976 296 5032 sponsm
322 4959 477 5017 Vehemens
492 4968 596 5017 amator
611 4969 653 5019 cst
666 4962 799 5019 Dominus
854 4958 933 5033 quies
955 4965 984 5029 et
1004 4956 1129 5030 quasdam
1151 4971 1169 5011 a
1190 4956 1262 5013 curis
1287 4956 1446 5026 occultatio;
1462 4958 1490 5014 in
1510 4958 1589 5013 horto
1603 4971 1651 5010 ex·

76 5065 80 5103 ι
95 5050 149 5106 :sd
163 5065 245 5106 unam
259 5049 425 5106 invitationis
440 5066 535 5107 vocem
548 5050 656 5108 advolat
669 5051 757 5110 libens
771 5051 800 5108 in
854 5046 978 5121 primitur
1004 5045 1116 5103 intuitus
1139 5052 1167 5102 et
1184 5046 1304 5119 opulatio
1326 5063 1333 5101 ε
1354 5044 1383 5101 in
1410 5045 1537 5118 sepulcro
1562 5042 1648 5100 ieris·

76 5136 139 5197 hm
162 5155 283 5213 sponsae.
308 5138 392 5210 Quasi
414 5140 546 5213 praevnlat
570 5150 597 5197 et
615 5141 748 5212 praevenit
772 5141 799 5197 in
854 5154 932 5203 mun
951 5136 980 5194 in
1002 5137 1081 5193 horto
1107 5135 1231 5192 iruimar.
1252 5134 1328 5192 Sicut
1350 5150 1419 5210 crgo
1440 5134 1469 5190 in
1493 5132 1649 5206 sepulcrum

76 5226 167 5300 aare,
197 5233 273 5299 Veni,
289 5229 424 5303 inquiens.
446 5229 601 5302 decipiatur
620 5231 672 5287 boc
686 5232 800 5288 verbum
855 5226 963 5285 nonnisi
981 5227 1008 5282 in
1031 5224 1199 5282 abundantia
1223 5222 1404 5296 ingredimur,
1429 5223 1498 5279 sicut
1518 5222 1649 5296 scriptum

76 5318 156 5377 rativi
165 5337 276 5389 sensus,
287 5327 314 5378 et
322 5327 385 5392 apte
396 5319 543 5377 cnbaerebit
550 5319 624 5392 quod
632 5319 705 5386 dicit,
724 5322 799 5378 Veni.
855 5328 911 5384 (εις
926 5317 1009 5373 multo
1024 5315 1113 5370 minus
1128 5314 1154 5368 in
1170 5314 1287 5369 bortum.
1303 5312 1368 5367 idco
1383 5326 1511 5382 sponsam
1526 5313 1560 5370 de
1571 5314 1650 5371 burto

81 5418 129 5469 ut
141 5411 231 5484 piger,
252 5426 307 5468 non
330 5426 430 5484 parcus
444 5412 603 5482 retributor,
619 5412 666 5468 sed
680 5409 800 5466 inconti-
856 5408 883 5463 in
898 5410 1005 5464 bornum
1018 5404 1113 5461 invitat
1128 5421 1133 5459 :
1151 5402 1216 5458 Vani
1224 5402 1378 5458 intortum
1386 5419 1490 5474 meam,
1500 5421 1651 5464 sorormcc

86 5515 221 5578 mansam
229 5501 374 5563 ιοίιιιίιειε
393 5503 459 5562 Vani
472 5505 506 5559 in
520 5505 635 5562 bortum
646 5517 802 5574 mmmcc-
856 5513 967 5572 spemn.
984 5494 1142 5568 ingredere,
1152 5490 1310 5564 ingredere,
1320 5507 1432 5568 sponsa,
1443 5493 1472 5551 in
1487 5496 1652 5568 contempla·
