3706 5962
101 240 147 302 lii
688 236 722 298 lii
740 237 881 299 clutton
897 237 1007 299 scotto
1025 240 1148 301 XXXIV.
1688 233 1740 295 tta

104 378 183 438 rogas
198 360 286 417 Tude
298 367 324 418 te
339 360 400 433 ipso
413 360 540 433 perhibes
556 359 751 431 testimonium,
761 361 890 434 exiguum
907 391 931 470 Α
949 361 1015 417 ritus
1028 363 1171 419 ordinatio
1183 361 1311 431 cilicium,
1323 361 1439 434 Spiritus
1453 368 1480 417 et
1495 376 1525 416 os
1539 360 1635 433 aperit,
1650 367 1678 416 et
1688 359 1742 417 ior-

104 462 138 510 est
162 450 350 506 testimonium
374 459 459 506 tunm.
486 451 543 504 Duo
567 449 692 520 qnaedam
720 448 748 503 in
767 449 890 504 oratione
948 460 1003 506 mat
1017 451 1044 506 iu
1059 469 1146 509 usum.
1164 453 1266 508 ideirco
1280 453 1307 506 in
1322 451 1447 506 laudibus
1461 466 1580 521 sponsae,
1596 451 1670 521 prius
1684 451 1742 524 agit
1827 498 1830 509 .

102 548 203 595 uanon
225 546 284 592 tam
307 538 431 595 redolent
447 554 529 610 quam
544 537 641 604 fetent,
657 545 787 593 tumeret
803 545 892 609 tepor.

101 629 193 683 Tumor
207 635 252 683 est
265 627 295 682 ia
309 642 342 683 eo
357 627 430 699 qnod
443 626 591 683 Publicano
606 627 776 698 improperas
792 641 798 680 :
816 633 893 697 tepor

56 739 59 755 ·
101 716 216 789 qudem,
233 715 298 787 quia
321 716 433 772 omuino
457 714 524 769 nibil
547 730 639 789 rogas.
656 715 797 785 Quomodo
821 714 893 770 enim

100 821 150 863 uon
163 805 273 876 tepebit
286 805 385 871 oratio,
400 804 526 860 elationis
538 813 619 860 vento
633 812 660 859 et
673 804 801 859 inanitate
815 802 895 859 satia·

947 540 981 594 de
995 540 1152 612 unguentis,
1167 540 1265 596 deinde
1284 541 1318 595 de
1341 540 1484 594 dulcedine
1507 537 1638 594 labiorum
1660 540 1739 609 ejus;

948 628 1010 700 qnia
1024 629 1073 684 etsi
1093 628 1181 684 dulcia
1196 629 1322 700 loquitur,
1339 644 1392 684 non
1408 627 1467 699 ipsa
1482 636 1523 682 est
1536 643 1598 699 quae
1610 626 1739 698 loquitur,

947 718 996 773 sed
1011 717 1127 790 Spiritus
1142 719 1234 789 spousi
1249 718 1294 790 qui
1309 717 1428 790 loquitur
1442 717 1469 772 in
1484 731 1526 774 ea.
1544 717 1664 788 Denique
1679 714 1741 771 audi

948 807 1013 879 quid
1031 808 1090 879 ipse
1108 823 1225 878 sponsus
1239 809 1318 863 lesus
1336 807 1478 879 primitivae
1499 805 1642 876 pollicetur
1656 819 1743 874 spon·
1792 791 1793 799 ¹

101 896 142 949 tat
157 894 309 960 Pharisaee,
323 910 379 949 nou
393 909 466 957 oras,
483 893 531 948 sed
550 893 635 949 eilers
647 901 674 947 te
689 892 788 965 ipsum.
804 894 843 948 Tu
859 892 894 947 de
948 912 995 963 sae,
1011 896 1039 950 id
1054 904 1096 952 est
1111 897 1257 968 apostolis,
1278 895 1324 968 qui
1344 895 1475 967 primitias
1493 894 1609 966 Spiritus
1623 907 1741 964 accepe-

99 992 124 1039 te
135 982 197 1055 ipso
212 981 343 1055 perhibes
363 981 563 1048 testimouium,
579 988 607 1036 et
621 980 801 1037 testimonium
818 988 894 1035 tunm
947 991 1011 1039 runt
1028 1003 1035 1040 :
1054 989 1116 1055 Eoo,
1131 985 1228 1056 inquit,
1240 987 1309 1043 dabo
1324 986 1397 1041 vobis
1412 1003 1441 1042 os
1455 991 1484 1041 et
1498 986 1680 1058 sapientiam,
1695 984 1743 1039 cai

99 1086 149 1126 non
165 1078 211 1125 est
225 1085 332 1124 verum.
348 1070 387 1124 De
412 1068 569 1139 operatione
585 1076 631 1124 tna
649 1069 776 1140 exiguom
791 1074 842 1132 est,
860 1069 893 1122 de
947 1077 1146 1145 nonpotcrnnt
1157 1076 1286 1131 resistere
1296 1073 1557 1131 omnesoduersorii
1566 1075 1740 1143 oestritluc.

98 1157 258 1231 praelatione
278 1172 333 1214 nou
351 1174 457 1214 verum.
474 1157 543 1213 dudi
557 1156 629 1212 enirn
648 1157 832 1212 testimonium
849 1156 895 1211 te
948 1174 1011 1225 uxr,
1028 1162 1083 1230 to).
1099 1164 1196 1231 Magna
1218 1161 1328 1233 quidem
1352 1162 1435 1216 virtus
1451 1162 1584 1216 sermonis
1598 1158 1699 1222 divini,
1715 1165 1744 1213 et

99 1248 184 1305 uitatis
199 1262 207 1301 :
226 1250 324 1313 Amen,
341 1262 435 1312 amen,
452 1246 555 1319 iuquit,
570 1248 632 1304 dico
646 1245 731 1312 vobis,
752 1247 895 1304 descendit
949 1249 1127 1306 adversantes
1140 1250 1282 1307 revincere
1296 1256 1396 1321 potest,
1408 1254 1436 1305 et
1446 1265 1500 1305 non
1515 1250 1690 1305 adversantes
1704 1246 1744 1299 al·

100 1338 144 1395 ue
153 1337 337 1408 justificatus
350 1336 384 1392 ab
394 1336 445 1392 itte
459 1336 493 1391 in
503 1335 617 1392 manum
629 1351 710 1391 snam
725 1335 801 1403 (lac.
814 1349 893 1399 rtvm,
949 1336 1042 1393 licere.
1056 1339 1091 1392 Et
1110 1340 1160 1394 hoe
1175 1339 1265 1409 ipsum
1280 1339 1314 1394 de
1328 1338 1473 1411 praeconiis
1488 1339 1549 1408 ejus
1565 1336 1657 1410 :qnod
1673 1351 1746 1391 nunc

100 1423 425 1495 to-tt).-Nonenim
440 1423 531 1496 quise
551 1424 640 1494 ipsum
658 1421 895 1479 liiloommen·
949 1425 977 1481 iu
1001 1426 1183 1498 disputatione
1216 1427 1345 1496 vertitur,
1372 1429 1406 1482 ad
1439 1426 1654 1482 blandimentum
1683 1423 1745 1495 plus

90 1515 153 1584 dat,
168 1514 216 1571 ille
230 1513 363 1585 probatus
372 1519 424 1577 est,
440 1511 489 1567 sed
498 1528 578 1583 quem
593 1513 666 1567 Deus
679 1511 853 1568 commendat
863 1511 901 1580 (ll
950 1523 1066 1586 spectat,
1095 1531 1175 1589 quam
1200 1516 1233 1570 ad
1262 1515 1459 1590 redargutionis
1487 1512 1629 1571 ellectum.
1655 1515 1746 1569 Fooas

101 1606 161 1663 Cor.
177 1618 210 1669 x,
227 1603 283 1673 ts).
296 1600 542 1658 ideo-lelixanima
557 1600 591 1655 ad
606 1615 685 1673 mam
700 1601 736 1654 ab
750 1599 809 1670 ipsa
823 1598 897 1655 veri-
952 1603 1100 1660 distillans
1126 1605 1199 1661 lobio
1220 1609 1281 1661 tau.
1297 1604 1441 1659 Familiare
1461 1602 1569 1675 quidem
1590 1609 1633 1657 est
1654 1600 1701 1664 illi,
1719 1607 1747 1655 et

99 1700 154 1749 tate
179 1699 238 1748 tam
261 1691 402 1747 excesseus
425 1689 625 1746 commendatio
645 1688 780 1759 protertur
797 1705 804 1745 :
827 1688 898 1746 Odor
952 1693 1028 1764 quasi
1043 1693 1165 1747 innatum
1180 1692 1267 1746 dulcia
1281 1691 1365 1763 loqui.
1381 1692 1410 1747 Si
1424 1691 1533 1763 quondo
1549 1699 1640 1746 autern
1657 1689 1747 1745 incre-

99 1787 314 1854 anpuentoram
334 1783 453 1836 tuorum
471 1794 556 1850 snper
575 1781 672 1837 omnia
685 1783 825 1835 oromate.
843 1778 897 1831 ila·
952 1786 997 1851 pat
1011 1780 1089 1846 dure,
1104 1781 1280 1852 peregrinum
1294 1779 1359 1834 illud
1372 1781 1406 1834 ab
1421 1793 1465 1844 ea,
1482 1787 1511 1835 et
1529 1779 1562 1833 de
1577 1779 1659 1852 longe
1674 1776 1746 1832 asci-

100 1887 183 1943 gaum
207 1869 357 1924 exiribitum
381 1875 423 1923 est
447 1866 593 1924 Publicano
616 1864 811 1932 testimonium,
835 1864 899 1920 unic
951 1875 1019 1932 tum,
1037 1877 1064 1923 et
1077 1884 1132 1925 non
1146 1868 1265 1936 insitum,
1287 1883 1340 1924 nec
1354 1868 1394 1924 sie
1414 1876 1456 1921 est
1470 1865 1581 1935 allecta,
1598 1865 1646 1920 sed
1661 1863 1748 1938 magis

101 1969 191 2014 sutem
204 1958 249 2014 cui
265 1957 361 2013 laudes
382 1957 443 2011 istae
461 1962 605 2018 canuntur,
620 1954 705 2009 multo
720 1954 818 2022 majus.
834 1955 899 2010 Des·
952 1965 1055 2011 coacta.
1073 1957 1140 2011 Cum
1163 1957 1252 2012 dtrlcia
1268 1956 1393 2028 loquitur,
1410 1956 1445 2010 de
1468 1954 1586 2026 propriis
1604 1953 1748 2025 loquitur:

101 2049 193 2104 ranan
210 2048 261 2103 ille
276 2047 453 2118 iustificatos
468 2062 486 2099 0
500 2044 652 2107 Pborisoeo,
669 2043 786 2109 1100001,
803 2040 899 2095 00110-
952 2061 1013 2100 cum
1029 2061 1095 2101 vero
1117 2046 1195 2112 dura,
1211 2061 1265 2101 nou
1292 2047 1375 2100 babet
1394 2046 1445 2100 boc
1463 2044 1519 2100 orie
1542 2045 1603 2114 ejus
1621 2041 1748 2114 qualitas,

103 2138 170 2193 mure
189 2136 274 2201 elato,
295 2136 329 2190 ab
352 2132 464 2189 bomine
477 2133 590 2202 injusto,
605 2133 638 2187 in
661 2130 775 2187 domurn
790 2145 872 2185 snam
889 2145 898 2183 .·
953 2135 1002 2188 sed
1018 2133 1136 2204 pravitas
1152 2133 1329 2190 audientium.
1347 2134 1422 2204 Ergo
1436 2134 1470 2188 de
1485 2132 1597 2204 proprio
1611 2139 1639 2185 et
1658 2131 1693 2186 de
1709 2129 1751 2184 ia-

102 2227 180 2296 bujus
196 2232 291 2280 antem
306 2229 507 2294 unguentorum
523 2220 592 2276 odor
610 2219 701 2274 omnia
716 2217 823 2273 excedit
836 2231 898 2271 aro·
953 2222 1078 2278 miliariis
1091 2224 1156 2278 udat
1170 2238 1309 2295 sponsam,
1321 2238 1384 2279 curn
1399 2223 1464 2278 dicit
1479 2239 1487 2277 ε
1501 2225 1589 2278 Faoas
1605 2219 1752 2277 distillans

103 2323 181 2369 mata.
199 2313 305 2386 lageas
329 2309 504 2382 praeconiam,
521 2307 568 2364 sed
583 2307 642 2379 ipsa
665 2322 718 2362 non
733 2307 768 2361 ab
789 2304 899 2360 bomine
956 2310 1031 2367 tabia
1046 2315 1105 2367 tea,

105 2401 289 2458 testimouium
304 2399 413 2470 occipit,
427 2397 476 2454 sed
487 2397 524 2453 ob
537 2396 583 2451 illo
593 2395 639 2466 (tui
655 2395 737 2451 00100
753 2402 898 2459 scrutatur,
990 2403 1016 2453 2.
1033 2399 1087 2455 Sed
1102 2400 1165 2471 quia
1181 2400 1216 2456 de
1230 2400 1432 2456 continuatione
1450 2398 1587 2470 aliquanta
1600 2400 1656 2468 jam
1670 2395 1751 2452 audi-

104 2490 147 2562 qni
160 2488 307 2561 perfidem
321 2485 535 2543 etdilectioucm
548 2482 576 2538 in
590 2482 673 2538 corde
686 2481 773 2553 ipsius
784 2489 812 2537 et
826 2481 901 2535 inba-
954 2487 1013 2555 stis,
1030 2487 1112 2542 vultis
1127 2495 1157 2542 ut
1171 2494 1198 2542 et
1211 2488 1246 2543 de
1260 2488 1428 2543 continentia
1441 2485 1686 2543 commendationis
1700 2485 1752 2540 bu·

104 2578 168 2633 bitst
181 2586 210 2634 et
224 2583 364 2649 operatur.
376 2576 437 2630 Nou
453 2590 482 2629 se
496 2571 681 2638 commendat,
696 2584 750 2625 non
766 2568 901 2639 improbat
954 2577 999 2647 jus
1014 2576 1165 2631 edisseram
1175 2576 1189 2632 ‘l
1199 2576 1261 2631 Tria
1272 2575 1395 2649 quedam
1406 2575 1465 2630 laus
1478 2577 1528 2630 ista
1542 2574 1749 2645 complectitar;

102 2665 177 2721 alios.
197 2667 288 2722 Fovas
303 2663 377 2719 euim
396 2661 544 2717 distillans
568 2658 646 2715 tobia
664 2658 733 2728 ejus.
749 2656 902 2728 Capitulum
956 2663 1140 2731 dnlcedinem,
1151 2663 1358 2735 plenitudinem,
1370 2664 1540 2732 parcitatem.
1552 2661 1673 2717 Dnleodo
1683 2677 1752 2717 cou-

102 2756 151 2811 boo
164 2753 267 2811 ordine
282 2752 417 2825 sequitur,
432 2749 482 2805 sed
506 2747 588 2804 hodie
608 2746 718 2803 tractari
733 2762 788 2802 nou
803 2753 900 2817 potest.
956 2752 1088 2806 sideratur
1103 2751 1129 2806 in
1145 2768 1246 2825 genere
1260 2769 1268 2812 t
1288 2752 1436 2823 plenitudo,
1454 2752 1481 2805 in
1505 2751 1601 2820 copia3
1618 2750 1750 2820 parcitas,

101 2842 227 2898 Crastina
241 2841 387 2912 disputatio
411 2837 515 2895 auditui
533 2845 625 2893 vestro
640 2843 666 2892 et
686 2834 808 2890 aviditati
828 2834 903 2889 dabit
956 2840 984 2894 in
995 2840 1140 2897 effusione.
1152 2840 1221 2911 Quid
1237 2839 1398 2895 allusionem
1413 2840 1496 2895 dico?
1510 2838 1649 2894 distillatio
1664 2836 1752 2909 magis

97 2933 232 3005 gandium
256 2938 285 2987 et
307 2929 430 2986 laetitiam
457 2927 485 2982 iu
507 2926 623 2982 Domino
643 2924 717 2980 lesu.
739 2922 818 2993 Quod
842 2923 901 2994 ipso
957 2936 998 2983 est
1011 2944 1091 2998 quam
1107 2928 1214 2984 eliusio.
1232 2931 1321 2985 Fenus
1336 2929 1415 2984 enirn
1428 2928 1577 2985 distillans
1594 2927 1667 2983 lobio
1689 2931 1750 2983 tna.

96 3029 235 3093 praestare
260 3019 401 3092 dignetur,
420 3016 466 3088 qui
487 3014 553 3072 vivit
569 3021 597 3070 et
623 3019 720 3086 regnat
742 3011 900 3082 per‘omuia
918 3034 939 3112 c
957 3015 1027 3084 Quid
1042 3033 1156 3072 necesse
1172 3025 1213 3073 est
1231 3017 1258 3071 in
1274 3016 1447 3091 assignandis
1461 3016 1575 3090 singulis
1589 3014 1753 3070 immorari?

95 3110 204 3167 meula
218 3108 392 3165 saeculorum.
408 3108 507 3161 tmen.
957 3105 1010 3175 lpsi
1024 3105 1097 3160 enim
1111 3105 1186 3162 scitis
1197 3108 1259 3176 quia
1273 3104 1349 3160 favus
1359 3104 1465 3160 nonnisi
1477 3104 1649 3159 dulcedinem
1661 3102 1753 3158 eilua-

368 3193 485 3248 SERMO
503 3189 636 3246 XXXlV.
956 3193 1006 3258 dit,
1020 3209 1072 3250 neo
1095 3194 1148 3248 nisi
1162 3196 1197 3249 de
1220 3193 1301 3265 pleno
1320 3193 1447 3250 effundit.
1467 3194 1504 3247 Et
1527 3193 1562 3247 de
1582 3191 1752 3262 plenitudine

93 3292 197 3348 Factus
207 3286 353 3343 distillans
366 3283 442 3341 lobia
452 3278 792 3351 too,sponso,eto.(Cant.
804 3276 902 3345 tull.)
957 3281 1068 3353 quidem
1083 3280 1151 3354 ipsa,
1172 3298 1226 3337 non
1245 3286 1330 3336 totam
1346 3281 1442 3350 ipsam.
1459 3281 1524 3336 ldeo
1538 3283 1619 3351 serras
1638 3293 1694 3335 uon
1708 3278 1752 3334 el-

137 3382 166 3431 l.
184 3378 279 3432 Foras
292 3373 442 3430 distillant
454 3368 530 3425 lobio
541 3373 601 3430 100,
613 3383 714 3439 spon-ia
725 3384 734 3430 ‚·
745 3368 801 3421 met
815 3369 843 3419 et
859 3365 903 3420 loo
958 3368 1085 3438 illudens,
1101 3372 1148 3425 sed
1164 3370 1311 3426 distillans
1327 3369 1400 3424 lobio
1415 3373 1476 3424 tao.
1488 3369 1537 3422 Est
1551 3383 1618 3439 ergo
1633 3367 1659 3420 in
1676 3365 1754 3420 labiis

92 3465 154 3523 snb
170 3465 272 3535 Danaa
287 3468 347 3526 tao,
363 3462 430 3518 odor
449 3458 684 3516 vestimentorum
699 3461 813 3511 tuorem
828 3457 904 3510 sicot
957 3472 1064 3527 sponsae
1078 3465 1104 3512 et
1119 3457 1234 3512 dulcedo
1248 3457 1315 3523 sola,
1331 3463 1359 3511 et
1369 3456 1484 3510 dulcedo
1495 3455 1585 3525 plena,
1598 3460 1627 3509 et
1636 3453 1753 3509 dulcedo

93 3557 175 3613 odor
186 3551 288 3608 thuris.
302 3550 486 3606 Vehementer
495 3544 585 3600 dulcia
595 3553 658 3598 sunt
673 3559 734 3613 quae
744 3558 817 3598 nunc
831 3543 905 3598 dieta
957 3545 1056 3600 sobria.
1065 3546 1145 3600 Pione
1155 3544 1266 3615 quidem
1277 3544 1437 3614 possidetur,
1449 3542 1497 3598 sed
1509 3558 1561 3598 oon
1573 3541 1653 3612 plene
1665 3539 1754 3596 cilun-

93 3651 169 3701 suut
185 3639 222 3696 ad
235 3653 373 3710 sponsam.
391 3637 447 3692 Sed
459 3633 580 3707 quaeritis
601 3631 737 3705 quomodo
752 3630 903 3700 superiori·
957 3633 1039 3699 ditur,
1063 3632 1145 3688 114
1161 3633 1209 3688 sed
1229 3641 1309 3704 prout
1325 3633 1477 3688 auditorum
1502 3630 1637 3702 capacitas
1657 3628 1750 3701 exigit.

94 3731 218 3790 basista
226 3727 398 3786 conveniant.
408 3724 499 3781 Semel
509 3738 559 3778 vos
568 3720 767 3776 commonuisse
774 3719 902 3788 sulboiat,
957 3722 1045 3777 Vultis
1059 3723 1141 3778 etiam
1164 3722 1250 3792 ipsius
1262 3705 1372 3794 spons‘ae
1385 3721 1419 3777 de
1433 3720 1512 3776 labiis
1525 3720 1580 3775 suis
1594 3720 1696 3775 babere
1711 3726 1753 3774 tc·

94 3841 117 3880 a
131 3818 301 3878 necessitate
309 3812 520 3873 continuationis
531 3811 644 3865 liberam
655 3824 716 3863 esse
726 3808 816 3880 legem
827 3822 904 3863 corn·
956 3811 1134 3867 stimonium?
1147 3813 1235 3881 Quom
1250 3811 1355 3874 dalaia,
1368 3811 1465 3882 inqiut,
1475 3810 1681 3881 sancibasrneis
1695 3808 1752 3863 clo·

96 3907 300 3969 mandationis.
315 3905 377 3959 Non
399 3908 476 3958 tenet
494 3898 602 3966 seriem,
617 3897 666 3952 sed
684 3896 770 3952 utitur
783 3911 852 3965 vaga
866 3894 902 3950 li·
957 3903 1021 3972 qnia
1034 3905 1085 3956 tan
1095 3907 1104 3956 t
1115 3917 1199 3972 saper
1208 3900 1265 3957 met
1274 3905 1302 3955 et
1311 3899 1463 3971 [ominari
1476 3915 1536 3955 mco
1550 3897 1637 3968 (Psoi.
1652 3912 1750 3962 cxvtu,

98 3999 206 4058 aenou.
222 3995 273 4055 Ubi
295 3992 405 4048 mudum
424 3990 493 4045 ratio
514 3986 640 4051 vertitur,
658 4001 713 4040 non
731 3992 820 4056 potest
834 3984 902 4040 ordo
958 3993 1031 4056 too).
1044 3988 1138 4045 Dulcia
1153 3988 1262 4061 quidem
1272 3997 1335 4044 snut
1347 3988 1418 4043 labia
1427 4002 1543 4058 sponsae.
1559 3984 1670 4058 Eloquia
1679 3984 1751 4041 enim

100 4089 219 4162 quidem
243 4082 330 4157 esigi;
351 4081 398 4136 sed
417 4094 467 4135 nec
494 4077 576 4132 debet
599 4074 703 4146 respui,
723 4073 748 4129 si
769 4073 902 4148 assignari
958 4076 1065 4131 Domini
1077 4077 1207 4132 distillant
1223 4079 1259 4133 ab
1273 4078 1323 4134 eis.
1338 4077 1515 4150 Eloqniomm
1529 4075 1637 4131 Domini
1647 4082 1688 4131 est
1702 4074 1752 4130 istu

100 4183 200 4251 queat.
220 4175 286 4230 Post
308 4175 509 4243 unguentorum
537 4165 631 4219 laudes
654 4162 746 4219 statim
768 4162 903 4217 labiorum
957 4164 1081 4222 dulcedo.
1098 4168 1159 4222 Non
1178 4166 1251 4222 euim
1267 4167 1301 4222 de
1320 4183 1369 4223 suo
1392 4166 1520 4239 loquitur,
1535 4165 1584 4220 sed
1598 4164 1675 4236 quasi
1690 4179 1751 4219 ser-

100 4265 196 4339 gratia
218 4261 357 4334 profertur
371 4257 399 4312 in
413 4255 544 4312 medinm.
559 4252 631 4322 Quid
646 4251 718 4307 euim
732 4250 795 4320 scis,
811 4250 834 4305 si
848 4266 903 4305 nou
958 4269 1053 4309 mones
1068 4255 1194 4322 Domini;
1219 4255 1320 4312 idcirco
1341 4255 1440 4311 diflusa
1464 4262 1506 4311 est
1520 4256 1607 4327 gratie
1632 4253 1658 4307 in
1673 4253 1752 4308 labiis

102 4355 139 4410 de
155 4350 292 4426 unguenti
306 4349 403 4405 virtute
418 4347 478 4402 baec
492 4345 521 4399 iu
535 4341 613 4397 labiis
626 4338 724 4395 diffusa
739 4346 781 4395 est
794 4338 904 4413 gratis?
920 4358 943 4435 n
958 4345 1027 4413 ejus.
1044 4344 1167 4414 Accipite
1180 4346 1236 4414 jam
1251 4359 1283 4399 ex
1300 4353 1376 4415 parte
1391 4343 1480 4416 qualia
1491 4339 1575 4397 'mella
1589 4342 1659 4398 sacri
1674 4341 1751 4397 laves

101 4439 284 4516 Euangeliou
304 4436 423 4500 revolve,
440 4442 468 4491 et
485 4430 585 4502 aliquid
600 4427 653 4485 tale
675 4428 709 4484 de
729 4442 830 4499 sponso
845 4427 905 4499 ipso
959 4431 1070 4487 distillat
1085 4431 1196 4502 eloquii,
1206 4438 1234 4486 et
1247 4432 1395 4502 unicuique
1409 4432 1477 4485 sient
1492 4432 1565 4486 Deus
1580 4429 1669 4483 divisit
1682 4428 1748 4495 vasi,

102 4531 158 4588 dici
174 4528 309 4585 invenies.
321 4525 459 4598 Spiritus,
474 4520 573 4594 inquit,
584 4517 697 4576 Domini
706 4532 792 4590 snper
805 4532 859 4580 rna,
875 4532 905 4573 oo
958 4520 1001 4575 cui
1024 4520 1177 4585 instilletur,
1195 4535 1359 4575 mensuram.
1379 4517 1514 4583 Remittit,
1531 4517 1673 4589 permittit,
1688 4530 1752 4587 pro-

103 4621 182 4694 qsod
195 4619 316 4674 amarit
334 4630 403 4670 mc:
423 4612 617 4684 ovonpetiaora
634 4606 807 4679 pauperibus
825 4606 906 4661 misit
958 4609 1050 4674 mittit,
1066 4607 1215 4678 praemittit.
1230 4605 1334 4662 Delicta
1350 4605 1468 4671 remittit,
1485 4605 1592 4660 infirma
1607 4605 1750 4677 permittit,

105 4727 163 4767 me.
173 4706 254 4774 (lsai.
265 4719 325 4769 uxr,
339 4707 349 4756 ι
361 4717 369 4770 ;
382 4704 445 4758 tac.
457 4714 497 4768 ιν,
510 4694 699 4767 tt).0portuit
709 4711 777 4766 ergo
788 4700 816 4749 et
826 4709 906 4764 spon·
958 4703 1061 4751 aeterno
1074 4693 1216 4766 promittit,
1226 4702 1253 4751 et
1262 4695 1383 4766 ipsorum
1397 4695 1528 4768 primitias
1538 4695 1668 4768 qrrasdam
1681 4711 1752 4768 prae·

108 4811 166 4851 sam
189 4793 218 4849 iu
240 4793 292 4848 hoc
312 4787 456 4845 assimilari
475 4800 586 4858 sponso,
609 4793 639 4839 ut
658 4792 685 4839 et
706 4783 766 4854 ipsa
789 4781 817 4836 iu
836 4798 905 4853 opus
958 4783 1049 4839 mittit.
1066 4784 1231 4855 Sapientiam
1250 4785 1369 4857 loquitur
1388 4786 1461 4841 inter
1477 4784 1622 4857 periectos,
1638 4784 1751 4856 sapien·

108 4881 254 4957 Evangelii
263 4879 393 4936 unctione
407 4876 522 4948 Spiritus
531 4882 692 4946 ungeretur.
706 4870 822 4942 Spiritus
833 4869 905 4926 enirn

107 4984 135 5030 et
150 4972 188 5028 ad
201 4970 324 5028 officium
339 4966 425 5040 ungit,
441 4964 517 5021 etad
533 4962 694 5019 eiticaciam.
707 4962 858 5030 Utrumque
872 4959 906 5013 ab

106 5062 155 5119 illo
175 5069 230 5126 est,
245 5067 273 5116 et
286 5055 430 5114 ministerii
444 5054 560 5126 modus,
577 5059 604 5107 et
622 5050 709 5124 gratia
724 5047 906 5104 ministrandi.

106 5153 174 5208 Siue
188 5149 278 5223 gratia
296 5145 400 5222 gradus
422 5143 532 5209 inutilis,
544 5150 572 5196 et
584 5140 642 5194 sino
656 5137 743 5211 gradu
758 5153 910 5208 praesump-

106 5250 207 5297 tuosus
221 5245 263 5294 est
278 5251 345 5292 usus
358 5232 462 5306 gratiae.
481 5228 619 5300 Quomodo
632 5224 840 5298 proedtcobant,
852 5225 909 5279 nisi

106 5329 268 5386 mittantur
291 5327 383 5396 (Rom.
402 5337 433 5391 x,
449 5320 514 5391 tot?
533 5325 579 5373 aut
597 5315 734 5390 quomodo
759 5313 908 5383 mittentur,

106 5417 162 5474 uisi
177 5415 342 5489 ungantur?
356 5412 426 5468 sicut
442 5409 574 5481 scriptum
593 5413 646 5471 est,
659 5404 783 5477 Spiritus
800 5402 911 5459 Domini

106 5509 196 5564 mett
209 5520 276 5573 πως
291 5502 487 5575 ooanoeliaorc
498 5494 672 5572 pauperibus
687 5493 768 5549 misit
781 5508 837 5549 mo.
853 5490 912 5562 Spi-

960 4874 1024 4928 tiam
1038 4872 1149 4944 quidem
1164 4889 1219 4929 non
1238 4875 1318 4944 bujus
1332 4876 1436 4944 mnndi,
1452 4876 1501 4931 sed
1522 4875 1573 4931 Dei
1594 4873 1752 4946 sapientiam

959 4963 988 5017 in
1002 4961 1131 5033 mysterio
1145 4963 1341 5032 absconditam,
1352 4973 1379 5020 et
1392 4967 1462 5020 inter
1476 4964 1566 5019 minus
1580 4959 1754 5033 spiritualiter

961 5053 1100 5123 sapientes
1110 5052 1144 5106 nil
1159 5054 1305 5109 arbitratur
1315 5071 1345 5110 se
1359 5054 1428 5110 scire
1443 5053 1495 5107 nisi
1506 5052 1639 5106 Christum
1649 5051 1751 5116 lesum,

962 5149 990 5197 et
1004 5142 1076 5196 hune
1085 5141 1253 5197 crucifixum.
1265 5144 1426 5199 Cobortntur
1435 5142 1469 5195 ad
1483 5138 1688 5210 perlectionem,
1700 5152 1755 5193 nou

963 5232 1054 5303 cogit;
1077 5231 1124 5286 sed
1148 5232 1236 5306 magis
1260 5232 1415 5286 consolatur
1434 5227 1631 5299 pusillanimes,
1646 5226 1758 5299 suscipit

964 5318 1096 5384 infirmos,
1107 5328 1143 5386 et,
1155 5320 1178 5375 si
1189 5320 1324 5390 inquietos
1337 5317 1458 5389 corripit,
1470 5316 1607 5389 correptio
1621 5317 1679 5388 ipsa
1693 5316 1756 5372 dul-

965 5409 1090 5466 cedinem
1105 5409 1175 5479 sapit
1189 5415 1348 5463 maternam.
1364 5406 1488 5462 Peccaati
1503 5406 1674 5479 compatitur,
1691 5423 1758 5463 con-

966 5513 1047 5556 vorso
1070 5496 1204 5571 indulget,
1229 5512 1280 5552 neo
1306 5494 1538 5570 indulgentiarum
1561 5511 1704 5552 numerum
1733 5501 1761 5550 et
