3706 5962
177 190 231 250 717
569 186 748 250 babtismo
767 188 801 250 tlt
819 185 1001 249 rtsslotlllu
1020 185 1061 248 lte
1078 182 1283 252 amussim.
1302 180 1428 254 bobini.
1769 184 1828 285 'lib¹

176 326 249 384 saepe
263 312 399 383 superbus
412 313 498 369 Adam
512 329 575 371 cum
589 330 641 387 per
660 314 782 373 dolorem
796 314 885 372 caruis
901 329 971 371 con·
984 328 1009 410 Α
1025 331 1084 372 rum
1099 316 1255 374 mendicans
1270 316 1338 375 ioris
1351 316 1505 375 alimoniam
1528 316 1618 375 caruis
1640 335 1719 388 meas,
1734 336 1824 382 aereas

175 400 240 457 linia
254 400 349 457 mortis
363 401 526 476 ingreditur,
538 402 662 478 deposita
675 405 793 462 elatione
803 405 837 460 ad
846 404 969 477 putredi-
1023 413 1050 462 et
1070 405 1150 462 falsas
1163 405 1295 480 imagines
1317 407 1468 473 hominum,
1500 406 1548 462 ubi
1575 423 1736 468 coacervem
1756 410 1824 470 mihi

174 491 219 546 nis
244 506 303 549 ιιι
330 491 572 549 considerationem
600 494 757 564 revertitur,
771 493 818 550 abi
847 493 971 550 uidelicet
1024 494 1151 550 talentum
1166 494 1327 568 iniquitatis,
1343 495 1488 553 fasciculos
1503 495 1695 569 deprimentes.
1706 500 1744 558 Et
1757 516 1822 558 ecee

172 580 216 638 rel
240 579 416 638 miseratione
436 581 703 653 diuinapoenitentiae
727 584 831 640 iructas
855 581 967 654 inuenit,
1023 583 1091 639 hora
1108 583 1239 640 orationis
1258 599 1331 641 nona
1348 593 1400 641 est.
1418 584 1578 642 Ascendunt
1591 586 1685 643 Petras
1698 598 1726 646 et
1742 585 1824 646 Joan·

174 668 216 726 rel
232 685 280 741 per
295 670 464 726 tremendum
476 668 609 740 judicium
625 671 969 744 duplicicontritionccoa·
1022 688 1072 729 nes
1091 672 1207 745 apostoli
1234 672 1282 739 tui,
1310 679 1340 730 ιι
1371 682 1450 729 orent
1477 671 1511 728 ud
1540 674 1668 746 templum
1695 672 1823 736 sanctum

176 758 298 815 teritur?
314 758 359 816 Sic
373 759 503 829 Herodes,
519 773 583 818 cum
596 769 673 819 veste
691 761 766 836 regia
790 761 970 835 praefulgidus
1023 769 1116 816 tuum:
1137 775 1190 835 ego
1210 770 1301 819 autem
1328 761 1420 818 haereo
1447 769 1528 819 terra
1542 769 1569 818 et
1586 762 1655 834 luto,
1675 775 1785 824 terrena
1798 774 1824 824 et

175 847 237 919 plus
264 863 344 921 quam
371 847 462 906 decuit
489 863 507 904 a
534 850 637 922 populo
664 851 881 919 acclamaretur,
905 863 970 907 mox
1023 863 1090 904 uana
1104 849 1225 919 sapiens,
1241 856 1269 906 et
1282 848 1342 906 aliis
1357 849 1568 919 introeuntibus,
1582 865 1635 926 ego
1648 851 1716 910 ioris
1731 870 1824 912 rema·

174 951 320 1008 percussus
331 937 366 993 ab
382 937 600 1010 augelo,exutus
613 939 878 1011 chlamydatorum
892 951 969 993 suam
1023 950 1084 1008 neo,
1104 952 1158 995 uon
1173 952 1296 1010 quarem
1314 953 1374 994 cum
1393 938 1432 995 eis
1454 955 1485 995 ea
1507 954 1568 1013 quae
1583 941 1668 998 Patris
1689 942 1732 1000 ιιι
1747 941 1842 1012 ιιιι,“

172 1024 304 1094 reinduit,
322 1033 349 1083 el
362 1033 538 1098 consumptus
552 1041 570 1081 a
584 1026 722 1085 vermibus
743 1027 898 1099 exspiravit.
912 1025 970 1082 lie-
1022 1027 1071 1083 aed
1087 1042 1149 1099 quta
1162 1026 1242 1098 primi
1265 1033 1390 1100 parentes
1403 1027 1468 1096 rnei,
1485 1031 1530 1100 qui
1549 1045 1594 1086 me
1616 1030 1680 1089 hine
1698 1032 1824 1107 quotidie

175 1123 255 1171 atoue
267 1114 361 1171 illusus
375 1116 514 1186 catinae,
530 1115 589 1174 lieu
602 1113 777 1174 ludaeorum.
789 1115 858 1187 Quid
872 1130 971 1186 auper-
1023 1114 1098 1173 ioras
1113 1126 1226 1188 ponunt,
1240 1116 1310 1174 male
1331 1117 1533 1188 concupierunt
1556 1119 1589 1175 Et
1601 1121 1737 1192 acceium
1752 1123 1823 1180 hora

174 1203 228 1275 bis,
248 1212 322 1261 terra
335 1212 362 1261 et
375 1204 467 1262 cirisi
483 1205 549 1278 quid
563 1213 639 1264 ueste
652 1205 737 1263 nitida
750 1204 971 1280 gloriarisiSuh·
1024 1205 1154 1263 orationis
1180 1220 1252 1262 nona
1277 1213 1328 1262 est
1348 1204 1477 1263 inclinata
1500 1215 1540 1264 est
1568 1206 1633 1275 dies,
1669 1225 1758 1282 prope
1780 1219 1822 1269 est

175 1303 217 1350 ter
231 1301 256 1349 te
274 1301 414 1351 sternetur
429 1295 511 1362 tinea,
527 1302 555 1349 et
578 1294 779 1367 operimentum
806 1302 882 1352 tuum
904 1307 969 1351 uer·
1024 1309 1095 1353 nos:
1119 1310 1182 1351 cum
1209 1308 1354 1351 surrexero
1383 1310 1461 1352 mane
1487 1295 1614 1364 diluculo,
1642 1297 1678 1356 de
1700 1298 1746 1355 his
1759 1296 1823 1371 ιιι

175 1398 233 1439 mes
248 1384 314 1454 (lau.
330 1398 369 1449 av,
396 1383 451 1455 ll).
467 1383 530 1441 llaec
556 1394 600 1439 tua
628 1384 712 1442 restis
738 1391 791 1442 est.
821 1383 971 1441 illuserunt
1023 1398 1096 1441 nunc
1109 1383 1243 1453 mendico,
1258 1382 1325 1439 nihil
1338 1382 1366 1438 in
1380 1382 1504 1440 manibus
1518 1386 1586 1441 meis
1599 1387 1747 1459 reperiam.
1762 1385 1820 1447 llo-

174 1470 222 1527 tibi
242 1472 290 1544 qul
314 1481 339 1529 te
362 1471 503 1545 chlamyde
517 1473 645 1530 coccinea
657 1472 901 1531 circumdederunt.
926 1472 971 1529 Sic
1024 1487 1063 1543 ra,
1084 1472 1202 1546 inquam,
1218 1470 1349 1528 emtionis
1362 1485 1434 1530 noua
1447 1479 1500 1529 est.
1514 1472 1604 1531 0rasti
1618 1474 1689 1532 enim
1704 1478 1760 1534 hac
1772 1477 1822 1535 hc·

172 1560 332 1628 Antiochus,
347 1570 373 1618 et
385 1560 516 1618 dominici
531 1562 628 1618 natalis
644 1561 729 1619 hostis
753 1563 885 1634 Herodes,
898 1561 970 1618 alie·
1024 1577 1054 1616 ra
1066 1561 1187 1633 pendens
1201 1560 1229 1616 ιι
1253 1575 1340 1630 cruce,
1356 1560 1439 1618 orasti
1455 1561 1584 1620 inclinato
1598 1563 1822 1636 capiteclamans

172 1650 217 1704 nis
229 1649 346 1708 restibus
360 1649 500 1721 depositis,
517 1650 544 1705 in
558 1650 616 1708 suis
630 1649 760 1722 vestibus,
776 1649 805 1706 id
818 1648 969 1710 calummi-
986 1607 1090 1708 Bvoce
1103 1663 1210 1723 magua,
1226 1657 1254 1707 et
1267 1648 1420 1722 exspirasti.
1435 1648 1525 1707 Oresti
1546 1649 1674 1709 inclinato
1688 1652 1779 1726 capite
1793 1654 1822 1712 in

171 1736 233 1808 bus,
249 1739 427 1811 exspirumnt.
502 1806 505 1811 ,
1022 1738 1118 1810 spiritu
1140 1737 1307 1805 humilitatis,
1332 1740 1451 1795 clamans
1473 1753 1541 1796 voce
1563 1755 1664 1813 magna
1685 1740 1822 1801 altissimo

473 1828 587 1887 CAPUT
615 1829 661 1886 vi.
1021 1835 1048 1885 et
1060 1827 1243 1885 secretissimo
1257 1826 1355 1883 affectu
1375 1834 1493 1899 paterna
1506 1836 1535 1885 et
1553 1836 1653 1887 nostrae
1666 1830 1817 1889 charitatis.

175 1918 211 1974 lle
224 1918 355 1977 Latronis
369 1917 553 1988 consessione,
567 1921 596 1976 et
619 1918 708 1991 elafio
732 1920 841 1974 ιιιιιι
862 1916 966 1975 crema.
1022 1915 1263 1993 luillo,1)omiue,
1279 1916 1397 1973 clamore
1416 1917 1504 1975 valido
1518 1918 1673 1990 exspirasti,
1696 1926 1726 1977 et
1742 1925 1819 1978 euni·

209 2010 253 2062 ll.
270 2006 338 2063 Redi
361 2007 396 2063 ad
414 2001 462 2064 co’r
486 2019 563 2065 tunm
586 2008 694 2064 taudem
717 2006 873 2081 aliquando,
895 2004 965 2074 redi,
1021 2008 1083 2063 dem
1097 2021 1179 2079 quem
1192 2005 1314 2077 danobis
1328 2012 1394 2063 tunc
1412 2006 1531 2063 habebas
1545 2008 1746 2080 compassionis
1762 2008 1819 2066 ani·

170 2105 249 2153 uetus
262 2095 364 2166 Adam,
384 2097 448 2153 vide
462 2096 508 2154 uhi
532 2104 559 2154 et
574 2096 713 2170 quomodo
733 2106 760 2153 te
783 2094 921 2169 requisivit
940 2104 968 2154 et
1021 2112 1095 2153 nrum
1116 2103 1204 2153 tecum
1227 2095 1356 2168 portasti:
1386 2104 1414 2153 et
1437 2095 1531 2169 credo,
1550 2098 1674 2166 bomine,
1694 2096 1762 2172 quia
1774 2105 1818 2156 te·

170 2183 274 2241 invenit
287 2200 375 2242 novus
390 2184 487 2246 Adam.
509 2185 635 2244 Ostendit
658 2186 708 2243 tibi
729 2186 758 2242 ic
780 2200 894 2257 corpore
916 2200 967 2241 suo
1020 2201 1082 2243 cum
1097 2184 1187 2242 adhuc
1209 2199 1340 2255 reservas,
1355 2184 1419 2257 qnia
1442 2185 1557 2242 charitas
1578 2191 1623 2242 tua
1638 2185 1818 2261 refrigescere

170 2273 333 2346 ignominias
346 2277 443 2333 anima
460 2285 522 2336 tuae.
538 2278 599 2333 Non
614 2276 680 2333 satis
694 2275 756 2348 luit,
769 2274 842 2349 quod
856 2290 905 2348 per
918 2289 968 2332 co-
1020 2273 1117 2333 nescit.
1143 2275 1208 2330 Erat
1221 2280 1310 2330 autem
1331 2272 1400 2330 hora
1422 2272 1553 2331 orationis
1576 2288 1657 2331 nona
1674 2273 1709 2332 ila
1732 2289 1818 2350 quare

169 2362 275 2436 laphos,
291 2363 409 2439 flagella,
425 2375 453 2424 et
476 2382 545 2426 uova
561 2366 715 2424 irrisionum
739 2380 841 2440 genera
862 2371 967 2436 postte
1020 2364 1113 2422 nonai
1125 2361 1195 2432 Quia
1208 2362 1282 2420 circa
1296 2363 1389 2420 horam
1404 2377 1503 2420 nonam
1522 2364 1642 2421 tenebrae
1655 2364 1740 2423 iactae
1755 2371 1817 2423 sunt

168 2451 318 2527 fugientem
342 2455 480 2514 clamitans
507 2466 534 2513 et
561 2457 691 2512 miserans
720 2453 914 2528 percucurrit,
939 2460 966 2510 et
1019 2453 1129 2527 (batth.
1145 2464 1237 2520 anmi,
1252 2453 1309 2525 ιιι).
1325 2451 1570 2525 liepelleuduserat
1583 2452 1683 2511 horror
1696 2454 1817 2512 tenebra-

169 2544 313 2617 usquead
341 2545 517 2604 novissimam
538 2546 628 2604 crucis
654 2544 829 2619 supplicium,
852 2543 965 2614 jamiam
1019 2559 1089 2612 rum,
1110 2543 1156 2617 qui
1182 2543 1335 2601 uniuersam
1353 2549 1496 2614 operuerat
1518 2549 1634 2610 terram;
1657 2541 1816 2615 repellenda

167 2631 300 2691 elliautem
328 2643 490 2693 consecutus
517 2634 622 2692 invenit
642 2644 671 2691 et
687 2633 874 2707 apprehendit.
898 2631 966 2702 Quis
1019 2633 1107 2705 caligo
1121 2632 1294 2704 populorum,
1319 2646 1381 2705 quae
1395 2645 1429 2688 en
1449 2637 1514 2689 tune
1532 2629 1814 2705 coeperatabnnda‘rs,

168 2721 240 2779 enim
255 2723 327 2779 latro
341 2722 387 2780 ille
406 2723 458 2780 nisi
471 2722 559 2780 adam
574 2724 645 2790 iuit,
667 2723 713 2794 qui
727 2738 761 2780 ex
776 2737 831 2795 qao
846 2721 964 2795 primum
1018 2739 1055 2781 ex
1078 2737 1133 2796 quo
1149 2720 1254 2792 caepisti
1267 2721 1301 2777 ad
1324 2735 1418 2778 auram
1441 2728 1505 2793 post
1529 2720 1669 2779 meridiam
1682 2720 1815 2780 dunhu-

167 2808 196 2865 ιι
212 2809 339 2880 paradiso
353 2811 396 2868 sui
414 2811 499 2884 ipsius
513 2810 690 2870 homicidium
703 2811 879 2883 perpetrarit,
896 2818 964 2866 tam·
1019 2811 1085 2869 lare.
1101 2811 1141 2867 Ex
1157 2817 1221 2867 tunc
1233 2825 1289 2867 uon
1303 2810 1414 2867 cessasti
1435 2811 1567 2880 clamans,
1585 2812 1632 2871 ilbi
1646 2827 1686 2878 es,
1704 2809 1815 2869 Adana?

167 2900 215 2955 diu
227 2915 244 2955 a
257 2895 365 2957 Christo
383 2901 454 2974 fugit
468 2916 530 2958 reus
552 2909 580 2960 et
599 2900 739 2958 abscondit
761 2913 802 2969 se,
827 2899 916 2957 donee
937 2898 966 2954 in
981 2886 1003 2967 B
1018 2900 1098 2975 (Gerr.
1117 2915 1161 2969 rm,
1177 2901 1216 2972 9.)
1232 2913 1352 2971 sequens
1370 2907 1433 2971 post
1448 2906 1553 2973 tergum
1572 2898 1701 2974 fugientis
1715 2907 1745 2958 et
1762 2901 1813 2957 ab·

167 2989 256 3044 crucis
268 2988 384 3046 articulo
398 2989 541 3047 ιιιιιιιιι
551 2995 727 3062 consumptus
744 2995 772 3046 et
784 2989 961 3059 comprehen·
1015 2989 1171 3048 scandentis
1199 3005 1240 3060 se,
1255 2994 1388 3061 quantum
1418 2987 1446 3045 ln
1467 2987 1528 3062 ipso
1548 2988 1607 3046 luit.
1636 2982 1670 3045 ιιι
1699 2989 1815 3048 emissas

167 3092 225 3144 sus,
239 3075 336 3151 lugere
351 3087 379 3135 et
392 3079 476 3135 latere
495 3080 564 3135 ultra
582 3093 636 3135 non
651 3077 737 3151 potuit
751 3078 765 3134 ι
779 3076 820 3132 ιιι
833 3091 960 3149 compre·
1014 3089 1056 3138 est
1070 3081 1103 3135 de
1117 3078 1243 3151 paradiso
1256 3076 1409 3148 voluptatis,
1425 3085 1453 3134 et
1467 3077 1586 3149 pervenit
1602 3092 1693 3152 usqae
1707 3077 1743 3135 ad
1750 3093 1814 3138 eon·

165 3165 292 3223 hensusa
308 3177 344 3237 te,
360 3168 431 3225 bone
443 3169 517 3238 iesu,
530 3183 678 3226 conversus
696 3174 747 3236 est,
762 3168 868 3239 culpam
883 3182 961 3224 suam
1014 3167 1126 3240 dignum
1145 3183 1202 3224 ιιι
1216 3165 1363 3223 cruciatum
1377 3165 1535 3239 iniquitatis.
1552 3167 1607 3224 Sed
1626 3183 1689 3235 eos,
1716 3166 1810 3241 inquit,

166 3255 308 3314 conlessus
327 3266 388 3327 est,
415 3272 522 3331 paenam
545 3258 659 3316 libenter
680 3257 830 3330 amplexus
844 3263 895 3313 est.
921 3256 963 3313 Tu
1016 3258 1101 3331 dipsa
1113 3258 1199 3327 ιιιιιι
1216 3256 1368 3328 recipimus
1382 3273 1392 3312 .·
1406 3254 1452 3312 ιιι
1467 3260 1563 3315 auum
1587 3256 1657 3331 qaid
1674 3255 1767 3328 lecit?
1788 3252 1812 3312 0

108 3380 123 3403 a
165 3345 240 3402 enim
263 3346 428 3403 admonebas
445 3363 481 3405 ne
499 3346 554 3419 pati
568 3347 736 3414 abhorreret,
763 3344 835 3420 quod
850 3351 877 3401 te
894 3357 962 3419 quo
1015 3347 1112 3418 Adam,
1125 3362 1205 3421 quam
1219 3359 1281 3402 sero
1304 3344 1332 3400 iu
1355 3345 1415 3402 haec
1434 3345 1518 3402 rerba
1542 3343 1811 3419 prompistil'nrods

164 3451 218 3508 que
244 3452 337 3493 seeum
365 3437 420 3508 pati
435 3436 547 3495 videret.
571 3436 619 3493 ille
632 3450 700 3510 argo
718 3436 767 3492 tibi
781 3437 816 3491 de
839 3440 897 3492 toto
911 3433 963 3493 hoc
1015 3438 1169 3511 primamte
1183 3433 1283 3492 inveni.
1294 3435 1383 3492 Amen
1393 3434 1454 3491 dico
1466 3431 1526 3501 tut,
1543 3433 1625 3492 bodie
1634 3449 1749 3494 masam
1759 3432 1813 3492 sris

165 3526 267 3584 mundo
280 3527 355 3584 solus
368 3535 396 3584 et
409 3543 480 3585 unus
489 3525 603 3583 adhaesit
617 3537 664 3596 ;at
677 3526 741 3584 ideo
755 3525 830 3582 solus
842 3524 877 3582 de
888 3539 963 3580 mun·
1015 3530 1049 3586 tn
1061 3525 1194 3603 paradiso
1206 3525 1285 3594 (bec.
1299 3523 1581 3593 ιιιιι,ι1,63).ιι1ιο
1596 3524 1662 3580 hora
1677 3522 1810 3580 emtionis

165 3616 201 3673 do
216 3624 271 3672 toto
286 3617 340 3674 hoc
355 3625 445 3674 tecum
460 3618 486 3673 in
503 3616 657 3689 paradismn
671 3615 780 3674 intrarit
796 3632 804 3670 ε
821 3613 866 3671 ιιι
880 3612 962 3670 etiam
1015 3624 1056 3675 aet
1084 3631 1166 3674 nona.
1189 3614 1268 3670 Nona
1295 3613 1392 3681 oravit,
1409 3628 1472 3668 nam
1495 3611 1641 3669 undecima
1657 3612 1812 3686 paradisum

167 3703 281 3761 tirmiter
295 3719 351 3762 non
363 3707 420 3775 jam
434 3712 524 3762 eustos
539 3704 667 3777 paradisi,
682 3703 731 3761 sed
745 3702 813 3761 ciris
823 3709 852 3758 et
862 3701 962 3758 dome·
1016 3706 1135 3764 miravit.
1150 3705 1298 3775 Propterea
1311 3711 1339 3759 et
1357 3717 1412 3760 non
1434 3702 1563 3759 introibat
1575 3700 1691 3758 claudas
1702 3700 1732 3758 in
1743 3708 1813 3758 tem·

166 3792 250 3850 sticus
267 3794 316 3850 Dei
342 3794 489 3852 collocatus
514 3801 567 3861 est,
588 3801 618 3850 ut
631 3793 749 3867 amplius
775 3792 839 3850 iude
865 3791 962 3848 eadere
1015 3794 1103 3867 plum,
1116 3791 1181 3868 quia
1198 3793 1317 3851 nondum
1333 3807 1420 3863 usque
1441 3791 1474 3847 ad
1499 3789 1632 3849 dammam
1654 3789 1813 3866 generatio·

166 3896 221 3938 noa
235 3882 333 3955 possit.
353 3882 580 3941 uanissimam
603 3882 746 3953 latronem,
762 3881 817 3940 imo
838 3895 894 3939 non
917 3881 961 3937 la·
1015 3901 1077 3943 nem
1096 3891 1222 3940 uenerat:
1239 3881 1288 3938 scd
1310 3881 1404 3939 Petrus
1417 3881 1451 3936 ad
1466 3896 1549 3937 eum:
1565 3882 1598 3938 ιι
1619 3883 1747 3952 nomine,
1772 3878 1813 3935 in·

166 3977 280 4036 ιιοιιιι,
296 3971 344 4028 sed
359 3980 504 4045 martyrem
520 3977 548 4027 et
560 3967 750 4028 mnlessoreml
765 3969 960 4026 Necessitatem
1017 3971 1086 4048 quit,
1098 3973 1163 4032 lesu
1179 3970 1429 4042 christissima
1451 3967 1568 4026 ambula
1583 3968 1655 4038 (Act.
1670 3969 1726 4035 ιι).
1743 3964 1814 4023 Veia

165 4059 239 4117 enim
253 4060 333 4118 vertit
358 4061 386 4116 iu
413 4060 633 4130 voluntatemne
656 4075 762 4132 poenam
789 4057 965 4116 communiit
1019 4079 1069 4122 vos
1087 4061 1153 4117 estis
1167 4066 1282 4129 montes,
1299 4057 1335 4114 ad
1350 4068 1419 4130 quos
1433 4056 1520 4114 levari
1534 4054 1630 4114 mulos
1642 4053 1814 4122 necunde

165 4147 334 4222 ingloriam,
354 4156 382 4206 et
396 4164 503 4208 crucem
518 4149 546 4205 iu
567 4149 744 4224 triumphum.
761 4148 791 4204 ιι
807 4155 844 4220 te,
860 4147 963 4206 beatis-
1018 4154 1109 4215 veniet
1121 4147 1251 4207 auxilium
1266 4146 1340 4203 mihi.
1357 4145 1411 4203 Sed
1425 4143 1557 4202 auxilium
1573 4158 1666 4201 meum
1680 4159 1697 4200 a
1719 4139 1814 4201 Donni·

165 4237 232 4296 sime
246 4242 274 4297 et
289 4239 430 4296 confessor
448 4249 475 4298 et
488 4249 598 4311 martyr,
613 4240 648 4296 de
662 4239 744 4298 totius
757 4237 849 4294 mundi
863 4236 962 4295 stadli·
1015 4260 1061 4316 no,
1070 4239 1170 4316 quiaiu
1183 4236 1293 4294 nomine
1305 4235 1369 4293 Jesu
1383 4233 1493 4304 Christi,
1505 4235 1623 4308 sarpeet
1639 4231 1765 4291 amdam
1783 4230 1813 4287 Ιι

166 4335 231 4396 ¹⁸10.
246 4327 336 4388 5⁰⁶
348 4328 410 4386 fidei
425 4329 555 4403 reliquias
582 4328 691 4405 collegit
706 4329 839 4386 Christus.
854 4329 897 4387 Τι
916 4327 961 4384 ia·
1017 4332 1100 4392 verbo
1114 4326 1212 4386 Christi
1231 4325 1304 4382 laxas
1317 4332 1384 4392 rete,
1412 4322 1441 4378 in
1458 4323 1540 4381 umbo
1566 4320 1664 4378 Christi
1688 4319 1814 4378 claudam

165 4416 303 4492 gientibus
317 4420 458 4493 discipulis
471 4427 499 4478 et
512 4420 592 4478 Petro
606 4427 722 4496 negante
736 4462 744 4488 ,
760 4418 850 4477 socius
872 4424 900 4476 et
916 4430 962 4476 eo·
1015 4422 1135 4491 terasia
1148 4416 1232 4478 uerbo
1241 4414 1341 4472 Christi
1360 4412 1511 4471 solidantur
1525 4412 1605 4468 bases
1624 4410 1686 4480 eiua
1695 4416 1723 4468 st
1734 4409 1814 4483 plaa-

166 4525 225 4572 mes,
241 4510 377 4581 passionis
403 4512 463 4582 ejus
484 4509 544 4567 lieri
565 4510 672 4585 gauisus
687 4525 729 4567 es.
744 4510 786 4566 Tu
809 4508 906 4565 Petras
934 4507 962 4564 ia
1014 4521 1059 4572 ιω.
1080 4511 1148 4582 Qua
1169 4515 1232 4564 sunt
1248 4505 1328 4562 bases
1340 4501 1420 4574 ejusl
1435 4501 1514 4559 Fides
1533 4509 1561 4557 et
1583 4499 1675 4557 timor.
1697 4500 1732 4558 lh
1753 4512 1814 4572 quas

165 4612 247 4654 eruce
261 4599 346 4668 luisti,
358 4610 384 4658 et
399 4602 494 4659 Petrus
507 4601 536 4656 in
548 4601 629 4658 domo
641 4599 750 4672 Caiphae
760 4598 829 4656 latro
839 4615 848 4671 ς
860 4593 962 4654 tamdiu
1014 4599 1135 4678 plante?
1147 4599 1216 4670 Spes
1230 4600 1258 4651 et
1271 4591 1399 4650 charitas.
1415 4590 1489 4647 idem
1502 4589 1572 4648 bene
1586 4589 1682 4646 Petrus
1695 4586 1812 4646 aloan-

166 4686 240 4742 anim
255 4687 350 4745 Petrus
364 4690 432 4749 latro
446 4690 507 4760 luit,
523 4690 652 4763 quamdiu
678 4689 751 4745 intus
765 4686 871 4745 latitans
884 4683 962 4742 Chri·
1015 4707 1064 4748 nes
1082 4688 1161 4746 simul
1189 4682 1382 4747 ascendebant,
1412 4693 1530 4752 qaorum
1548 4679 1618 4736 alter
1643 4675 1720 4744 fidei,
1745 4674 1814 4734 utar

166 4783 237 4833 stum
253 4775 320 4834 loris
332 4780 442 4852 negant
456 4800 463 4836 ε
479 4780 544 4836 ideo
559 4789 586 4836 et
610 4781 719 4837 Petrum
743 4775 905 4850 praecessisti
934 4779 961 4834 ιι
1015 4779 1154 4839 charitatis
1162 4774 1270 4848 insigne
1283 4768 1613 4831 terebant.ttscendehaut
1632 4766 1667 4825 ad
1680 4766 1814 4840 ιιιμιιι

166 4866 331 4941 paradisum,
345 4870 408 4943 quia
421 4871 470 4944 qui
482 4878 509 4927 te
536 4870 563 4927 ιι
578 4885 659 4928 cruce
678 4867 892 4943 complanasset
907 4869 961 4926 dux
1015 4879 1101 4941 tuum,
1114 4865 1239 4933 Domine,
1261 4871 1352 4920 mcum
1366 4858 1479 4928 oraturi,
1504 4868 1535 4917 ut
1547 4866 1575 4916 et
1596 4856 1649 4930 ipsi
1668 4864 1761 4915 tecm
1773 4855 1812 4913 ι’·

164 4969 191 5018 et
212 4967 303 5018 rector
318 4961 487 5030 tuus,eadem
506 4960 549 5018 die
572 4978 624 5034 qua
653 4961 711 5033 ipse
738 4960 878 5033 ingressus
908 4967 960 5027 est,
1014 4958 1072 5015 mul
1093 4958 1228 5015 introeant
1246 4952 1273 5009 in
1302 4950 1457 5025 paradisum
1483 4946 1632 5006 sanctuarii
1663 4946 1707 5004 tul
1721 4965 1731 5006 a
1747 4944 1811 5021 qula

164 5049 272 5108 fidelem
287 5060 314 5108 et
327 5050 477 5127 gloriosum
492 5049 604 5107 militem
617 5062 711 5106 seeum
725 5054 751 5104 tc
768 5045 963 5120 pariterintro·
1014 5046 1128 5105 scissum
1159 5049 1201 5101 est
1240 5041 1268 5098 in
1310 5045 1397 5096 morte
1433 5043 1480 5097 tua
1515 5037 1709 5105 velamentum,
1736 5031 1810 5107 qaod

164 5144 253 5206 durii.
1013 5143 1072 5192 erat
1090 5148 1174 5206 super
1194 5129 1289 5188 iaciem
1302 5127 1399 5201 bloysi.
1413 5126 1469 5184 Sed
1493 5127 1594 5184 nolunt
1613 5123 1728 5183 introire
1745 5120 1809 5191 soli,

201 5239 248 5293 ιι.
267 5236 377 5310 ligones
391 5241 418 5291 et
440 5247 542 5305 pauper
555 5244 607 5304 epo
621 5223 829 5297 sumbomine,
844 5223 960 5281 etelau·
1013 5226 1075 5296 quia
1101 5239 1151 5281 uec
1174 5229 1213 5287 tu,
1242 5219 1366 5289 Domina,
1396 5217 1473 5276 solus
1497 5215 1654 5289 paradisum
1679 5209 1808 5297 introisti.

164 5325 215 5380 dus
229 5341 261 5381 ex
276 5331 354 5381 utero
376 5321 469 5381 matris
483 5335 551 5378 mea
567 5336 576 5389 ;
591 5324 618 5375 et
632 5332 695 5376 ecce
709 5315 790 5373 sedeo
805 5313 837 5370 ad
855 5319 960 5386 portam
1013 5313 1055 5371 Tu
1068 5313 1210 5378 latronem,
1226 5308 1272 5366 isti
1285 5308 1412 5365 claudum
1437 5305 1615 5363 introducunt
1629 5320 1637 5361 r
1652 5302 1702 5360 aad
1720 5314 1810 5375 neque

163 5414 257 5484 templi
270 5415 309 5471 tui
335 5430 396 5488 qua
413 5413 512 5470 dicitur
530 5411 660 5480 Speciosa
676 5450 684 5480 ,
702 5421 758 5465 non
774 5404 888 5474 valens,
910 5419 961 5461 nec
1010 5404 1066 5475 jam
1081 5403 1151 5459 latro
1165 5400 1193 5457 iu
1211 5397 1339 5473 paradiso
1353 5403 1406 5465 est,
1421 5409 1511 5469 neque
1524 5393 1638 5453 claudus
1651 5390 1682 5450 ιι
1696 5389 1808 5464 templo.

163 5499 259 5563 voleus
270 5500 382 5561 introire
396 5519 405 5572 ς
418 5503 486 5575 quin
509 5509 601 5573 potrus
613 5500 735 5571 casabie
748 5496 883 5555 bonorum
899 5500 961 5553 tuo·
1012 5489 1156 5562 Quomodo
1169 5488 1242 5547 enim
1255 5486 1370 5546 claudus
1388 5487 1434 5561 qui
1449 5492 1502 5544 stat
1514 5490 1542 5543 et
1554 5481 1682 5551 ambulat.
1707 5479 1810 5547 uallis.
