3706 5962
49 155 99 214 353

484 147 587 210 trist
608 151 651 209 ill)
670 149 820 210 FRATRES
838 151 879 210 llll
899 151 1006 212 tonte
1025 153 1089 214 unt.
1108 186 1143 199 -
1161 155 1224 215 titt.
1244 154 1288 216 lll.

1656 158 1707 219 att

48 291 73 338 et
88 275 254 351 spiritualia,
279 282 412 348 quantum
435 276 469 329 ab
489 273 564 329 omni
581 275 632 331 loci
662 277 704 333 vel
722 278 892 371 temporisg
912 293 966 333 non
985 287 1067 344 errat,
1089 295 1166 337 amor
1188 295 1243 335 nou
1257 279 1424 336 ollenditur:
1450 282 1497 352 qui
1508 298 1617 353 semper
1631 300 1709 354 quae·

46 371 119 440 lege,
139 367 184 424 vel
202 363 392 421 mutabilitatis
407 363 562 434 suspicione
577 364 676 429 aliena,
696 366 724 420 io
743 383 800 421 suaa
814 368 855 421 in·
912 366 987 435 ritur,
1011 377 1040 422 ut
1059 368 1163 423 dulcius
1185 369 1351 433 inveniatur,
1383 368 1537 425 dulcissime
1561 371 1705 437 invenitur,

47 455 298 516 commutabilitatis
322 462 349 510 et
367 454 527 508 aeteroitatis
556 453 722 510 beatitudine
749 456 854 514 iucom-

49 545 189 603 mutabilis
214 552 327 600 manent
351 551 378 597 et
400 552 514 597 aeterna.
535 544 564 596 ln
580 542 677 613 quibus
701 544 770 600 sicut
793 562 855 617 quar

49 634 205 708 corporalia
221 641 285 688 sunt
308 633 440 688 discernit
454 632 560 687 animus
582 648 631 702 per
649 634 771 703 corporis
793 651 855 690 sen·

51 742 102 787 sus,
120 723 163 779 sic
177 738 241 795 quaa
255 728 319 776 sunt
333 719 504 775 rationabilia
522 719 565 775 vel
579 720 728 791 spiritualia
748 723 853 779 discer-

50 829 114 868 nere
130 827 189 868 non
204 818 295 883 potest
306 810 356 865 nisi
373 808 621 881 persemetipsum.
632 808 698 877 Quae
712 824 779 866 vero
792 818 855 865 sunt

49 903 106 967 liei,
123 899 238 957 nonnisi
258 901 346 956 allec
366 903 470 970 querat
484 898 528 953 vel
553 895 639 955 288
658 907 800 971 exspectet
813 901 856 954 in-

48 991 189 1046 tellectus.
206 989 242 1043 Et
256 987 366 1060 quidem
376 988 411 1043 de
423 986 559 1042 nonnuliis
570 1003 631 1058 quae
644 989 678 1042 ad
694 989 778 1044 Deum
794 1005 856 1061 spe-

48 1087 135 1143 ctant,
154 1078 196 1132 las
212 1085 254 1133 est
268 1086 295 1133 ει
310 1076 440 1149 possibile
460 1077 563 1131 bomini
593 1078 725 1135 rationem
745 1076 856 1134 babenti

48 1168 201 1240 aliquando
216 1167 336 1239 cogitare
351 1174 380 1220 et
396 1165 564 1236 disquirere.
579 1165 648 1220 sicut
663 1167 697 1222 de
712 1167 857 1222 dulcedine

50 1256 185 1313 bonitatis
210 1257 280 1325 ejus,
305 1254 340 1310 de
356 1254 477 1324 potentia
501 1252 617 1323 virtutis,
633 1261 661 1308 et
682 1255 742 1309 aliis
761 1255 855 1324 hujus·

50 1344 139 1400 modi.
165 1343 259 1415 lpsum
277 1357 344 1399 vero
358 1342 432 1413 quod
456 1349 498 1396 est
521 1342 549 1395 id
564 1341 662 1414 ipsum,
686 1342 714 1397 id
729 1344 802 1414 quod
815 1349 858 1398 est

50 1433 169 1507 cogitari
194 1433 305 1490 omnino
325 1448 381 1488 noo
396 1438 495 1503 potest,
519 1430 571 1486 nisi
594 1439 724 1503 quantum
747 1432 782 1488 ad
806 1432 858 1487 hoc

49 1540 136 1581 sensu
150 1521 295 1578 illuminati
309 1524 409 1577 amoris
423 1520 521 1592 attingi
535 1529 635 1591 potest.

909 461 939 507 ut
953 453 1111 527 diligentius
1122 463 1269 527 quaeratur.

945 543 989 598 25.
1010 544 1067 599 Hoc
1080 559 1148 618 ergo
1162 543 1299 600 ineffabile
1315 548 1386 611 (cum
1408 544 1516 600 nonnisi
1532 545 1708 602 ineffabiliter

909 629 1045 702 videatur)
1066 633 1112 703 qui
1135 633 1191 687 vult
1212 633 1318 697 videre,
1341 648 1389 688 cor
1410 634 1534 699 mundet,
1550 634 1613 704 quia
1635 636 1707 690 nulla
1766 674 1772 687 .

909 720 1032 791 corporis
1046 720 1221 776 similitudine
1237 721 1390 791 dormienti,
1411 722 1484 777 nulla
1502 737 1633 794 corporea
1647 740 1709 795 spe-

910 808 951 864 cio
974 809 1107 880 vigilanti,
1132 810 1204 865 nulla
1230 811 1341 868 rationis
1364 811 1502 883 indagine,
1528 811 1579 867 nisi
1609 814 1709 868 mundo

910 899 992 952 corde
1008 897 1143 952 humiliter
1158 899 1268 964 amanti,
1285 899 1370 955 videri
1381 907 1480 971 potest,
1497 900 1539 956 vel
1559 902 1710 973 apprehen·

911 985 947 1040 di.
961 987 1024 1042 Haec
1037 994 1079 1042 est
1094 986 1167 1041 enim
1183 987 1265 1042 iacies
1280 987 1399 1056 Domini,
1426 1004 1604 1060 quemnemo
1619 998 1710 1062 potest

911 1073 1016 1143 videre,
1032 1083 1060 1129 et
1075 1075 1167 1131 rivere
1181 1077 1301 1131 mundo:
1319 1077 1376 1131 haec
1395 1087 1438 1133 est
1451 1079 1567 1149 species,
1583 1079 1626 1135 cui
1640 1094 1708 1135 con-

913 1163 1075 1234 templandae
1090 1164 1207 1235 suspirat
1226 1166 1315 1220 omnis
1330 1166 1376 1238 qni
1390 1166 1501 1222 allectat
1519 1167 1633 1241 diligere
1648 1169 1708 1223 Do·

911 1251 1016 1306 minum
1029 1252 1115 1307 Deum
1131 1269 1209 1308 suunt
1224 1252 1251 1308 in
1267 1256 1419 1310 totocorde
1434 1269 1493 1323 suo,
1511 1253 1538 1310 in
1550 1263 1605 1311 tota
1619 1257 1710 1311 anima

912 1355 972 1406 sua,
988 1339 1103 1394 inomni
1118 1349 1210 1398 mente
1225 1358 1285 1407 sua,
1302 1350 1330 1398 et
1344 1343 1371 1397 in
1386 1342 1513 1398 omnibus
1524 1343 1627 1399 viribus
1642 1345 1708 1400 suis.

913 1429 952 1483 nd
969 1427 1133 1500 quodetiam
1146 1445 1198 1485 non
1211 1429 1309 1485 desinit
1323 1431 1442 1486 excitare
1452 1432 1604 1501 proximum
1619 1448 1708 1500 suum,

912 1519 935 1572 si
961 1517 1049 1592 diligit
1071 1535 1133 1573 euru
1157 1519 1226 1574 sicut
1250 1535 1278 1574 se
1298 1521 1397 1592 ipsum.
1422 1521 1463 1573 nd
1478 1520 1551 1590 quod
1574 1537 1636 1575 cum
1659 1522 1709 1574 ati-

87 1614 134 1670 tl.
158 1610 321 1668 Credendus
344 1619 385 1665 est
408 1617 498 1665 nmen
521 1611 602 1677 ileos,
629 1618 657 1665 et
675 1610 701 1664 in
726 1618 857 1680 qnantum
874 1603 1020 1689 Bqnando
1039 1616 1199 1679 admittitur,
1225 1617 1253 1671 in
1267 1617 1326 1686 ipso
1340 1617 1441 1673 lumine
1455 1618 1577 1674 veritatis
1600 1619 1710 1674 indubi-

50 1701 175 1772 Spiritus
194 1708 303 1756 sanctus
329 1699 466 1769 adjuverit
488 1698 649 1770 cogitandos
664 1699 858 1770 quaedamvita

53 1800 161 1845 aeterna
176 1788 271 1844 vivens
294 1796 321 1843 et
335 1786 487 1855 vivificans,
512 1786 696 1856 immutabilis,
722 1787 860 1845 mutabilia

53 1877 149 1934 omnia
170 1876 377 1932 immutabiliter
401 1875 512 1942 iaciens,
527 1875 694 1951 intelligens,
719 1885 747 1933 et
761 1892 859 1934 creans

53 1981 167 2022 omnem
190 1965 355 2021 intellectum
379 1972 406 2019 et
424 1964 636 2034 intelligentem,
661 1966 794 2037 sapientia
816 1966 859 2019 la-

54 2055 134 2111 ciens
148 2068 259 2111 omnem
275 2051 448 2124 sapientem
464 2052 563 2107 veritas
579 2052 641 2119 lixa,
658 2061 733 2108 stans
747 2053 859 2109 indecli-

57 2141 167 2205 nabilis,
184 2155 217 2195 ex
232 2156 288 2212 qua
310 2157 375 2195 vera
397 2147 461 2195 sunt
475 2141 564 2196 omnia
580 2158 641 2213 quae
664 2158 728 2197 vera
743 2149 815 2210 sunt,
833 2142 860 2196 io

59 2234 194 2301 questrat
217 2226 383 2284 aeternaliter
406 2228 526 2285 rationes
540 2246 632 2285 rerum
655 2229 774 2286 omnium
798 2246 861 2287 eve-

60 2318 193 2374 nientium
218 2317 417 2389 temporaliter.
447 2318 550 2390 Cuique
573 2319 628 2374 vita
656 2320 715 2391 ipsa
743 2320 862 2376 essentia

58 2415 111 2477 cst,
125 2408 185 2478 ipsa
206 2410 322 2464 natura:
348 2412 376 2462 et
390 2407 444 2463 vita
469 2408 564 2464 vivens
579 2408 637 2480 ipsc
659 2408 710 2463 sibi
725 2419 776 2479 cst,
801 2424 862 2481 quae

58 2501 101 2550 εει
123 2487 347 2566 ἰρεειιίιίεὶιεε,
372 2495 521 2559 eternitas,
548 2495 716 2565 magnitudo,
744 2496 860 2563 bonitas,

60 2591 87 2638 et
100 2582 188 2640 rinos
200 2582 229 2638 in
243 2599 272 2639 se
289 2584 349 2654 ipsa
365 2585 486 2639 existens
500 2593 528 2639 et
547 2585 710 2651 subsistens,
727 2585 863 2641 excedens

64 2686 174 2726 omnem
196 2670 284 2726 locum
313 2671 412 2727 virtute
437 2682 541 2727 nature
569 2672 692 2739 illocalis,
712 2674 863 2729 eternitate

64 2773 225 2814 veroomne
251 2767 360 2830 tempus
374 2758 447 2830 quod
470 2758 514 2814 vel
530 2759 646 2828 ratione,
671 2760 713 2816 vel
736 2760 865 2832 opinione

913 1711 1002 1759 tanter
1016 1704 1090 1760 videt
1111 1705 1324 1776 provenientem
1345 1706 1480 1778 gratiam:
1502 1722 1564 1762 curn
1578 1706 1642 1762 inde
1667 1723 1711 1761 re-

913 1791 1030 1865 pellitur,
1048 1795 1074 1847 in
1099 1794 1159 1865 ipsa
1178 1793 1220 1848 aui
1235 1793 1356 1849 caecitate
1370 1793 1498 1864 intelligit
1522 1795 1630 1867 puritati
1654 1797 1713 1864 ejus

914 1899 970 1938 noo
989 1882 1137 1939 convenire
1153 1881 1350 1938 immunditiam
1364 1898 1451 1938 suam.
1468 1883 1533 1938 Etsi
1549 1892 1631 1956 amat,
1646 1883 1714 1940 llere

914 1970 992 2027 dulce
1008 1971 1100 2040 habet,
1116 1979 1145 2027 et
1157 1986 1212 2028 uon
1223 1971 1282 2027 sine
1297 1973 1380 2028 multo
1390 1971 1493 2043 gemitu
1503 1973 1609 2044 cogitur
1624 1973 1713 2028 redire

914 2059 941 2113 in
956 2059 1149 2116 conscientiam
1165 2076 1252 2116 suam.
1264 2062 1304 2114 Ad
1320 2060 1394 2131 qnod
1409 2059 1582 2130 cogitandum
1602 2060 1712 2115 omnino

915 2149 1035 2220 impares
1049 2165 1160 2204 sumus:
1178 2148 1227 2204 sed
1251 2148 1366 2221 ignoscit
1379 2164 1461 2221 quem
1486 2164 1619 2215 amamus,
1636 2148 1712 2205 etde

915 2250 969 2308 quo
984 2236 1066 2310 digne
1089 2252 1139 2293 nos
1153 2253 1207 2292 non
1222 2252 1313 2308 posse,
1337 2237 1380 2293 vel
1402 2237 1503 2304 dicere,
1529 2237 1572 2292 vel
1590 2237 1712 2311 cogitare

915 2325 1097 2382 confitemur:
1125 2333 1151 2380 et
1177 2332 1266 2380 tamen
1290 2332 1320 2380 ut
1347 2324 1469 2380 dicamus
1495 2336 1523 2380 ct
1550 2326 1711 2397 cogitemus,

916 2429 1009 2469 amore
1028 2416 1088 2483 ejus
1111 2413 1154 2470 vel
1167 2429 1260 2468 amore
1278 2413 1379 2467 amoris
1403 2416 1463 2482 eJus
1483 2428 1664 2484 provocamur
1686 2421 1714 2467 et

918 2501 1057 2555 trahimur.
1075 2501 1224 2573 Cogitantis
1239 2515 1306 2571 ergo
1325 2509 1376 2568 cst,
1392 2500 1419 2554 in
1433 2501 1559 2555 omnibus
1574 2500 1715 2557 humiliare

916 2589 1108 2660 semetipsum,
1118 2588 1269 2660 glorificare
1279 2589 1307 2643 in
1317 2587 1464 2660 semeptiso
1476 2589 1618 2644 Dominum
1629 2589 1714 2643 Deum

917 2693 996 2733 suum
1009 2695 1016 2732 :
1028 2677 1054 2731 in
1065 2678 1296 2748 contemplatione
1305 2677 1354 2733 Del
1367 2676 1498 2733 vilescere
1508 2676 1573 2751 sibi:
1586 2677 1614 2732 io
1624 2692 1717 2733 amore

919 2767 1058 2822 Creatoris
1073 2767 1224 2837 subjectum
1250 2782 1309 2821 esse
1329 2766 1403 2821 omni
1418 2765 1543 2821 humanae
1565 2775 1717 2821 creatura:

66 2847 262 2918 comprehendi
277 2854 384 2918 potest:
401 2863 462 2918 qnae
477 2847 557 2919 longe
573 2850 664 2903 verius
678 2858 719 2906 est
733 2858 761 2905 et
776 2851 865 2906 excel·
919 2857 1052 2911 exhibere
1076 2871 1175 2926 corpus
1189 2872 1269 2910 suum
1284 2843 1400 2910 nostiam
1413 2854 1562 2925 viventem,
1586 2862 1717 2928 sanctam,

66 2936 175 3002 lentius,
195 2951 277 3007 quam
298 2934 420 3007 quolibet
442 2937 578 2991 sentiendi
596 2953 698 3011 genere
722 2939 863 2994 sentiatur.
881 2915 903 2993 Β
919 2946 977 3000 [teo
996 2944 1161 3015 placentem,
1183 2943 1344 2999 rationabile
1365 2943 1527 3014 obsequium
1546 2958 1635 2998 suum.
1660 2943 1719 2998 l‘rae

69 3024 173 3080 Certius
201 3032 293 3080 tamen
316 3040 399 3080 seusu
419 3025 525 3080 liumilis
549 3031 577 3080 et
591 3026 732 3083 illuminati
754 3028 863 3097 amoris,

72 3128 150 3183 quam
163 3112 287 3184 quolibet
309 3114 427 3184 cogitatu
443 3112 556 3169 rationis
579 3115 729 3189 attingitur,
746 3126 773 3172 et
791 3133 864 3172 sem·

73 3217 118 3272 per
130 3199 227 3257 melius
240 3209 282 3258 est
306 3218 387 3272 quam
402 3202 551 3274 cogitatur;
573 3204 668 3258 melius
684 3214 774 3261 tamen
792 3207 865 3277 cogi·

76 3295 141 3344 tatur
156 3305 236 3360 quam
260 3289 366 3347 dicitur.
384 3291 444 3362 lpsa
464 3298 505 3344 est
524 3290 597 3346 enim
615 3309 720 3348 summa
735 3295 864 3364 essentia,

79 3395 108 3432 cr
119 3396 171 3451 qua
195 3394 276 3435 ornoe
305 3396 367 3455 esso
390 3380 589 3451 proficiscitur:
610 3382 668 3454 ipsa
691 3392 734 3438 est
761 3399 866 3440 summa

78 3466 288 3524 sumposion
304 3469 427 3540 subjecta
450 3470 667 3541 predicamentis
690 3487 797 3541 vocum,
818 3473 866 3528 sed

78 3571 160 3613 rerum
183 3560 302 3616 omnium
326 3559 478 3615 subsistens
505 3560 612 3615 causale
636 3561 810 3632 principium,
839 3565 866 3619 in

79 3660 126 3715 quo
146 3662 205 3702 esse
221 3654 417 3702 nostrumnon
445 3649 569 3720 moritur,
594 3648 747 3706 intellectus
775 3659 868 3708 noster

920 3034 1046 3090 omnibus
1072 3041 1232 3088 autemnon
1248 3032 1308 3104 plus
1325 3047 1423 3104 sapere
1447 3047 1528 3102 qoam
1542 3039 1651 3102 oportet
1673 3047 1718 3087 sa·

920 3139 997 3194 pere,
1009 3122 1058 3178 sed
1070 3138 1168 3192 sapere
1178 3122 1214 3176 ad
1224 3122 1400 3178 sobrietatem
1413 3140 1418 3178 :
1431 3126 1459 3175 ει
1470 3120 1619 3176 secundom
1629 3121 1720 3176 datam

920 3225 936 3264 a
955 3211 1014 3267 Deo
1037 3225 1194 3265 mensuram
1220 3209 1284 3265 srdei
1298 3213 1389 3279 (lima.
1410 3223 1461 3275 att,
1478 3213 1503 3276 l,
1520 3214 1559 3277 3),
1585 3210 1657 3265 bona
1670 3225 1719 3266 sua

921 3315 976 3355 non
991 3312 1094 3370 ponere
1110 3300 1137 3354 io
1151 3315 1199 3355 ore
1212 3298 1361 3364 bominum,
1372 3297 1422 3353 sed
1432 3297 1519 3352 celare
1534 3296 1562 3350 in
1576 3297 1644 3352 cella
1658 3313 1717 3363 sua,

921 3396 948 3441 ει
964 3389 1113 3444 recondere
1128 3388 1158 3443 io
1181 3386 1356 3453 conscientia,
1374 3393 1402 3439 ut
1426 3386 1497 3440 bunc
1512 3385 1587 3456 quasi
1602 3385 1717 3453 titulum,

921 3484 948 3532 ct
966 3478 992 3530 in
1015 3476 1104 3531 lronte
1117 3474 1301 3540 conscientia,
1326 3484 1353 3528 et
1368 3475 1394 3528 io
1407 3472 1496 3529 fronte
1510 3472 1584 3527 cene
1607 3488 1717 3543 semper

921 3564 1029 3619 babeat:
1042 3566 1185 3621 Socratem
1195 3563 1377 3628 mcvmmibi,
1385 3565 1524 3619 secretum
1532 3562 1715 3631 muanrnilti,

922 3654 987 3711 lsai.
1004 3668 1085 3721 xxiv,
1101 3658 1157 3725 to).

666 3932 825 4022 tittttttt
888 3931 1141 4033 TERTIUS.

388 4168 500 4226 CAPUT
524 4168 546 4227 Ι.

161 4262 290 4332 Sapema
299 4260 476 4318 beatitudine
490 4261 567 4317 alliis
579 4261 778 4333 praeltcbilins.

109 4351 134 4404 l.
158 4349 311 4405 Notandum
336 4356 379 4406 est
403 4352 470 4405 duas
493 4367 554 4406 esse
583 4351 777 4421 beatitudines,
801 4352 869 4406 duas

78 4437 213 4494 miserias:
230 4455 284 4493 una
298 4438 373 4494 enirn
392 4448 433 4494 est
457 4440 596 4495 beatitudo
613 4456 693 4511 quarn
713 4439 799 4494 Adam
819 4441 869 4493 ha-

77 4527 128 4583 buit
148 4530 176 4584 in
200 4529 325 4601 paradiso
349 4537 376 4585 et
400 4530 534 4601 perdidit;
558 4529 644 4585 altera
669 4538 710 4584 est
733 4529 761 4584 in
789 4528 870 4599 coelo,

74 4631 150 4685 quam
165 4617 267 4672 habent
280 4619 367 4675 sancti
380 4620 479 4691 angeli
488 4635 556 4691 quos
569 4613 700 4674 Dominus
714 4618 870 4690 assumpsit.

76 4703 131 4760 Una
144 4713 236 4761 autem
253 4707 361 4762 miseria
377 4714 419 4764 est
433 4708 462 4762 in
477 4717 559 4773 terra,
576 4725 657 4780 quam
672 4707 784 4779 singulis
798 4707 872 4763 boris

75 4794 203 4865 patimur;
219 4796 304 4852 altera
319 4797 346 4851 in
359 4797 500 4869 ergastulo
514 4798 694 4866 infernorum,
711 4814 793 4871 quarn
812 4814 872 4868 per.

72 4883 116 4937 diti
141 4892 343 4955 postmortem
375 4887 523 4957 patiuntur.
549 4885 596 4943 llla
618 4887 708 4960 itaque
733 4887 872 4945 beatitudo

71 4988 152 5044 quam
174 4973 268 5030 babuit
290 4975 376 5030 Adam
400 4976 428 5030 in
448 4976 584 5048 paradiso,
613 4976 661 5031 luit
690 4976 869 5048 temporalis:

71 5060 113 5116 illa
132 5077 202 5118 vero
221 5070 263 5118 est
276 5063 405 5132 coelestis,
421 5075 626 5138 propterquam
637 5064 722 5121 lactus
737 5073 779 5121 est
793 5072 872 5122 aeter·

71 5151 148 5218 ιιιιὶε.
174 5151 222 5206 llla
244 5153 339 5208 itidem
363 5155 472 5210 miseria
496 5155 540 5211 vel
569 5155 705 5211 tribulatio
735 5170 815 5227 quam
844 5156 872 5211 in

70 5241 203 5311 presenti
216 5243 343 5314 patimur,
362 5242 443 5299 linem
458 5245 557 5303 babet:
573 5244 619 5301 illa
632 5261 698 5301 vero
713 5259 774 5317 qna
792 5245 820 5298 in
834 5244 873 5299 in·

70 5332 150 5387 terno
169 5337 223 5398 εει,
238 5332 313 5387 omni
330 5331 385 5388 tine
399 5341 482 5401 caret,
499 5350 560 5406 quae
574 5335 655 5391 etiam
669 5349 742 5389 mors
754 5333 873 5389 secunda

69 5419 233 5505 appelletur.

885 4192 908 4270 υ
960 4178 987 4231 2.
1007 4173 1151 4230 Beatitudo
1173 4171 1255 4243 igitur
1273 4186 1333 4243 quae
1354 4168 1455 4226 sanctia
1477 4167 1650 4240 promittitur,
1668 4177 1723 4224 tam

926 4278 1025 4335 magna
1048 4270 1098 4328 est,
1122 4270 1230 4331 tamque
1253 4259 1394 4324 mirabilis,
1415 4266 1445 4313 ut
1469 4272 1529 4311 earn
1554 4271 1605 4312 nec
1628 4257 1723 4312 oculus

925 4349 1034 4414 viderit,
1052 4366 1103 4407 neo
1129 4350 1202 4405 auris
1217 4347 1342 4415 audierit,
1362 4362 1413 4402 nec
1436 4346 1463 4399 in
1478 4360 1526 4399 cor
1541 4343 1656 4399 bominis
1679 4360 1722 4398 as-

925 4439 1056 4509 cenderit.
1084 4441 1151 4494 Cum
1175 4438 1266 4508 itaque
1280 4451 1336 4505 pne
1354 4435 1395 4489 sui
1419 4431 1604 4503 magnitudine
1628 4430 1722 4486 videre

925 4543 1103 4599 nequeamus,
1119 4525 1323 4581 consideremus
1337 4522 1401 4594 quid
1419 4521 1447 4575 in
1462 4519 1589 4593 praesenti
1604 4520 1658 4575 vita
1672 4535 1723 4574 nos

926 4615 1084 4671 naturaliter
1098 4613 1226 4679 delectet,
1251 4611 1317 4684 quid
1340 4612 1440 4666 bonum
1455 4609 1498 4665 vel
1522 4611 1665 4665 honestum
1680 4608 1723 4664 vi-

926 4707 1032 4771 deatur,
1053 4705 1077 4759 si
1100 4701 1202 4774 aliquid
1218 4700 1287 4757 lorte
1306 4699 1391 4772 possit
1414 4697 1540 4768 inveniri,
1561 4698 1635 4755 node
1659 4697 1723 4753 illud

926 4792 1095 4862 admirabile,
1121 4791 1228 4849 oculum
1250 4805 1305 4847 non
1320 4791 1420 4850 vidisse
1436 4797 1464 4844 ει
1479 4805 1575 4846 aurem
1595 4797 1649 4844 non
1672 4803 1724 4841 au·

927 4883 1010 4949 disse,
1030 4882 1146 4938 lucidius
1169 4881 1248 4938 nobis
1262 4892 1403 4954 appareat,
1424 4889 1452 4935 et
1475 4895 1598 4950 saporem
1622 4874 1725 4946 gratio·

927 4989 983 5027 rem
998 4972 1107 5029 babeat.
1121 4971 1206 5027 Nimis
1221 4972 1323 5027 etenim
1333 4969 1427 5044 paucis
1441 4968 1532 5026 verbis
1548 4966 1727 5036 comprehen-

927 5077 985 5117 sum
1000 5067 1042 5117 est
1060 5069 1145 5117 totum
1160 5059 1225 5116 illud
1242 5060 1315 5132 quod
1325 5058 1419 5115 electis
1428 5055 1605 5128 promittitur,
1622 5051 1727 5123 etquis

920 5148 977 5208 'hoc
992 5151 1028 5205 ita
1043 5159 1085 5206 est
1095 5150 1242 5213 occultum,
1254 5148 1293 5202 ita
1302 5148 1434 5203 inclusum
1445 5152 1472 5200 et
1483 5144 1517 5198 ab
1527 5141 1640 5198 intirmis
1649 5158 1726 5198 men-

927 5243 1000 5304 tibus
1014 5241 1093 5298 valde
1120 5246 1286 5311 separatum,
1302 5250 1432 5293 conemur
1455 5233 1489 5287 de
1513 5240 1565 5286 tam
1580 5228 1727 5289 excellenti

927 5332 1015 5404 gratia
1037 5327 1138 5399 aliquid
1153 5326 1257 5399 dicere,
1280 5323 1390 5381 acillud
1404 5324 1431 5377 in
1452 5322 1547 5395 plures
1570 5332 1673 5394 partes,
1696 5330 1726 5380 ut

933 5419 1070 5492 limpidius
1083 5417 1196 5488 clareat,
1210 5413 1356 5472 dividendo
1369 5420 1499 5476 statuere,
1514 5411 1543 5468 Si
1558 5413 1630 5469 enim
1643 5405 1725 5499 grosf
