<?xml version="1.0" encoding="UTF-8"?>
<!DOCTYPE html PUBLIC "-//W3C//DTD XHTML 1.0 Transitional//EN"
    "http://www.w3.org/TR/xhtml1/DTD/xhtml1-transitional.dtd">
<html xmlns="http://www.w3.org/1999/xhtml" xml:lang="en" lang="en">
 <head>
  <title>
</title>
<meta http-equiv="Content-Type" content="text/html;charset=utf-8" />
  <meta name='ocr-system' content='tesseract 3.04.00' />
  <meta name='ocr-capabilities' content='ocr_page ocr_carea ocr_par ocr_line ocrx_word'/>
</head>
<body>
  <div class='ocr_page' id='page_1' title='image "./patrologiaecurs00unkngoog_0208.png"; bbox 0 0 3706 5962; ppageno 0'>
   <div class='ocr_carea' id='block_1_1' title="bbox 153 204 1799 274">
    <p class='ocr_par' dir='ltr' id='par_1_1' title="bbox 153 204 1799 274">
     <span class='ocr_line' id='line_1_1' title="bbox 153 204 1799 274; baseline -0.006 0"><span class='ocrx_word' id='word_1_1' title='bbox 153 214 207 274; x_wconf 82' lang='lat' dir='ltr'>tus</span> <span class='ocrx_word' id='word_1_2' title='bbox 683 209 863 274; x_wconf 80' lang='lat' dir='ltr'>GUILLBlel</span> <span class='ocrx_word' id='word_1_3' title='bbox 880 204 1017 268; x_wconf 79' lang='lat' dir='ltr'>taulus</span> <span class='ocrx_word' id='word_1_4' title='bbox 1034 207 1062 267; x_wconf 85' lang='lat' dir='ltr'>S.</span> <span class='ocrx_word' id='word_1_5' title='bbox 1081 210 1279 273; x_wconf 79' lang='lat' dir='ltr'>rfluoussutct</span> <span class='ocrx_word' id='word_1_6' title='bbox 1745 204 1799 265; x_wconf 77' lang='lat' dir='ltr'>tut</span> 
     </span>
    </p>
   </div>
   <div class='ocr_carea' id='block_1_2' title="bbox 152 328 1820 2892">
    <p class='ocr_par' dir='ltr' id='par_1_2' title="bbox 152 328 1820 2892">
     <span class='ocr_line' id='line_1_2' title="bbox 153 328 1803 426; baseline -0.008 -29"><span class='ocrx_word' id='word_1_7' title='bbox 153 337 367 408; x_wconf 81' lang='lat' dir='ltr'>communicans,</span> <span class='ocrx_word' id='word_1_8' title='bbox 388 353 464 395; x_wconf 88' lang='lat' dir='ltr'>reum</span> <span class='ocrx_word' id='word_1_9' title='bbox 489 337 605 395; x_wconf 83' lang='lat' dir='ltr'>absolvit</span> <span class='ocrx_word' id='word_1_10' title='bbox 624 354 676 411; x_wconf 87' lang='lat' dir='ltr'>per</span> <span class='ocrx_word' id='word_1_11' title='bbox 695 336 945 412; x_wconf 88' lang='lat' dir='ltr'>poenaminnocen·</span> <span class='ocrx_word' id='word_1_12' title='bbox 962 345 986 426; x_wconf 62' lang='lat' dir='ltr'>p</span> <span class='ocrx_word' id='word_1_13' title='bbox 1002 333 1094 390; x_wconf 92' lang='lat' dir='ltr'>omnia</span> <span class='ocrx_word' id='word_1_14' title='bbox 1116 352 1242 408; x_wconf 76' lang='lat' dir='ltr'>supernae</span> <span class='ocrx_word' id='word_1_15' title='bbox 1265 333 1406 407; x_wconf 82' lang='lat' dir='ltr'>sapientiae</span> <span class='ocrx_word' id='word_1_16' title='bbox 1435 334 1478 389; x_wconf 91' lang='lat' dir='ltr'>est</span> <span class='ocrx_word' id='word_1_17' title='bbox 1499 330 1649 386; x_wconf 82' lang='lat' dir='ltr'>contraria.</span> <span class='ocrx_word' id='word_1_18' title='bbox 1678 328 1744 386; x_wconf 81' lang='lat' dir='ltr'>llrec</span> <span class='ocrx_word' id='word_1_19' title='bbox 1759 339 1803 386; x_wconf 90' lang='lat' dir='ltr'>est</span> 
     </span>
     <span class='ocr_line' id='line_1_3' title="bbox 154 417 1801 502; baseline -0.008 -16"><span class='ocrx_word' id='word_1_20' title='bbox 154 428 200 486; x_wconf 82' lang='lat' dir='ltr'>tiae</span> <span class='ocrx_word' id='word_1_21' title='bbox 214 444 286 484; x_wconf 81' lang='lat' dir='ltr'>suae:</span> <span class='ocrx_word' id='word_1_22' title='bbox 303 426 447 498; x_wconf 88' lang='lat' dir='ltr'>positoque</span> <span class='ocrx_word' id='word_1_23' title='bbox 456 441 628 499; x_wconf 85' lang='lat' dir='ltr'>corporesuo</span> <span class='ocrx_word' id='word_1_24' title='bbox 643 438 671 484; x_wconf 89' lang='lat' dir='ltr'>et</span> <span class='ocrx_word' id='word_1_25' title='bbox 685 426 856 502; x_wconf 85' lang='lat' dir='ltr'>sanguinein</span> <span class='ocrx_word' id='word_1_26' title='bbox 865 436 948 479; x_wconf 90' lang='lat' dir='ltr'>mann</span> <span class='ocrx_word' id='word_1_27' title='bbox 1002 423 1074 479; x_wconf 90' lang='lat' dir='ltr'>enim</span> <span class='ocrx_word' id='word_1_28' title='bbox 1089 425 1203 494; x_wconf 89' lang='lat' dir='ltr'>malitia,</span> <span class='ocrx_word' id='word_1_29' title='bbox 1222 440 1301 498; x_wconf 89' lang='lat' dir='ltr'>quam</span> <span class='ocrx_word' id='word_1_30' title='bbox 1316 424 1373 480; x_wconf 86' lang='lat' dir='ltr'>odit</span> <span class='ocrx_word' id='word_1_31' title='bbox 1382 420 1530 496; x_wconf 78' lang='lat' dir='ltr'><strong>sapientia.</strong></span> <span class='ocrx_word' id='word_1_32' title='bbox 1546 418 1685 492; x_wconf 82' lang='lat' dir='ltr'><strong>Siquidem</strong></span> <span class='ocrx_word' id='word_1_33' title='bbox 1700 417 1740 474; x_wconf 91' lang='lat' dir='ltr'>ibi</span> <span class='ocrx_word' id='word_1_34' title='bbox 1753 434 1801 474; x_wconf 87' lang='lat' dir='ltr'>sa-</span> 
     </span>
     <span class='ocr_line' id='line_1_4' title="bbox 156 505 1802 587; baseline -0.005 -15"><span class='ocrx_word' id='word_1_35' title='bbox 156 516 231 587; x_wconf 76' lang='lat' dir='ltr'>cius,</span> <span class='ocrx_word' id='word_1_36' title='bbox 247 515 320 582; x_wconf 86' lang='lat' dir='ltr'>Hoc,</span> <span class='ocrx_word' id='word_1_37' title='bbox 331 513 433 586; x_wconf 85' lang='lat' dir='ltr'>inquit,</span> <span class='ocrx_word' id='word_1_38' title='bbox 447 514 594 584; x_wconf 89' lang='lat' dir='ltr'>manduca,</span> <span class='ocrx_word' id='word_1_39' title='bbox 610 526 638 571; x_wconf 89' lang='lat' dir='ltr'>et</span> <span class='ocrx_word' id='word_1_40' title='bbox 651 514 730 583; x_wconf 84' lang='lat' dir='ltr'>bibe,</span> <span class='ocrx_word' id='word_1_41' title='bbox 741 513 882 570; x_wconf 82' lang='lat' dir='ltr'>bincvive.</span> <span class='ocrx_word' id='word_1_42' title='bbox 900 513 946 566; x_wconf 87' lang='lat' dir='ltr'>Pa·</span> <span class='ocrx_word' id='word_1_43' title='bbox 1001 526 1052 583; x_wconf 92' lang='lat' dir='ltr'>por</span> <span class='ocrx_word' id='word_1_44' title='bbox 1066 513 1129 570; x_wconf 91' lang='lat' dir='ltr'>boni</span> <span class='ocrx_word' id='word_1_45' title='bbox 1143 522 1185 571; x_wconf 89' lang='lat' dir='ltr'>est</span> <span class='ocrx_word' id='word_1_46' title='bbox 1210 514 1238 571; x_wconf 90' lang='lat' dir='ltr'>in</span> <span class='ocrx_word' id='word_1_47' title='bbox 1267 513 1368 586; x_wconf 88' lang='lat' dir='ltr'>seipso,</span> <span class='ocrx_word' id='word_1_48' title='bbox 1393 511 1437 568; x_wconf 89' lang='lat' dir='ltr'>bic</span> <span class='ocrx_word' id='word_1_49' title='bbox 1461 523 1544 581; x_wconf 89' lang='lat' dir='ltr'>sapor</span> <span class='ocrx_word' id='word_1_50' title='bbox 1570 507 1634 563; x_wconf 92' lang='lat' dir='ltr'>mali</span> <span class='ocrx_word' id='word_1_51' title='bbox 1658 516 1699 563; x_wconf 89' lang='lat' dir='ltr'>est</span> <span class='ocrx_word' id='word_1_52' title='bbox 1715 505 1743 563; x_wconf 92' lang='lat' dir='ltr'>in</span> <span class='ocrx_word' id='word_1_53' title='bbox 1757 523 1802 564; x_wconf 90' lang='lat' dir='ltr'>se·</span> 
     </span>
     <span class='ocr_line' id='line_1_5' title="bbox 153 596 1800 675; baseline -0.004 -17"><span class='ocrx_word' id='word_1_54' title='bbox 153 603 317 674; x_wconf 91' lang='lat' dir='ltr'>triqueenm</span> <span class='ocrx_word' id='word_1_55' title='bbox 342 609 559 674; x_wconf 70' lang='lat' dir='ltr'>repraesentans:</span> <span class='ocrx_word' id='word_1_56' title='bbox 585 604 643 668; x_wconf 86' lang='lat' dir='ltr'>En,</span> <span class='ocrx_word' id='word_1_57' title='bbox 658 602 760 675; x_wconf 90' lang='lat' dir='ltr'>inquit,</span> <span class='ocrx_word' id='word_1_58' title='bbox 785 603 880 666; x_wconf 89' lang='lat' dir='ltr'>Pater,</span> <span class='ocrx_word' id='word_1_59' title='bbox 895 597 949 655; x_wconf 90' lang='lat' dir='ltr'>mei</span> <span class='ocrx_word' id='word_1_60' title='bbox 1002 599 1080 672; x_wconf 86' lang='lat' dir='ltr'>ipso:</span> <span class='ocrx_word' id='word_1_61' title='bbox 1101 602 1138 657; x_wconf 91' lang='lat' dir='ltr'>ibi</span> <span class='ocrx_word' id='word_1_62' title='bbox 1165 602 1199 657; x_wconf 91' lang='lat' dir='ltr'>ad</span> <span class='ocrx_word' id='word_1_63' title='bbox 1222 600 1425 674; x_wconf 86' lang='lat' dir='ltr'>exsequendum</span> <span class='ocrx_word' id='word_1_64' title='bbox 1446 604 1546 673; x_wconf 80' lang='lat' dir='ltr'>praesto</span> <span class='ocrx_word' id='word_1_65' title='bbox 1566 604 1609 654; x_wconf 90' lang='lat' dir='ltr'>est</span> <span class='ocrx_word' id='word_1_66' title='bbox 1635 596 1800 671; x_wconf 70' lang='lat' dir='ltr'>prudentia,</span> 
     </span>
     <span class='ocr_line' id='line_1_6' title="bbox 154 687 1576 764; baseline -0.004 -17"><span class='ocrx_word' id='word_1_67' title='bbox 154 689 438 764; x_wconf 83' lang='lat' dir='ltr'>sunguinispretinm.</span> <span class='ocrx_word' id='word_1_68' title='bbox 454 690 482 745; x_wconf 90' lang='lat' dir='ltr'>Si</span> <span class='ocrx_word' id='word_1_69' title='bbox 496 693 531 748; x_wconf 88' lang='lat' dir='ltr'>de</span> <span class='ocrx_word' id='word_1_70' title='bbox 546 699 658 763; x_wconf 89' lang='lat' dir='ltr'>peccato</span> <span class='ocrx_word' id='word_1_71' title='bbox 673 692 754 763; x_wconf 87' lang='lat' dir='ltr'>hujus</span> <span class='ocrx_word' id='word_1_72' title='bbox 768 691 898 763; x_wconf 80' lang='lat' dir='ltr'>requiris,</span> <span class='ocrx_word' id='word_1_73' title='bbox 915 702 951 743; x_wconf 89' lang='lat' dir='ltr'>en</span> <span class='ocrx_word' id='word_1_74' title='bbox 1003 691 1056 756; x_wconf 87' lang='lat' dir='ltr'>hic,</span> <span class='ocrx_word' id='word_1_75' title='bbox 1072 698 1101 747; x_wconf 93' lang='lat' dir='ltr'>ut</span> <span class='ocrx_word' id='word_1_76' title='bbox 1120 692 1221 748; x_wconf 91' lang='lat' dir='ltr'>dictum</span> <span class='ocrx_word' id='word_1_77' title='bbox 1237 698 1289 760; x_wconf 89' lang='lat' dir='ltr'>est,</span> <span class='ocrx_word' id='word_1_78' title='bbox 1306 705 1360 748; x_wconf 91' lang='lat' dir='ltr'>non</span> <span class='ocrx_word' id='word_1_79' title='bbox 1376 690 1454 748; x_wconf 80' lang='lat' dir='ltr'><strong>deest</strong></span> <span class='ocrx_word' id='word_1_80' title='bbox 1467 687 1576 744; x_wconf 87' lang='lat' dir='ltr'>astutia.</span> 
     </span>
     <span class='ocr_line' id='line_1_7' title="bbox 156 770 1819 855; baseline -0.004 -17"><span class='ocrx_word' id='word_1_81' title='bbox 156 796 207 855; x_wconf 90' lang='lat' dir='ltr'>pro</span> <span class='ocrx_word' id='word_1_82' title='bbox 222 794 255 836; x_wconf 90' lang='lat' dir='ltr'>eo</span> <span class='ocrx_word' id='word_1_83' title='bbox 270 795 347 837; x_wconf 87' lang='lat' dir='ltr'>meos</span> <span class='ocrx_word' id='word_1_84' title='bbox 361 781 481 853; x_wconf 89' lang='lat' dir='ltr'>sanguis.</span> <span class='ocrx_word' id='word_1_85' title='bbox 492 782 608 838; x_wconf 84' lang='lat' dir='ltr'>Domine</span> <span class='ocrx_word' id='word_1_86' title='bbox 617 782 706 854; x_wconf 81' lang='lat' dir='ltr'>Peter,</span> <span class='ocrx_word' id='word_1_87' title='bbox 717 779 814 837; x_wconf 88' lang='lat' dir='ltr'>dedisti</span> <span class='ocrx_word' id='word_1_88' title='bbox 823 776 950 849; x_wconf 87' lang='lat' dir='ltr'>benigni·</span> <span class='ocrx_word' id='word_1_89' title='bbox 1038 782 1083 836; x_wconf 80' lang='lat' dir='ltr'>tu.</span> <span class='ocrx_word' id='word_1_90' title='bbox 1100 781 1153 836; x_wconf 90' lang='lat' dir='ltr'>Sed</span> <span class='ocrx_word' id='word_1_91' title='bbox 1170 780 1241 838; x_wconf 89' lang='lat' dir='ltr'>inter</span> <span class='ocrx_word' id='word_1_92' title='bbox 1254 784 1303 836; x_wconf 86' lang='lat' dir='ltr'>bas</span> <span class='ocrx_word' id='word_1_93' title='bbox 1317 781 1384 835; x_wconf 88' lang='lat' dir='ltr'>duas</span> <span class='ocrx_word' id='word_1_94' title='bbox 1398 777 1522 851; x_wconf 84' lang='lat' dir='ltr'>quaedam</span> <span class='ocrx_word' id='word_1_95' title='bbox 1536 774 1626 832; x_wconf 88' lang='lat' dir='ltr'>media</span> <span class='ocrx_word' id='word_1_96' title='bbox 1640 783 1682 832; x_wconf 88' lang='lat' dir='ltr'>est</span> <span class='ocrx_word' id='word_1_97' title='bbox 1695 770 1819 849; x_wconf 68' lang='lat' dir='ltr'>sapionl&#39;</span> 
     </span>
     <span class='ocr_line' id='line_1_8' title="bbox 156 862 1806 943; baseline -0.004 -17"><span class='ocrx_word' id='word_1_98' title='bbox 156 876 256 934; x_wconf 87' lang='lat' dir='ltr'>tatem,</span> <span class='ocrx_word' id='word_1_99' title='bbox 277 877 304 924; x_wconf 93' lang='lat' dir='ltr'>et</span> <span class='ocrx_word' id='word_1_100' title='bbox 319 875 392 924; x_wconf 90' lang='lat' dir='ltr'>terra</span> <span class='ocrx_word' id='word_1_101' title='bbox 406 869 528 940; x_wconf 87' lang='lat' dir='ltr'>eorporis</span> <span class='ocrx_word' id='word_1_102' title='bbox 551 870 605 926; x_wconf 91' lang='lat' dir='ltr'>mei</span> <span class='ocrx_word' id='word_1_103' title='bbox 618 870 693 926; x_wconf 86' lang='lat' dir='ltr'>dedit</span> <span class='ocrx_word' id='word_1_104' title='bbox 708 870 824 942; x_wconf 85' lang='lat' dir='ltr'>irpctum</span> <span class='ocrx_word' id='word_1_105' title='bbox 847 881 925 923; x_wconf 88' lang='lat' dir='ltr'>suum</span> <span class='ocrx_word' id='word_1_106' title='bbox 943 884 949 922; x_wconf 75' lang='grc' dir='ltr'><em>ι</em></span> <span class='ocrx_word' id='word_1_107' title='bbox 1005 868 1051 937; x_wconf 88' lang='lat' dir='ltr'>tia,</span> <span class='ocrx_word' id='word_1_108' title='bbox 1068 870 1144 943; x_wconf 90' lang='lat' dir='ltr'>quasi</span> <span class='ocrx_word' id='word_1_109' title='bbox 1158 870 1231 926; x_wconf 90' lang='lat' dir='ltr'>inter</span> <span class='ocrx_word' id='word_1_110' title='bbox 1246 869 1354 941; x_wconf 88' lang='lat' dir='ltr'>nigrum</span> <span class='ocrx_word' id='word_1_111' title='bbox 1370 877 1398 925; x_wconf 91' lang='lat' dir='ltr'>et</span> <span class='ocrx_word' id='word_1_112' title='bbox 1418 867 1510 923; x_wconf 89' lang='lat' dir='ltr'>album</span> <span class='ocrx_word' id='word_1_113' title='bbox 1524 866 1615 922; x_wconf 89' lang='lat' dir='ltr'>medio</span> <span class='ocrx_word' id='word_1_114' title='bbox 1629 862 1806 922; x_wconf 88' lang='lat' dir='ltr'>colorecolo·</span> 
     </span>
     <span class='ocr_line' id='line_1_9' title="bbox 152 952 1817 1033; baseline -0.001 -21"><span class='ocrx_word' id='word_1_115' title='bbox 152 959 210 1029; x_wconf 86' lang='lat' dir='ltr'>jam</span> <span class='ocrx_word' id='word_1_116' title='bbox 223 956 326 1028; x_wconf 83' lang='lat' dir='ltr'>justitia</span> <span class='ocrx_word' id='word_1_117' title='bbox 340 965 404 1013; x_wconf 86' lang='lat' dir='ltr'>ante</span> <span class='ocrx_word' id='word_1_118' title='bbox 419 968 445 1012; x_wconf 88' lang='lat' dir='ltr'>te</span> <span class='ocrx_word' id='word_1_119' title='bbox 458 957 618 1025; x_wconf 81' lang='lat' dir='ltr'>ambulabit,</span> <span class='ocrx_word' id='word_1_120' title='bbox 628 965 657 1015; x_wconf 91' lang='lat' dir='ltr'>et</span> <span class='ocrx_word' id='word_1_121' title='bbox 668 966 792 1030; x_wconf 89' lang='lat' dir='ltr'>tupones</span> <span class='ocrx_word' id='word_1_122' title='bbox 805 957 834 1011; x_wconf 93' lang='lat' dir='ltr'>in</span> <span class='ocrx_word' id='word_1_123' title='bbox 847 955 890 1012; x_wconf 89' lang='lat' dir='ltr'>via</span> <span class='ocrx_word' id='word_1_124' title='bbox 902 952 952 1009; x_wconf 84' lang='lat' dir='ltr'>sal·</span> <span class='ocrx_word' id='word_1_125' title='bbox 1005 968 1107 1028; x_wconf 86' lang='lat' dir='ltr'>ratum,</span> <span class='ocrx_word' id='word_1_126' title='bbox 1124 977 1183 1033; x_wconf 80' lang='lat' dir='ltr'>quae</span> <span class='ocrx_word' id='word_1_127' title='bbox 1198 961 1254 1016; x_wconf 88' lang='lat' dir='ltr'>sive</span> <span class='ocrx_word' id='word_1_128' title='bbox 1269 959 1397 1024; x_wconf 82' lang='lat' dir='ltr'>interius,</span> <span class='ocrx_word' id='word_1_129' title='bbox 1413 957 1468 1014; x_wconf 89' lang='lat' dir='ltr'>sive</span> <span class='ocrx_word' id='word_1_130' title='bbox 1487 957 1625 1029; x_wconf 88' lang='lat' dir='ltr'>superius,</span> <span class='ocrx_word' id='word_1_131' title='bbox 1646 956 1686 1012; x_wconf 88' lang='lat' dir='ltr'>sic</span> <span class='ocrx_word' id='word_1_132' title='bbox 1700 970 1730 1010; x_wconf 88' lang='lat' dir='ltr'>se</span> <span class='ocrx_word' id='word_1_133' title='bbox 1744 955 1817 1010; x_wconf 80' lang='lat' dir='ltr'>¹ha-&#39;</span> 
     </span>
     <span class='ocr_line' id='line_1_10' title="bbox 155 1039 1802 1121; baseline -0.008 -9"><span class='ocrx_word' id='word_1_134' title='bbox 155 1045 272 1102; x_wconf 66' lang='lat' dir='ltr'>talionis</span> <span class='ocrx_word' id='word_1_135' title='bbox 287 1044 411 1100; x_wconf 68' lang='lat' dir='ltr'>humassae</span> <span class='ocrx_word' id='word_1_136' title='bbox 425 1045 512 1116; x_wconf 68' lang='lat' dir='ltr'>pedes</span> <span class='ocrx_word' id='word_1_137' title='bbox 527 1048 816 1117; x_wconf 59' lang='lat' dir='ltr'>1⁰0⁵(Ptdd1a1ffll,</span> <span class='ocrx_word' id='word_1_138' title='bbox 832 1047 881 1112; x_wconf 76' lang='lat'>1³,</span> <span class='ocrx_word' id='word_1_139' title='bbox 895 1042 951 1112; x_wconf 64' lang='grc' dir='ltr'>Η)·</span> <span class='ocrx_word' id='word_1_140' title='bbox 1005 1050 1052 1105; x_wconf 87' lang='lat' dir='ltr'>bet</span> <span class='ocrx_word' id='word_1_141' title='bbox 1062 1049 1097 1105; x_wconf 86' lang='lat' dir='ltr'>nd</span> <span class='ocrx_word' id='word_1_142' title='bbox 1110 1059 1253 1120; x_wconf 83' lang='lat' dir='ltr'>utrumque</span> <span class='ocrx_word' id='word_1_143' title='bbox 1266 1055 1383 1120; x_wconf 86' lang='lat' dir='ltr'>partem,</span> <span class='ocrx_word' id='word_1_144' title='bbox 1396 1053 1426 1102; x_wconf 93' lang='lat' dir='ltr'>ut</span> <span class='ocrx_word' id='word_1_145' title='bbox 1436 1045 1580 1121; x_wconf 80' lang='lat' dir='ltr'>proveniet</span> <span class='ocrx_word' id='word_1_146' title='bbox 1594 1044 1620 1102; x_wconf 93' lang='lat' dir='ltr'>ei</span> <span class='ocrx_word' id='word_1_147' title='bbox 1634 1043 1695 1100; x_wconf 83' lang='lat' dir='ltr'>finis</span> <span class='ocrx_word' id='word_1_148' title='bbox 1704 1039 1802 1100; x_wconf 77' lang='lat' dir='ltr'>secun</span> 
     </span>
     <span class='ocr_line' id='line_1_11' title="bbox 155 1130 1803 1206; baseline -0.001 -19"><span class='ocrx_word' id='word_1_149' title='bbox 155 1134 191 1191; x_wconf 81' lang='lat' dir='ltr'>Et</span> <span class='ocrx_word' id='word_1_150' title='bbox 203 1138 234 1189; x_wconf 93' lang='lat' dir='ltr'>ut</span> <span class='ocrx_word' id='word_1_151' title='bbox 245 1135 318 1204; x_wconf 88' lang='lat' dir='ltr'>justo</span> <span class='ocrx_word' id='word_1_152' title='bbox 330 1134 386 1204; x_wconf 85' lang='lat' dir='ltr'>jum</span> <span class='ocrx_word' id='word_1_153' title='bbox 400 1132 520 1189; x_wconf 86' lang='lat' dir='ltr'>salvetur</span> <span class='ocrx_word' id='word_1_154' title='bbox 533 1135 578 1206; x_wconf 90' lang='lat' dir='ltr'>qui</span> <span class='ocrx_word' id='word_1_155' title='bbox 589 1136 662 1206; x_wconf 87' lang='lat' dir='ltr'>juste</span> <span class='ocrx_word' id='word_1_156' title='bbox 676 1133 809 1206; x_wconf 90' lang='lat' dir='ltr'>perierat,</span> <span class='ocrx_word' id='word_1_157' title='bbox 827 1138 870 1195; x_wconf 90' lang='lat' dir='ltr'>tu,</span> <span class='ocrx_word' id='word_1_158' title='bbox 896 1130 952 1186; x_wconf 89' lang='lat' dir='ltr'>Do·</span> <span class='ocrx_word' id='word_1_159' title='bbox 1006 1137 1069 1193; x_wconf 92' lang='lat' dir='ltr'>dum</span> <span class='ocrx_word' id='word_1_160' title='bbox 1083 1138 1260 1194; x_wconf 89' lang='lat' dir='ltr'>intentionem</span> <span class='ocrx_word' id='word_1_161' title='bbox 1274 1145 1301 1192; x_wconf 91' lang='lat' dir='ltr'>et</span> <span class='ocrx_word' id='word_1_162' title='bbox 1315 1135 1431 1192; x_wconf 90' lang='lat' dir='ltr'>studium</span> <span class='ocrx_word' id='word_1_163' title='bbox 1445 1133 1561 1189; x_wconf 89' lang='lat' dir='ltr'>utentis.</span> <span class='ocrx_word' id='word_1_164' title='bbox 1600 1131 1736 1204; x_wconf 81' lang='lat' dir='ltr'>Sapientia</span> <span class='ocrx_word' id='word_1_165' title='bbox 1750 1131 1803 1186; x_wconf 82' lang='lat' dir='ltr'>isto</span> 
     </span>
     <span class='ocr_line' id='line_1_12' title="bbox 156 1216 1816 1298; baseline -0.004 -21"><span class='ocrx_word' id='word_1_166' title='bbox 156 1223 244 1288; x_wconf 89' lang='lat' dir='ltr'>mine,</span> <span class='ocrx_word' id='word_1_167' title='bbox 269 1221 356 1279; x_wconf 87' lang='lat' dir='ltr'>iecisti</span> <span class='ocrx_word' id='word_1_168' title='bbox 384 1220 562 1289; x_wconf 81' lang='lat' dir='ltr'>directiones,</span> <span class='ocrx_word' id='word_1_169' title='bbox 588 1222 721 1295; x_wconf 85' lang='lat' dir='ltr'>judicium</span> <span class='ocrx_word' id='word_1_170' title='bbox 737 1228 764 1276; x_wconf 90' lang='lat' dir='ltr'>et</span> <span class='ocrx_word' id='word_1_171' title='bbox 777 1217 906 1291; x_wconf 83' lang='lat' dir='ltr'>justitiam</span> <span class='ocrx_word' id='word_1_172' title='bbox 924 1216 951 1273; x_wconf 91' lang='lat' dir='ltr'>io</span> <span class='ocrx_word' id='word_1_173' title='bbox 1005 1233 1061 1294; x_wconf 71' lang='lat' dir='ltr'>est,</span> <span class='ocrx_word' id='word_1_174' title='bbox 1078 1241 1159 1298; x_wconf 66' lang='lat' dir='ltr'>quam</span> <span class='ocrx_word' id='word_1_175' title='bbox 1178 1224 1243 1282; x_wconf 70' lang='lat' dir='ltr'>dicit</span> <span class='ocrx_word' id='word_1_176' title='bbox 1268 1224 1415 1296; x_wconf 75' lang='lat' dir='ltr'>Apostolus</span> <span class='ocrx_word' id='word_1_177' title='bbox 1430 1222 1515 1296; x_wconf 59' lang='lat' dir='ltr'>liujus</span> <span class='ocrx_word' id='word_1_178' title='bbox 1537 1222 1655 1290; x_wconf 76' lang='lat' dir='ltr'>muudi,</span> <span class='ocrx_word' id='word_1_179' title='bbox 1671 1227 1699 1276; x_wconf 84' lang='lat' dir='ltr'>et</span> <span class='ocrx_word' id='word_1_180' title='bbox 1721 1229 1816 1292; x_wconf 76' lang='lat' dir='ltr'>quani</span> 
     </span>
     <span class='ocr_line' id='line_1_13' title="bbox 155 1306 1816 1385; baseline -0.003 -19"><span class='ocrx_word' id='word_1_181' title='bbox 155 1310 243 1369; x_wconf 86' lang='lat' dir='ltr'>J&#39;acob</span> <span class='ocrx_word' id='word_1_182' title='bbox 253 1319 281 1368; x_wconf 92' lang='lat' dir='ltr'>tu</span> <span class='ocrx_word' id='word_1_183' title='bbox 296 1310 382 1368; x_wconf 87' lang='lat' dir='ltr'>iecisti</span> <span class='ocrx_word' id='word_1_184' title='bbox 395 1312 483 1382; x_wconf 80' lang='lat' dir='ltr'>(Prot.</span> <span class='ocrx_word' id='word_1_185' title='bbox 499 1326 598 1381; x_wconf 83' lang='lat' dir='ltr'>xcvru,</span> <span class='ocrx_word' id='word_1_186' title='bbox 615 1313 654 1383; x_wconf 83' lang='lat' dir='ltr'>l).</span> <span class='ocrx_word' id='word_1_187' title='bbox 1005 1313 1123 1370; x_wconf 90' lang='lat' dir='ltr'>mediam</span> <span class='ocrx_word' id='word_1_188' title='bbox 1138 1313 1235 1370; x_wconf 91' lang='lat' dir='ltr'>locavit</span> <span class='ocrx_word' id='word_1_189' title='bbox 1250 1312 1322 1369; x_wconf 90' lang='lat' dir='ltr'>inter</span> <span class='ocrx_word' id='word_1_190' title='bbox 1330 1311 1504 1385; x_wconf 80' lang='lat' dir='ltr'>cupientium</span> <span class='ocrx_word' id='word_1_191' title='bbox 1518 1310 1579 1383; x_wconf 84' lang='lat' dir='ltr'>Dei,</span> <span class='ocrx_word' id='word_1_192' title='bbox 1591 1314 1619 1368; x_wconf 89' lang='lat' dir='ltr'>et</span> <span class='ocrx_word' id='word_1_193' title='bbox 1628 1306 1816 1382; x_wconf 80' lang='lat' dir='ltr'>sapientiam</span> 
     </span>
     <span class='ocr_line' id='line_1_14' title="bbox 477 1395 1805 1478; baseline -0.005 -22"><span class='ocrx_word' id='word_1_194' title='bbox 477 1399 594 1456; x_wconf 87' lang='lat' dir='ltr'>CAPUT</span> <span class='ocrx_word' id='word_1_195' title='bbox 606 1399 680 1457; x_wconf 87' lang='lat' dir='ltr'>Xlll.</span> <span class='ocrx_word' id='word_1_196' title='bbox 1002 1401 1170 1478; x_wconf 80' lang='lat' dir='ltr'>principum</span> <span class='ocrx_word' id='word_1_197' title='bbox 1185 1404 1270 1476; x_wconf 69' lang='lat' dir='ltr'>liuius</span> <span class='ocrx_word' id='word_1_198' title='bbox 1288 1402 1391 1458; x_wconf 83' lang='lat' dir='ltr'>rnuudi</span> <span class='ocrx_word' id='word_1_199' title='bbox 1400 1400 1425 1473; x_wconf 93' lang='lat' dir='ltr'>(l</span> <span class='ocrx_word' id='word_1_200' title='bbox 1435 1402 1496 1457; x_wconf 83' lang='lat' dir='ltr'>dor.</span> <span class='ocrx_word' id='word_1_201' title='bbox 1510 1416 1541 1465; x_wconf 92' lang='lat' dir='ltr'>u,</span> <span class='ocrx_word' id='word_1_202' title='bbox 1552 1403 1579 1468; x_wconf 83' lang='grc'>6,</span> <span class='ocrx_word' id='word_1_203' title='bbox 1589 1399 1630 1471; x_wconf 81' lang='lat'>7).</span> <span class='ocrx_word' id='word_1_204' title='bbox 1653 1397 1718 1454; x_wconf 84' lang='lat' dir='ltr'>llaee</span> <span class='ocrx_word' id='word_1_205' title='bbox 1731 1395 1805 1452; x_wconf 85' lang='lat' dir='ltr'>circa</span> 
     </span>
     <span class='ocr_line' id='line_1_15' title="bbox 192 1484 1820 1565; baseline -0.003 -23"><span class='ocrx_word' id='word_1_206' title='bbox 192 1488 232 1544; x_wconf 87' lang='lat' dir='ltr'>De</span> <span class='ocrx_word' id='word_1_207' title='bbox 245 1502 311 1544; x_wconf 86' lang='lat' dir='ltr'>vera</span> <span class='ocrx_word' id='word_1_208' title='bbox 321 1489 464 1560; x_wconf 80' lang='lat' dir='ltr'>supientia</span> <span class='ocrx_word' id='word_1_209' title='bbox 478 1496 640 1546; x_wconf 83' lang='lat' dir='ltr'>amoturum</span> <span class='ocrx_word' id='word_1_210' title='bbox 649 1504 699 1546; x_wconf 87' lang='lat' dir='ltr'>seu</span> <span class='ocrx_word' id='word_1_211' title='bbox 714 1487 840 1559; x_wconf 71' lang='lat' dir='ltr'>filiorum</span> <span class='ocrx_word' id='word_1_212' title='bbox 851 1487 915 1543; x_wconf 86' lang='lat' dir='ltr'>Dei.</span> <span class='ocrx_word' id='word_1_213' title='bbox 1006 1491 1071 1547; x_wconf 91' lang='lat' dir='ltr'>utile</span> <span class='ocrx_word' id='word_1_214' title='bbox 1087 1499 1114 1547; x_wconf 86' lang='lat' dir='ltr'>ct</span> <span class='ocrx_word' id='word_1_215' title='bbox 1129 1492 1272 1548; x_wconf 86' lang='lat' dir='ltr'>honestum</span> <span class='ocrx_word' id='word_1_216' title='bbox 1291 1499 1347 1547; x_wconf 86' lang='lat' dir='ltr'>tota</span> <span class='ocrx_word' id='word_1_217' title='bbox 1359 1495 1493 1556; x_wconf 78' lang='lat' dir='ltr'>versatur,</span> <span class='ocrx_word' id='word_1_218' title='bbox 1506 1496 1533 1544; x_wconf 89' lang='lat' dir='ltr'>et</span> <span class='ocrx_word' id='word_1_219' title='bbox 1547 1487 1671 1545; x_wconf 79' lang='lat' dir='ltr'>affectata</span> <span class='ocrx_word' id='word_1_220' title='bbox 1687 1484 1820 1565; x_wconf 66' lang='lat' dir='ltr'>quedam¹</span> 
     </span>
     <span class='ocr_line' id='line_1_16' title="bbox 193 1571 1817 1653; baseline -0.004 -23"><span class='ocrx_word' id='word_1_221' title='bbox 193 1577 242 1631; x_wconf 80' lang='grc'>38.</span> <span class='ocrx_word' id='word_1_222' title='bbox 266 1577 306 1632; x_wconf 90' lang='lat' dir='ltr'>De</span> <span class='ocrx_word' id='word_1_223' title='bbox 331 1575 421 1633; x_wconf 80' lang='lat' dir='ltr'>fructu</span> <span class='ocrx_word' id='word_1_224' title='bbox 435 1592 500 1649; x_wconf 88' lang='lat' dir='ltr'>ergo</span> <span class='ocrx_word' id='word_1_225' title='bbox 515 1577 597 1648; x_wconf 89' lang='lat' dir='ltr'>hujus</span> <span class='ocrx_word' id='word_1_226' title='bbox 611 1576 703 1648; x_wconf 88' lang='lat' dir='ltr'>operis</span> <span class='ocrx_word' id='word_1_227' title='bbox 717 1575 830 1632; x_wconf 89' lang='lat' dir='ltr'>satiatus</span> <span class='ocrx_word' id='word_1_228' title='bbox 854 1576 951 1642; x_wconf 91' lang='lat' dir='ltr'>homo,</span> <span class='ocrx_word' id='word_1_229' title='bbox 1007 1578 1151 1653; x_wconf 90' lang='lat' dir='ltr'>prudentia</span> <span class='ocrx_word' id='word_1_230' title='bbox 1165 1577 1351 1651; x_wconf 81' lang='lat' dir='ltr'>dispensatur.</span> <span class='ocrx_word' id='word_1_231' title='bbox 1379 1576 1443 1632; x_wconf 84' lang='lat' dir='ltr'>Hac</span> <span class='ocrx_word' id='word_1_232' title='bbox 1456 1591 1528 1648; x_wconf 89' lang='lat' dir='ltr'>pene</span> <span class='ocrx_word' id='word_1_233' title='bbox 1543 1582 1598 1630; x_wconf 90' lang='lat' dir='ltr'>tota</span> <span class='ocrx_word' id='word_1_234' title='bbox 1617 1572 1697 1630; x_wconf 89' lang='lat' dir='ltr'>estin</span> <span class='ocrx_word' id='word_1_235' title='bbox 1712 1571 1817 1648; x_wconf 25' lang='lat' dir='ltr'>scien-¹</span> 
     </span>
     <span class='ocr_line' id='line_1_17' title="bbox 156 1650 1805 1736; baseline -0.01 -16"><span class='ocrx_word' id='word_1_236' title='bbox 156 1662 294 1721; x_wconf 90' lang='lat' dir='ltr'>mediante</span> <span class='ocrx_word' id='word_1_237' title='bbox 308 1663 442 1736; x_wconf 85' lang='lat' dir='ltr'>sapientie</span> <span class='ocrx_word' id='word_1_238' title='bbox 453 1664 501 1721; x_wconf 87' lang='lat' dir='ltr'>Dei</span> <span class='ocrx_word' id='word_1_239' title='bbox 510 1707 518 1732; x_wconf 95' lang='lat'>,</span> <span class='ocrx_word' id='word_1_240' title='bbox 528 1680 583 1721; x_wconf 91' lang='lat' dir='ltr'>non</span> <span class='ocrx_word' id='word_1_241' title='bbox 594 1665 682 1721; x_wconf 87' lang='lat' dir='ltr'>solum</span> <span class='ocrx_word' id='word_1_242' title='bbox 696 1662 893 1736; x_wconf 85' lang='lat' dir='ltr'>reconciliatur,</span> <span class='ocrx_word' id='word_1_243' title='bbox 904 1662 951 1718; x_wconf 90' lang='lat' dir='ltr'>sed</span> <span class='ocrx_word' id='word_1_244' title='bbox 970 1650 993 1728; x_wconf 82' lang='grc' dir='ltr'><strong>Β</strong></span> <span class='ocrx_word' id='word_1_245' title='bbox 1008 1670 1055 1735; x_wconf 79' lang='lat' dir='ltr'>ua,</span> <span class='ocrx_word' id='word_1_246' title='bbox 1071 1667 1197 1724; x_wconf 85' lang='lat' dir='ltr'>videlicet</span> <span class='ocrx_word' id='word_1_247' title='bbox 1208 1671 1239 1723; x_wconf 90' lang='lat' dir='ltr'>ut</span> <span class='ocrx_word' id='word_1_248' title='bbox 1252 1666 1321 1723; x_wconf 89' lang='lat' dir='ltr'>sciat</span> <span class='ocrx_word' id='word_1_249' title='bbox 1335 1665 1490 1723; x_wconf 88' lang='lat' dir='ltr'>discernere</span> <span class='ocrx_word' id='word_1_250' title='bbox 1505 1662 1667 1736; x_wconf 88' lang='lat' dir='ltr'>prudenter,</span> <span class='ocrx_word' id='word_1_251' title='bbox 1684 1670 1712 1718; x_wconf 88' lang='lat' dir='ltr'>et</span> <span class='ocrx_word' id='word_1_252' title='bbox 1732 1658 1805 1731; x_wconf 77' lang='lat' dir='ltr'>diju.</span> 
     </span>
     <span class='ocr_line' id='line_1_18' title="bbox 157 1746 1820 1824; baseline -0.003 -16"><span class='ocrx_word' id='word_1_253' title='bbox 157 1752 238 1809; x_wconf 87' lang='lat' dir='ltr'>etiam</span> <span class='ocrx_word' id='word_1_254' title='bbox 254 1752 363 1824; x_wconf 87' lang='lat' dir='ltr'>sapiens</span> <span class='ocrx_word' id='word_1_255' title='bbox 377 1751 507 1810; x_wconf 83' lang='lat' dir='ltr'>efficitur.</span> <span class='ocrx_word' id='word_1_256' title='bbox 536 1753 612 1824; x_wconf 88' lang='lat' dir='ltr'>Sapit</span> <span class='ocrx_word' id='word_1_257' title='bbox 625 1753 699 1809; x_wconf 91' lang='lat' dir='ltr'>enim</span> <span class='ocrx_word' id='word_1_258' title='bbox 714 1752 739 1808; x_wconf 92' lang='lat' dir='ltr'>ei</span> <span class='ocrx_word' id='word_1_259' title='bbox 753 1751 826 1824; x_wconf 87' lang='lat' dir='ltr'>qood</span> <span class='ocrx_word' id='word_1_260' title='bbox 841 1750 954 1805; x_wconf 88' lang='lat' dir='ltr'>mandu·</span> <span class='ocrx_word' id='word_1_261' title='bbox 1008 1756 1099 1813; x_wconf 86' lang='lat' dir='ltr'>dicare</span> <span class='ocrx_word' id='word_1_262' title='bbox 1111 1756 1183 1811; x_wconf 89' lang='lat' dir='ltr'>inter</span> <span class='ocrx_word' id='word_1_263' title='bbox 1196 1755 1261 1812; x_wconf 87' lang='lat' dir='ltr'>utile</span> <span class='ocrx_word' id='word_1_264' title='bbox 1275 1762 1304 1811; x_wconf 90' lang='lat' dir='ltr'>et</span> <span class='ocrx_word' id='word_1_265' title='bbox 1317 1753 1426 1821; x_wconf 90' lang='lat' dir='ltr'>inutile,</span> <span class='ocrx_word' id='word_1_266' title='bbox 1446 1754 1518 1811; x_wconf 87' lang='lat' dir='ltr'>inter</span> <span class='ocrx_word' id='word_1_267' title='bbox 1530 1753 1674 1809; x_wconf 87' lang='lat' dir='ltr'>honestum</span> <span class='ocrx_word' id='word_1_268' title='bbox 1689 1754 1716 1806; x_wconf 85' lang='lat' dir='ltr'>et</span> <span class='ocrx_word' id='word_1_269' title='bbox 1726 1746 1820 1804; x_wconf 71' lang='lat' dir='ltr'>lnbo&#39;-¹</span> 
     </span>
     <span class='ocr_line' id='line_1_19' title="bbox 156 1838 1804 1917; baseline -0.003 -20"><span class='ocrx_word' id='word_1_270' title='bbox 156 1845 209 1897; x_wconf 86' lang='lat' dir='ltr'>cat.</span> <span class='ocrx_word' id='word_1_271' title='bbox 226 1840 371 1896; x_wconf 84' lang='lat' dir='ltr'>blanducat</span> <span class='ocrx_word' id='word_1_272' title='bbox 380 1846 408 1897; x_wconf 93' lang='lat' dir='ltr'>et</span> <span class='ocrx_word' id='word_1_273' title='bbox 422 1839 491 1895; x_wconf 85' lang='lat' dir='ltr'>bibit</span> <span class='ocrx_word' id='word_1_274' title='bbox 509 1855 608 1912; x_wconf 86' lang='lat' dir='ltr'>corpus</span> <span class='ocrx_word' id='word_1_275' title='bbox 622 1848 651 1897; x_wconf 89' lang='lat' dir='ltr'>et</span> <span class='ocrx_word' id='word_1_276' title='bbox 663 1838 825 1916; x_wconf 88' lang='lat' dir='ltr'>sanguinem</span> <span class='ocrx_word' id='word_1_277' title='bbox 838 1839 954 1896; x_wconf 83' lang='lat' dir='ltr'>Redem·</span> <span class='ocrx_word' id='word_1_278' title='bbox 1007 1852 1130 1917; x_wconf 87' lang='lat' dir='ltr'>nestum,</span> <span class='ocrx_word' id='word_1_279' title='bbox 1156 1843 1331 1900; x_wconf 88' lang='lat' dir='ltr'>etiamsinon</span> <span class='ocrx_word' id='word_1_280' title='bbox 1354 1843 1390 1898; x_wconf 84' lang='lat' dir='ltr'>sit</span> <span class='ocrx_word' id='word_1_281' title='bbox 1402 1842 1465 1899; x_wconf 76' lang='lat' dir='ltr'>vite</span> <span class='ocrx_word' id='word_1_282' title='bbox 1485 1848 1514 1898; x_wconf 91' lang='lat' dir='ltr'>et</span> <span class='ocrx_word' id='word_1_283' title='bbox 1535 1838 1654 1897; x_wconf 89' lang='lat' dir='ltr'>moribus</span> <span class='ocrx_word' id='word_1_284' title='bbox 1677 1848 1804 1894; x_wconf 85' lang='lat' dir='ltr'>accomo-</span> 
     </span>
     <span class='ocr_line' id='line_1_20' title="bbox 156 1920 1804 2003; baseline -0.004 -17"><span class='ocrx_word' id='word_1_285' title='bbox 156 1927 242 1999; x_wconf 90' lang='lat' dir='ltr'>ptoris</span> <span class='ocrx_word' id='word_1_286' title='bbox 251 1929 302 1994; x_wconf 92' lang='lat' dir='ltr'>sni,</span> <span class='ocrx_word' id='word_1_287' title='bbox 314 1944 414 1984; x_wconf 90' lang='lat' dir='ltr'>manna</span> <span class='ocrx_word' id='word_1_288' title='bbox 423 1929 546 1999; x_wconf 87' lang='lat' dir='ltr'>eoeleste,</span> <span class='ocrx_word' id='word_1_289' title='bbox 554 1945 654 2002; x_wconf 91' lang='lat' dir='ltr'>panem</span> <span class='ocrx_word' id='word_1_290' title='bbox 664 1929 841 2000; x_wconf 76' lang='lat' dir='ltr'>Angelorum,</span> <span class='ocrx_word' id='word_1_291' title='bbox 852 1942 953 1999; x_wconf 87' lang='lat' dir='ltr'>panem</span> <span class='ocrx_word' id='word_1_292' title='bbox 1007 1920 1109 1990; x_wconf 89' lang='lat' dir='ltr'>datum.</span> <span class='ocrx_word' id='word_1_293' title='bbox 1124 1931 1243 1988; x_wconf 89' lang='lat' dir='ltr'>Scientia</span> <span class='ocrx_word' id='word_1_294' title='bbox 1258 1931 1332 1988; x_wconf 91' lang='lat' dir='ltr'>enim</span> <span class='ocrx_word' id='word_1_295' title='bbox 1345 1930 1433 2003; x_wconf 81' lang='lat' dir='ltr'>inflat,</span> <span class='ocrx_word' id='word_1_296' title='bbox 1445 1929 1562 1987; x_wconf 77' lang='lat' dir='ltr'>charitas</span> <span class='ocrx_word' id='word_1_297' title='bbox 1571 1925 1706 1997; x_wconf 83' lang='lat' dir='ltr'>aedilicut(</span> <span class='ocrx_word' id='word_1_298' title='bbox 1717 1922 1731 1980; x_wconf 84' lang='grc'><strong><em>1</em></strong></span> <span class='ocrx_word' id='word_1_299' title='bbox 1739 1924 1804 1981; x_wconf 81' lang='lat' dir='ltr'>Cor.</span> 
     </span>
     <span class='ocr_line' id='line_1_21' title="bbox 154 2008 1806 2092; baseline -0.004 -18"><span class='ocrx_word' id='word_1_300' title='bbox 154 2017 296 2090; x_wconf 76' lang='lat' dir='ltr'>sapientiae</span> <span class='ocrx_word' id='word_1_301' title='bbox 312 2034 318 2074; x_wconf 93' lang='lat'>:</span> <span class='ocrx_word' id='word_1_302' title='bbox 335 2023 363 2073; x_wconf 87' lang='lat' dir='ltr'>et</span> <span class='ocrx_word' id='word_1_303' title='bbox 377 2018 544 2074; x_wconf 82' lang='lat' dir='ltr'>manducans</span> <span class='ocrx_word' id='word_1_304' title='bbox 558 2017 765 2075; x_wconf 79' lang='lat' dir='ltr'>transformatur</span> <span class='ocrx_word' id='word_1_305' title='bbox 780 2017 809 2073; x_wconf 93' lang='lat' dir='ltr'>in</span> <span class='ocrx_word' id='word_1_306' title='bbox 828 2023 953 2071; x_wconf 90' lang='lat' dir='ltr'>naturam</span> <span class='ocrx_word' id='word_1_307' title='bbox 1006 2036 1064 2092; x_wconf 65' lang='lat' dir='ltr'>mu,</span> <span class='ocrx_word' id='word_1_308' title='bbox 1078 2022 1122 2091; x_wconf 78' lang='lat'>1),</span> <span class='ocrx_word' id='word_1_309' title='bbox 1148 2022 1200 2077; x_wconf 71' lang='lat' dir='ltr'>Aut</span> <span class='ocrx_word' id='word_1_310' title='bbox 1211 2034 1277 2078; x_wconf 74' lang='lat' dir='ltr'>vero</span> <span class='ocrx_word' id='word_1_311' title='bbox 1291 2020 1320 2077; x_wconf 82' lang='lat' dir='ltr'>in</span> <span class='ocrx_word' id='word_1_312' title='bbox 1335 2018 1491 2091; x_wconf 80' lang='lat' dir='ltr'>hujusmodi</span> <span class='ocrx_word' id='word_1_313' title='bbox 1516 2014 1692 2089; x_wconf 81' lang='lat' dir='ltr'>exquirendis</span> <span class='ocrx_word' id='word_1_314' title='bbox 1711 2008 1806 2070; x_wconf 86' lang='lat' dir='ltr'>elabo-</span> 
     </span>
     <span class='ocr_line' id='line_1_22' title="bbox 155 2103 1805 2183; baseline -0.001 -21"><span class='ocrx_word' id='word_1_315' title='bbox 155 2106 208 2165; x_wconf 90' lang='lat' dir='ltr'>cibi</span> <span class='ocrx_word' id='word_1_316' title='bbox 219 2121 302 2179; x_wconf 90' lang='lat' dir='ltr'>quem</span> <span class='ocrx_word' id='word_1_317' title='bbox 311 2106 465 2165; x_wconf 86' lang='lat' dir='ltr'>manducat.</span> <span class='ocrx_word' id='word_1_318' title='bbox 478 2106 583 2179; x_wconf 85' lang='lat' dir='ltr'>Corpus</span> <span class='ocrx_word' id='word_1_319' title='bbox 592 2107 665 2164; x_wconf 89' lang='lat' dir='ltr'>enim</span> <span class='ocrx_word' id='word_1_320' title='bbox 674 2104 772 2163; x_wconf 83' lang='lat' dir='ltr'>Christi</span> <span class='ocrx_word' id='word_1_321' title='bbox 778 2106 951 2170; x_wconf 71' lang='lat' dir='ltr'>manducate,</span> <span class='ocrx_word' id='word_1_322' title='bbox 1007 2121 1079 2183; x_wconf 90' lang='lat' dir='ltr'>rant,</span> <span class='ocrx_word' id='word_1_323' title='bbox 1094 2118 1124 2167; x_wconf 93' lang='lat' dir='ltr'>ut</span> <span class='ocrx_word' id='word_1_324' title='bbox 1137 2118 1242 2167; x_wconf 89' lang='lat' dir='ltr'>tantum</span> <span class='ocrx_word' id='word_1_325' title='bbox 1255 2112 1341 2168; x_wconf 86' lang='lat' dir='ltr'>scient</span> <span class='ocrx_word' id='word_1_326' title='bbox 1352 2129 1359 2183; x_wconf 82' lang='lat'>3</span> <span class='ocrx_word' id='word_1_327' title='bbox 1370 2110 1443 2183; x_wconf 90' lang='lat' dir='ltr'>quod</span> <span class='ocrx_word' id='word_1_328' title='bbox 1461 2106 1646 2165; x_wconf 89' lang='lat' dir='ltr'>tantummodo</span> <span class='ocrx_word' id='word_1_329' title='bbox 1660 2103 1744 2162; x_wconf 85' lang='lat' dir='ltr'>servit</span> <span class='ocrx_word' id='word_1_330' title='bbox 1757 2119 1805 2161; x_wconf 88' lang='lat' dir='ltr'>eu-</span> 
     </span>
     <span class='ocr_line' id='line_1_23' title="bbox 158 2189 1818 2269; baseline -0.002 -17"><span class='ocrx_word' id='word_1_331' title='bbox 158 2195 224 2253; x_wconf 89' lang='lat' dir='ltr'>nihil</span> <span class='ocrx_word' id='word_1_332' title='bbox 239 2201 282 2251; x_wconf 89' lang='lat' dir='ltr'>est</span> <span class='ocrx_word' id='word_1_333' title='bbox 299 2195 371 2251; x_wconf 89' lang='lat' dir='ltr'>aliud</span> <span class='ocrx_word' id='word_1_334' title='bbox 386 2212 468 2268; x_wconf 89' lang='lat' dir='ltr'>quam</span> <span class='ocrx_word' id='word_1_335' title='bbox 482 2211 581 2269; x_wconf 88' lang='lat' dir='ltr'>eorpus</span> <span class='ocrx_word' id='word_1_336' title='bbox 595 2195 693 2252; x_wconf 89' lang='lat' dir='ltr'>Christi</span> <span class='ocrx_word' id='word_1_337' title='bbox 722 2193 804 2265; x_wconf 83' lang='lat' dir='ltr'>effici,</span> <span class='ocrx_word' id='word_1_338' title='bbox 834 2201 862 2250; x_wconf 91' lang='lat' dir='ltr'>et</span> <span class='ocrx_word' id='word_1_339' title='bbox 889 2201 955 2249; x_wconf 88' lang='lat' dir='ltr'>tem·</span> <span class='ocrx_word' id='word_1_340' title='bbox 1007 2199 1204 2269; x_wconf 79' lang='lat' dir='ltr'>riositati2aut,</span> <span class='ocrx_word' id='word_1_341' title='bbox 1221 2205 1250 2256; x_wconf 94' lang='lat' dir='ltr'>ut</span> <span class='ocrx_word' id='word_1_342' title='bbox 1264 2199 1417 2265; x_wconf 83' lang='lat' dir='ltr'>videantur,</span> <span class='ocrx_word' id='word_1_343' title='bbox 1431 2196 1716 2263; x_wconf 78' lang='lat' dir='ltr'>siveseienturscire3</span> <span class='ocrx_word' id='word_1_344' title='bbox 1731 2189 1818 2265; x_wconf 74' lang='lat' dir='ltr'>quod&#39;</span> 
     </span>
     <span class='ocr_line' id='line_1_24' title="bbox 158 2283 1807 2358; baseline -0.002 -18"><span class='ocrx_word' id='word_1_345' title='bbox 158 2285 234 2358; x_wconf 91' lang='lat' dir='ltr'>plum</span> <span class='ocrx_word' id='word_1_346' title='bbox 247 2284 363 2357; x_wconf 87' lang='lat' dir='ltr'>Spiritus</span> <span class='ocrx_word' id='word_1_347' title='bbox 377 2283 487 2340; x_wconf 81' lang='lat' dir='ltr'>sanctii</span> <span class='ocrx_word' id='word_1_348' title='bbox 501 2285 644 2358; x_wconf 83' lang='lat' dir='ltr'>Templum</span> <span class='ocrx_word' id='word_1_349' title='bbox 658 2292 750 2341; x_wconf 90' lang='lat' dir='ltr'>autem</span> <span class='ocrx_word' id='word_1_350' title='bbox 765 2285 817 2341; x_wconf 88' lang='lat' dir='ltr'>boe</span> <span class='ocrx_word' id='word_1_351' title='bbox 836 2298 897 2338; x_wconf 88' lang='lat' dir='ltr'>cum</span> <span class='ocrx_word' id='word_1_352' title='bbox 907 2296 955 2338; x_wconf 92' lang='lat' dir='ltr'>or·</span> <span class='ocrx_word' id='word_1_353' title='bbox 1008 2290 1093 2345; x_wconf 87' lang='lat' dir='ltr'>servit</span> <span class='ocrx_word' id='word_1_354' title='bbox 1107 2288 1229 2346; x_wconf 87' lang='lat' dir='ltr'>vanitati.</span> <span class='ocrx_word' id='word_1_355' title='bbox 1246 2290 1282 2345; x_wconf 88' lang='lat' dir='ltr'>Et</span> <span class='ocrx_word' id='word_1_356' title='bbox 1295 2289 1347 2346; x_wconf 89' lang='lat' dir='ltr'>hoc</span> <span class='ocrx_word' id='word_1_357' title='bbox 1358 2303 1452 2345; x_wconf 91' lang='lat' dir='ltr'>eorum</span> <span class='ocrx_word' id='word_1_358' title='bbox 1467 2286 1585 2342; x_wconf 90' lang='lat' dir='ltr'>studium</span> <span class='ocrx_word' id='word_1_359' title='bbox 1595 2292 1700 2339; x_wconf 89' lang='lat' dir='ltr'>tantum</span> <span class='ocrx_word' id='word_1_360' title='bbox 1713 2285 1807 2355; x_wconf 90' lang='lat' dir='ltr'>potest</span> 
     </span>
     <span class='ocr_line' id='line_1_25' title="bbox 158 2369 1808 2450; baseline -0.002 -19"><span class='ocrx_word' id='word_1_361' title='bbox 158 2380 252 2431; x_wconf 89' lang='lat' dir='ltr'>natum</span> <span class='ocrx_word' id='word_1_362' title='bbox 272 2372 353 2428; x_wconf 81' lang='lat' dir='ltr'>fuerit</span> <span class='ocrx_word' id='word_1_363' title='bbox 373 2374 591 2445; x_wconf 80' lang='lat' dir='ltr'>praescriptarum</span> <span class='ocrx_word' id='word_1_364' title='bbox 611 2372 744 2447; x_wconf 85' lang='lat' dir='ltr'>positione</span> <span class='ocrx_word' id='word_1_365' title='bbox 768 2369 855 2430; x_wconf 65' lang='lat'>258</span> <span class='ocrx_word' id='word_1_366' title='bbox 877 2370 957 2426; x_wconf 87' lang='lat' dir='ltr'>virtu·</span> <span class='ocrx_word' id='word_1_367' title='bbox 1009 2376 1152 2450; x_wconf 87' lang='lat' dir='ltr'>prolicere,</span> <span class='ocrx_word' id='word_1_368' title='bbox 1168 2384 1196 2433; x_wconf 90' lang='lat' dir='ltr'>et</span> <span class='ocrx_word' id='word_1_369' title='bbox 1218 2377 1245 2433; x_wconf 92' lang='lat' dir='ltr'>in</span> <span class='ocrx_word' id='word_1_370' title='bbox 1260 2376 1343 2433; x_wconf 89' lang='lat' dir='ltr'>altum</span> <span class='ocrx_word' id='word_1_371' title='bbox 1366 2392 1396 2433; x_wconf 91' lang='lat' dir='ltr'>se</span> <span class='ocrx_word' id='word_1_372' title='bbox 1412 2374 1556 2442; x_wconf 84' lang='lat' dir='ltr'>extollere,</span> <span class='ocrx_word' id='word_1_373' title='bbox 1572 2380 1701 2448; x_wconf 90' lang='lat' dir='ltr'>quantum</span> <span class='ocrx_word' id='word_1_374' title='bbox 1714 2374 1808 2445; x_wconf 84' lang='lat' dir='ltr'>potest</span> 
     </span>
     <span class='ocr_line' id='line_1_26' title="bbox 158 2458 1270 2534; baseline -0.001 -18"><span class='ocrx_word' id='word_1_375' title='bbox 158 2466 226 2528; x_wconf 90' lang='lat' dir='ltr'>tum,</span> <span class='ocrx_word' id='word_1_376' title='bbox 237 2469 265 2517; x_wconf 98' lang='lat' dir='ltr'>et</span> <span class='ocrx_word' id='word_1_377' title='bbox 279 2460 433 2534; x_wconf 90' lang='lat' dir='ltr'>supradicto</span> <span class='ocrx_word' id='word_1_378' title='bbox 447 2461 592 2518; x_wconf 84' lang='lat' dir='ltr'>dedicandi</span> <span class='ocrx_word' id='word_1_379' title='bbox 606 2461 702 2519; x_wconf 90' lang='lat' dir='ltr'>ordine</span> <span class='ocrx_word' id='word_1_380' title='bbox 711 2461 874 2529; x_wconf 89' lang='lat' dir='ltr'>dedicatum,</span> <span class='ocrx_word' id='word_1_381' title='bbox 891 2458 955 2516; x_wconf 92' lang='lat' dir='ltr'>nul·</span> <span class='ocrx_word' id='word_1_382' title='bbox 1009 2465 1077 2524; x_wconf 72' lang='lat' dir='ltr'>ratio</span> <span class='ocrx_word' id='word_1_383' title='bbox 1092 2465 1152 2522; x_wconf 73' lang='lat' dir='ltr'>sine</span> <span class='ocrx_word' id='word_1_384' title='bbox 1166 2480 1270 2523; x_wconf 76' lang='lat' dir='ltr'>amore.</span> 
     </span>
     <span class='ocr_line' id='line_1_27' title="bbox 157 2548 1560 2628; baseline -0.004 -23"><span class='ocrx_word' id='word_1_385' title='bbox 157 2550 199 2607; x_wconf 91' lang='lat' dir='ltr'>los</span> <span class='ocrx_word' id='word_1_386' title='bbox 213 2550 327 2607; x_wconf 88' lang='lat' dir='ltr'>ulterius</span> <span class='ocrx_word' id='word_1_387' title='bbox 342 2549 446 2607; x_wconf 89' lang='lat' dir='ltr'>alienos</span> <span class='ocrx_word' id='word_1_388' title='bbox 461 2551 554 2607; x_wconf 89' lang='lat' dir='ltr'>titulos</span> <span class='ocrx_word' id='word_1_389' title='bbox 567 2559 659 2622; x_wconf 89' lang='lat' dir='ltr'>potest</span> <span class='ocrx_word' id='word_1_390' title='bbox 681 2550 832 2624; x_wconf 87' lang='lat' dir='ltr'>suscipere,</span> <span class='ocrx_word' id='word_1_391' title='bbox 853 2548 956 2604; x_wconf 91' lang='lat' dir='ltr'>nullum</span> <span class='ocrx_word' id='word_1_392' title='bbox 1364 2570 1474 2628; x_wconf 62' lang='lat' dir='ltr'>CAPUT</span> <span class='ocrx_word' id='word_1_393' title='bbox 1483 2568 1560 2625; x_wconf 45' lang='lat' dir='ltr'>xpp·</span> 
     </span>
     <span class='ocr_line' id='line_1_28' title="bbox 157 2638 1807 2732; baseline -0.008 -10"><span class='ocrx_word' id='word_1_394' title='bbox 157 2639 350 2706; x_wconf 56' lang='lat' dir='ltr'>habitammmt</span> <span class='ocrx_word' id='word_1_395' title='bbox 365 2638 417 2694; x_wconf 55' lang='lat'>⁰³⁵5</span> <span class='ocrx_word' id='word_1_396' title='bbox 445 2640 532 2696; x_wconf 64' lang='lat' dir='ltr'>Deum</span> <span class='ocrx_word' id='word_1_397' title='bbox 546 2640 592 2710; x_wconf 55' lang='lat'>‘³¹¹1</span> <span class='ocrx_word' id='word_1_398' title='bbox 607 2639 729 2696; x_wconf 66' lang='lat' dir='ltr'>⁰⁰¹¹didi¹</span> <span class='ocrx_word' id='word_1_399' title='bbox 741 2638 816 2730; x_wconf 68' lang='lat' dir='ltr'>mum</span> <span class='ocrx_word' id='word_1_400' title='bbox 832 2643 860 2694; x_wconf 65' lang='lat'>⁰¹</span> <span class='ocrx_word' id='word_1_401' title='bbox 875 2651 956 2693; x_wconf 66' lang='lat'><strong>⁰¹⁹²·</strong></span> <span class='ocrx_word' id='word_1_402' title='bbox 1010 2660 1165 2720; x_wconf 74' lang='lat' dir='ltr'>Antithesis</span> <span class='ocrx_word' id='word_1_403' title='bbox 1175 2658 1545 2732; x_wconf 74' lang='lat' dir='ltr'>veroeetsulaoesapieutioe:</span> <span class='ocrx_word' id='word_1_404' title='bbox 1560 2655 1608 2713; x_wconf 87' lang='lat' dir='ltr'>ubi</span> <span class='ocrx_word' id='word_1_405' title='bbox 1618 2653 1807 2712; x_wconf 77' lang='lat' dir='ltr'>devietuteet</span> 
     </span>
     <span class='ocr_line' id='line_1_29' title="bbox 158 2724 1591 2802; baseline -0.003 -19"><span class='ocrx_word' id='word_1_406' title='bbox 158 2727 211 2783; x_wconf 84' lang='lat' dir='ltr'>vit.</span> <span class='ocrx_word' id='word_1_407' title='bbox 238 2726 313 2781; x_wconf 84' lang='lat' dir='ltr'>Nihil</span> <span class='ocrx_word' id='word_1_408' title='bbox 328 2741 395 2797; x_wconf 86' lang='lat' dir='ltr'>ergo</span> <span class='ocrx_word' id='word_1_409' title='bbox 416 2726 487 2782; x_wconf 88' lang='lat' dir='ltr'>ultra</span> <span class='ocrx_word' id='word_1_410' title='bbox 506 2735 644 2783; x_wconf 87' lang='lat' dir='ltr'>terrenum</span> <span class='ocrx_word' id='word_1_411' title='bbox 664 2735 758 2783; x_wconf 89' lang='lat' dir='ltr'>sancta</span> <span class='ocrx_word' id='word_1_412' title='bbox 780 2724 826 2781; x_wconf 88' lang='lat' dir='ltr'>illa</span> <span class='ocrx_word' id='word_1_413' title='bbox 849 2725 954 2792; x_wconf 89' lang='lat' dir='ltr'>anima,</span> <span class='ocrx_word' id='word_1_414' title='bbox 1033 2732 1037 2738; x_wconf 84' lang='grc'><strong>’</strong></span> <span class='ocrx_word' id='word_1_415' title='bbox 1169 2731 1340 2788; x_wconf 69' lang='lat' dir='ltr'>excedentia</span> <span class='ocrx_word' id='word_1_416' title='bbox 1348 2747 1421 2789; x_wconf 61' lang='lat' dir='ltr'>vem</span> <span class='ocrx_word' id='word_1_417' title='bbox 1430 2728 1591 2802; x_wconf 67' lang='lat' dir='ltr'>sapientire.</span> 
     </span>
     <span class='ocr_line' id='line_1_30' title="bbox 159 2813 1805 2892; baseline 0.002 -21"><span class='ocrx_word' id='word_1_418' title='bbox 159 2814 226 2871; x_wconf 90' lang='lat' dir='ltr'>nibil</span> <span class='ocrx_word' id='word_1_419' title='bbox 240 2813 395 2884; x_wconf 85' lang='lat' dir='ltr'>materiale,</span> <span class='ocrx_word' id='word_1_420' title='bbox 411 2814 477 2869; x_wconf 85' lang='lat' dir='ltr'>nibil</span> <span class='ocrx_word' id='word_1_421' title='bbox 491 2815 665 2887; x_wconf 87' lang='lat' dir='ltr'>cormptibile</span> <span class='ocrx_word' id='word_1_422' title='bbox 689 2814 776 2888; x_wconf 79' lang='lat' dir='ltr'>diligit</span> <span class='ocrx_word' id='word_1_423' title='bbox 793 2819 840 2870; x_wconf 89' lang='lat' dir='ltr'>aut</span> <span class='ocrx_word' id='word_1_424' title='bbox 867 2821 954 2879; x_wconf 91' lang='lat' dir='ltr'>curat,</span> <span class='ocrx_word' id='word_1_425' title='bbox 1046 2821 1089 2875; x_wconf 77' lang='lat' dir='ltr'>tt.</span> <span class='ocrx_word' id='word_1_426' title='bbox 1107 2819 1245 2892; x_wconf 90' lang='lat' dir='ltr'>Siquidem</span> <span class='ocrx_word' id='word_1_427' title='bbox 1262 2819 1320 2875; x_wconf 76' lang='lat' dir='ltr'>baec</span> <span class='ocrx_word' id='word_1_428' title='bbox 1335 2816 1504 2889; x_wconf 82' lang='lat' dir='ltr'>philosophia</span> <span class='ocrx_word' id='word_1_429' title='bbox 1517 2816 1545 2872; x_wconf 89' lang='lat' dir='ltr'>in</span> <span class='ocrx_word' id='word_1_430' title='bbox 1559 2813 1698 2872; x_wconf 73' lang='lat' dir='ltr'>scientiam</span> <span class='ocrx_word' id='word_1_431' title='bbox 1713 2828 1805 2869; x_wconf 76' lang='lat' dir='ltr'>retum</span> 
     </span>
    </p>
   </div>
   <div class='ocr_carea' id='block_1_3' title="bbox 60 2897 1806 2973">
    <p class='ocr_par' dir='ltr' id='par_1_3' title="bbox 60 2897 1806 2973">
     <span class='ocr_line' id='line_1_31' title="bbox 60 2897 1806 2973; baseline -0.001 -15"><span class='ocrx_word' id='word_1_432' title='bbox 60 2919 65 2923; x_wconf 87' lang='lat'><em>·</em></span> <span class='ocrx_word' id='word_1_433' title='bbox 160 2919 193 2959; x_wconf 83' lang='lat' dir='ltr'>ex</span> <span class='ocrx_word' id='word_1_434' title='bbox 208 2916 262 2973; x_wconf 91' lang='lat' dir='ltr'>quo</span> <span class='ocrx_word' id='word_1_435' title='bbox 280 2916 405 2973; x_wconf 84' lang='lat' dir='ltr'>regressa</span> <span class='ocrx_word' id='word_1_436' title='bbox 419 2909 462 2958; x_wconf 90' lang='lat' dir='ltr'>est</span> <span class='ocrx_word' id='word_1_437' title='bbox 477 2903 565 2958; x_wconf 87' lang='lat' dir='ltr'>alueo</span> <span class='ocrx_word' id='word_1_438' title='bbox 588 2902 767 2970; x_wconf 87' lang='lat' dir='ltr'>sarcinarum,</span> <span class='ocrx_word' id='word_1_439' title='bbox 792 2901 842 2958; x_wconf 89' lang='lat' dir='ltr'>etsi</span> <span class='ocrx_word' id='word_1_440' title='bbox 865 2901 955 2973; x_wconf 81' lang='lat' dir='ltr'>aliquo</span> <span class='ocrx_word' id='word_1_441' title='bbox 1009 2907 1187 2963; x_wconf 84' lang='lat' dir='ltr'>humanarum</span> <span class='ocrx_word' id='word_1_442' title='bbox 1201 2914 1228 2962; x_wconf 91' lang='lat' dir='ltr'>et</span> <span class='ocrx_word' id='word_1_443' title='bbox 1242 2906 1392 2963; x_wconf 85' lang='lat' dir='ltr'>divinarum</span> <span class='ocrx_word' id='word_1_444' title='bbox 1412 2905 1547 2962; x_wconf 89' lang='lat' dir='ltr'>dividitur.</span> <span class='ocrx_word' id='word_1_445' title='bbox 1575 2901 1700 2971; x_wconf 89' lang='lat' dir='ltr'>Quandiu</span> <span class='ocrx_word' id='word_1_446' title='bbox 1714 2907 1757 2958; x_wconf 89' lang='lat' dir='ltr'>est</span> <span class='ocrx_word' id='word_1_447' title='bbox 1776 2897 1806 2956; x_wconf 91' lang='lat' dir='ltr'>in</span> 
     </span>
    </p>
   </div>
   <div class='ocr_carea' id='block_1_4' title="bbox 159 2947 1809 3512">
    <p class='ocr_par' dir='ltr' id='par_1_4' title="bbox 159 2947 1809 3512">
     <span class='ocr_line' id='line_1_32' title="bbox 159 2947 1807 3071; baseline -0.006 -19"><span class='ocrx_word' id='word_1_448' title='bbox 159 2992 256 3047; x_wconf 77' lang='lat' dir='ltr'>horum</span> <span class='ocrx_word' id='word_1_449' title='bbox 275 2990 419 3064; x_wconf 78' lang='lat' dir='ltr'>aliquando</span> <span class='ocrx_word' id='word_1_450' title='bbox 441 2991 519 3064; x_wconf 89' lang='lat' dir='ltr'>quasi</span> <span class='ocrx_word' id='word_1_451' title='bbox 532 2991 560 3047; x_wconf 92' lang='lat' dir='ltr'>in</span> <span class='ocrx_word' id='word_1_452' title='bbox 586 2993 703 3071; x_wconf 82' lang='lat' dir='ltr'>transitu</span> <span class='ocrx_word' id='word_1_453' title='bbox 725 2990 822 3063; x_wconf 92' lang='lat' dir='ltr'>utitur,</span> <span class='ocrx_word' id='word_1_454' title='bbox 837 2991 884 3046; x_wconf 88' lang='lat' dir='ltr'>sed</span> <span class='ocrx_word' id='word_1_455' title='bbox 903 2988 956 3046; x_wconf 86' lang='lat' dir='ltr'>irui</span> <span class='ocrx_word' id='word_1_456' title='bbox 970 2947 1146 3063; x_wconf 52' lang='lat' dir='ltr'>oraminis,</span> <span class='ocrx_word' id='word_1_457' title='bbox 1159 2996 1198 3052; x_wconf 90' lang='lat' dir='ltr'>sic</span> <span class='ocrx_word' id='word_1_458' title='bbox 1210 2994 1318 3052; x_wconf 89' lang='lat' dir='ltr'>interim</span> <span class='ocrx_word' id='word_1_459' title='bbox 1328 2995 1379 3051; x_wconf 91' lang='lat' dir='ltr'>sibi</span> <span class='ocrx_word' id='word_1_460' title='bbox 1389 3001 1444 3050; x_wconf 88' lang='lat' dir='ltr'>est.</span> <span class='ocrx_word' id='word_1_461' title='bbox 1460 2993 1574 3063; x_wconf 84' lang='lat' dir='ltr'>Quando</span> <span class='ocrx_word' id='word_1_462' title='bbox 1587 3006 1653 3048; x_wconf 81' lang='lat' dir='ltr'>sero</span> <span class='ocrx_word' id='word_1_463' title='bbox 1666 2989 1701 3044; x_wconf 88' lang='lat' dir='ltr'>ad</span> <span class='ocrx_word' id='word_1_464' title='bbox 1715 2987 1807 3045; x_wconf 79' lang='lat' dir='ltr'>divina</span> 
     </span>
     <span class='ocr_line' id='line_1_33' title="bbox 160 3076 1806 3158; baseline -0.005 -17"><span class='ocrx_word' id='word_1_465' title='bbox 160 3079 333 3156; x_wconf 76' lang='lat' dir='ltr'>dedignatur.</span> <span class='ocrx_word' id='word_1_466' title='bbox 349 3081 376 3136; x_wconf 91' lang='lat' dir='ltr'>Si</span> <span class='ocrx_word' id='word_1_467' title='bbox 392 3080 458 3154; x_wconf 90' lang='lat' dir='ltr'>quid</span> <span class='ocrx_word' id='word_1_468' title='bbox 472 3081 498 3135; x_wconf 92' lang='lat' dir='ltr'>iu</span> <span class='ocrx_word' id='word_1_469' title='bbox 514 3081 670 3153; x_wconf 86' lang='lat' dir='ltr'>hujusmodi</span> <span class='ocrx_word' id='word_1_470' title='bbox 685 3096 846 3155; x_wconf 89' lang='lat' dir='ltr'>prosperum</span> <span class='ocrx_word' id='word_1_471' title='bbox 856 3096 957 3137; x_wconf 86' lang='lat' dir='ltr'>evenc-</span> <span class='ocrx_word' id='word_1_472' title='bbox 1009 3103 1039 3143; x_wconf 90' lang='lat' dir='ltr'>se</span> <span class='ocrx_word' id='word_1_473' title='bbox 1051 3086 1160 3155; x_wconf 81' lang='lat' dir='ltr'>exaltat,</span> <span class='ocrx_word' id='word_1_474' title='bbox 1173 3084 1505 3158; x_wconf 89' lang='lat' dir='ltr'>quantoaltiusascendit,</span> <span class='ocrx_word' id='word_1_475' title='bbox 1516 3090 1591 3139; x_wconf 93' lang='lat' dir='ltr'>tanto</span> <span class='ocrx_word' id='word_1_476' title='bbox 1603 3078 1717 3137; x_wconf 80' lang='lat' dir='ltr'>interius</span> <span class='ocrx_word' id='word_1_477' title='bbox 1730 3076 1806 3136; x_wconf 86' lang='lat' dir='ltr'>cadit</span> 
     </span>
     <span class='ocr_line' id='line_1_34' title="bbox 160 3167 1804 3245; baseline -0.009 -8"><span class='ocrx_word' id='word_1_478' title='bbox 160 3168 211 3236; x_wconf 80' lang='lat' dir='ltr'>rit,</span> <span class='ocrx_word' id='word_1_479' title='bbox 226 3168 391 3242; x_wconf 73' lang='lat' dir='ltr'>pertransit:</span> <span class='ocrx_word' id='word_1_480' title='bbox 417 3185 472 3226; x_wconf 85' lang='lat' dir='ltr'>non</span> <span class='ocrx_word' id='word_1_481' title='bbox 490 3170 683 3237; x_wconf 73' lang='lat' dir='ltr'>conturbatur,</span> <span class='ocrx_word' id='word_1_482' title='bbox 711 3171 734 3227; x_wconf 76' lang='lat' dir='ltr'>si</span> <span class='ocrx_word' id='word_1_483' title='bbox 762 3169 827 3242; x_wconf 81' lang='lat' dir='ltr'>quid</span> <span class='ocrx_word' id='word_1_484' title='bbox 849 3167 956 3226; x_wconf 75' lang='lat' dir='ltr'>adversi</span> <span class='ocrx_word' id='word_1_485' title='bbox 1009 3182 1037 3231; x_wconf 83' lang='lat' dir='ltr'>u</span> <span class='ocrx_word' id='word_1_486' title='bbox 1051 3173 1216 3245; x_wconf 71' lang='lat' dir='ltr'>impleturus</span> <span class='ocrx_word' id='word_1_487' title='bbox 1230 3189 1274 3241; x_wconf 79' lang='lat' dir='ltr'>eo,</span> <span class='ocrx_word' id='word_1_488' title='bbox 1300 3176 1371 3244; x_wconf 73' lang='lat' dir='ltr'>Quia</span> <span class='ocrx_word' id='word_1_489' title='bbox 1388 3177 1498 3232; x_wconf 72' lang='lat' dir='ltr'>euram</span> <span class='ocrx_word' id='word_1_490' title='bbox 1513 3170 1628 3228; x_wconf 74' lang='lat' dir='ltr'>utuntt</span> <span class='ocrx_word' id='word_1_491' title='bbox 1642 3185 1687 3227; x_wconf 74' lang='lat' dir='ltr'>me</span> <span class='ocrx_word' id='word_1_492' title='bbox 1712 3167 1804 3240; x_wconf 66' lang='lat' dir='ltr'>(reat.</span> 
     </span>
     <span class='ocr_line' id='line_1_35' title="bbox 160 3254 1804 3335; baseline -0.013 -5"><span class='ocrx_word' id='word_1_493' title='bbox 160 3255 316 3329; x_wconf 63' lang='grc' dir='ltr'>θθῦῑῑῖθῐῑῑ·</span> <span class='ocrx_word' id='word_1_494' title='bbox 341 3257 436 3313; x_wconf 70' lang='lat' dir='ltr'>T⁰2¹¹m</span> <span class='ocrx_word' id='word_1_495' title='bbox 459 3258 528 3330; x_wconf 73' lang='lat' dir='ltr'>sapit</span> <span class='ocrx_word' id='word_1_496' title='bbox 543 3258 676 3332; x_wconf 89' lang='lat' dir='ltr'>quidquid</span> <span class='ocrx_word' id='word_1_497' title='bbox 691 3258 779 3331; x_wconf 89' lang='lat' dir='ltr'>capit;</span> <span class='ocrx_word' id='word_1_498' title='bbox 796 3273 848 3316; x_wconf 88' lang='lat' dir='ltr'>neo</span> <span class='ocrx_word' id='word_1_499' title='bbox 865 3265 958 3330; x_wconf 91' lang='lat' dir='ltr'>potest</span> <span class='ocrx_word' id='word_1_500' title='bbox 1011 3279 1047 3329; x_wconf 85' lang='lat' dir='ltr'>ct,</span> <span class='ocrx_word' id='word_1_501' title='bbox 1066 3263 1120 3333; x_wconf 85' lang='lat' dir='ltr'>ll).</span> <span class='ocrx_word' id='word_1_502' title='bbox 1136 3263 1176 3318; x_wconf 87' lang='lat' dir='ltr'>Eo</span> <span class='ocrx_word' id='word_1_503' title='bbox 1190 3261 1322 3334; x_wconf 88' lang='lat' dir='ltr'>siquidem</span> <span class='ocrx_word' id='word_1_504' title='bbox 1337 3262 1480 3335; x_wconf 86' lang='lat' dir='ltr'>aliquando</span> <span class='ocrx_word' id='word_1_505' title='bbox 1499 3267 1597 3316; x_wconf 89' lang='lat' dir='ltr'>conutu</span> <span class='ocrx_word' id='word_1_506' title='bbox 1611 3255 1740 3314; x_wconf 79' lang='lat' dir='ltr'>naturalis</span> <span class='ocrx_word' id='word_1_507' title='bbox 1759 3254 1804 3310; x_wconf 87' lang='lat' dir='ltr'>in-</span> 
     </span>
     <span class='ocr_line' id='line_1_36' title="bbox 160 3344 1808 3423; baseline -0.01 -6"><span class='ocrx_word' id='word_1_508' title='bbox 160 3346 260 3404; x_wconf 65' lang='lat' dir='ltr'>tfflssssfi</span> <span class='ocrx_word' id='word_1_509' title='bbox 275 3344 326 3403; x_wconf 64' lang='lat' dir='ltr'>ssffi</span> <span class='ocrx_word' id='word_1_510' title='bbox 339 3361 445 3420; x_wconf 60' lang='lat' dir='ltr'>tepere,</span> <span class='ocrx_word' id='word_1_511' title='bbox 474 3346 607 3421; x_wconf 82' lang='lat' dir='ltr'>quidquid</span> <span class='ocrx_word' id='word_1_512' title='bbox 628 3347 697 3405; x_wconf 89' lang='lat' dir='ltr'>sieut</span> <span class='ocrx_word' id='word_1_513' title='bbox 711 3347 822 3404; x_wconf 84' lang='lat' dir='ltr'>salivam</span> <span class='ocrx_word' id='word_1_514' title='bbox 835 3346 958 3422; x_wconf 86' lang='lat' dir='ltr'>eontige-</span> <span class='ocrx_word' id='word_1_515' title='bbox 1011 3351 1084 3423; x_wconf 85' lang='lat' dir='ltr'>genii</span> <span class='ocrx_word' id='word_1_516' title='bbox 1099 3351 1263 3423; x_wconf 89' lang='lat' dir='ltr'>provehitur,</span> <span class='ocrx_word' id='word_1_517' title='bbox 1280 3357 1320 3417; x_wconf 92' lang='lat' dir='ltr'>ut,</span> <span class='ocrx_word' id='word_1_518' title='bbox 1336 3351 1405 3407; x_wconf 89' lang='lat' dir='ltr'>sicut</span> <span class='ocrx_word' id='word_1_519' title='bbox 1419 3348 1484 3406; x_wconf 90' lang='lat' dir='ltr'>dicit</span> <span class='ocrx_word' id='word_1_520' title='bbox 1503 3346 1655 3421; x_wconf 91' lang='lat' dir='ltr'>Apostolus,</span> <span class='ocrx_word' id='word_1_521' title='bbox 1672 3344 1743 3418; x_wconf 87' lang='lat' dir='ltr'>quod</span> <span class='ocrx_word' id='word_1_522' title='bbox 1760 3358 1808 3401; x_wconf 79' lang='lat' dir='ltr'>uo</span> 
     </span>
     <span class='ocr_line' id='line_1_37' title="bbox 161 3434 1809 3512; baseline -0.002 -20"><span class='ocrx_word' id='word_1_523' title='bbox 161 3435 197 3492; x_wconf 92' lang='lat' dir='ltr'>rit</span> <span class='ocrx_word' id='word_1_524' title='bbox 210 3436 245 3493; x_wconf 88' lang='lat' dir='ltr'>de</span> <span class='ocrx_word' id='word_1_525' title='bbox 259 3434 361 3493; x_wconf 85' lang='lat' dir='ltr'>Christi</span> <span class='ocrx_word' id='word_1_526' title='bbox 370 3435 460 3509; x_wconf 89' lang='lat' dir='ltr'>capite</span> <span class='ocrx_word' id='word_1_527' title='bbox 471 3435 651 3495; x_wconf 87' lang='lat' dir='ltr'>descendere.</span> <span class='ocrx_word' id='word_1_528' title='bbox 663 3435 799 3509; x_wconf 85' lang='lat' dir='ltr'>Quidquid</span> <span class='ocrx_word' id='word_1_529' title='bbox 810 3437 845 3492; x_wconf 90' lang='lat' dir='ltr'>ad</span> <span class='ocrx_word' id='word_1_530' title='bbox 859 3452 958 3511; x_wconf 87' lang='lat' dir='ltr'>corpus</span> <span class='ocrx_word' id='word_1_531' title='bbox 1012 3448 1068 3498; x_wconf 92' lang='lat' dir='ltr'>tum</span> <span class='ocrx_word' id='word_1_532' title='bbox 1083 3447 1125 3496; x_wconf 87' lang='lat' dir='ltr'>est</span> <span class='ocrx_word' id='word_1_533' title='bbox 1152 3438 1220 3507; x_wconf 86' lang='lat' dir='ltr'>Dei,</span> <span class='ocrx_word' id='word_1_534' title='bbox 1235 3439 1263 3494; x_wconf 91' lang='lat' dir='ltr'>id</span> <span class='ocrx_word' id='word_1_535' title='bbox 1278 3447 1320 3495; x_wconf 87' lang='lat' dir='ltr'>est</span> <span class='ocrx_word' id='word_1_536' title='bbox 1334 3447 1463 3512; x_wconf 86' lang='lat' dir='ltr'>quantum</span> <span class='ocrx_word' id='word_1_537' title='bbox 1480 3438 1514 3493; x_wconf 88' lang='lat' dir='ltr'>da</span> <span class='ocrx_word' id='word_1_538' title='bbox 1534 3438 1605 3506; x_wconf 80' lang='lat' dir='ltr'>Deo,</span> <span class='ocrx_word' id='word_1_539' title='bbox 1629 3434 1698 3490; x_wconf 90' lang='lat' dir='ltr'>ratio</span> <span class='ocrx_word' id='word_1_540' title='bbox 1716 3439 1809 3504; x_wconf 86' lang='lat' dir='ltr'>potest</span> 
     </span>
    </p>
   </div>
   <div class='ocr_carea' id='block_1_5' title="bbox 160 3520 1810 3602">
    <p class='ocr_par' dir='ltr' id='par_1_5' title="bbox 160 3520 1810 3602">
     <span class='ocr_line' id='line_1_38' title="bbox 160 3520 1810 3602; baseline -0.005 -20"><span class='ocrx_word' id='word_1_541' title='bbox 160 3532 274 3598; x_wconf 84' lang='lat' dir='ltr'>spectat,</span> <span class='ocrx_word' id='word_1_542' title='bbox 283 3523 341 3582; x_wconf 83' lang='lat' dir='ltr'>sire</span> <span class='ocrx_word' id='word_1_543' title='bbox 353 3524 467 3592; x_wconf 90' lang='lat' dir='ltr'>bonnm,</span> <span class='ocrx_word' id='word_1_544' title='bbox 483 3525 538 3582; x_wconf 84' lang='lat' dir='ltr'>sire</span> <span class='ocrx_word' id='word_1_545' title='bbox 552 3524 662 3595; x_wconf 70' lang='lat' dir='ltr'>indum,</span> <span class='ocrx_word' id='word_1_546' title='bbox 677 3523 744 3582; x_wconf 80' lang='lat' dir='ltr'>ioris</span> <span class='ocrx_word' id='word_1_547' title='bbox 759 3531 822 3596; x_wconf 88' lang='lat' dir='ltr'>est;</span> <span class='ocrx_word' id='word_1_548' title='bbox 840 3541 893 3583; x_wconf 89' lang='lat' dir='ltr'>nee</span> <span class='ocrx_word' id='word_1_549' title='bbox 905 3541 957 3599; x_wconf 91' lang='lat' dir='ltr'>po·</span> <span class='ocrx_word' id='word_1_550' title='bbox 1011 3528 1255 3602; x_wconf 86' lang='lat' dir='ltr'>comprehendere,</span> <span class='ocrx_word' id='word_1_551' title='bbox 1270 3536 1364 3584; x_wconf 90' lang='lat' dir='ltr'>uotum</span> <span class='ocrx_word' id='word_1_552' title='bbox 1379 3527 1413 3582; x_wconf 90' lang='lat' dir='ltr'>sit</span> <span class='ocrx_word' id='word_1_553' title='bbox 1427 3525 1491 3591; x_wconf 89' lang='lat' dir='ltr'>illis,</span> <span class='ocrx_word' id='word_1_554' title='bbox 1506 3525 1543 3581; x_wconf 84' lang='lat' dir='ltr'>ita</span> <span class='ocrx_word' id='word_1_555' title='bbox 1558 3533 1587 3580; x_wconf 93' lang='lat' dir='ltr'>ut</span> <span class='ocrx_word' id='word_1_556' title='bbox 1600 3524 1630 3578; x_wconf 93' lang='lat' dir='ltr'>in</span> <span class='ocrx_word' id='word_1_557' title='bbox 1642 3521 1705 3588; x_wconf 86' lang='lat' dir='ltr'>illis,</span> <span class='ocrx_word' id='word_1_558' title='bbox 1723 3520 1750 3575; x_wconf 92' lang='lat' dir='ltr'>id</span> <span class='ocrx_word' id='word_1_559' title='bbox 1765 3525 1810 3575; x_wconf 90' lang='lat' dir='ltr'>est</span> 
     </span>
    </p>
   </div>
   <div class='ocr_carea' id='block_1_6' title="bbox 81 3613 960 4130">
    <p class='ocr_par' dir='ltr' id='par_1_6' title="bbox 81 3613 960 4130">
     <span class='ocr_line' id='line_1_39' title="bbox 162 3613 958 3688; baseline 0 -18"><span class='ocrx_word' id='word_1_560' title='bbox 162 3621 214 3670; x_wconf 87' lang='lat' dir='ltr'>test</span> <span class='ocrx_word' id='word_1_561' title='bbox 227 3613 385 3687; x_wconf 85' lang='lat' dir='ltr'>pertingere</span> <span class='ocrx_word' id='word_1_562' title='bbox 400 3614 433 3668; x_wconf 90' lang='lat' dir='ltr'>ad</span> <span class='ocrx_word' id='word_1_563' title='bbox 444 3630 505 3671; x_wconf 91' lang='lat' dir='ltr'>eum</span> <span class='ocrx_word' id='word_1_564' title='bbox 520 3613 566 3687; x_wconf 92' lang='lat' dir='ltr'>qni</span> <span class='ocrx_word' id='word_1_565' title='bbox 581 3614 653 3670; x_wconf 90' lang='lat' dir='ltr'>intus</span> <span class='ocrx_word' id='word_1_566' title='bbox 671 3619 724 3671; x_wconf 89' lang='lat' dir='ltr'>est.</span> <span class='ocrx_word' id='word_1_567' title='bbox 744 3613 822 3674; x_wconf 86' lang='lat' dir='ltr'>Unde</span> <span class='ocrx_word' id='word_1_568' title='bbox 836 3614 958 3688; x_wconf 87' lang='lat' dir='ltr'>Aposto-</span> 
     </span>
     <span class='ocr_line' id='line_1_40' title="bbox 156 3700 960 3776; baseline 0.002 -18"><span class='ocrx_word' id='word_1_569' title='bbox 156 3703 203 3758; x_wconf 91' lang='lat' dir='ltr'>lns</span> <span class='ocrx_word' id='word_1_570' title='bbox 215 3703 243 3758; x_wconf 88' lang='lat' dir='ltr'>in</span> <span class='ocrx_word' id='word_1_571' title='bbox 258 3700 385 3773; x_wconf 81' lang='lat' dir='ltr'>squalore</span> <span class='ocrx_word' id='word_1_572' title='bbox 399 3702 521 3774; x_wconf 89' lang='lat' dir='ltr'>corporis</span> <span class='ocrx_word' id='word_1_573' title='bbox 533 3704 630 3773; x_wconf 74' lang='lat' dir='ltr'>iacens</span> <span class='ocrx_word' id='word_1_574' title='bbox 644 3708 672 3758; x_wconf 89' lang='lat' dir='ltr'>ct</span> <span class='ocrx_word' id='word_1_575' title='bbox 691 3702 821 3769; x_wconf 84' lang='lat' dir='ltr'>vinculis,</span> <span class='ocrx_word' id='word_1_576' title='bbox 836 3715 864 3758; x_wconf 90' lang='lat' dir='ltr'>et</span> <span class='ocrx_word' id='word_1_577' title='bbox 876 3718 960 3776; x_wconf 92' lang='lat' dir='ltr'>quan·</span> 
     </span>
     <span class='ocr_line' id='line_1_41' title="bbox 161 3789 956 3865; baseline -0.001 -17"><span class='ocrx_word' id='word_1_578' title='bbox 161 3799 218 3848; x_wconf 90' lang='lat' dir='ltr'>tum</span> <span class='ocrx_word' id='word_1_579' title='bbox 240 3789 277 3847; x_wconf 90' lang='lat' dir='ltr'>ad</span> <span class='ocrx_word' id='word_1_580' title='bbox 300 3804 402 3862; x_wconf 87' lang='lat' dir='ltr'>corpus</span> <span class='ocrx_word' id='word_1_581' title='bbox 424 3789 597 3846; x_wconf 85' lang='lat' dir='ltr'>tribulatione</span> <span class='ocrx_word' id='word_1_582' title='bbox 620 3797 766 3848; x_wconf 90' lang='lat' dir='ltr'>coronatus</span> <span class='ocrx_word' id='word_1_583' title='bbox 788 3798 815 3848; x_wconf 89' lang='lat' dir='ltr'>et</span> <span class='ocrx_word' id='word_1_584' title='bbox 833 3791 956 3865; x_wconf 90' lang='lat' dir='ltr'>miseria,</span> 
     </span>
     <span class='ocr_line' id='line_1_42' title="bbox 81 3878 959 3953; baseline 0.002 -15"><span class='ocrx_word' id='word_1_585' title='bbox 81 3946 86 3953; x_wconf 49' lang='grc'><strong>,</strong></span> <span class='ocrx_word' id='word_1_586' title='bbox 161 3881 286 3939; x_wconf 84' lang='lat' dir='ltr'>scribens</span> <span class='ocrx_word' id='word_1_587' title='bbox 307 3878 464 3951; x_wconf 86' lang='lat' dir='ltr'>discipulis:</span> <span class='ocrx_word' id='word_1_588' title='bbox 488 3881 616 3948; x_wconf 81' lang='lat' dir='ltr'>ldittum,</span> <span class='ocrx_word' id='word_1_589' title='bbox 631 3879 733 3952; x_wconf 88' lang='lat' dir='ltr'>inquit,</span> <span class='ocrx_word' id='word_1_590' title='bbox 755 3880 849 3938; x_wconf 83' lang='lat' dir='ltr'>udum</span> <span class='ocrx_word' id='word_1_591' title='bbox 871 3883 959 3940; x_wconf 80' lang='lat' dir='ltr'>limo·</span> 
     </span>
     <span class='ocr_line' id='line_1_43' title="bbox 163 3970 957 4045; baseline 0.003 -19"><span class='ocrx_word' id='word_1_592' title='bbox 163 3970 484 4042; x_wconf 64' lang='lat' dir='ltr'>thesmutaeiotAquae</span> <span class='ocrx_word' id='word_1_593' title='bbox 492 3970 957 4045; x_wconf 74' lang='lat' dir='ltr'>circumcsuut.(Pbitipp.ll,23).</span> 
     </span>
     <span class='ocr_line' id='line_1_44' title="bbox 165 4058 959 4130; baseline 0.001 -14"><span class='ocrx_word' id='word_1_594' title='bbox 165 4061 232 4130; x_wconf 82' lang='lat' dir='ltr'>Quae</span> <span class='ocrx_word' id='word_1_595' title='bbox 244 4059 375 4116; x_wconf 72' lang='lat' dir='ltr'>streame</span> <span class='ocrx_word' id='word_1_596' title='bbox 385 4067 466 4128; x_wconf 80' lang='lat' dir='ltr'>suut,</span> <span class='ocrx_word' id='word_1_597' title='bbox 477 4058 578 4130; x_wconf 90' lang='lat' dir='ltr'>inquit;</span> <span class='ocrx_word' id='word_1_598' title='bbox 594 4058 619 4114; x_wconf 88' lang='lat' dir='ltr'>id</span> <span class='ocrx_word' id='word_1_599' title='bbox 633 4065 684 4127; x_wconf 89' lang='lat' dir='ltr'>est,</span> <span class='ocrx_word' id='word_1_600' title='bbox 696 4058 724 4114; x_wconf 91' lang='lat' dir='ltr'>in</span> <span class='ocrx_word' id='word_1_601' title='bbox 733 4058 862 4116; x_wconf 85' lang='lat' dir='ltr'>exteriori</span> <span class='ocrx_word' id='word_1_602' title='bbox 871 4060 959 4117; x_wconf 87' lang='lat' dir='ltr'>bomi-</span> 
     </span>
    </p>
   </div>
   <div class='ocr_carea' id='block_1_7' title="bbox 1011 3606 1810 4127">
    <p class='ocr_par' dir='ltr' id='par_1_7' title="bbox 1011 3606 1810 4127">
     <span class='ocr_line' id='line_1_45' title="bbox 1012 3606 1809 3690; baseline -0.015 -14"><span class='ocrx_word' id='word_1_603' title='bbox 1012 3619 1083 3676; x_wconf 91' lang='lat' dir='ltr'>intra</span> <span class='ocrx_word' id='word_1_604' title='bbox 1097 3616 1272 3690; x_wconf 87' lang='lat' dir='ltr'>semetipsos.</span> <span class='ocrx_word' id='word_1_605' title='bbox 1298 3616 1371 3673; x_wconf 85' lang='lat' dir='ltr'>Deus</span> <span class='ocrx_word' id='word_1_606' title='bbox 1386 3616 1457 3672; x_wconf 89' lang='lat' dir='ltr'>enirn</span> <span class='ocrx_word' id='word_1_607' title='bbox 1472 3615 1523 3671; x_wconf 87' lang='lat' dir='ltr'>illis</span> <span class='ocrx_word' id='word_1_608' title='bbox 1537 3610 1664 3670; x_wconf 81' lang='lat' dir='ltr'>revelavit</span> <span class='ocrx_word' id='word_1_609' title='bbox 1675 3628 1683 3683; x_wconf 80' lang='lat'><em>3</em></span> <span class='ocrx_word' id='word_1_610' title='bbox 1696 3608 1759 3682; x_wconf 92' lang='lat' dir='ltr'>quia</span> <span class='ocrx_word' id='word_1_611' title='bbox 1768 3606 1809 3664; x_wconf 86' lang='lat' dir='ltr'>sie</span> 
     </span>
     <span class='ocr_line' id='line_1_46' title="bbox 1012 3699 1807 3778; baseline -0.016 -12"><span class='ocrx_word' id='word_1_612' title='bbox 1012 3723 1061 3766; x_wconf 91' lang='lat' dir='ltr'>eos</span> <span class='ocrx_word' id='word_1_613' title='bbox 1075 3706 1194 3773; x_wconf 82' lang='lat' dir='ltr'>creavit,</span> <span class='ocrx_word' id='word_1_614' title='bbox 1208 3705 1280 3761; x_wconf 90' lang='lat' dir='ltr'>utin</span> <span class='ocrx_word' id='word_1_615' title='bbox 1301 3705 1398 3778; x_wconf 87' lang='lat' dir='ltr'>seipsis</span> <span class='ocrx_word' id='word_1_616' title='bbox 1420 3704 1552 3769; x_wconf 81' lang='lat' dir='ltr'>habeant,</span> <span class='ocrx_word' id='word_1_617' title='bbox 1568 3701 1642 3758; x_wconf 93' lang='lat' dir='ltr'>unde</span> <span class='ocrx_word' id='word_1_618' title='bbox 1660 3699 1747 3754; x_wconf 85' lang='lat' dir='ltr'>Deum</span> <span class='ocrx_word' id='word_1_619' title='bbox 1758 3711 1807 3754; x_wconf 90' lang='lat' dir='ltr'>oo·</span> 
     </span>
     <span class='ocr_line' id='line_1_47' title="bbox 1011 3784 1808 3870; baseline -0.015 -18"><span class='ocrx_word' id='word_1_620' title='bbox 1011 3802 1155 3870; x_wconf 57' lang='lat' dir='ltr'>poscent.</span> <span class='ocrx_word' id='word_1_621' title='bbox 1177 3794 1298 3866; x_wconf 88' lang='lat' dir='ltr'>Surgunt</span> <span class='ocrx_word' id='word_1_622' title='bbox 1311 3793 1383 3850; x_wconf 89' lang='lat' dir='ltr'>euim</span> <span class='ocrx_word' id='word_1_623' title='bbox 1393 3792 1429 3849; x_wconf 91' lang='lat' dir='ltr'>de</span> <span class='ocrx_word' id='word_1_624' title='bbox 1443 3792 1532 3849; x_wconf 89' lang='lat' dir='ltr'>ethica</span> <span class='ocrx_word' id='word_1_625' title='bbox 1551 3790 1642 3846; x_wconf 85' lang='lat' dir='ltr'>suain</span> <span class='ocrx_word' id='word_1_626' title='bbox 1662 3784 1808 3862; x_wconf 80' lang='lat' dir='ltr'>quamdam</span> 
     </span>
     <span class='ocr_line' id='line_1_48' title="bbox 1012 3876 1807 3958; baseline -0.016 -17"><span class='ocrx_word' id='word_1_627' title='bbox 1012 3883 1162 3958; x_wconf 79' lang='lat' dir='ltr'>physicam,</span> <span class='ocrx_word' id='word_1_628' title='bbox 1178 3889 1206 3938; x_wconf 93' lang='lat' dir='ltr'>et</span> <span class='ocrx_word' id='word_1_629' title='bbox 1220 3881 1362 3938; x_wconf 84' lang='lat' dir='ltr'>inuisibilia</span> <span class='ocrx_word' id='word_1_630' title='bbox 1383 3880 1442 3947; x_wconf 83' lang='lat' dir='ltr'>ltei,</span> <span class='ocrx_word' id='word_1_631' title='bbox 1457 3896 1508 3952; x_wconf 90' lang='lat' dir='ltr'>per</span> <span class='ocrx_word' id='word_1_632' title='bbox 1523 3895 1556 3935; x_wconf 92' lang='lat' dir='ltr'>ea</span> <span class='ocrx_word' id='word_1_633' title='bbox 1570 3893 1630 3950; x_wconf 84' lang='lat' dir='ltr'>quae</span> <span class='ocrx_word' id='word_1_634' title='bbox 1645 3876 1716 3932; x_wconf 80' lang='lat' dir='ltr'>tacu</span> <span class='ocrx_word' id='word_1_635' title='bbox 1730 3878 1807 3942; x_wconf 90' lang='lat' dir='ltr'>aunt,</span> 
     </span>
     <span class='ocr_line' id='line_1_49' title="bbox 1012 3960 1810 4043; baseline -0.014 -13"><span class='ocrx_word' id='word_1_636' title='bbox 1012 3972 1151 4030; x_wconf 89' lang='lat' dir='ltr'>intellecta</span> <span class='ocrx_word' id='word_1_637' title='bbox 1164 3969 1343 4043; x_wconf 89' lang='lat' dir='ltr'>conspiciunt,</span> <span class='ocrx_word' id='word_1_638' title='bbox 1360 3967 1554 4039; x_wconf 89' lang='lat' dir='ltr'>sempiternam</span> <span class='ocrx_word' id='word_1_639' title='bbox 1564 3980 1674 4039; x_wconf 90' lang='lat' dir='ltr'>qnoque</span> <span class='ocrx_word' id='word_1_640' title='bbox 1688 3960 1810 4033; x_wconf 74' lang='lat' dir='ltr'>ejusm-</span> 
     </span>
     <span class='ocr_line' id='line_1_50' title="bbox 1013 4046 1810 4127; baseline -0.016 -9"><span class='ocrx_word' id='word_1_641' title='bbox 1013 4067 1098 4118; x_wconf 92' lang='lat' dir='ltr'>tutem</span> <span class='ocrx_word' id='word_1_642' title='bbox 1111 4068 1139 4116; x_wconf 90' lang='lat' dir='ltr'>et</span> <span class='ocrx_word' id='word_1_643' title='bbox 1154 4057 1335 4127; x_wconf 67' lang='lat' dir='ltr'>divinitatem</span> <span class='ocrx_word' id='word_1_644' title='bbox 1352 4057 1389 4113; x_wconf 87' lang='lat' dir='ltr'>ita</span> <span class='ocrx_word' id='word_1_645' title='bbox 1401 4064 1431 4113; x_wconf 92' lang='lat' dir='ltr'>ut</span> <span class='ocrx_word' id='word_1_646' title='bbox 1445 4055 1498 4113; x_wconf 91' lang='lat' dir='ltr'>sint</span> <span class='ocrx_word' id='word_1_647' title='bbox 1513 4052 1729 4112; x_wconf 86' lang='lat' dir='ltr'>inexcusabiles:</span> <span class='ocrx_word' id='word_1_648' title='bbox 1745 4046 1810 4124; x_wconf 85' lang='lat' dir='ltr'>quia</span> 
     </span>
    </p>
   </div>
   <div class='ocr_carea' id='block_1_8' title="bbox 154 4140 1826 5558">
    <p class='ocr_par' dir='ltr' id='par_1_8' title="bbox 161 4140 1812 4310">
     <span class='ocr_line' id='line_1_51' title="bbox 162 4140 1809 4222; baseline -0.005 -19"><span class='ocrx_word' id='word_1_649' title='bbox 162 4163 210 4215; x_wconf 90' lang='lat' dir='ltr'>ne,</span> <span class='ocrx_word' id='word_1_650' title='bbox 221 4146 250 4203; x_wconf 92' lang='lat' dir='ltr'>in</span> <span class='ocrx_word' id='word_1_651' title='bbox 264 4144 393 4203; x_wconf 87' lang='lat' dir='ltr'>exteriori</span> <span class='ocrx_word' id='word_1_652' title='bbox 412 4145 503 4203; x_wconf 78' lang='lat' dir='ltr'>tunice</span> <span class='ocrx_word' id='word_1_653' title='bbox 517 4145 615 4216; x_wconf 82' lang='lat' dir='ltr'>cernis,</span> <span class='ocrx_word' id='word_1_654' title='bbox 630 4160 692 4220; x_wconf 72' lang='lat' dir='ltr'>qnae</span> <span class='ocrx_word' id='word_1_655' title='bbox 707 4146 741 4203; x_wconf 91' lang='lat' dir='ltr'>ad</span> <span class='ocrx_word' id='word_1_656' title='bbox 755 4163 809 4214; x_wconf 89' lang='lat' dir='ltr'>me,</span> <span class='ocrx_word' id='word_1_657' title='bbox 826 4147 873 4222; x_wconf 93' lang='lat' dir='ltr'>qui</span> <span class='ocrx_word' id='word_1_658' title='bbox 885 4148 958 4204; x_wconf 90' lang='lat' dir='ltr'>intus</span> <span class='ocrx_word' id='word_1_659' title='bbox 1013 4148 1138 4206; x_wconf 87' lang='lat' dir='ltr'>videlicet</span> <span class='ocrx_word' id='word_1_660' title='bbox 1155 4148 1251 4205; x_wconf 90' lang='lat' dir='ltr'>nolunt</span> <span class='ocrx_word' id='word_1_661' title='bbox 1260 4147 1373 4203; x_wconf 88' lang='lat' dir='ltr'>ulterius</span> <span class='ocrx_word' id='word_1_662' title='bbox 1382 4145 1533 4217; x_wconf 87' lang='lat' dir='ltr'>procedere</span> <span class='ocrx_word' id='word_1_663' title='bbox 1547 4144 1589 4201; x_wconf 86' lang='lat' dir='ltr'>vel</span> <span class='ocrx_word' id='word_1_664' title='bbox 1603 4140 1739 4215; x_wconf 85' lang='lat' dir='ltr'>prolicere</span> <span class='ocrx_word' id='word_1_665' title='bbox 1748 4154 1809 4196; x_wconf 83' lang='lat' dir='ltr'>cnut</span> 
     </span>
     <span class='ocr_line' id='line_1_52' title="bbox 161 4231 1812 4310; baseline -0.005 -17"><span class='ocrx_word' id='word_1_666' title='bbox 161 4253 232 4304; x_wconf 88' lang='lat' dir='ltr'>sum,</span> <span class='ocrx_word' id='word_1_667' title='bbox 248 4251 303 4292; x_wconf 91' lang='lat' dir='ltr'>non</span> <span class='ocrx_word' id='word_1_668' title='bbox 317 4232 487 4309; x_wconf 80' lang='lat' dir='ltr'>pertingunt.</span> <span class='ocrx_word' id='word_1_669' title='bbox 1013 4234 1380 4310; x_wconf 75' lang='lat' dir='ltr'>possint,invcrarnscillicet</span> <span class='ocrx_word' id='word_1_670' title='bbox 1390 4231 1812 4310; x_wconf 78' lang='lat' dir='ltr'>theologiamzquiucumcogno·</span> 
     </span>
    </p>

    <p class='ocr_par' dir='ltr' id='par_1_9' title="bbox 154 4317 1826 5558">
     <span class='ocr_line' id='line_1_53' title="bbox 198 4317 1810 4398; baseline -0.006 -16"><span class='ocrx_word' id='word_1_671' title='bbox 198 4328 242 4383; x_wconf 84' lang='grc'>39.</span> <span class='ocrx_word' id='word_1_672' title='bbox 257 4326 322 4382; x_wconf 82' lang='lat' dir='ltr'>Haee</span> <span class='ocrx_word' id='word_1_673' title='bbox 336 4332 378 4382; x_wconf 86' lang='lat' dir='ltr'>eat</span> <span class='ocrx_word' id='word_1_674' title='bbox 391 4322 523 4396; x_wconf 86' lang='lat' dir='ltr'>sapientia</span> <span class='ocrx_word' id='word_1_675' title='bbox 536 4323 572 4380; x_wconf 89' lang='lat' dir='ltr'>de</span> <span class='ocrx_word' id='word_1_676' title='bbox 585 4339 639 4398; x_wconf 88' lang='lat' dir='ltr'>qua</span> <span class='ocrx_word' id='word_1_677' title='bbox 657 4320 721 4381; x_wconf 92' lang='lat' dir='ltr'>dicit</span> <span class='ocrx_word' id='word_1_678' title='bbox 735 4325 892 4398; x_wconf 86' lang='lat' dir='ltr'>Apostolos,</span> <span class='ocrx_word' id='word_1_679' title='bbox 904 4328 956 4386; x_wconf 86' lang='lat' dir='ltr'>Su-</span> <span class='ocrx_word' id='word_1_680' title='bbox 1011 4327 1206 4392; x_wconf 81' lang='lat' dir='ltr'>serintDeum,</span> <span class='ocrx_word' id='word_1_681' title='bbox 1219 4341 1274 4383; x_wconf 92' lang='lat' dir='ltr'>non</span> <span class='ocrx_word' id='word_1_682' title='bbox 1290 4324 1361 4381; x_wconf 86' lang='lat' dir='ltr'>siout</span> <span class='ocrx_word' id='word_1_683' title='bbox 1371 4325 1455 4380; x_wconf 85' lang='lat' dir='ltr'>Deum</span> <span class='ocrx_word' id='word_1_684' title='bbox 1468 4321 1629 4395; x_wconf 80' lang='lat' dir='ltr'>glorificant,</span> <span class='ocrx_word' id='word_1_685' title='bbox 1649 4326 1695 4374; x_wconf 91' lang='lat' dir='ltr'>ant</span> <span class='ocrx_word' id='word_1_686' title='bbox 1707 4317 1810 4391; x_wconf 76' lang='lat' dir='ltr'>gratias</span> 
     </span>
     <span class='ocr_line' id='line_1_54' title="bbox 158 4405 1811 4491; baseline -0.008 -18"><span class='ocrx_word' id='word_1_687' title='bbox 158 4418 301 4491; x_wconf 82' lang='lat' dir='ltr'>pientiam</span> <span class='ocrx_word' id='word_1_688' title='bbox 311 4414 455 4489; x_wconf 80' lang='lat' dir='ltr'>loquimur</span> <span class='ocrx_word' id='word_1_689' title='bbox 464 4413 804 4488; x_wconf 67' lang='lat' dir='ltr'>interpersectcrmequa</span> <span class='ocrx_word' id='word_1_690' title='bbox 813 4415 852 4472; x_wconf 88' lang='lat' dir='ltr'>sic</span> <span class='ocrx_word' id='word_1_691' title='bbox 861 4415 958 4473; x_wconf 87' lang='lat' dir='ltr'>noslo-</span> <span class='ocrx_word' id='word_1_692' title='bbox 1011 4423 1109 4490; x_wconf 79' lang='lat' dir='ltr'>egunt3</span> <span class='ocrx_word' id='word_1_693' title='bbox 1125 4415 1173 4471; x_wconf 91' lang='lat' dir='ltr'>sed</span> <span class='ocrx_word' id='word_1_694' title='bbox 1188 4421 1352 4470; x_wconf 83' lang='lat' dir='ltr'>evanescunt</span> <span class='ocrx_word' id='word_1_695' title='bbox 1365 4412 1393 4467; x_wconf 89' lang='lat' dir='ltr'>in</span> <span class='ocrx_word' id='word_1_696' title='bbox 1406 4408 1614 4484; x_wconf 88' lang='lat' dir='ltr'>cogitationibus</span> <span class='ocrx_word' id='word_1_697' title='bbox 1624 4405 1692 4479; x_wconf 89' lang='lat' dir='ltr'>suis,</span> <span class='ocrx_word' id='word_1_698' title='bbox 1707 4412 1735 4463; x_wconf 91' lang='lat' dir='ltr'>et</span> <span class='ocrx_word' id='word_1_699' title='bbox 1748 4405 1811 4461; x_wconf 90' lang='lat' dir='ltr'>obs·</span> 
     </span>
     <span class='ocr_line' id='line_1_55' title="bbox 161 4491 1808 4578; baseline -0.008 -17"><span class='ocrx_word' id='word_1_700' title='bbox 161 4502 282 4578; x_wconf 91' lang='lat' dir='ltr'>quimur,</span> <span class='ocrx_word' id='word_1_701' title='bbox 311 4503 381 4560; x_wconf 90' lang='lat' dir='ltr'>sicut</span> <span class='ocrx_word' id='word_1_702' title='bbox 404 4503 450 4576; x_wconf 91' lang='lat' dir='ltr'>qui</span> <span class='ocrx_word' id='word_1_703' title='bbox 463 4500 613 4560; x_wconf 81' lang='lat' dir='ltr'>audivimus</span> <span class='ocrx_word' id='word_1_704' title='bbox 633 4507 661 4559; x_wconf 91' lang='lat' dir='ltr'>et</span> <span class='ocrx_word' id='word_1_705' title='bbox 674 4518 729 4559; x_wconf 90' lang='lat' dir='ltr'>non</span> <span class='ocrx_word' id='word_1_706' title='bbox 742 4502 959 4578; x_wconf 79' lang='lat' dir='ltr'>vidimuszsicut</span> <span class='ocrx_word' id='word_1_707' title='bbox 1010 4512 1121 4564; x_wconf 90' lang='lat' dir='ltr'>curatur</span> <span class='ocrx_word' id='word_1_708' title='bbox 1143 4502 1275 4576; x_wconf 87' lang='lat' dir='ltr'>insipiens</span> <span class='ocrx_word' id='word_1_709' title='bbox 1290 4517 1338 4559; x_wconf 89' lang='lat' dir='ltr'>cor</span> <span class='ocrx_word' id='word_1_710' title='bbox 1360 4516 1454 4558; x_wconf 87' lang='lat' dir='ltr'>eorum</span> <span class='ocrx_word' id='word_1_711' title='bbox 1467 4517 1474 4556; x_wconf 76' lang='grc' dir='ltr'><strong>ε</strong></span> <span class='ocrx_word' id='word_1_712' title='bbox 1486 4499 1610 4555; x_wconf 90' lang='lat' dir='ltr'>dicentes</span> <span class='ocrx_word' id='word_1_713' title='bbox 1627 4492 1716 4553; x_wconf 66' lang='grc' dir='ltr'><strong><em>Μ</em></strong></span> <span class='ocrx_word' id='word_1_714' title='bbox 1735 4491 1808 4549; x_wconf 89' lang='lat' dir='ltr'>enim</span> 
     </span>
     <span class='ocr_line' id='line_1_56' title="bbox 158 4581 1809 4667; baseline -0.007 -18"><span class='ocrx_word' id='word_1_715' title='bbox 158 4594 334 4667; x_wconf 89' lang='lat' dir='ltr'>loqueremur</span> <span class='ocrx_word' id='word_1_716' title='bbox 354 4593 389 4649; x_wconf 85' lang='lat' dir='ltr'>dc</span> <span class='ocrx_word' id='word_1_717' title='bbox 403 4591 494 4665; x_wconf 89' lang='lat' dir='ltr'>aliqua</span> <span class='ocrx_word' id='word_1_718' title='bbox 515 4590 634 4660; x_wconf 72' lang='lat' dir='ltr'>civimte,</span> <span class='ocrx_word' id='word_1_719' title='bbox 658 4607 739 4666; x_wconf 83' lang='lat' dir='ltr'>quern</span> <span class='ocrx_word' id='word_1_720' title='bbox 752 4606 809 4650; x_wconf 90' lang='lat' dir='ltr'>non</span> <span class='ocrx_word' id='word_1_721' title='bbox 830 4593 958 4662; x_wconf 82' lang='lat' dir='ltr'>vidimus,</span> <span class='ocrx_word' id='word_1_722' title='bbox 1011 4612 1041 4652; x_wconf 90' lang='lat' dir='ltr'>se</span> <span class='ocrx_word' id='word_1_723' title='bbox 1051 4609 1112 4651; x_wconf 87' lang='lat' dir='ltr'>ease</span> <span class='ocrx_word' id='word_1_724' title='bbox 1126 4592 1272 4665; x_wconf 87' lang='lat' dir='ltr'>sapientes,</span> <span class='ocrx_word' id='word_1_725' title='bbox 1292 4590 1365 4646; x_wconf 90' lang='lat' dir='ltr'>stulti</span> <span class='ocrx_word' id='word_1_726' title='bbox 1380 4588 1443 4645; x_wconf 81' lang='lat' dir='ltr'>tacti</span> <span class='ocrx_word' id='word_1_727' title='bbox 1457 4594 1533 4645; x_wconf 85' lang='lat' dir='ltr'>sunt.</span> <span class='ocrx_word' id='word_1_728' title='bbox 1544 4587 1578 4643; x_wconf 81' lang='lat' dir='ltr'>Et</span> <span class='ocrx_word' id='word_1_729' title='bbox 1591 4585 1638 4657; x_wconf 92' lang='lat' dir='ltr'>qui</span> <span class='ocrx_word' id='word_1_730' title='bbox 1647 4581 1809 4655; x_wconf 79' lang='lat' dir='ltr'>theologiam</span> 
     </span>
     <span class='ocr_line' id='line_1_57' title="bbox 160 4668 1808 4756; baseline -0.008 -17"><span class='ocrx_word' id='word_1_731' title='bbox 160 4682 209 4739; x_wconf 85' lang='lat' dir='ltr'>sed</span> <span class='ocrx_word' id='word_1_732' title='bbox 224 4680 339 4752; x_wconf 85' lang='lat' dir='ltr'>plurima</span> <span class='ocrx_word' id='word_1_733' title='bbox 362 4681 396 4736; x_wconf 85' lang='lat' dir='ltr'>de</span> <span class='ocrx_word' id='word_1_734' title='bbox 415 4695 447 4736; x_wconf 84' lang='lat' dir='ltr'>cn</span> <span class='ocrx_word' id='word_1_735' title='bbox 470 4680 621 4737; x_wconf 85' lang='lat' dir='ltr'>audivimus</span> <span class='ocrx_word' id='word_1_736' title='bbox 637 4699 645 4750; x_wconf 82' lang='lat'><em>3</em></span> <span class='ocrx_word' id='word_1_737' title='bbox 665 4681 700 4739; x_wconf 89' lang='lat' dir='ltr'>de</span> <span class='ocrx_word' id='word_1_738' title='bbox 715 4696 768 4755; x_wconf 85' lang='lat' dir='ltr'>qua</span> <span class='ocrx_word' id='word_1_739' title='bbox 782 4680 828 4756; x_wconf 90' lang='lat' dir='ltr'>qui</span> <span class='ocrx_word' id='word_1_740' title='bbox 846 4681 959 4740; x_wconf 82' lang='lat' dir='ltr'>vidisset</span> <span class='ocrx_word' id='word_1_741' title='bbox 1012 4682 1175 4756; x_wconf 90' lang='lat' dir='ltr'>insipienter</span> <span class='ocrx_word' id='word_1_742' title='bbox 1189 4680 1384 4753; x_wconf 88' lang='lat' dir='ltr'>perdiderunt,</span> <span class='ocrx_word' id='word_1_743' title='bbox 1395 4677 1476 4734; x_wconf 89' lang='lat' dir='ltr'>ctiam</span> <span class='ocrx_word' id='word_1_744' title='bbox 1491 4676 1526 4732; x_wconf 91' lang='lat' dir='ltr'>de</span> <span class='ocrx_word' id='word_1_745' title='bbox 1544 4672 1655 4749; x_wconf 74' lang='lat' dir='ltr'>physica</span> <span class='ocrx_word' id='word_1_746' title='bbox 1664 4668 1808 4728; x_wconf 87' lang='lat' dir='ltr'>miserabi-</span> 
     </span>
     <span class='ocr_line' id='line_1_58' title="bbox 160 4757 1810 4844; baseline -0.007 -18"><span class='ocrx_word' id='word_1_747' title='bbox 160 4771 241 4844; x_wconf 85' lang='lat' dir='ltr'>longe</span> <span class='ocrx_word' id='word_1_748' title='bbox 255 4768 335 4826; x_wconf 88' lang='lat' dir='ltr'>aliter</span> <span class='ocrx_word' id='word_1_749' title='bbox 347 4767 521 4843; x_wconf 90' lang='lat' dir='ltr'>loqueretur,</span> <span class='ocrx_word' id='word_1_750' title='bbox 541 4776 570 4826; x_wconf 88' lang='lat' dir='ltr'>et</span> <span class='ocrx_word' id='word_1_751' title='bbox 582 4770 753 4842; x_wconf 85' lang='lat' dir='ltr'>expressius.</span> <span class='ocrx_word' id='word_1_752' title='bbox 782 4771 846 4828; x_wconf 77' lang='lat' dir='ltr'>lirae</span> <span class='ocrx_word' id='word_1_753' title='bbox 868 4781 958 4830; x_wconf 87' lang='lat' dir='ltr'>antem</span> <span class='ocrx_word' id='word_1_754' title='bbox 1010 4773 1072 4830; x_wconf 90' lang='lat' dir='ltr'>liter</span> <span class='ocrx_word' id='word_1_755' title='bbox 1085 4772 1201 4836; x_wconf 87' lang='lat' dir='ltr'>cadunt,</span> <span class='ocrx_word' id='word_1_756' title='bbox 1216 4784 1277 4826; x_wconf 87' lang='lat' dir='ltr'>cum</span> <span class='ocrx_word' id='word_1_757' title='bbox 1291 4766 1406 4841; x_wconf 91' lang='lat' dir='ltr'>gloriam</span> <span class='ocrx_word' id='word_1_758' title='bbox 1417 4771 1522 4822; x_wconf 90' lang='lat' dir='ltr'>mutant</span> <span class='ocrx_word' id='word_1_759' title='bbox 1532 4759 1743 4832; x_wconf 90' lang='lat' dir='ltr'>incorruptibilis</span> <span class='ocrx_word' id='word_1_760' title='bbox 1756 4757 1810 4816; x_wconf 83' lang='lat' dir='ltr'>Dei</span> 
     </span>
     <span class='ocr_line' id='line_1_59' title="bbox 160 4846 1809 4932; baseline -0.008 -15"><span class='ocrx_word' id='word_1_761' title='bbox 160 4856 293 4932; x_wconf 84' lang='lat' dir='ltr'>sapientia</span> <span class='ocrx_word' id='word_1_762' title='bbox 310 4857 463 4931; x_wconf 84' lang='lat' dir='ltr'>oppositam</span> <span class='ocrx_word' id='word_1_763' title='bbox 484 4857 536 4914; x_wconf 90' lang='lat' dir='ltr'>sibi</span> <span class='ocrx_word' id='word_1_764' title='bbox 550 4873 584 4914; x_wconf 85' lang='lat' dir='ltr'>ex</span> <span class='ocrx_word' id='word_1_765' title='bbox 597 4857 713 4916; x_wconf 82' lang='lat' dir='ltr'>adverso</span> <span class='ocrx_word' id='word_1_766' title='bbox 726 4857 806 4914; x_wconf 84' lang='lat' dir='ltr'>alium</span> <span class='ocrx_word' id='word_1_767' title='bbox 819 4859 902 4916; x_wconf 88' lang='lat' dir='ltr'>babet</span> <span class='ocrx_word' id='word_1_768' title='bbox 912 4860 957 4915; x_wconf 87' lang='lat' dir='ltr'>in·</span> <span class='ocrx_word' id='word_1_769' title='bbox 1010 4862 1038 4917; x_wconf 87' lang='lat' dir='ltr'>in</span> <span class='ocrx_word' id='word_1_770' title='bbox 1066 4856 1268 4917; x_wconf 88' lang='lat' dir='ltr'>similitudinem</span> <span class='ocrx_word' id='word_1_771' title='bbox 1291 4853 1420 4932; x_wconf 89' lang='lat' dir='ltr'>imaginis</span> <span class='ocrx_word' id='word_1_772' title='bbox 1441 4848 1625 4927; x_wconf 89' lang='lat' dir='ltr'>corruptibilis</span> <span class='ocrx_word' id='word_1_773' title='bbox 1635 4846 1764 4917; x_wconf 86' lang='lat' dir='ltr'>bominis,</span> <span class='ocrx_word' id='word_1_774' title='bbox 1780 4855 1809 4905; x_wconf 87' lang='lat' dir='ltr'>et</span> 
     </span>
     <span class='ocr_line' id='line_1_60' title="bbox 160 4939 1810 5018; baseline -0.007 -15"><span class='ocrx_word' id='word_1_775' title='bbox 160 4946 242 5005; x_wconf 81' lang='lat' dir='ltr'>fausti</span> <span class='ocrx_word' id='word_1_776' title='bbox 267 4944 384 5002; x_wconf 89' lang='lat' dir='ltr'>nominis</span> <span class='ocrx_word' id='word_1_777' title='bbox 407 4943 567 5018; x_wconf 84' lang='lat' dir='ltr'>sapientiam</span> <span class='ocrx_word' id='word_1_778' title='bbox 597 4944 692 5017; x_wconf 88' lang='lat' dir='ltr'>(quam</span> <span class='ocrx_word' id='word_1_779' title='bbox 715 4944 782 5004; x_wconf 87' lang='lat' dir='ltr'>dicit</span> <span class='ocrx_word' id='word_1_780' title='bbox 812 4947 958 5018; x_wconf 78' lang='lat' dir='ltr'>Apostolus</span> <span class='ocrx_word' id='word_1_781' title='bbox 1010 4948 1159 5017; x_wconf 84' lang='lat' dir='ltr'>uolucrum,</span> <span class='ocrx_word' id='word_1_782' title='bbox 1174 4952 1202 5002; x_wconf 89' lang='lat' dir='ltr'>et</span> <span class='ocrx_word' id='word_1_783' title='bbox 1221 4943 1439 5017; x_wconf 89' lang='lat' dir='ltr'>quadrupedum,</span> <span class='ocrx_word' id='word_1_784' title='bbox 1453 4949 1481 4997; x_wconf 90' lang='lat' dir='ltr'>et</span> <span class='ocrx_word' id='word_1_785' title='bbox 1495 4947 1664 5014; x_wconf 85' lang='lat' dir='ltr'>serpentum.</span> <span class='ocrx_word' id='word_1_786' title='bbox 1692 4939 1810 5010; x_wconf 86' lang='lat' dir='ltr'>Propter</span> 
     </span>
     <span class='ocr_line' id='line_1_61' title="bbox 157 5025 1806 5113; baseline -0.009 -18"><span class='ocrx_word' id='word_1_787' title='bbox 157 5037 323 5113; x_wconf 65' lang='lat' dir='ltr'>principum</span> <span class='ocrx_word' id='word_1_788' title='bbox 336 5033 422 5108; x_wconf 72' lang='lat' dir='ltr'>liujus</span> <span class='ocrx_word' id='word_1_789' title='bbox 436 5030 541 5092; x_wconf 80' lang='lat' dir='ltr'>muudi</span> <span class='ocrx_word' id='word_1_790' title='bbox 552 5032 578 5107; x_wconf 88' lang='lat' dir='ltr'>[l</span> <span class='ocrx_word' id='word_1_791' title='bbox 586 5035 648 5092; x_wconf 83' lang='lat' dir='ltr'>Cor.</span> <span class='ocrx_word' id='word_1_792' title='bbox 663 5033 696 5099; x_wconf 86' lang='lat' dir='ltr'>ll,</span> <span class='ocrx_word' id='word_1_793' title='bbox 708 5033 757 5108; x_wconf 69' lang='lat' dir='ltr'>tl),</span> <span class='ocrx_word' id='word_1_794' title='bbox 768 5033 956 5108; x_wconf 88' lang='lat' dir='ltr'>sieutnigrum</span> <span class='ocrx_word' id='word_1_795' title='bbox 1011 5037 1082 5111; x_wconf 92' lang='lat' dir='ltr'>quod</span> <span class='ocrx_word' id='word_1_796' title='bbox 1092 5051 1144 5092; x_wconf 90' lang='lat' dir='ltr'>nec</span> <span class='ocrx_word' id='word_1_797' title='bbox 1159 5034 1186 5091; x_wconf 89' lang='lat' dir='ltr'>in</span> <span class='ocrx_word' id='word_1_798' title='bbox 1202 5040 1295 5090; x_wconf 90' lang='lat' dir='ltr'>nostra</span> <span class='ocrx_word' id='word_1_799' title='bbox 1310 5033 1398 5090; x_wconf 88' lang='lat' dir='ltr'>etbiea</span> <span class='ocrx_word' id='word_1_800' title='bbox 1414 5045 1577 5105; x_wconf 78' lang='lat' dir='ltr'>permanere</span> <span class='ocrx_word' id='word_1_801' title='bbox 1598 5025 1806 5101; x_wconf 89' lang='lat' dir='ltr'>permittuntur,</span> 
     </span>
     <span class='ocr_line' id='line_1_62' title="bbox 159 5112 1808 5198; baseline -0.01 -14"><span class='ocrx_word' id='word_1_802' title='bbox 159 5125 231 5192; x_wconf 82' lang='lat' dir='ltr'>elbo,</span> <span class='ocrx_word' id='word_1_803' title='bbox 243 5126 312 5182; x_wconf 90' lang='lat' dir='ltr'>sicut</span> <span class='ocrx_word' id='word_1_804' title='bbox 327 5124 380 5181; x_wconf 88' lang='lat' dir='ltr'>luci</span> <span class='ocrx_word' id='word_1_805' title='bbox 393 5123 532 5194; x_wconf 84' lang='lat' dir='ltr'>tenebras,</span> <span class='ocrx_word' id='word_1_806' title='bbox 552 5122 587 5180; x_wconf 89' lang='lat' dir='ltr'>de</span> <span class='ocrx_word' id='word_1_807' title='bbox 602 5139 655 5196; x_wconf 91' lang='lat' dir='ltr'>qua</span> <span class='ocrx_word' id='word_1_808' title='bbox 678 5121 790 5188; x_wconf 87' lang='lat' dir='ltr'>dieitur,</span> <span class='ocrx_word' id='word_1_809' title='bbox 809 5125 956 5198; x_wconf 84' lang='lat' dir='ltr'>Sapientia</span> <span class='ocrx_word' id='word_1_810' title='bbox 1009 5125 1057 5182; x_wconf 88' lang='lat' dir='ltr'>sed</span> <span class='ocrx_word' id='word_1_811' title='bbox 1072 5123 1154 5180; x_wconf 82' lang='lat' dir='ltr'>trudit</span> <span class='ocrx_word' id='word_1_812' title='bbox 1168 5123 1229 5180; x_wconf 92' lang='lat' dir='ltr'>illos</span> <span class='ocrx_word' id='word_1_813' title='bbox 1240 5123 1315 5180; x_wconf 87' lang='lat' dir='ltr'>Deus</span> <span class='ocrx_word' id='word_1_814' title='bbox 1327 5120 1354 5178; x_wconf 92' lang='lat' dir='ltr'>in</span> <span class='ocrx_word' id='word_1_815' title='bbox 1370 5118 1507 5177; x_wconf 79' lang='lat' dir='ltr'>desideria</span> <span class='ocrx_word' id='word_1_816' title='bbox 1521 5116 1614 5175; x_wconf 87' lang='lat' dir='ltr'>cordis</span> <span class='ocrx_word' id='word_1_817' title='bbox 1635 5116 1765 5188; x_wconf 88' lang='lat' dir='ltr'>ipsoram,</span> <span class='ocrx_word' id='word_1_818' title='bbox 1778 5112 1808 5168; x_wconf 91' lang='lat' dir='ltr'>in</span> 
     </span>
     <span class='ocr_line' id='line_1_63' title="bbox 158 5191 1826 5287; baseline -0.008 -14"><span class='ocrx_word' id='word_1_819' title='bbox 158 5213 488 5287; x_wconf 63' lang='lat' dir='ltr'>vincttmntttiamffiap.</span> <span class='ocrx_word' id='word_1_820' title='bbox 499 5228 549 5280; x_wconf 84' lang='lat' dir='ltr'>ur,</span> <span class='ocrx_word' id='word_1_821' title='bbox 561 5212 617 5285; x_wconf 77' lang='lat' dir='ltr'>st).</span> <span class='ocrx_word' id='word_1_822' title='bbox 627 5210 865 5285; x_wconf 81' lang='lat' dir='ltr'>ltalitiusiqnidem</span> <span class='ocrx_word' id='word_1_823' title='bbox 874 5228 956 5284; x_wconf 90' lang='lat' dir='ltr'>sapor</span> <span class='ocrx_word' id='word_1_824' title='bbox 1009 5213 1220 5280; x_wconf 86' lang='lat' dir='ltr'>immunditiam,</span> <span class='ocrx_word' id='word_1_825' title='bbox 1246 5222 1276 5269; x_wconf 93' lang='lat' dir='ltr'>ut</span> <span class='ocrx_word' id='word_1_826' title='bbox 1303 5208 1474 5269; x_wconf 87' lang='lat' dir='ltr'>contumeliis</span> <span class='ocrx_word' id='word_1_827' title='bbox 1494 5205 1615 5264; x_wconf 83' lang='lat' dir='ltr'>alliciant</span> <span class='ocrx_word' id='word_1_828' title='bbox 1630 5217 1745 5278; x_wconf 66' lang='lat' dir='ltr'>corpora</span> <span class='ocrx_word' id='word_1_829' title='bbox 1758 5191 1826 5260; x_wconf 82' lang='lat' dir='ltr'>sua&#39;</span> 
     </span>
     <span class='ocr_line' id='line_1_64' title="bbox 157 5296 1809 5377; baseline -0.007 -17"><span class='ocrx_word' id='word_1_830' title='bbox 157 5310 200 5360; x_wconf 87' lang='lat' dir='ltr'>est</span> <span class='ocrx_word' id='word_1_831' title='bbox 212 5302 286 5369; x_wconf 88' lang='lat' dir='ltr'>malt,</span> <span class='ocrx_word' id='word_1_832' title='bbox 300 5304 374 5360; x_wconf 90' lang='lat' dir='ltr'>unde</span> <span class='ocrx_word' id='word_1_833' title='bbox 388 5311 416 5360; x_wconf 87' lang='lat' dir='ltr'>et</span> <span class='ocrx_word' id='word_1_834' title='bbox 431 5318 447 5358; x_wconf 90' lang='lat' dir='ltr'>a</span> <span class='ocrx_word' id='word_1_835' title='bbox 460 5317 559 5377; x_wconf 85' lang='lat' dir='ltr'>sapore</span> <span class='ocrx_word' id='word_1_836' title='bbox 573 5300 721 5376; x_wconf 85' lang='lat' dir='ltr'>sapientia.</span> <span class='ocrx_word' id='word_1_837' title='bbox 739 5301 806 5359; x_wconf 85' lang='lat' dir='ltr'>Cum</span> <span class='ocrx_word' id='word_1_838' title='bbox 819 5299 901 5374; x_wconf 90' lang='lat' dir='ltr'>igitur</span> <span class='ocrx_word' id='word_1_839' title='bbox 910 5319 954 5359; x_wconf 85' lang='lat' dir='ltr'>sa·</span> <span class='ocrx_word' id='word_1_840' title='bbox 1007 5305 1036 5362; x_wconf 91' lang='lat' dir='ltr'>in</span> <span class='ocrx_word' id='word_1_841' title='bbox 1051 5302 1206 5376; x_wconf 86' lang='lat' dir='ltr'>semetipsis</span> <span class='ocrx_word' id='word_1_842' title='bbox 1221 5320 1228 5357; x_wconf 76' lang='grc' dir='ltr'>ι</span> <span class='ocrx_word' id='word_1_843' title='bbox 1245 5300 1326 5357; x_wconf 88' lang='lat' dir='ltr'>tradit</span> <span class='ocrx_word' id='word_1_844' title='bbox 1344 5296 1403 5357; x_wconf 88' lang='lat' dir='ltr'>illos</span> <span class='ocrx_word' id='word_1_845' title='bbox 1419 5298 1447 5354; x_wconf 94' lang='lat' dir='ltr'>in</span> <span class='ocrx_word' id='word_1_846' title='bbox 1466 5296 1616 5370; x_wconf 88' lang='lat' dir='ltr'>reprobum</span> <span class='ocrx_word' id='word_1_847' title='bbox 1635 5308 1761 5363; x_wconf 87' lang='lat' dir='ltr'>sensum,</span> <span class='ocrx_word' id='word_1_848' title='bbox 1778 5301 1809 5349; x_wconf 94' lang='lat' dir='ltr'>ut</span> 
     </span>
     <span class='ocr_line' id='line_1_65' title="bbox 155 5382 1808 5467; baseline -0.004 -21"><span class='ocrx_word' id='word_1_849' title='bbox 155 5391 195 5463; x_wconf 90' lang='lat' dir='ltr'>pit</span> <span class='ocrx_word' id='word_1_850' title='bbox 204 5390 313 5457; x_wconf 78' lang='lat' dir='ltr'>malum,</span> <span class='ocrx_word' id='word_1_851' title='bbox 329 5398 357 5448; x_wconf 91' lang='lat' dir='ltr'>et</span> <span class='ocrx_word' id='word_1_852' title='bbox 372 5406 426 5450; x_wconf 90' lang='lat' dir='ltr'>non</span> <span class='ocrx_word' id='word_1_853' title='bbox 441 5393 519 5450; x_wconf 86' lang='lat' dir='ltr'>deest</span> <span class='ocrx_word' id='word_1_854' title='bbox 533 5391 641 5463; x_wconf 80' lang='lat' dir='ltr'>astutis,</span> <span class='ocrx_word' id='word_1_855' title='bbox 656 5389 838 5449; x_wconf 79' lang='lat' dir='ltr'>volunluntas</span> <span class='ocrx_word' id='word_1_856' title='bbox 852 5390 887 5446; x_wconf 92' lang='lat' dir='ltr'>ad</span> <span class='ocrx_word' id='word_1_857' title='bbox 903 5406 953 5447; x_wconf 85' lang='lat' dir='ltr'>ex·</span> <span class='ocrx_word' id='word_1_858' title='bbox 1007 5394 1106 5452; x_wconf 87' lang='lat' dir='ltr'>iaciant</span> <span class='ocrx_word' id='word_1_859' title='bbox 1118 5409 1180 5467; x_wconf 80' lang='lat' dir='ltr'>quae</span> <span class='ocrx_word' id='word_1_860' title='bbox 1194 5406 1250 5449; x_wconf 91' lang='lat' dir='ltr'>non</span> <span class='ocrx_word' id='word_1_861' title='bbox 1268 5389 1433 5448; x_wconf 86' lang='lat' dir='ltr'>conveniunt</span> <span class='ocrx_word' id='word_1_862' title='bbox 1455 5388 1547 5461; x_wconf 81' lang='lat' dir='ltr'>(Rom.</span> <span class='ocrx_word' id='word_1_863' title='bbox 1559 5400 1585 5455; x_wconf 86' lang='lat'>1,</span> <span class='ocrx_word' id='word_1_864' title='bbox 1602 5386 1724 5458; x_wconf 61' lang='lat' dir='ltr'>issa).</span> <span class='ocrx_word' id='word_1_865' title='bbox 1752 5382 1808 5440; x_wconf 89' lang='lat' dir='ltr'>Sed</span> 
     </span>
     <span class='ocr_line' id='line_1_66' title="bbox 154 5472 1805 5558; baseline -0.006 -20"><span class='ocrx_word' id='word_1_866' title='bbox 154 5480 339 5555; x_wconf 65' lang='lat' dir='ltr'>sumendum</span> <span class='ocrx_word' id='word_1_867' title='bbox 353 5481 489 5555; x_wconf 88' lang='lat' dir='ltr'>sapientia</span> <span class='ocrx_word' id='word_1_868' title='bbox 512 5480 665 5554; x_wconf 87' lang='lat' dir='ltr'>principum</span> <span class='ocrx_word' id='word_1_869' title='bbox 688 5481 770 5552; x_wconf 81' lang='lat' dir='ltr'>hujus</span> <span class='ocrx_word' id='word_1_870' title='bbox 794 5479 887 5537; x_wconf 89' lang='lat' dir='ltr'>mundi</span> <span class='ocrx_word' id='word_1_871' title='bbox 902 5497 953 5554; x_wconf 88' lang='lat' dir='ltr'>por</span> <span class='ocrx_word' id='word_1_872' title='bbox 1007 5477 1141 5558; x_wconf 83' lang='lat' dir='ltr'>sapientia</span> <span class='ocrx_word' id='word_1_873' title='bbox 1154 5495 1267 5553; x_wconf 86' lang='lat' dir='ltr'>semper</span> <span class='ocrx_word' id='word_1_874' title='bbox 1275 5478 1358 5537; x_wconf 86' lang='lat' dir='ltr'>vincit</span> <span class='ocrx_word' id='word_1_875' title='bbox 1366 5474 1496 5533; x_wconf 87' lang='lat' dir='ltr'>malitiam</span> <span class='ocrx_word' id='word_1_876' title='bbox 1508 5491 1515 5531; x_wconf 76' lang='grc' dir='ltr'><strong>ι</strong></span> <span class='ocrx_word' id='word_1_877' title='bbox 1526 5488 1588 5546; x_wconf 79' lang='lat' dir='ltr'>quoe</span> <span class='ocrx_word' id='word_1_878' title='bbox 1597 5472 1805 5531; x_wconf 85' lang='lat' dir='ltr'>contuberniam</span> 
     </span>
    </p>
   </div>
   <div class='ocr_carea' id='block_1_9' title="bbox 0 0 1868 5962">
    <p class='ocr_par' dir='ltr' id='par_1_10' title="bbox 0 0 1868 5962">
     <span class='ocr_line' id='line_1_67' title="bbox 0 0 1868 5962; baseline 0 0"><span class='ocrx_word' id='word_1_879' title='bbox 0 0 1868 5962; x_wconf 95' lang='lat' dir='ltr'> </span> 
     </span>
    </p>
   </div>
  </div>
 </body>
</html>
