3706 5962
95 165 150 242 ais

747 134 937 242 attanenan
954 172 1092 237 tanaus

1689 168 1748 237 aad

96 307 218 364 interiori
231 309 321 366 cordis
345 314 454 363 roratur
477 315 503 363 et
519 306 672 377 aspergitur
695 306 795 379 gratia,
815 308 892 363 nteit
910 318 932 396 fl
947 303 1027 358 sitate
1039 309 1166 358 extentus
1183 311 1258 358 extra
1274 318 1313 368 se,
1330 310 1357 357 et
1372 302 1467 357 subtus
1479 317 1527 367 se,
1543 291 1596 358 nec
1610 300 1745 358 sollicitu-

96 397 214 453 molliter
233 414 341 470 aspera,
357 397 477 452 suaviter
503 410 605 462 amara,
621 394 731 466 pinguis
754 403 782 450 et
797 398 892 453 arida:
947 392 1011 447 dine
1027 392 1182 448 necessaria
1196 391 1330 448 distentus
1344 391 1417 446 cirea
1431 407 1472 457 se,
1489 406 1541 447 nec
1559 391 1745 447 oblectatione

97 493 124 542 et
139 487 166 541 in
186 486 315 543 craticula
329 486 417 543 crucis
430 485 503 540 velut
518 499 590 549 assa,
604 483 652 539 sed
666 483 745 540 bonae
762 486 820 556 spei
835 486 895 541 oleo

97 590 234 645 respersa,
254 575 323 630 sicut
337 572 473 640 scribitur,
490 573 713 644 Spepurtrleates,
728 575 760 629 ia
772 576 893 632 tribula·

99 663 425 736 tioaepctieatesfflom.
437 678 476 727 ιιι,
489 660 544 731 ιι).
557 662 625 717 item
640 662 666 715 in
682 663 800 719 Canticis
813 682 818 720 :
832 664 894 720 etet

96 752 197 809 atinum
207 767 301 808 meum
320 768 384 808 cam
403 752 476 806 lacte
492 766 559 823 ,ιιι-ο
579 751 676 818 (Cant.
699 766 726 815 ι,
746 754 770 822 ι)
784 770 791 807 :
807 752 853 807 ubi
867 761 895 807 ct

97 856 205 912 sponsae
214 843 299 897 ubera
308 839 456 896 assimilata
467 850 531 894 sunt
541 839 626 894 botris
640 839 736 910 (Curat.
749 857 797 906 vn,
811 845 838 908 7,
855 842 892 912 8).

96 930 186 986 Bonus
212 929 258 986 ille
300 930 406 994 botrus,
440 927 486 999 quvi
518 927 544 981 ia
578 926 665 982 crucis
693 938 735 983 est
769 929 894 985 torculari

97 1031 219 1088 pressus,
246 1024 276 1072 ut
304 1017 440 1089 passionis
468 1031 525 1070 suae
553 1014 645 1070 vinum
672 1019 849 1087 myrrhatum*
867 1025 895 1073 et

97 1120 217 1162 amarum
245 1105 272 1160 in
295 1105 372 1161 laetis
400 1104 480 1160 nobis
507 1103 635 1159 alimenta
658 1105 838 1174 dulcesceret,
867 1112 895 1162 et

95 1192 210 1251 vulnera
242 1193 268 1249 in
301 1195 387 1250 ubera
419 1192 576 1248 transirent.
604 1193 802 1264 contemplanti
833 1202 896 1251 suut

96 1283 198 1349 ubera,
215 1288 242 1338 et
257 1282 442 1349 conversanti,
469 1280 551 1348 vina;
589 1281 743 1346 meditanti,
779 1283 894 1352 suavia,

96 1369 223 1439 imitanti,
251 1371 406 1426 subamara.
423 1371 453 1424 ln
481 1368 612 1424 uberibus
638 1369 807 1442 praelibaado
835 1387 896 1443 quae

96 1456 186 1514 futura
214 1466 279 1514 sunt
300 1457 432 1530 sapimus,
461 1457 489 1512 in
518 1455 603 1514 botris
622 1459 739 1530 quadam
763 1459 896 1516 ebrietate

96 1546 186 1603 cernis
201 1552 290 1602 motus
311 1545 447 1619 sopimus;
469 1546 497 1601 in
517 1546 648 1602 uberibus
672 1547 848 1618 complantati
862 1548 895 1602 ad

949 482 1052 552 privetu
1065 488 1210 538 contentus
1223 482 1250 536 in
1265 498 1305 536 se.
1323 480 1424 536 Divinis
1439 496 1518 537 mens
1536 480 1592 537 illic
1613 489 1748 554 occupata

949 579 977 626 et
1002 572 1131 643 absorpta
1158 570 1286 637 theoriis,
1315 569 1515 649 perfectissima
1543 577 1573 624 et
1599 569 1747 627 securitate

948 659 1147 732 tranquillatur,
1167 667 1194 714 et
1209 659 1356 716 serenitate
1381 659 1536 723 irretiatur,
1555 667 1584 714 et
1607 660 1747 716 suavitate

947 748 1098 805 inebriatur
1113 770 1120 806 :
1137 749 1268 805 securitas
1291 748 1350 803 siue
1374 747 1505 818 periculo,
1528 748 1664 803 serenitas
1687 748 1748 805 sine

949 837 1051 901 nubilo,
1067 838 1185 893 suavitas
1198 854 1260 892 rnru
1276 836 1407 893 ineflabili
1421 836 1519 905 jubilo.

983 928 1011 980 9.
1026 925 1080 980 Sed
1098 927 1155 982 baec
1168 925 1276 980 illorum
1291 933 1363 992 sunt,
1379 925 1436 996 qui,
1451 926 1507 994 jarn
1529 926 1615 981 avulsi
1634 925 1748 992 stacte,

948 1016 1092 1087 epulantur
1114 1016 1149 1070 eb
1173 1014 1286 1070 introitu
1301 1015 1395 1086 gloriae
1412 1013 1586 1071 :confortata
1608 1023 1673 1069 suot
1696 1015 1749 1069 ista

948 1119 1030 1175 snpra
1041 1119 1100 1170 nos,
1113 1119 1167 1159 noa
1180 1118 1323 1174 possumus
1334 1103 1368 1157 ad
1384 1119 1426 1158 ea.
1440 1103 1587 1175 Propterea
1596 1104 1630 1159 ab
1646 1103 1687 1159 lris
1703 1119 1749 1158 er·

949 1190 1016 1245 elusi
1035 1191 1131 1260 epulis,
1148 1191 1181 1245 ad
1200 1193 1285 1246 ubera
1300 1190 1454 1259 redeamus,
1471 1191 1506 1245 ab
1520 1190 1608 1262 epulis
1621 1200 1748 1247 contem-

952 1278 1076 1350 plationis
1098 1279 1133 1333 ed
1155 1280 1240 1335 ubera
1262 1277 1469 1345 consolationis,
1491 1280 1525 1334 ad
1550 1280 1646 1346 ubera,
1663 1288 1690 1335 et
1713 1279 1749 1336 ad

951 1368 1057 1432 botros;
1073 1368 1107 1423 ab
1122 1368 1166 1422 illa
1190 1383 1264 1423 mera
1287 1374 1315 1423 et
1339 1367 1488 1441 epulatoria
1509 1367 1694 1441 simplicitate,
1714 1370 1747 1423 ad

950 1459 1002 1513 boc
1016 1457 1144 1528 poculum
1159 1464 1352 1528 temperatum,
1369 1458 1442 1530 quod
1467 1457 1576 1513 miscuit
1591 1458 1672 1513 nobis
1696 1458 1749 1513 Sa-

951 1546 1053 1617 pientia
1067 1546 1095 1601 in
1109 1554 1215 1603 cratere
1234 1546 1288 1612 illo,
1315 1546 1342 1600 in
1357 1560 1411 1618 qno
1437 1545 1540 1601 habitat
1553 1545 1644 1602 omnis
1658 1546 1749 1619 pleni-

96 1634 190 1702 vitam,
210 1635 237 1690 in
248 1634 334 1691 botris
347 1632 500 1706 consepulti
513 1650 576 1690 cum
595 1634 705 1691 Christo
724 1635 752 1690 in
766 1643 893 1691 mortem.
913 1632 1016 1708 Btndo
1031 1633 1186 1692 divinitatis.
1206 1636 1243 1690 lle
1258 1650 1311 1706 quo
1328 1643 1355 1688 et
1369 1634 1468 1691 dicitur
1487 1649 1493 1687 z
1514 1635 1666 1693 Umbilieas
1682 1638 1750 1692 tuus

96 1723 187 1779 Ubera
200 1722 279 1778 nobis
302 1729 373 1789 sunt,
398 1721 463 1776 dum
485 1722 628 1778 dominicae
650 1722 785 1793 passionis
798 1724 895 1779 merito

97 1820 123 1867 et
137 1827 250 1867 munere
265 1809 358 1882 gratiae
372 1810 540 1882 sempiterna
555 1810 626 1867 boue
640 1827 782 1883 speramus
798 1828 804 1867 ε
826 1813 896 1870 botri

97 1900 176 1957 nobis
189 1909 262 1968 sunt,
278 1900 343 1954 dum
353 1900 478 1970 ejusdem
493 1899 652 1957 aemulandae
666 1901 802 1971 passionis
815 1902 897 1958 zeloa

97 1987 187 2045 cernis
200 1987 326 2045 sensibus
340 1987 460 2043 animum
470 2003 637 2060 separamus.
651 1990 681 2044 ln
692 1989 821 2046 uberibus
831 1991 858 2046 ia
868 1989 896 2046 id

97 2077 171 2150 quod
185 2075 267 2132 iutnri
281 2092 374 2132 sumus
396 2092 430 2132 ex
453 2085 531 2149 parte
554 2076 751 2150 reformamur,
768 2079 795 2134 in
810 2078 897 2135 botris

97 2168 132 2222 ab
141 2182 175 2223 eo
190 2166 263 2238 quod
277 2181 381 2232 sumus,
406 2165 533 2238 paulatim
555 2165 789 2235 transformamur,
809 2168 897 2224 donec

97 2256 132 2310 ad
146 2271 229 2327 quam
247 2255 332 2312 creati
347 2270 441 2311 snmus
455 2254 602 2327 imaginem
630 2254 711 2325 plene
735 2255 895 2313 conforme-

98 2360 158 2400 mur
182 2361 190 2400 :
215 2361 276 2400 eum
306 2344 378 2400 enim
406 2344 574 2416 apparuerit,
603 2343 708 2399 similes
735 2344 760 2401 ei
795 2345 897 2401 erimus

99 2433 124 2501 (l
132 2434 212 2489 Jcan.
230 2447 269 2499 ur,
285 2434 324 2502 2).

134 2521 161 2574 7.
179 2521 251 2577 Vere
266 2519 338 2577 enim
350 2536 422 2577 nunc
441 2520 638 2594 cognoscimus
648 2505 685 2578 ἰι
700 2530 786 2593 parte.
804 2524 898 2580 Donec

101 2624 168 2682 ergo
186 2609 268 2680 plene
287 2609 389 2666 revelet
411 2610 484 2682 quod
506 2619 607 2666 nostrae
631 2611 775 2667 salubriter
797 2611 899 2668 notitia

101 2696 218 2762 sustulit,
240 2697 284 2768 pie
298 2704 478 2754 retractemus
495 2698 537 2754 vel
553 2699 623 2754 bona
637 2715 699 2770 quas
717 2698 840 2769 contulit,
856 2699 901 2757 vel

102 2782 173 2838 mals
187 2800 248 2855 quae
261 2784 382 2855 pertulit,
403 2786 620 2856 contemplantes
643 2802 697 2842 nou
721 2788 803 2843 modo
826 2787 900 2843 dele-

949 1728 1046 1781 crater
1060 1723 1220 1788 torautllis,
1232 1739 1379 1796 auaqrtam
1388 1723 1519 1796 indigeas
1528 1723 1639 1797 pecatis
1650 1724 1749 1793 (Caret.

951 1826 999 1880 vn,
1016 1814 1054 1880 2).
1070 1812 1109 1867 Sit
1124 1826 1191 1883 ergo
1206 1823 1233 1868 ιι
1248 1813 1344 1867 animae
1359 1811 1564 1868 tuaeumbilicns
1574 1812 1645 1868 sicut
1656 1819 1751 1868 crater

951 1900 1093 1965 tornatilis,
1109 1899 1228 1971 quodam
1248 1899 1435 1975 castigationis
1455 1908 1484 1956 et
1508 1899 1659 1970 disciplinae
1673 1900 1750 1957 ferro

951 1995 1105 2046 attenuatus
1120 1997 1147 2045 et
1170 1994 1268 2054 tersus,
1292 1995 1319 2045 et
1336 1987 1444 2044 subtilis
1458 1987 1585 2055 allectus,
1602 1995 1629 2044 et
1651 2004 1752 2056 cartas,

951 2085 979 2134 ιιι
998 2077 1109 2150 copiose
1132 2076 1237 2133 infundi
1259 2076 1350 2149 possis
1373 2085 1400 2132 et
1423 2076 1570 2141 inebriari,
1595 2077 1751 2149 meritoque

951 2166 1015 2223 illud
1030 2166 1078 2221 tibi
1100 2166 1244 2223 conveniat
1260 2181 1266 2221 :
1287 2165 1440 2224 Umbilicus
1455 2169 1520 2222 tuus
1533 2169 1632 2222 crater
1647 2171 1751 2224 torua-

952 2256 1025 2321 tills,
1041 2253 1324 2328 aaaquamiadipeas
1335 2255 1455 2326 peculia
1469 2254 1593 2325 Denique
1604 2252 1752 2310 etmulieri

951 2343 1093 2401 iomicenti
1107 2342 1221 2400 dieitur:
1236 2344 1295 2400 Noa
1305 2347 1348 2399 est
1355 2343 1495 2414 precisus
1510 2341 1665 2399 stabilires
1682 2348 1752 2400 toas

953 2434 984 2489 ia
1000 2432 1044 2491 die
1059 2432 1227 2490 activitatis
1242 2436 1299 2488 tuae
1311 2432 1424 2502 (Eaeclr.
1441 2445 1502 2497 xvv,
1519 2430 1558 2501 ll.
1574 2430 1659 2500 Quam
1670 2431 1751 2488 multi

952 2521 1033 2578 hodie
1047 2521 1075 2576 in
1090 2521 1237 2577 nativitatis
1257 2519 1381 2586 suedie,
1404 2527 1433 2576 ιι
1455 2518 1544 2592 primo
1565 2519 1753 2577 conversionis

954 2623 1078 2681 tempore
1092 2609 1248 2666 umbilicum
1263 2608 1425 2680 praecidunt,
1442 2609 1640 2681 posterioribus
1661 2610 1751 2665 addu-

954 2704 1050 2758 centes
1073 2699 1249 2771 praepntium;
1275 2698 1372 2770 spiritu
1395 2698 1570 2770 incipientes,
1595 2699 1643 2754 sed
1667 2712 1752 2754 carne

955 2787 1156 2843 consummati!
1181 2785 1222 2842 Sit
1245 2802 1312 2862 ergo
1336 2785 1479 2842 umbilicus
1502 2795 1565 2843 tuus
1585 2801 1643 2841 uon
1670 2785 1754 2842 modo

103 2871 235 2929 elationes
249 2872 368 2938 Domini,
393 2873 489 2931 sedet
512 2873 712 2932 tribulationes.
736 2876 792 2931 Erit
811 2883 900 2932 autem
956 2875 1095 2947 praecisus,
1112 2876 1204 2932 sedet
1226 2874 1409 2943 circumcisus,
1434 2882 1623 2947 perpetuaque
1639 2874 1754 2945 aequali·

103 2959 213 3030 quando
227 2965 311 3017 totum
327 2960 470 3034 occupabit
485 2961 642 3028 delectatio,
665 2971 693 3019 et
715 2933 939 3021 absoroeniturss
957 2970 1012 3021 tete
1026 2971 1150 3020 tornatus
1165 2977 1171 3018 :
1187 2971 1216 3019 ut
1231 2980 1307 3020 erasa
1322 2963 1397 3020 omni
1411 2963 1579 3036 corruptela,
1610 2964 1664 3018 imo
1688 2978 1755 3019 eor·

4 3046 5 3051 ’
104 3062 179 3104 mors
193 3047 220 3103 iu
241 3045 363 3105 victoria.
388 3049 445 3105 Hoc
467 3059 509 3106 est
536 3052 610 3122 quod
633 3051 757 3124 sequitur
774 3068 780 3106 :
797 3055 900 3110 Aseea-
956 3051 1086 3125 putentia,
1100 3052 1248 3124 spiritualis
1267 3051 1353 3125 poculi
1376 3052 1496 3126 jugitate
1520 3052 1656 3110 redundet
1675 3053 1755 3122 quasi

105 3138 172 3192 dam
181 3137 356 3209 iapatmam,
367 3143 397 3195 ct
406 3139 616 3212 apprehendam
625 3144 819 3215 smtctusejas.
829 3143 902 3200 Vere
957 3157 1089 3215 equarum
1103 3141 1248 3199 viventium
1263 3149 1372 3213 putens,
1389 3149 1417 3198 et
1431 3142 1466 3199 de
1480 3149 1580 3198 eaetero
1594 3156 1648 3197 noa
1658 3141 1756 3197 venias

105 3226 133 3281 in
149 3225 264 3295 palmam
278 3227 444 3293 ascenditur,
460 3228 570 3300 quando
593 3230 758 3287 novissimus
779 3231 903 3289 iuimicus
957 3232 1010 3287 huc
1023 3231 1144 3290 haurire.

105 3315 262 3371 destruetur
276 3330 360 3372 mors.
376 3316 466 3373 Palma
481 3318 591 3374 coronis
608 3326 651 3376 est
671 3328 734 3392 epta
747 3319 904 3377 victricibus

107 3405 227 3461 Statura
238 3409 289 3460 tua
307 3407 469 3463 assimilata
478 3411 521 3465 est
529 3409 635 3481 palme
649 3409 746 3479 (Cant.
756 3424 807 3480 ru,
821 3413 848 3480 8,
864 3411 901 3479 t).

106 3492 297 3563 Fidestamus,
322 3493 350 3550 in
374 3493 428 3551 lide
452 3495 649 3567 triumphamus
665 3515 671 3556 :
690 3499 749 3554 baec
763 3498 836 3554 enim
864 3505 906 3555 est

106 3581 218 3638 victoria
231 3598 293 3654 quae
314 3583 398 3640 vincit
415 3585 559 3653 mundum,
581 3586 648 3642 fides
671 3594 762 3643 nostra
775 3590 802 3659 (l
823 3591 905 3646 loca.

106 3686 135 3734 v,
146 3668 185 3740 l).
201 3669 279 3723 Bone
301 3671 414 3727 victoria
442 3689 506 3744 quae
532 3673 615 3731 vineit
639 3677 780 3743 mundum,
810 3675 907 3733 melior

107 3773 168 3828 quae
181 3762 296 3813 mortem
313 3773 319 3812 z
336 3757 390 3815 fide
413 3760 547 3816 vincimus
571 3763 712 3828 mundum,
740 3763 795 3820 ade
817 3765 905 3821 vinci·

107 3862 168 3901 mus
183 3852 310 3906 mortem,
324 3848 548 3922 Habetis,inquit
558 3852 715 3922 Apostolus,
724 3855 852 3923 farctum
864 3870 908 3910 ae·

1218 3301 1419 3360 renaturus
1434 3301 1492 3356 vlt.

1189 3404 1225 3445 su
1239 3405 1371 3448 acaunus
1386 3404 1525 3448 taetras.

959 3465 1028 3520 itae
1040 3465 1109 3519 suat
1115 3467 1213 3534 portes
1227 3462 1311 3534 bajas
1323 3466 1479 3519 tractatas.
1495 3461 1592 3518 Priore
1607 3458 1760 3531 redarguit

920 3575 922 3579 ι
994 3533 1166 3602 ambitiosos,
1188 3538 1216 3588 et
1251 3537 1487 3605 resumptuososr
1512 3533 1604 3588 alteru
1620 3531 1757 3602 [luperam

995 3605 1172 3661 commendat
1186 3622 1203 3660 a
1237 3605 1329 3662 atibus
1343 3605 1379 3661 ad
1392 3604 1580 3676 praelaturam.
1593 3601 1713 3668 idoneis,
1728 3603 1758 3657 et

997 3677 1132 3732 lwrtatar
1145 3678 1179 3730 at
1192 3679 1361 3748 perseueret.

1271 3779 1340 3820 vans
1358 3778 1454 3820 varus.

1000 3859 1023 3910 t.
1041 3852 1200 3910 Persuaderi
1219 3852 1267 3908 tibi
1287 3851 1418 3924 postulas,
1445 3853 1480 3907 mi
1503 3853 1631 3923 Rogere,
1657 3857 1757 3904 tenen·

106 3940 201 3990 stream
214 3934 246 3992 iu
260 3939 627 4009 sanctificationem,fiaem
640 3957 704 3998 vero
720 3942 810 3999 uitam
824 3941 901 3999 181
963 3944 1027 3998 dura
1055 3958 1117 3999 esse
1150 3941 1224 4014 quod
1252 3947 1342 4008 tenes,
1374 3951 1401 3997 et
1428 3940 1587 4012 periculose
1614 3937 1760 4012 potestatis

108 4023 346 4095 aeternumlllom.
363 4041 399 4094 ιι,
416 4026 743 4098 22):haecestenimvita
753 4039 866 4102 aetema,
879 4039 909 4087 ut
965 4040 1064 4087 metum
1099 4030 1199 4086 nostris
1234 4029 1440 4102 allegationibus
1475 4027 1621 4084 attenuari.
1658 4026 1760 4083 Oleum

108 4125 412 4184 cognoscamusverum
437 4116 524 4172 Deum
549 4119 643 4186 (loca.
672 4135 741 4186 ιιιι,
769 4123 806 4187 3).
834 4121 909 4194 Ergo
965 4128 1040 4177 certe
1058 4135 1102 4175 me
1115 4120 1197 4190 jubes
1221 4119 1340 4188 adjicere
1363 4118 1469 4174 camino
1485 4117 1566 4189 (Han.
1584 4118 1645 4174 Set.
1662 4116 1696 4182 ll,
1714 4129 1757 4181 ιιι,

107 4199 169 4255 finis
182 4207 224 4256 est
237 4201 367 4274 cognitio,
383 4202 453 4260 tides
468 4200 621 4274 in'cboatio;
638 4207 665 4262 in
685 4207 738 4265 lide
749 4215 863 4276 sumus,
880 4222 907 4268 et

107 4288 136 4344 in
153 4289 207 4346 fine
221 4292 403 4359 escendimus,
419 4293 446 4348 in
471 4281 525 4349 lide
538 4301 642 4352 stamus
657 4298 741 4353 erecti
757 4313 867 4369 semper
881 4310 909 4357 et

108 4377 198 4451 rigidi,
209 4378 301 4436 mundi
316 4381 397 4453 hujus
413 4397 465 4438 nec
480 4381 542 4438 tlexi
553 4383 697 4451 blanditiis,
706 4401 756 4442 noc
771 4386 849 4442 tracti
861 4389 908 4444 mi·

108 4468 166 4537 nis,
181 4467 209 4523 ia
224 4467 278 4525 tide
293 4470 476 4539 ascendimus,
485 4473 564 4545 gravi
578 4474 805 4546 corruptibilitate
820 4479 905 4544 exuti,

107 4558 200 4613 mundi
215 4573 268 4614 nec
281 4567 396 4635 egentes
409 4560 510 4630 allicio,
526 4578 578 4619 nec
590 4562 747 4621 laborantes
761 4564 906 4637 supplicio.

143 4650 170 4700 8.
185 4646 242 4703 Nec
255 4651 440 4719 pretereunda
452 4650 600 4718 distinctio,
617 4654 690 4725 qnod
705 4653 793 4726 primo
808 4654 908 4712 dicitur

107 4731 249 4789 assimilari
266 4734 410 4808 palmae,iu
430 4739 574 4810 posteriori
598 4742 699 4798 assumi
722 4743 749 4798 in
770 4744 906 4813 palmam

107 4823 135 4878 in
149 4836 204 4896 qno
228 4822 404 4881 similitudine
431 4841 485 4881 uon
513 4827 647 4897 innuitur,
675 4830 723 4887 sed
747 4833 908 4903 exprimitur

107 4911 181 4969 unio.
193 4910 318 4985 Denique
333 4914 378 4985 qui
393 4913 514 4971 adbaeret
528 4917 656 4986 Domino,
679 4935 749 4975 unus
772 4928 815 4977 est
828 4922 907 4995 spiri-

106 5004 186 5076 tus(l
205 5003 267 5060 aar.
282 5017 320 5070 ιι,
342 5004 407 5074 ιἿ);
424 5011 451 5059 ιι
476 5012 548 5063 totus
573 5014 614 5062 est
635 5007 754 5078 spiritus,
775 5011 908 5081 spirituali

108 5091 234 5160 perinsus
248 5098 276 5148 et
290 5090 395 5147 inlusus
408 5091 470 5150 luce
485 5102 513 5149 et
526 5093 626 5165 latitia,
643 5100 728 5149 totum
742 5110 772 5151 se
787 5099 906 5168 perdens

107 5187 136 5234 et
159 5180 234 5236 illum
254 5181 342 5238 solum
358 5182 588 5253 apprehendens:
608 5199 778 5255 nequaquam
795 5188 907 5242 medici·

108 5266 162 5321 nali
180 5267 325 5327 aillietioue
350 5271 526 5350 seperdeus,
555 5278 586 5327 ut
604 5271 651 5336 ibi,
675 5273 728 5341 Qui
750 5275 906 5346 perdiderit

107 5354 234 5411 calmum
246 5372 329 5414 suam
339 5365 457 5432 propter
471 5375 525 5429 rae,
538 5360 665 5418 inveniet
678 5378 739 5419 eam
748 5364 859 5429 (licita.
872 5381 902 5431 x,

107 5441 171 5514 38);
193 5442 242 5500 sed
257 5443 371 5502 lelieiori
391 5447 508 5519 quadam
523 5449 637 5514 ratione,
653 5465 704 5506 nec
718 5467 787 5508 vana
805 5451 897 5510 cudo·

966 4208 1040 4278 ιιι),
1070 4215 1097 4264 ιι
1129 4207 1167 4262 tui
1193 4208 1273 4263 nnius
1299 4208 1442 4263 occasione
1470 4206 1615 4262 multorum
1648 4195 1759 4275 cupidi-

966 4304 1035 4353 tates
1049 4312 1098 4369 per
1112 4311 1142 4352 sc
1157 4311 1303 4352 succensas
1325 4296 1389 4352 llatu
1414 4295 1499 4351 nostri
1515 4295 1683 4349 inflammare
1698 4308 1760 4347 ser-

964 4385 1062 4442 monis.
1089 4386 1144 4442 Sed
1171 4385 1234 4458 quid
1258 4385 1322 4440 llatn
1343 4384 1425 4441 dico?
1455 4384 1573 4448 Tenuis,
1598 4382 1667 4437 sicut
1691 4381 1761 4437 scri-

963 4475 1046 4542 bitur,
1063 4476 1169 4533 belitas
1184 4488 1292 4547 prunas
1306 4472 1460 4544 hujusmodi
1477 4473 1575 4529 ardere
1589 4472 1676 4540 saciet
1686 4471 1756 4527 (Iob.

962 4581 1021 4635 aar,
1038 4569 1093 4635 ιι).
1110 4563 1314 4636 Quemcumque
1330 4563 1380 4618 bac
1404 4561 1431 4617 in
1456 4575 1539 4618 causa
1562 4559 1684 4630 dederis,
1710 4574 1760 4613 ss-

962 4655 997 4711 tis
1020 4653 1139 4711 disertus
1166 4661 1258 4709 orator
1285 4649 1434 4722 putabitur,
1460 4658 1488 4706 et
1514 4646 1690 4720 persuadebit
1714 4645 1758 4702 ie-

962 4743 1039 4802 cile:
1064 4742 1100 4797 ad
1124 4742 1195 4813 quod
1225 4739 1437 4797 irrevocabiliter
1466 4738 1524 4796 lere
1552 4734 1675 4794 omnium
1703 4750 1758 4805 ap-

963 4833 1051 4904 posita
1067 4838 1131 4886 snut
1154 4829 1247 4892 eorda,
1266 4844 1363 4884 omnes
1386 4827 1510 4899 apposite
1533 4824 1676 4898 quodlibet
1690 4840 1758 4895 per·

962 4905 1129 4985 suademus3
1149 4934 1210 4973 cum
1226 4923 1317 4974 antem
1337 4916 1371 4971 ad
1393 4917 1420 4972 id
1445 4916 1518 4989 quod
1533 4915 1623 4981 decet,
1648 4920 1759 4970 ventum

962 5009 1052 5076 tuerit,
1069 5008 1107 5063 ibi
1126 5006 1305 5062 laborandum
1320 5013 1373 5074 est,
1389 5014 1416 5061 ιι
1430 5005 1457 5059 iu
1471 5020 1572 5061 vanum
1587 5004 1671 5060 verbe
1696 5003 1759 5080 iun·

962 5097 1060 5155 denda.
1078 5097 1204 5169 Denique
1219 5103 1247 5153 et
1260 5097 1312 5152 boc
1331 5095 1419 5168 ipsum
1445 5095 1578 5167 propheta
1603 5109 1633 5149 se
1658 5105 1760 5163 expro-

961 5186 1066 5243 brando
1076 5185 1237 5240 subsannat:
1248 5183 1407 5258 Loquimt‘ai
1413 5183 1492 5239 nobis
1502 5181 1657 5255 placentia,
1668 5178 1760 5236 uidete

962 5271 1759 5344 aobiserrores,aollteeamtaerectasautlopai.(lsanxx,

966 5369 1020 5437 ιιι).
1036 5366 1109 5421 Βοιιι
1123 5378 1216 5428 eausa,
1232 5377 1293 5434 quae
1308 5377 1358 5432 per
1371 5376 1402 5416 se
1412 5348 1762 5432 perteseratorisexseqni-

960 5462 1014 5524 tur,
1030 5463 1058 5510 et
1071 5453 1131 5509 sine
1146 5453 1210 5508 artis
1226 5465 1310 5523 opera
1328 5448 1483 5505 auditorum
1508 5447 1614 5504 animos
1629 5444 1714 5501 allicit
1730 5451 1758 5502 et
