3706 5962
59 204 112 266 dil

499 206 598 268 ualsn
618 209 662 267 llll
682 208 829 271 culinus
848 209 892 268 llll
911 208 1022 270 dodra
1043 210 1107 272 ussl.
1125 240 1162 254 -
1181 210 1235 272 bib
1252 211 1287 272 11.

1671 214 1725 280 att

58 331 164 387 nostru
171 347 223 404 per
240 331 370 403 Spiritum
380 342 514 401 sanctum,
525 333 571 406 qui
580 332 662 389 datur
676 334 755 390 nobis
768 334 861 407 (Rom.
881 345 904 425 Α
922 349 982 390 ιειε
996 335 1022 390 ei
1035 337 1112 405 cujus
1126 336 1216 408 imago
1231 346 1282 392 est.
1299 336 1364 392 lden
1380 339 1430 393 etsi
1445 339 1473 393 in
1488 342 1567 397 terris
1582 343 1652 416 regit
1666 332 1726 402 ccr'

60 436 93 487 v,
112 422 152 492 5).
167 422 203 476 Et
217 437 289 478 nunc
308 437 376 478 vere
389 430 431 477 est
445 421 524 492 ratio,
535 420 587 478 hoc
600 428 641 477 εει
652 420 865 478 babitusmentis

59 509 226 581 peremnia
248 510 416 568 conveniens
439 510 555 569 veritati.
573 510 640 567 Cum
662 510 732 566 enim
752 510 866 567 liberata

61 596 201 654 voluntate
225 614 275 670 per
288 597 449 656 liberantem
468 599 592 672 gratiam,
608 598 719 670 spiritus
737 598 780 671 agi
794 598 865 656 inci-

62 685 100 755 pit
114 684 206 742 libera
221 686 337 754 ratione,
358 695 422 744 tunc
437 704 502 743 snus
520 695 573 756 est,
590 688 641 743 lroc
655 694 696 742 est
714 703 744 742 se
760 687 817 758 ipso
832 685 866 740 li-

61 775 128 830 bere
143 781 227 831 utens
243 774 371 843 eflicitur,
388 781 416 833 et
430 776 460 832 iit
473 775 590 842 animus,
607 783 635 832 ει
648 775 736 832 bonus
747 775 865 835 animus,

60 862 189 932 animm,
218 863 340 937 inquam,
369 865 548 937 inquantum
577 864 647 920 bene
675 863 809 930 animans,
838 863 867 922 εῑ

59 949 209 1023 perficiem
231 951 331 1008 animai
351 969 430 1009 sunm
453 954 643 1024 supplemento
666 952 759 1008 liberae
783 952 867 1009 ratio·

59 1041 111 1099 nic.
131 1040 229 1097 Bonus
252 1048 353 1108 autem,
377 1041 405 1096 in
425 1049 555 1113 quantum
575 1043 632 1112 jam
651 1057 745 1096 amans
763 1042 864 1098 bonum

60 1147 153 1197 mom,
173 1146 231 1203 quo
254 1131 341 1187 bonus
360 1130 400 1198 fil,
425 1141 452 1188 ει
474 1131 533 1186 sine
551 1146 606 1203 quo
625 1146 677 1187 nec
697 1131 795 1196 bonus,
814 1145 866 1187 nec

60 1217 171 1273 animus
187 1233 250 1274 esse
262 1218 361 1290 potnit.
386 1218 532 1274 litantem
547 1219 634 1274 bonus
648 1214 756 1274 animus
775 1225 803 1274 el
817 1233 864 1273 ra·

60 1299 182 1374 tionalis,
193 1306 311 1380 diligam
319 1307 462 1365 Dominum
474 1308 561 1365 Deum
576 1324 653 1363 suum
667 1307 695 1362 in
712 1305 864 1364 totocorde

59 1412 123 1463 sno,
140 1404 169 1453 et
182 1398 213 1453 in
228 1404 285 1454 tota
299 1396 390 1452 anima
405 1412 464 1463 sua,
477 1405 504 1454 et
514 1397 606 1453 intuta
613 1405 705 1453 mente
720 1412 779 1462 sua,
796 1403 824 1452 et
837 1395 865 1450 in

60 1487 191 1543 omnibus
210 1487 311 1541 viribus
334 1485 401 1553 suis,
421 1493 449 1542 et
474 1485 582 1540 nonnisi
599 1485 625 1540 iu
640 1485 699 1556 ipso
718 1484 864 1556 seipsum,

60 1584 89 1631 ει
101 1575 260 1647 proximum
273 1591 352 1631 annm
368 1575 437 1632 sicin
458 1591 487 1631 se
502 1575 601 1647 ipsum.
618 1574 763 1630 litantem
778 1574 866 1630 bonus

921 438 971 494 pus
989 421 1041 476 sibi
1051 423 1235 490 commissum,
1247 424 1359 480 meliore
1375 432 1466 480 tamen
1477 436 1554 499 parte
1566 431 1607 486 sui
1620 432 1725 491 scilicet

921 510 1061 581 memoria,
1077 510 1266 585 intelligentia,
1282 520 1310 569 et
1324 528 1417 570 amoro
1431 514 1469 569 ibi
1479 532 1590 588 semper
1603 535 1721 579 conver-

920 600 974 655 sari
992 608 1074 664 amat,
1086 600 1160 658 unde
1174 601 1306 675 quidquid
1315 610 1367 668 est,
1378 602 1509 676 quidquid
1520 605 1612 674 habet,
1628 625 1658 665 se
1673 626 1724 668 no·

921 688 961 742 vit
973 688 1123 759 accepisse,
1139 697 1167 747 et
1181 690 1228 746 ubi
1243 691 1270 746 in
1285 698 1448 762 perpetuum
1462 708 1491 748 se
1512 710 1679 765 mansurum,
1695 704 1723 755 et

920 791 982 830 cum
996 777 1078 848 plena
1087 778 1138 833 Dei
1149 777 1253 835 visione
1264 780 1372 851 plenam
1383 780 1432 836 Dei
1444 781 1648 838 similitudinem
1659 785 1723 841 ade'·

921 876 1044 937 pturam3
1060 879 1190 938 quantum
1204 869 1231 924 in
1243 870 1294 925 hoc
1304 868 1407 925 bomini
1416 871 1582 940 sperandum
1593 882 1645 937 est,
1657 888 1722 943 spc-

921 972 981 1012 rare
1000 956 1026 1011 ei
1040 956 1113 1025 licet,
1130 957 1153 1012 ai
1176 959 1256 1014 bonae
1270 959 1329 1029 spei
1344 959 1427 1015 vitam
1439 976 1517 1016 suam
1532 977 1586 1017 uon
1601 961 1723 1035 negligat

919 1043 1102 1100 conformare.
1123 1045 1190 1103 llluc
1213 1062 1281 1118 ergo
1304 1057 1420 1117 spectat,
1440 1048 1505 1104 inde
1528 1053 1640 1120 pendet,
1657 1053 1719 1122 plns

919 1150 980 1188 cum
1007 1133 1160 1190 bominibus
1187 1149 1368 1206 commorans,
1394 1145 1422 1192 ut
1447 1136 1563 1195 vivificet
1592 1155 1640 1196 cos
1667 1139 1723 1197 vita

920 1222 968 1279 Dei
992 1222 1026 1276 ad
1049 1224 1197 1295 quaerenda
1213 1231 1242 1281 et
1261 1224 1395 1296 capienda
1408 1226 1512 1293 divina,
1527 1244 1608 1299 quam
1618 1235 1649 1284 ut
1663 1228 1722 1285 ani·

919 1317 975 1366 met
991 1311 1044 1367 vita
1059 1311 1111 1366 ista
1126 1312 1232 1367 mortali
1248 1321 1275 1369 ει
1289 1314 1417 1369 humana.
1439 1314 1514 1371 Sicut
1533 1316 1606 1371 enim
1621 1331 1722 1389 corpus

920 1398 993 1471 qnod
1020 1399 1132 1465 animat,
1147 1400 1264 1456 naturali
1290 1410 1362 1458 stato
1375 1418 1425 1458 suo
1439 1403 1553 1475 origitur
1568 1405 1596 1459 in
1611 1405 1719 1472 coelum,

920 1487 992 1560 quod
1007 1494 1104 1542 natura
1119 1498 1146 1544 ct
1165 1489 1236 1556 loco,
1261 1497 1288 1544 et
1303 1490 1446 1565 dignitate,
1467 1498 1495 1547 et
1510 1492 1569 1549 loca
1587 1494 1679 1549 omnia
1693 1499 1723 1551 et

920 1591 1035 1648 corpora
1049 1577 1249 1648 supereminet:
1273 1578 1312 1635 sic
1326 1578 1474 1650 spiritualis
1490 1581 1549 1652 ipse
1564 1589 1669 1649 natura,
1685 1580 1721 1638 ad

60 1667 170 1720 animus
188 1664 275 1720 Deam
301 1663 413 1732 timens,
429 1672 456 1720 et
477 1664 604 1720 mandata
623 1665 684 1735 ejus
697 1662 864 1720 observans:
883 1647 905 1724 fl
921 1680 954 1720 ea
977 1680 1038 1737 que
1062 1665 1090 1721 in
1115 1665 1299 1738 spiritualibus
1327 1668 1516 1738 praeminent,
1541 1671 1594 1726 hoc
1617 1679 1659 1726 est
1686 1668 1720 1726 od

60 1753 114 1808 boc
135 1758 181 1809 est
203 1750 275 1808 enim
298 1752 484 1809 omnishomo
510 1753 612 1822 (Eccle.
635 1768 686 1812 ιιιι,
712 1753 767 1823 13).
788 1751 866 1808 ilatio

60 1857 128 1898 vero
148 1840 188 1897 sic
203 1839 331 1897 delinitur
353 1840 586 1909 adelinientibus,
612 1841 656 1898 vel
669 1841 832 1898 describitur
850 1856 867 1896 a

61 1928 303 1986 describentibus:
328 1931 463 2001 depectus
478 1930 559 1985 animi
577 1937 628 1998 est,
645 1945 699 2004 quo
712 1945 764 2002 per
777 1946 808 1987 se
822 1929 865 2001 ip-

61 2033 134 2084 sum,
150 2032 207 2073 non
225 2032 399 2089 percorpus,
415 2034 511 2075 verum
526 2018 660 2078 intuetur:
676 2027 723 2075 aut
737 2018 796 2089 ipsa
810 2018 867 2075 veri

61 2106 269 2178 contemplatio,
286 2116 333 2164 aut
347 2107 434 2180 ipsum
455 2124 550 2164 verum
569 2108 642 2180 quod
657 2109 865 2181 contemplatur,

62 2203 109 2252 ant
122 2194 180 2253 vita
202 2195 353 2266 rationalis,
369 2196 413 2254 vel
436 2197 566 2255 rationale
580 2196 752 2271 obsequium,
771 2196 799 2253 in
812 2211 867 2268 quo

62 2284 254 2342 conformetur
268 2284 375 2357 veritati
390 2286 591 2358 contemplatae.
607 2285 787 2342 Ratiocinatio
802 2300 867 2342 vero

63 2381 105 2428 est
128 2372 246 2430 rationis
266 2372 414 2447 inquisitio,
439 2376 492 2432 hoc
504 2381 546 2431 est
560 2383 685 2446 aspectus
699 2375 760 2445 eius
783 2373 867 2432 motio

61 2477 115 2534 per
133 2475 168 2516 ea
191 2478 254 2535 quae
277 2464 435 2535 aspicienda
461 2472 532 2519 sunt.
557 2462 734 2519 Ratiocinatio
757 2462 865 2534 quaerit,

63 2550 133 2605 rado
155 2548 271 2607 invenit.
292 2552 426 2624 aspectus
448 2552 490 2607 bic
514 2552 541 2607 in
565 2567 624 2608 rem
638 2550 756 2622 aliquam
772 2551 866 2621 conje-

63 2645 126 2694 ctos
148 2653 212 2695 cnm
236 2655 268 2697 ca
293 2639 377 2707 videt,
402 2640 515 2698 scientia
539 2646 595 2707 est;
618 2655 680 2697 cnm
704 2653 759 2695 non
782 2637 864 2707 valet,

61 2726 220 2800 ignoramm
244 2736 286 2785 est
309 2728 437 2785 bominis.
456 2730 520 2786 liaec
538 2744 605 2801 ergo
625 2728 693 2785 ratio
708 2736 759 2795 est,
779 2737 808 2784 et
821 2726 865 2782 in-

61 2821 246 2872 strumentum
270 2831 321 2888 per
334 2819 405 2888 quod
421 2825 560 2890 operatur,
577 2825 688 2888 etopus
708 2815 779 2888 quod
795 2831 865 2886 ope-

61 2911 150 2959 ratur.
171 2903 236 2961 llaec
254 2920 364 2976 semper
379 2906 501 2963 exerceri
520 2915 592 2962 amat
610 2907 639 2961 in
654 2922 687 2962 cc
701 2905 774 2978 quod
799 2904 865 2961 utile

61 3000 103 3047 est
128 3000 157 3048 et
171 2992 327 3060 bonestnm,
352 2995 481 3051 exercitio
498 2995 653 3067 proficiens,
675 2994 779 3050 desidia
798 3008 864 3049 vero

59 3080 87 3135 in
102 3079 255 3154 semefipsa
268 3098 449 3140 marcescens.

920 1754 1016 1820 Deum,
1040 1762 1067 1809 et
1081 1755 1171 1810 divina
1186 1755 1293 1826 erigere
1317 1772 1426 1827 semper
1441 1766 1514 1812 amat
1531 1759 1721 1829 semetipsum,

921 1858 975 1899 non
994 1842 1114 1916 superbe
1136 1843 1279 1914 sapiendo,
1303 1844 1352 1900 sed
1367 1845 1412 1916 pie
1428 1844 1555 1912 amando,
1572 1844 1672 1911 sobrie,
1693 1853 1723 1901 et

919 1932 1000 2002 juste,
1017 1939 1044 1987 et
1059 1932 1105 2004 pie
1119 1932 1251 1989 vivendo:
1272 1930 1320 2005 qui
1334 1941 1436 2003 quanto
1454 1931 1535 1988 altius
1550 1940 1592 1988 est
1607 1947 1662 2005 quo
1677 1931 1723 1988 ni·-

920 2022 993 2089 titur,
1018 2027 1093 2078 tanto
1116 2021 1274 2078 fortioribus
1298 2021 1491 2078 exercitiorum
1514 2019 1612 2077 studiis
1638 2036 1722 2077 exer-

920 2111 1023 2166 cendus
1038 2121 1090 2177 est,
1106 2120 1134 2166 ct
1146 2126 1208 2183 qnae
1222 2126 1285 2166 eum
1305 2124 1360 2165 non
1380 2109 1557 2181 perfundant,
1572 2109 1620 2165 sed
1635 2107 1720 2165 intin-

919 2205 995 2271 gant,
1011 2199 1105 2272 sicque
1119 2197 1239 2254 afficiant
1252 2205 1283 2253 ut
1296 2196 1447 2269 perficiant.

956 2291 983 2344 6.
1007 2288 1101 2345 Studia
1116 2303 1180 2344 vcro
1195 2289 1254 2343 haec
1277 2285 1328 2343 etsi
1351 2285 1449 2344 litteris
1475 2286 1621 2359 aliquando
1639 2285 1721 2357 adju·

918 2385 1018 2434 ventur
1035 2384 1063 2432 et
1077 2385 1196 2446 utantur,
1217 2391 1271 2431 non
1292 2383 1384 2432 tamen
1397 2375 1563 2433 litteratoria
1577 2384 1650 2444 sunt,
1666 2388 1721 2431 non

920 2464 1081 2531 cavillantia,
1102 2478 1157 2520 non
1171 2463 1346 2535 disputantia,
1362 2478 1416 2518 non
1430 2462 1555 2534 garrula;
1569 2464 1618 2518 sed
1637 2462 1720 2534 spiri-

921 2553 1011 2624 tualia,
1027 2552 1148 2623 pacifica,
1168 2557 1197 2607 et
1210 2549 1329 2619 bomilia,
1345 2550 1491 2606 humilibus
1510 2549 1721 2606 consentientia.

919 2641 986 2712 Quae
1009 2641 1059 2698 etsi
1079 2640 1145 2697 loris
1163 2645 1337 2712 exercentur,
1363 2639 1437 2696 intus
1452 2639 1542 2710 potius
1560 2646 1678 2712 aguntur
1692 2637 1721 2694 in

919 2731 1015 2804 spiritu
1033 2731 1145 2797 mentis,
1160 2730 1205 2787 ubi
1221 2737 1367 2786 renovatur
1381 2730 1461 2785 homo
1475 2728 1510 2783 de
1525 2727 1569 2783 die
1593 2727 1620 2783 in
1635 2727 1720 2792 diem,

918 2822 1036 2877 induens
1051 2835 1150 2875 novum
1165 2819 1303 2878 bominem
1318 2818 1365 2889 qui
1380 2817 1527 2873 secundnm
1542 2816 1630 2872 Deum
1644 2830 1722 2872 crea·

920 2919 963 2966 lus
976 2917 1019 2964 esi
1033 2909 1060 2963 in
1076 2908 1220 2964 sanctitate
1235 2915 1264 2963 et
1280 2906 1387 2977 justitia
1402 2904 1532 2962 veritatis.
1550 2904 1589 2959 lbi
1606 2904 1677 2960 enim
1691 2903 1722 2960 lit

918 2998 1034 3063 animus,
1050 2997 1087 3052 ibi
1104 2995 1132 3052 iit
1147 2996 1303 3053 intellectus
1313 2995 1401 3052 bonus
1414 2993 1542 3051 omnibus
1556 2992 1721 3049 iacientibus

917 3103 988 3153 eum,
1002 3102 1064 3142 cum
1079 3086 1227 3142 secundum
1242 3083 1365 3156 regulam
1380 3084 1414 3139 ab
1424 3081 1557 3154 apostolo
1571 3082 1673 3148 datam,
1692 3082 1720 3139 in

98 3173 125 3224 5.
145 3171 257 3228 Nullum
276 3188 340 3229 vero
363 3174 472 3246 dignius
491 3181 518 3230 ει
540 3173 630 3230 utilius
648 3172 806 3230 exercitium
821 3180 864 3230 est
915 3175 1034 3233 omnibu
1058 3173 1223 3232 exhibemus
1231 3189 1281 3229 uos
1294 3172 1426 3230 sicutllei
1435 3171 1584 3229 minbtros
1594 3165 1722 3228 tumultu
1757 3200 1761 3207 ‹

62 3257 168 3315 bomini
183 3261 471 3335 eambabcnti,quam
488 3263 516 3317 in
532 3263 647 3333 eoquod
662 3261 859 3329 meliuxhabet,
913 3265 1071 3337 puticulis,
1097 3264 1130 3318 iu
1160 3261 1403 3327 tribulationibus,
1429 3262 1461 3316 iu
1484 3259 1713 3331 necessitutibus,
1791 3277 1797 3287 ·

63 3353 91 3401 et
111 3346 141 3404 in
160 3363 216 3422 quo
238 3349 344 3405 caeteris
367 3351 539 3416 animalibus,
564 3358 591 3407 ει
615 3350 722 3407 catenis
740 3350 863 3421 partibus
916 3354 1109 3426 iuougustiis,
1126 3348 1489 3421 iulubcribus,iuoiqiliis,
1501 3348 1719 3404 incarcerecel·

64 3441 119 3498 sais
140 3443 312 3516 praeeminet,
336 3462 397 3518 qnae
425 3454 468 3502 est
491 3447 550 3518 ipsa
573 3462 652 3503 mens
675 3445 717 3502 vel
745 3445 860 3501 animus.
916 3442 957 3509 lm,
979 3443 1011 3497 iu
1029 3440 1205 3514 jejuniiniu
1219 3440 1365 3503 castilate,
1378 3436 1557 3500 inscientia,
1577 3437 1609 3490 iu
1625 3435 1719 3506 uuqu-

63 3532 148 3589 llenli
168 3548 236 3592 vero
256 3534 302 3592 vel
314 3536 414 3606 animo,
430 3536 582 3593 cuicoetera
600 3551 663 3608 pars
682 3533 799 3589 bominis
814 3550 861 3590 re-
914 3530 1100 3595 utaturque
1109 3522 1720 3596 suscitatumSpirituscucto,iuciicritule

63 3621 155 3691 ganda
174 3623 282 3680 subdita
296 3631 349 3692 est,
364 3641 415 3682 nec
433 3625 540 3700 dignius
554 3632 596 3680 est
614 3623 714 3696 aliquid
734 3623 768 3678 ad
783 3640 860 3695 que-
914 3613 1337 3688 ucufictu,iuvcrboocritutir,
1351 3611 1495 3670 clulrtutc
1512 3610 1720 3683 lici,·percrmu

65 3708 189 3780 rendum,
213 3726 265 3769 nec
283 3711 388 3770 dulcius
409 3713 444 3769 ad
462 3712 668 3779 inveniendum,
695 3726 746 3767 nec
769 3711 861 3768 utilius
909 3699 1725 3783 justitioeudextrisctusinistris-perpluriumetignobi-t

65 3798 98 3853 ad
120 3798 287 3868 babendum,
311 3817 392 3875 quam
416 3802 489 3875 quod
516 3803 604 3859 solum
627 3803 713 3873 ipsam
728 3806 860 3858 'mentem
914 3787 1718 3870 litatemperiusnmiumctbonumsomumrutacductc-

66 3889 256 3959 supereminet,
280 3891 327 3962 qui
350 3899 393 3946 est
406 3892 480 3947 solus
494 3893 576 3947 Deus.
599 3889 657 3947 Nec
672 3891 755 3964 longe
769 3895 812 3946 εει
826 3893 860 3946 ab
914 3909 959 3949 res
968 3894 996 3946 ct
1011 3902 1138 3952 uerocear
1153 3882 1282 3956 sicutqui
1292 3883 1383 3954 ignoti
1393 3887 1420 3938 ct
1435 3878 1555 3951 cogniti·
1568 3881 1718 3953 quasimo-

68 3989 227 4051 uucqncquc
246 3986 380 4046 nostrum,
404 3978 468 4052 quia
490 3978 518 4034 in
540 3978 600 4049 ipso
624 3978 747 4045 vivimus,
763 3995 860 4036 move·
915 3966 1717 4043 ricutcs‚etccccuioimur,·ulcusliqctletnoumortificu·

69 4075 135 4130 mur,
153 4071 183 4120 et
195 4079 289 4122 summ
310 4066 384 4135 (let.
399 4081 471 4132 xvir,
496 4068 538 4133 ιι,
553 4068 609 4135 28).
636 4066 668 4120 Et
682 4081 736 4122 non
751 4067 821 4123 sicut
834 4067 861 4122 in
918 4057 1718 4141 ti;quusitristes,semperuutcmpuudeutcsrsicutheu-

69 4165 128 4208 aere
141 4151 206 4221 isto,
220 4154 260 4212 sic
283 4155 311 4212 in
331 4156 448 4213 Domino
469 4154 555 4214 224
570 4156 628 4213 Deo
641 4165 750 4221 nostr03
766 4156 816 4212 sed
835 4156 862 4212 in
919 4156 1080 4225 teumullm
1095 4151 1415 4225 cutemlocuplctuutes,·
1430 4147 1650 4220 tauqucmulltil
1664 4148 1718 4205 bo-

68 4237 122 4309 ipso
139 4241 255 4299 numus
277 4260 328 4316 per
350 4243 443 4312 iidem,
464 4261 605 4302 movemur
627 4254 655 4302 et
674 4261 865 4316 promovemur
880 4263 904 4343 n
919 4249 1022 4311 beuter,
1035 4233 1720 4315 cicuniapossidcutcsilldor.rr,l-l0):lulubo·

68 4343 114 4398 W
131 4345 218 4402 illem.
238 4331 346 4406 figimur
359 4350 410 4408 per
422 4350 553 4391 amorem.
570 4335 613 4390 ab
623 4335 682 4404 ipso
700 4335 773 4391 enim
788 4345 816 4390 et
830 4334 864 4389 ad
920 4353 951 4393 re
961 4339 989 4391 et
1000 4347 1140 4396 oerumuu,
1153 4331 1185 4385 iu
1197 4333 1274 4401 sume
1284 4327 1381 4393 cicili,
1393 4326 1538 4398 infrigere
1552 4323 1719 4380 clauditntc

68 4422 152 4489 psum
176 4421 301 4479 conditus
324 4433 366 4480 est
390 4424 530 4480 rationalis
547 4423 663 4491 animus,
682 4431 712 4479 ut
727 4423 761 4479 ad
776 4425 865 4495 ipsum

68 4506 99 4562 sit
111 4509 254 4575 conversio
275 4512 346 4583 ejus,
369 4521 400 4569 ut
413 4513 448 4569 sit
467 4515 526 4585 ipse
544 4515 645 4571 bonum
659 4515 729 4584 ejus.
745 4513 795 4570 llic
813 4529 863 4569 au-

69 4605 121 4655 tem
133 4614 168 4656 ex
190 4599 238 4657 illo
251 4602 325 4660 bono
337 4604 437 4674 bonus,
451 4604 487 4659 ad
501 4603 649 4677 imaginem
668 4611 696 4659 et
709 4601 864 4659 similitudi-

69 4690 211 4761 nemeina
235 4690 361 4747 conditus
393 4699 454 4748 est:
480 4700 510 4748 ut
531 4692 660 4765 quamdiu
683 4692 726 4748 hic
754 4691 862 4762 vivitur,

70 4789 144 4848 quam
158 4777 272 4850 propina
291 4789 391 4851 potest,
415 4781 528 4838 accedat
541 4783 575 4836 ad
599 4779 862 4850 consimilitudine,

66 4879 147 4937 sqno
169 4867 229 4924 sola
251 4869 389 4925 receditur
411 4869 643 4934 dissimilitudines
668 4878 698 4926 nt
711 4868 747 4924 sit
768 4869 792 4924 is
805 4883 864 4925 san.

66 4962 134 5022 etna,
158 4955 229 5014 sicut
251 4956 297 5014 iile
321 4968 432 5016 sanctus
457 4967 514 5024 est;
530 4959 557 5015 in
573 4958 663 5015 inturo
676 4958 782 5014 intums
795 4958 863 5014 bea-

66 5055 116 5113 tus,
131 5045 201 5102 icat
227 5046 273 5103 ille
296 5049 394 5104 beatus
407 5056 458 5106 est.
484 5049 608 5119 Denique
636 5049 689 5104 boc
701 5045 788 5104 solum
803 5062 863 5103 ma-

64 5150 146 5202 gnum
159 5142 189 5192 et
207 5135 310 5192 bonum
333 5144 386 5208 est,
402 5153 463 5194 cum
488 5152 601 5208 magnus
614 5144 642 5193 et
655 5137 744 5193 bonus
758 5136 866 5192 animus

64 5220 188 5291 aspar,
212 5221 327 5278 miratur
345 5231 373 5280 ct
386 5221 497 5279 allectat
510 5224 584 5294 quod
600 5238 681 5294 supra
696 5237 758 5278 eum
774 5230 826 5292 est,
838 5227 866 5277 et

63 5309 205 5367 &harere
230 5309 340 5367 ιεειὶιιει
369 5310 538 5369 similitudini
566 5327 621 5367 suaa
646 5310 743 5367 devota
765 5310 865 5383 imago.

64 5400 124 5471 lpse
132 5399 208 5456 enim
218 5400 308 5473 imago
318 5401 369 5457 Dei
383 5410 434 5458 est.
451 5403 487 5458 Et
497 5417 545 5473 per
559 5403 613 5458 hoc
627 5401 699 5472 quod
714 5400 804 5471 imago
819 5397 869 5456 usi

63 5497 113 5557 est,
126 5488 302 5565 intelligibile
323 5491 350 5548 ei
364 5491 404 5560 fit,
420 5502 448 5551 et
462 5510 493 5551 se
506 5508 588 5567 posse
611 5499 638 5548 et
663 5490 765 5547 debere
779 5489 868 5548 inbra-

919 4427 1069 4498 (llCor.xr,
1086 4419 1141 4491 27).
1158 4419 1221 4474 llaec
1235 4415 1421 4486 etbujusmodi
1436 4420 1499 4469 sunt
1508 4411 1598 4467 studia
1612 4419 1718 4480 sancta,

919 4512 1046 4572 exermtia
1056 4507 1212 4582 apostolica,
1219 4507 1248 4560 in
1258 4505 1358 4577 quibus
1368 4502 1477 4557 discutit
1485 4515 1516 4556 se
1527 4498 1719 4561 animusetin·

917 4600 1003 4666 venit,
1027 4605 1056 4654 et
1069 4593 1206 4664 emendat,
1231 4591 1367 4646 munilans
1390 4603 1420 4644 sc
1434 4588 1469 4642 ab
1493 4585 1568 4642 omni
1592 4585 1718 4658 inquina-

918 4695 1009 4744 mento
1023 4683 1115 4741 carnis
1133 4692 1165 4738 ac
1177 4679 1300 4753 spiritus,
1313 4675 1459 4751 perficiens
1478 4673 1720 4731 sanctificationem

917 4776 944 4833 in
954 4777 1051 4831 timore
1069 4772 1129 4828 bei.
1147 4771 1242 4827 Studia
1256 4769 1317 4825 haec
1329 4766 1467 4824 silentium
1481 4772 1583 4834 amant,
1599 4764 1720 4838 quietam

918 4865 1074 4924 desiderant
1098 4861 1188 4919 cordis
1212 4858 1356 4915 inlabere
1380 4854 1513 4928 corporis,
1532 4861 1721 4926 paupertatem

918 4953 1039 5028 spiritus,
1055 4960 1084 5008 at
1097 4962 1193 5023 pacem
1219 4949 1246 5005 iu
1262 4946 1442 5005 exterioribus
1466 4944 1610 5017 pressuris,
1626 4948 1655 4997 et
1668 4941 1720 4995 bo-

919 5063 981 5104 nam
997 5043 1192 5102 conscientiam
1209 5040 1237 5097 in
1252 5039 1326 5097 muni
1340 5037 1459 5112 puritate
1473 5033 1564 5091 cordis
1578 5039 1607 5087 et
1620 5042 1721 5100 corpo-

920 5136 966 5195 ris.
982 5134 1045 5192 iiaec
1060 5132 1162 5190 iaciunt
1172 5131 1303 5197 acimum,
1319 5128 1383 5200 quia
1396 5125 1468 5180 unde
1480 5122 1588 5184 iaciant,
1609 5116 1720 5172 babent}

921 5229 997 5285 Vana
1018 5238 1089 5282 vero·
1109 5222 1162 5287 iila,
1187 5216 1358 5294 nugigerula,
1389 5213 1514 5275 verbosa,
1540 5206 1721 5272 contentiosa,

921 5317 1037 5384 coriosa,
1058 5308 1310 5375 cruciamentum
1329 5311 1455 5361 sanctum
1470 5299 1591 5355 animum
1609 5298 1723 5368 reljare

923 5403 1076 5475 perlectum
1089 5395 1221 5467 dissipant
1231 5401 1259 5448 et
1272 5395 1459 5461 corrumpunt.
1471 5387 1536 5441 llaec
1545 5383 1634 5440 studia
1648 5397 1724 5439 scru-

923 5498 1014 5547 tantur
1036 5488 1174 5551 virtutum,
1190 5498 1245 5540 non
1256 5488 1321 5536 *mm
1336 5479 1420 5536 dores
1433 5491 1516 5551 quam
1535 5473 1651 5540 radices,
1667 5485 1723 5529 non
