3706 5962
138 177 192 243 att
788 178 984 244 unimur!
1000 180 1137 246 tataris
1732 125 1798 242 ²52·

139 321 250 380 sponso.
266 303 418 379 Diligenter
430 303 468 362 iili
481 305 589 380 singula
601 305 687 378 ipsina
700 313 729 364 at
742 312 836 366 notata
856 313 930 375 sunt,
950 307 1109 400 pandora
1145 307 1173 369 iu
1195 307 1359 366 vestimento
1377 308 1452 365 lesu
1471 309 1571 377 oraora,
1587 307 1676 380 inquit
1689 307 1787 375 trabs,

141 403 170 453 et
183 393 333 468 recogitata
346 400 419 466 aaut,
435 409 497 468 quas
510 400 566 450 tam
584 395 753 469 inpromptu
772 401 847 453 suut.
861 396 932 452 Tra·
988 397 1108 456 ruinam
1121 401 1165 456 est
1174 396 1378 455 vestimentum
1392 399 1492 454 tuum?
1502 395 1578 468 (troi.
1589 411 1670 460 uxrrr,
1683 396 1721 465 a).
1734 396 1788 452 Ve-

141 485 209 542 bnnt
221 482 330 555 singula
343 481 471 541 aileotum
486 484 556 555 aius,
570 499 631 557 qum
651 483 790 543 murnum
809 493 864 543 tam
889 493 935 542 te·
986 487 1143 544 stimantum
1158 484 1267 543 Domini
1280 486 1344 542 lesu
1367 492 1466 542 natura
1480 482 1612 558 virginea
1633 485 1788 555 generatio·

140 571 246 630 naeiter
265 569 380 628 horrent.
397 571 488 642 Color,
511 582 601 645 eaput,
614 589 712 643 oanan,
745 573 826 641 omli,
840 589 933 648 geum,
987 575 1187 644 munandans
1213 573 1345 631 munditia
1372 582 1399 630 et
1428 572 1586 631 innocentia
1614 573 1786 641 *sanotitatia

138 658 223 727 labia,
247 673 362 727 manus,
382 665 489 729 venter,
512 674 601 728 orara,
627 677 687 732 pas,
710 668 820 735 guttur,
841 661 935 719 omnia
987 663 1072 722 mralto
1085 663 1227 721 deoontim
1240 661 1333 720 oolora
1346 660 1483 734 passionis
1497 661 1658 718 voluntaria
1680 661 1709 717 in
1723 677 1787 719 ore-

139 748 198 804 haao
211 746 330 821 figurato
344 748 536 805 deseribuntur
554 748 583 805 in
596 749 676 807 laudo
693 749 798 823 sponsi.
812 749 935 823 thnasi
986 751 1108 809 dantium
1125 753 1206 808 rubet
1229 750 1384 809 aiieotibus.
1399 749 1496 821 Qualis
1518 750 1614 815 rubor,
1640 749 1687 822 qui
1710 749 1788 806 doal-

139 837 167 893 in
196 836 317 895 olausula
345 845 372 894 et
396 838 472 895 brari
499 839 618 911 capitulo
646 847 731 896 totum
756 839 934 906 oonoludens‚
986 842 1069 898 bandi
1091 858 1146 899 non
1168 850 1244 898 earet
1266 840 1387 898 aiieotui
1408 844 1561 908 doverant,
1581 840 1789 913 imputaretur

144 927 233 993 Totus,
256 924 354 998 iuquit,
378 925 574 985 Damaratou
590 945 597 984 :
613 936 697 1000 utque
719 928 747 984 in
770 929 814 985 bis
833 928 934 985 amoris
985 946 1061 994 auor,
1077 935 1105 990 at
1118 929 1255 988 candidos
1268 931 1399 1000 [uerunt
1409 928 1442 984 ia
1453 929 1593 1000 aoapuiaa
1608 930 1680 1000 Apol
1692 932 1787 1001 (apoc.

139 1015 181 1072 sni
198 1021 294 1086 parata
306 1014 566 1084 alimentaedoooat‚
586 1019 660 1075 lolia
673 1023 725 1085 art,
735 1017 784 1086 ait,
797 1019 933 1084 dilectur,
987 1035 1037 1089 rar,
1054 1021 1110 1092 tt).

138 1105 340 1176 manuatim
360 1109 403 1161 eat
418 1105 527 1162 omioua
550 1120 642 1163 owua.
659 1106 756 1163 Videte
770 1106 799 1161 in
819 1107 861 1161 his
874 1122 939 1162 om·
1022 1114 1050 1166 3.
1065 1108 1159 1166 Rubor
1180 1107 1225 1165 hio
1246 1107 1275 1164 in
1293 1108 1359 1165 lesu
1374 1123 1438 1165 meo
1452 1106 1601 1163 candorem
1616 1105 1721 1164 inuenit
1734 1123 1789 1163 noa

139 1191 219 1249 nibus
231 1190 381 1250 dootrinarn
395 1207 512 1265 sponsae,
525 1193 616 1251 videte
640 1195 824 1257 devonanem,
842 1193 934 1253 videte
985 1197 1050 1256 feeit
1066 1216 1072 1255 :
1087 1197 1116 1253 in
1130 1196 1209 1254 nobis
1222 1195 1298 1265 iaoit,
1315 1211 1370 1253 non
1385 1195 1498 1251 invenit.
1514 1194 1606 1250 Rubor
1625 1194 1670 1251 bio
1684 1209 1789 1275 eruan-

138 1278 317 1354 diligontiam,
333 1280 376 1338 vel
390 1282 538 1353 quaerendo
551 1282 691 1354 diadum,
707 1282 750 1340 vel
771 1283 933 1340 instruendo
986 1295 1021 1345 ιω
1044 1285 1193 1343 nativitatis
1215 1293 1242 1341 at
1266 1283 1386 1356 propriu
1408 1282 1559 1357 iniquitatis
1578 1283 1790 1355 superinductus
1832 1297 1837 1306 '

138 1367 219 1436 filias,
233 1368 278 1426 rel
292 1370 440 1427 redolendo
453 1370 549 1428 landes
563 1370 658 1444 ipsius.
683 1372 790 1428 obnixe
815 1371 935 1443 adjurat,
986 1376 1090 1442 colore,
1106 1375 1234 1433 ruborem
1256 1375 1318 1446 ejus
1341 1372 1369 1428 in
1393 1372 1543 1429 eandorem
1566 1372 1710 1438 eonvertit,
1735 1371 1790 1430 tide

137 1463 234 1529 parate
247 1458 404 1530 respondet,
422 1457 519 1531 figurat
532 1467 639 1526 ornate,
654 1458 782 1516 diatim
806 1458 932 1532 partitur,
987 1464 1070 1523 eorda
1083 1463 1230 1521 mundana.
1241 1461 1385 1520 tustilioati
1399 1461 1473 1518 enim
1488 1475 1583 1517 summ
1596 1477 1647 1534 per
1661 1459 1746 1518 fidem
1760 1462 1789 1518 in

137 1543 277 1601 wooinote‘
288 1545 445 1617 pertransit,
455 1547 610 1605 snmmatim
624 1546 745 1622 stringit,
754 1546 888 1605 etnesoio
897 1564 933 1604 an
987 1554 1120 1629 sanguino
1133 1554 1210 1610 lesu.
1225 1553 1301 1610 Deua
1315 1551 1364 1608 tibi
1381 1551 1460 1609 rubet
1473 1558 1561 1622 prote
1575 1565 1656 1608 arnor
1669 1549 1785 1614 effusus,

138 1631 306 1692 sufficienter
323 1635 460 1708 exprimit.
482 1635 545 1693 Soio
559 1637 671 1709 quidem
685 1637 760 1712 quod
783 1636 933 1695 alieabrose
952 1645 974 1723 fl
988 1643 1010 1700 si
1025 1643 1053 1698 in
1067 1641 1160 1698 anino
1170 1648 1217 1698 tuo
1226 1638 1419 1698 uioisaitudinis
1428 1639 1553 1696 aooeadit
1562 1636 1702 1696 aiieotnm.
1712 1639 1787 1696 Dena

138 1721 293 1796 oonoiudil:
310 1725 381 1781 Tollo
389 1723 555 1782 ealdilectur
562 1727 809 1798 meas‚ett'paaeat
823 1729 934 1784 amicus
989 1731 1039 1788 tihi
1062 1731 1152 1797 rubet,
1168 1728 1191 1785 si
1212 1727 1260 1785 tibi
1282 1728 1375 1785 rutilat
1397 1727 1426 1783 in
1443 1727 1530 1784 eiiuso
1545 1727 1681 1801 sangnine
1695 1742 1746 1799 pro
1761 1737 1788 1783 te

138 1826 227 1868 meur.
241 1810 363 1868 Laudum
376 1811 490 1868 istarum
504 1827 621 1886 magnus
634 1814 763 1886 ambitus,
779 1822 807 1871 et
817 1830 933 1887 magnus
989 1818 1071 1876 nimia
1089 1816 1209 1874 ebaritas
1223 1815 1285 1872 Dei.
1301 1815 1347 1872 Sio
1360 1815 1436 1873 anina
1449 1815 1545 1873 dilexit
1556 1829 1685 1886 sponsam
1699 1814 1785 1874 165

139 1895 222 1973 plane
235 1914 314 1959 amor
332 1900 478 1959 laudantia.
988 1925 1066 1968 suam
1084 1910 1174 1975 lesus,
1189 1915 1219 1963 ut
1233 1906 1340 1962 lavaret
1353 1920 1414 1962 sam
1429 1905 1458 1960 in
1473 1904 1680 1979 sanguineam.
1695 1903 1786 1961 Flam·

175 1990 202 2042 2.
216 1987 277 2045 lam
287 1988 409 2062 singulos
417 1988 507 2047 laudis
516 1990 598 2063 hujus
612 1991 739 2049 articulos
752 1993 939 2053 revolvamus·
989 2014 1052 2056 maa
1071 2005 1114 2054 eat
1137 1995 1265 2063 ebaritas,
1280 1995 1340 2052 baa
1354 1993 1419 2050 mibi
1433 1993 1579 2051 Dominum
1597 1994 1691 2050 lesum
1712 1993 1788 2050 rubi·

138 2077 939 2153 fflwltttmtttttwdt'dwlwlt'ctndutdloolotextuli·
990 2082 1247 2146 coadunatarum
1272 2098 1306 2138 eo
1327 2081 1430 2137 mihist
1452 2080 1792 2137 ueritasoandetatrnbet·

140 2167 223 2225 tuus.
243 2167 394 2240 Singularis
411 2169 524 2227 mistura
547 2179 589 2228 ast
609 2171 741 2237 oolorum,
758 2171 806 2243 qni
828 2171 856 2227 in
879 2171 937 2229 sola
990 2174 1118 2233 charitas.
1134 2172 1270 2239 Dilectus,
1285 2169 1384 2243 inquit,
1399 2185 1479 2227 araus
1503 2167 1640 2228 condidus
1664 2174 1692 2224 at
1707 2169 1787 2227 rubi·

138 2270 257 2328 persono
270 2256 378 2315 Domini
391 2258 457 2314 lesu
470 2259 631 2330 operatione
644 2258 738 2318 divina
747 2268 938 2319 convenerunt
990 2265 1109 2324 raudus.
1125 2259 1227 2333 Quidni
1240 2257 1390 2316 eandidusl
1403 2260 1479 2315 Deus
1497 2256 1571 2315 enim
1589 2257 1636 2313 loa
1650 2265 1703 2326 est,
1718 2265 1747 2314 ot
1760 2256 1788 2313 in

138 2344 270 2414 inunum,
291 2361 342 2404 neo
354 2346 395 2402 sio
407 2355 437 2404 ut
446 2347 502 2403 sint
516 2364 596 2417 unus,
613 2348 663 2404 sed
676 2355 707 2405 ut
720 2348 776 2404 sint
789 2348 818 2404 in
833 2365 896 2405 nno.
913 2351 937 2407 0
991 2369 1024 2411 eo
1039 2352 1161 2409 tenebras
1175 2364 1231 2404 non
1245 2355 1309 2403 sunt
1322 2346 1393 2403 ulloe.
1404 2345 1505 2417 Quidni
1514 2344 1703 2402 rubicundus?
1716 2347 1788 2401 Deus

138 2432 277 2505 gratiosus
289 2450 407 2506 sponsus
421 2443 448 2492 et
462 2435 589 2493 amabilia
601 2435 718 2493 valdein
728 2451 783 2509 quo
795 2438 939 2511 generatio
991 2439 1063 2497 anim
1078 2436 1150 2510 uuis
1163 2444 1216 2504 est,
1231 2441 1260 2490 et
1281 2432 1342 2505 ipse
1365 2432 1459 2507 Quem
1477 2432 1551 2489 venit
1565 2432 1673 2488 mittero
1686 2431 1716 2487 in
1731 2436 1791 2488 tar-

138 2521 229 2579 diviaa
245 2522 363 2594 eander,
389 2530 417 2581 et
442 2525 524 2581 rubet
546 2523 682 2582 humanal
708 2527 771 2597 lpse
793 2535 837 2582 est
866 2529 939 2584 enim
992 2544 1061 2585 rarn.
1077 2525 1106 2584 Si
1125 2524 1173 2582 tibi
1191 2522 1327 2580 ministrat
1341 2520 1529 2594 intelligentia
1542 2521 1644 2588 iurem,
1657 2520 1791 2577 candidus

138 2610 242 2668 eandm
254 2611 323 2668 lueis
343 2620 454 2670 aeternae
468 2613 548 2687 (Sap.
568 2630 618 2684 vu,
634 2614 680 2688 26)
700 2633 707 2673 :
724 2614 783 2687 ipse
794 2616 863 2682 ,etsi
883 2633 939 2674 non
991 2615 1117 2675 esttibi:
1135 2613 1183 2670 sod
1206 2611 1230 2669 si
1253 2625 1309 2667 non
1328 2609 1449 2666 animum
1467 2608 1591 2666 accendit
1608 2608 1644 2664 ad
1657 2623 1790 2674 amorem,

139 2700 378 2773 exsanguinibus,
404 2717 496 2774 neque
511 2718 545 2757 ex
568 2702 706 2758 voluntate
727 2705 939 2777 carniumque
992 2721 1046 2762 non
1070 2719 1134 2761 eum
1157 2699 1243 2758 sentis
1266 2697 1457 2754 rubicundam.
1476 2698 1507 2752 tn
1522 2713 1553 2754 se
1570 2697 1631 2769 ipso
1645 2703 1792 2769 utrumque

138 2802 172 2844 er
185 2787 325 2844 voluntate
343 2789 405 2860 uiri,
420 2790 455 2846 da
470 2791 604 2863 sanguine
629 2799 719 2849 umen
741 2793 835 2849 listris
859 2802 938 2852 natus
955 2797 976 2875 e
991 2801 1048 2858 est3
1064 2793 1112 2849 sed
1136 2789 1183 2844 noi
1207 2803 1261 2844 non
1283 2793 1334 2852 eat,
1351 2785 1402 2842 nisi
1426 2801 1488 2841 oum
1503 2800 1600 2842 eorum
1617 2785 1645 2840 in
1663 2793 1690 2841 te
1705 2785 1791 2842 sentis

138 2884 193 2942 eat,
207 2883 233 2931 et
249 2875 315 2933 nihii
329 2875 357 2933 in
372 2893 407 2934 ao
430 2878 539 2936 ruboris
555 2878 629 2935 illius
651 2879 686 2936 de
710 2895 765 2952 quo
774 2881 813 2943 ait
825 2881 908 2939 isaias
928 2901 935 2938 :
990 2883 1129 2942 attactum.
1147 2878 1176 2935 Si
1199 2893 1302 2950 sponsa
1323 2893 1364 2945 as,
1379 2875 1508 2932 aemulare
1528 2875 1672 2932 misturam
1685 2876 1794 2949 gemini

34 3028 38 3033 ,
140 2962 411 3039 Sismriatpeocoto
424 2973 517 3026 oestro
527 2970 699 3027 morarum
708 2970 938 3039 vamlautuspa-
990 2969 1089 3029 coloris
1111 2969 1193 3038 hujus
1214 2981 1232 3021 a
1255 2980 1358 3037 sponso
1377 2971 1434 3032 tuo,
1449 2971 1480 3019 ut
1494 2962 1620 3020 similitor
1633 2962 1750 3021 madida
1765 2970 1793 3021 et

141 3054 185 3110 tot
196 3054 434 3113 toaoolboeroat
445 3057 511 3126 (iao.
522 3072 543 3121 ι,
559 3057 614 3128 lt).
625 3058 688 3113 Non
699 3057 936 3131 subternominari,
989 3057 1142 3117 mutuanda
1160 3055 1207 3120 sis,
1223 3054 1252 3110 id
1270 3061 1313 3110 est
1326 3053 1434 3109 sineera
1447 3060 1475 3109 et
1489 3067 1630 3118 suooonaa,
1646 3052 1716 3108 Nam
1731 3051 1793 3124 ipae

138 3155 195 3198 non
208 3157 238 3198 so
254 3142 392 3212 patiuntur
403 3143 474 3200 lana
497 3144 607 3211 albedo,
628 3153 655 3202 et
677 3147 760 3203 rubor
783 3148 934 3206 vermiculi.
989 3149 1060 3205 siout
1082 3143 1240 3214 serenandi,
1257 3141 1295 3198 ita
1310 3149 1338 3197 at
1356 3140 1610 3198 suooandandivim
1627 3140 1721 3196 habet.
1737 3138 1791 3208 Qui

138 3229 214 3287 iiius
228 3240 270 3289 est
289 3231 401 3306 quidam
424 3235 516 3300 rubor,
542 3235 589 3307 qui
608 3235 748 3293 invenitur
769 3236 850 3294 simul
868 3253 931 3295 oum
989 3235 1162 3311 approximat
1176 3231 1225 3299 iili,
1240 3230 1412 3303 approximat
1425 3227 1492 3304 igni.

174 3337 253 3396 Finit
267 3355 429 3399 samonum
443 3341 589 3399 Gillebortl
601 3341 708 3400 ablotis
720 3343 753 3399 ta
769 3344 896 3412 Mation,
907 3360 973 3419 quos
987 3347 1079 3400 morta
1089 3338 1230 3398 similiter
1240 3340 1403 3410 maurotus
1418 3335 1559 3392 absoluere
1573 3350 1629 3391 noa
1643 3334 1754 3407 potuit.

232 3755 233 3758 w
443 3616 859 3749 nmsnnur
934 3625 1488 3750 omnnnnnrr

272 3844 278 3856 ’
384 3868 967 4059 auaui-anus
1050 3862 1544 4012 ascarici.

735 4149 1181 4189 ψ

422 4373 653 4432 Tuacnnrusr
954 4389 1037 4469 noas
1052 4389 1059 4429 :
1081 4372 1147 4428 illud
1160 4371 1294 4443 adjiciens
1308 4370 1507 4444 perjucundum
1522 4369 1569 4424 tibi
1586 4368 1654 4437 iore,
1672 4369 1694 4424 si
1712 4369 1795 4468 amici

292 4478 331 4519 an
344 4476 481 4526 omnin
493 4478 522 4521 ι.
539 4464 599 4534 (lb)
612 4477 782 4522 antinoon!
993 4460 1133 4518 raritatem
1157 4460 1287 4534 oolloquii
1310 4459 1411 4534 pagina
1434 4466 1624 4530 compensarat
1648 4458 1793 4530 prolixior.

141 4552 179 4608 De
198 4552 439 4625 contemplatione
462 4567 560 4611 reram
580 4553 738 4611 matiam
751 4551 789 4610 od
812 4550 939 4609 ornicum
993 4552 1035 4608 lie
1057 4557 1148 4607 autern
1168 4548 1363 4621 oooupationes
1387 4555 1518 4604 oausante
1542 4552 1611 4610 tuas,
1631 4545 1795 4618 fastidioque

469 4624 606 4697 ‘milim-
992 4640 1160 4713 parcendum
1173 4653 1235 4695 ease
1248 4637 1370 4707 lectoris,
1386 4645 1415 4692 tu
1429 4637 1464 4692 de
1479 4635 1585 4709 reliquo
1598 4635 1719 4706 jubebas
1733 4651 1795 4692 esso

180 4730 206 4784 l.
222 4726 329 4783 Satisne
343 4733 511 4799 protraotnm
525 4727 574 4784 tibi
595 4728 690 4786 videor
712 4744 871 4788 amonem
894 4736 940 4786 te-
992 4728 1290 4800 seournm.1taque,ut
1304 4740 1355 4798 pro
1369 4740 1413 4782 me
1427 4723 1680 4791 fatear,nlhilmihi
1694 4724 1795 4796 jucun·

142 4813 246 4878 ubre,
260 4821 290 4870 et
302 4813 376 4885 qnod
390 4813 419 4868 iu
442 4813 630 4886 superioribus
653 4816 825 4873 decurtatum
840 4815 939 4884 fuerat,
992 4817 1055 4873 diua
1068 4818 1120 4873 hoo
1134 4816 1311 4889 pomereio.
1326 4815 1390 4871 nihil
1405 4814 1528 4885 suavius3
1540 4811 1691 4869 dummodo
1704 4812 1795 4885 ipsum

142 4902 285 4977 supplesse
298 4901 326 4958 in
344 4902 422 4960 iatoi
436 4901 542 4960 Nimius
555 4902 671 4962 fortune
686 4911 714 4962 et
735 4906 763 4962 in
788 4908 841 4964 baa
862 4912 940 4979 parte
992 4903 1127 4963 sermonis
1149 4901 1300 4959 habeamus
1322 4903 1477 4974 materiam,
1493 4919 1576 4975 quem
1604 4900 1706 4958 amoris
1729 4916 1781 4959 ean

143 4991 253 5060 nana,
267 5000 296 5050 et
308 4991 387 5051 oneri
405 4991 453 5049 tibi
468 5007 543 5050 nuno
565 4991 602 5049 sit
620 5003 713 5053 roura
725 4994 876 5068 prolixitas,
894 4993 942 5067 qui
993 5009 1052 5050 sam
1068 5011 1075 5046 ι
1091 4990 1114 5046 si
1128 4990 1187 5064 ipse
1202 4997 1282 5047 sonet
1307 4991 1334 5046 in
1358 5006 1418 5056 ore,
1433 4999 1543 5049 serenat
1559 4993 1587 5046 in
1601 4990 1705 5053 oordo;
1722 4988 1795 5045 intus

142 5081 219 5155 prino
236 5082 273 5139 de
295 5081 429 5140 brevitate
452 5081 621 5140 oaumbmis.
645 5084 747 5143 Dreros
766 5083 840 5143 enim
861 5099 878 5139 a
896 5098 941 5140 me
993 5079 1134 5155 parturiat,
1151 5079 1225 5152 quod
1243 5079 1388 5152 depromat
1411 5080 1497 5138 foras.
1513 5079 1637 5154 Denique
1661 5086 1689 5135 et
1712 5077 1793 5149 iugis,

144 5172 192 5236 tibi
218 5172 279 5231 dari
306 5188 361 5229 non
384 5172 526 5244 epistolas,
549 5174 598 5230 sed
630 5173 766 5231 clausulas
795 5172 941 5230 verborum
994 5168 1026 5229 Si
1035 5167 1335 5243 parabanturque
1346 5185 1488 5228 ammones
1498 5168 1551 5226 Dal
1562 5171 1672 5241 (tPetr.
1683 5167 1794 5237 rv,lt):

144 5268 256 5332 questus
268 5276 309 5327 aa,
326 5261 363 5317 mi
376 5260 420 5327 lb,
436 5269 475 5326 et,
490 5261 553 5317 dum
567 5260 657 5318 &bur
671 5260 836 5317 ordirentur.
855 5259 942 5316 auooi·
993 5257 1071 5333 quasi
1092 5273 1111 5314 a
1133 5258 1192 5315 Deo
1215 5257 1302 5330 datos,
1318 5267 1347 5316 et
1368 5259 1446 5332 quasi
1464 5259 1499 5315 ad
1520 5258 1610 5331 ipsum
1625 5257 1737 5314 relatos.
1753 5257 1796 5312 ab

296 5379 298 5382 ·
994 5347 1053 5422 ipso
1077 5347 1151 5406 enirn
1166 5357 1208 5407 ast
1224 5349 1321 5423 pratia,
1342 5364 1429 5423 penes
1450 5347 1540 5422 ipsum
1564 5363 1659 5414 eausa,
1681 5346 1709 5402 in
1733 5345 1794 5419 ipso

177 5433 238 5514 (ta)
251 5433 544 5513 Fortasse-lieentum,
558 5437 593 5494 ad
606 5452 690 5512 uuam
705 5441 836 5495 mortus
850 5450 894 5494 ιιι.Δ
994 5437 1110 5495 materia
1123 5437 1234 5512 oopioaa
1247 5438 1340 5512 plane.
1354 5437 1421 5509 Quis
1435 5437 1508 5495 illam
1523 5435 1643 5511 auplioet
1652 5438 1667 5492 i
1676 5434 1797 5512 quoiuut
