3706 5962
66 203 111 263 tii

673 216 706 275 tlt
723 217 862 279 cillica
881 223 989 284 salibo
1009 227 1108 287 xxiv.

1661 237 1712 299 tto

64 343 140 398 quem
158 327 583 403 significavitpropbetadicens,
597 337 799 396 Satiaborcum
810 357 859 413 up·
875 357 898 438 p
914 344 947 400 lis
962 355 1004 402 est
1027 347 1215 423 intelligentia,
1231 367 1312 423 quam
1337 367 1391 407 non
1416 369 1507 411 eoaeva
1529 362 1556 412 et
1579 373 1709 430 gemiane

63 419 189 486 paruerit
203 419 297 489 gloria
322 426 373 478 tua
397 423 483 491 (Psai.
500 439 559 488 rvr,
578 427 632 497 15).
657 425 701 481 Sia
719 428 791 482 enim
816 429 859 484 illa

64 504 143 574 gloria
168 505 239 560 dum
263 524 320 564 non
344 519 468 582 apparet,
488 513 594 583 pascit;
615 515 702 570 reiicit
725 517 789 571 dum
814 534 859 573 re-

62 593 171 649 relatur.
195 596 287 665 liujus
303 599 436 671 siquidem
446 601 540 672 gloriae
551 603 680 681 revelatio
692 605 782 676 plena,
794 607 859 678 quid

63 689 107 748 est,
132 682 190 737 nisi
216 686 354 757 sapientia
377 688 465 744 vera?
494 688 561 758 Quae
580 707 631 747 nos
654 692 688 747 ad
713 710 743 749 se
772 694 859 766 ipsam

63 770 198 827 edendum
222 773 363 843 inritans,
391 791 445 832 non
468 778 536 833 alias
558 795 574 833 a
598 781 676 835 nobis
701 782 858 850 manditur,

63 859 106 913 nisi
122 876 190 914 cum
204 861 280 916 illam
299 864 464 920 meditamur
477 866 550 923 velut
573 867 667 924 vitales
684 886 761 940 purae
784 888 860 926 men·

62 950 90 1003 tis
105 949 235 1018 delicias,
253 958 280 1007 et
296 952 495 1009 indeficientem
511 955 696 1014 reiectionem.
720 949 769 1016 llic
791 975 859 1033 ergo

63 1048 193 1111 purgatos
220 1048 247 1096 et
274 1041 435 1098 exercitatos
464 1043 546 1099 animi
575 1061 673 1102 sensus
698 1050 857 1118 habeamus,

913 435 1058 491 comitatur
1080 438 1199 495 devotio.
1219 441 1324 513 Ubique
1340 442 1387 498 tibi
1409 441 1436 497 in
1456 443 1603 515 scripturis
1625 462 1706 517 spar-

911 515 985 592 gitui
998 525 1075 597 quasi
1091 544 1184 583 semen
1207 530 1352 600 quoddam,
1369 531 1440 587 unde
1462 533 1609 605 gemellum
1633 536 1707 592 bunc

911 613 1001 682 possis
1024 615 1108 670 letum
1133 618 1286 688 concipere.
1309 620 1370 674 Non
1391 627 1495 675 tantum
1519 620 1638 689 subtilia,
1655 624 1704 679 sed

912 703 1004 758 suavia
1020 703 1056 757 ibi
1071 712 1135 760 sunt
1154 707 1256 762 omnia.
1273 710 1305 764 Et
1321 718 1485 782 praeceptum
1505 710 1613 766 Domini
1633 710 1705 767 luci-

912 793 976 845 dum
1000 799 1051 860 est,
1080 803 1107 850 et
1129 794 1243 866 ignitum
1266 797 1413 870 eloquiam.
1439 799 1537 855 sterile
1561 806 1604 855 est
1625 799 1653 854 ia
1678 809 1705 856 tc

910 880 1024 934 verbum
1043 882 1101 946 Dei,
1127 899 1160 940 ex
1175 901 1229 956 qua
1253 894 1329 957 parte
1344 888 1442 944 horum
1466 888 1630 944 alterutrum
1651 905 1706 945 non

912 980 1051 1039 operatur.
1078 972 1105 1027 Si
1130 990 1179 1044 per
1201 974 1411 1049 intelligentiam
1431 976 1517 1044 rides,
1544 978 1593 1033 sed
1614 979 1707 1050 gelido

913 1057 1000 1112 adbuc
1015 1058 1089 1129 riges
1103 1061 1221 1128 allectu3
1245 1080 1335 1119 nonne
1360 1064 1462 1121 sterilis
1483 1074 1510 1121 et
1524 1065 1651 1121 inefficax
1666 1083 1711 1123 re·

20 1164 24 1171 -
64 1142 112 1181 non
134 1128 195 1197 jam
221 1128 256 1184 ad
279 1129 474 1187 discretionem
494 1133 606 1191 boniet
627 1135 700 1205 mali,
727 1138 774 1193 sed
799 1146 860 1193 tan·
911 1153 1021 1214 putatur
1036 1145 1063 1200 in
1079 1155 1105 1202 te
1128 1150 1204 1204 verbi
1219 1150 1268 1205 Dei
1291 1151 1376 1207 virtus
1390 1152 1495 1225 ignea‘l
1510 1153 1634 1223 Denique
1659 1154 1710 1210 etsi

64 1224 116 1269 tum
142 1216 179 1270 ad
206 1219 411 1289 perceptionem
438 1221 507 1276 tanti
535 1221 610 1280 boni.
640 1226 794 1282 actitemus
816 1227 860 1282 bic
911 1234 946 1287 ad
970 1233 1062 1304 ignem
1079 1243 1186 1307 spectat
1209 1245 1238 1293 at
1262 1239 1407 1306 illuminet,
1432 1242 1518 1297 multo
1541 1241 1659 1313 amplius
1679 1252 1709 1300 ut

63 1305 155 1360 crebro
170 1306 245 1378 quod
267 1307 305 1362 ibi
331 1308 458 1366 continue
484 1327 598 1382 agemus
614 1330 620 1366 :
636 1329 860 1387 praeoccupemus
911 1323 1070 1378 succendat.
1092 1326 1216 1391 Verbum,
1233 1327 1321 1399 inquit
1336 1329 1476 1397 Dominus,
1497 1330 1568 1403 quod
1583 1329 1709 1402 egredie-

64 1394 225 1466 irequenter,
241 1396 268 1450 in
294 1413 347 1470 quo
370 1398 555 1456 indesinenter
569 1404 722 1472 occupandi
745 1405 857 1463 erimus.
911 1414 963 1466 tur
985 1410 1018 1468 de
1039 1427 1172 1480 oramen,
1188 1432 1246 1472 uon
1267 1422 1428 1474 revertetur
1449 1418 1485 1474 ad
1507 1435 1550 1474 rac
1573 1434 1707 1486 uacuum,

65 1483 202 1539 Summum
217 1484 297 1541 nobis
322 1486 366 1541 bic
385 1488 524 1560 negotium
541 1489 585 1555 sit,
611 1490 685 1562 quod
709 1493 795 1547 solum
820 1492 859 1548 ibi
911 1500 1050 1569 scisceret
1062 1508 1089 1558 ct
1096 1504 1310 1574 prosperabitur
1325 1508 1356 1560 iu
1372 1507 1415 1561 bis
1430 1506 1466 1560 ad
1479 1522 1542 1577 quoe
1551 1506 1619 1561 miri
1634 1506 1707 1562 iliad

12 1613 17 1623 .
65 1572 122 1626 erit.
143 1574 343 1645 Contemplatio
366 1592 485 1649 namque
509 1577 660 1650 sapientia,
686 1589 790 1636 aeterna
811 1598 857 1637 re·
909 1588 985 1654 (lsai.
1010 1603 1065 1655 av,
1097 1593 1151 1659 11).
1175 1592 1218 1645 ild
1241 1592 1325 1662 quaei
1350 1593 1440 1647 Habes
1472 1591 1499 1646 in
1528 1591 1704 1662 Evangelio:

65 1659 142 1715 lectio
162 1670 214 1716 est.
228 1663 302 1717 Nihil
321 1664 432 1720 omniuo
455 1664 642 1734 spiritualibus
667 1668 762 1725 animae
787 1671 855 1724 den·
909 1674 1002 1746 Ipnem
1013 1679 1076 1731 veui
1090 1679 1204 1735 mittere
1219 1680 1251 1734 ia
1266 1684 1420 1746 terroriqet
1434 1679 1502 1750 quid
1520 1681 1581 1736 uolo
1597 1680 1655 1736 uiri
1669 1684 1706 1735 ui

65 1747 133 1803 tibus
162 1750 265 1806 dulcius
290 1751 449 1818 mminatur,
474 1770 556 1825 quam
588 1755 631 1810 ille
657 1757 736 1811 Panis
766 1747 1117 1827 vivusflsucceudaiur?
1139 1768 1226 1837 (tun
1244 1782 1294 1831 arr,
1319 1769 1375 1836 49.)
1401 1767 1500 1821 Semen
1523 1774 1566 1821 est
1589 1766 1703 1821 verbum

64 1837 105 1907 qui
120 1837 191 1891 Patri
205 1839 242 1892 ait
258 1854 264 1892 :
282 1843 344 1896 ilaec
364 1847 406 1897 eti
427 1841 488 1897 vitu
501 1847 623 1913 aterna,
640 1849 671 1900 ut
687 1850 854 1917 cognoscant
908 1851 965 1917 Dei,
981 1860 1009 1907 et
1023 1852 1050 1907 in
1066 1869 1108 1920 eo,
1122 1853 1191 1910 sicut
1210 1855 1281 1926 apud
1298 1855 1349 1909 Job
1374 1855 1452 1927 legis,
1469 1860 1497 1909 ct
1513 1855 1576 1918 iac,
1601 1858 1629 1910 ei
1651 1871 1705 1910 ωι-

65 1930 198 1983 boarum
211 1931 309 1995 lirum
327 1933 355 1984 et
370 1946 450 2001 quem
473 1931 582 1986 misisti
596 1933 691 1988 iesum
709 1935 853 1992 Christum
909 1945 955 1996 tus
972 1944 1212 2014 spargiturruper
1231 1947 1337 1999 terram
1355 1943 1423 2015 (iob.
1442 1957 1564 2007 xxxviii,
1579 1943 1637 2010 at).
1651 1941 1707 1997 Sed

66 2016 150 2081 (itat-
162 2031 229 2081 ΠΗ,
248 2018 294 2087 3):
312 2017 358 2089 qui
372 2017 436 2074 vivit
451 2027 478 2074 et
492 2028 587 2090 regnat
600 2021 673 2076 Deus
687 2038 737 2092 per
762 2023 856 2078 omnia
908 2031 1000 2085 neseio
1015 2047 1069 2102 quo
1084 2039 1163 2102 pacto
1179 2030 1225 2087 lux
1249 2031 1366 2102 amplius
1390 2029 1566 2103 germinavit,
1583 2037 1611 2085 et
1634 2029 1706 2087 dile-

66 2103 343 2160 saeadasaecuiomm·
359 2108 460 2164 Amen·
908 2129 1005 2174 xerunt
1030 2121 1153 2176 homines
1183 2120 1271 2192 magis
1305 2120 1412 2187 lucem,
1439 2135 1521 2191 quam
1545 2119 1705 2178 fervorem:
1772 2117 1781 2131 ‘

337 2210 452 2266 sanato
472 2212 574 2269 χχιιι,
907 2204 960 2260 nisi
974 2207 1046 2277 quod
1069 2207 1121 2278 ipsi
1137 2208 1225 2280 magis
1248 2207 1299 2262 sibi
1324 2207 1358 2262 de
1381 2207 1440 2263 luce
1463 2206 1598 2279 placeant,
1615 2206 1704 2278 quiid

68 2298 297 2370 ammoniam,
310 2299 425 2369 setiam,
442 2306 469 2356 ei
492 2301 600 2358 ,teritis
614 2318 673 2357 non
691 2308 734 2359 est
755 2304 788 2359 -ῑη
803 2306 853 2360 erg,
907 2292 996 2365 ipsum
1009 2296 1081 2367 quod
1104 2298 1177 2352 lucet
1200 2311 1254 2351 non
1277 2296 1488 2367 amplectuntur.
1512 2298 1554 2350 Aa
1578 2311 1633 2351 non
1657 2295 1704 2351 tibi

99 2371 171 2425 Sicut
186 2371 260 2425 uitia
274 2372 403 2427 coccinea
420 2371 495 2427 labia
509 2376 558 2427 tua
571 2375 663 2441 (Ceut.
681 2389 719 2440 ιν,
736 2378 760 2440 2,
778 2379 816 2444 3).
907 2383 1015 2439 ridetur
1029 2385 1180 2454 perdidisse
1196 2393 1242 2439 aut
1253 2384 1416 2440 dedidicisse
1430 2396 1555 2440 naturam
1566 2384 1637 2457 ignis
1646 2399 1703 2439 non

98 2462 121 2511 l.
144 2458 265 2512 Audbtis
297 2460 464 2530 praecedenti
493 2462 698 2517 commendatos
726 2479 854 2519 sermone
906 2469 1100 2525 succendens?
1114 2471 1182 2526 Cum
1198 2471 1277 2526 audis
1291 2471 1409 2543 aliquem
1435 2470 1512 2542 quasi
1536 2469 1701 2543 gloriantem

63 2562 162 2617 sponsae
185 2548 295 2603 tientes.
320 2550 384 2603 June
407 2548 517 2620 quidem
543 2564 549 2603 ἰ
581 2551 653 2622 quod
680 2566 735 2605 non
756 2552 854 2623 exigua
905 2566 932 2612 et
946 2558 1090 2612 dicentem:
1119 2558 1179 2612 Non
1198 2574 1241 2613 me
1264 2557 1309 2612 ille
1333 2557 1480 2628 Scripturae
1503 2573 1588 2613 sacrae
1609 2573 1700 2612 sermo

63 2635 93 2688 sit
105 2636 315 2706 pulchritudinis
334 2637 402 2692 ratio
422 2636 448 2691 in
467 2638 596 2693 dentibus
621 2637 718 2709 posita,
744 2639 766 2693 si
787 2655 853 2695 oan-
905 2644 1022 2701 aedifreat
1040 2645 1127 2717 :quid
1156 2645 1227 2700 aliud
1255 2645 1364 2700 videtur
1388 2645 1436 2700 tibi
1458 2644 1569 2708 dicere,
1600 2659 1699 2716 quam,

60 2723 110 2777 didi
133 2723 197 2790 sint,
227 2724 251 2778 si
278 2725 420 2796 aequaliter
441 2725 571 2781 conserti.
594 2726 652 2781 Nec
674 2734 777 2781 tantum
801 2744 852 2799 ap·
906 2734 1025 2790 Perdidit
1048 2733 1075 2788 in
1100 2751 1144 2790 me
1168 2733 1317 2789 esrieaciam
1338 2735 1454 2800 verbum
1484 2732 1621 2804 ignitum3
1648 2748 1703 2789 non

59 2811 150 2878 titudo,
175 2811 225 2866 sed
258 2818 285 2866 et
309 2811 412 2865 utilitas
435 2812 463 2867 in
493 2811 620 2867 dentibus
648 2813 747 2884 placet.
781 2814 853 2883 Quid
905 2840 949 2879 me
974 2823 1124 2891 succendit,
1142 2839 1197 2879 noa
1220 2822 1380 2888 inflammat,
1397 2836 1451 2876 non
1476 2829 1585 2877 exercet
1610 2819 1637 2874 in
1662 2836 1706 2876 me

54 2899 146 2953 enimi
160 2900 283 2954 toanms
297 2900 324 2954 in
341 2900 505 2972 Apocalypsi
520 2901 682 2971 involutum,
700 2903 775 2974 quod
800 2903 852 2957 sibi
904 2911 958 2967 vim
977 2912 1151 2982 genitalem?
1166 2911 1342 2967 sterilitatem
1367 2926 1446 2965 suain
1469 2909 1586 2982 imputat
1609 2909 1705 2976 verbo,

51 2988 200 3061 “bandelii
222 2997 377 3058 porrectum
398 3000 448 3057 ⁰⁵¹2
465 2990 602 3062 <1¹¹⁰ffl⁰d⁰
628 2990 851 3047 0⁰111⁰d⁰i0it0·
905 3002 998 3073 quod,
1024 3010 1157 3072 quantum
1186 3001 1213 3056 ia
1243 3017 1273 3056 se
1297 3007 1350 3066 est,
1376 2999 1475 3056 crescit
1499 3007 1526 3055 et
1548 2997 1704 3055 fructificat.

47 3077 138 3132 lumen
165 3077 262 3149 (Apro.
295 3094 325 3143 x,
352 3082 388 3144 9,
415 3080 461 3150 10]
485 3079 544 3134 Sine
573 3077 680 3135 id⁰¹1t³i8
707 3079 742 3135 ad
770 3080 851 3136 talem
904 3087 990 3158 Quam
1005 3089 1134 3162 gloriosa,
1148 3088 1242 3154 irater,
1258 3086 1399 3159 jactantia,
1416 3086 1488 3159 quod
1504 3102 1559 3142 non
1574 3093 1601 3141 te
1612 3101 1704 3142 sermo

44 3166 137 3221 cibum
165 3166 311 3222 dentibus?
331 3166 420 3221 Durus
443 3167 587 3222 videbatur
616 3167 693 3222 cibus
718 3167 786 3224 liber
805 3169 850 3224 in·
866 3125 887 3202 c
903 3177 1010 3233 divinus
1023 3177 1149 3243 aedifieat,
1166 3177 1212 3248 qui
1226 3177 1277 3231 ista
1298 3175 1437 3248 loqueris!
1456 3175 1582 3231 Forsitan
1605 3189 1703 3232 eversa

45 3264 124 3326 teger
141 3269 149 3308 :
167 3260 195 3311 ei
210 3252 272 3309 ideo
286 3254 414 3311 dentibus
437 3271 506 3327 opus
530 3263 597 3323 erat,
614 3256 660 3328 qui
684 3254 759 3312 illum
775 3273 851 3313 ⁰0111·
904 3274 931 3322 et
944 3267 1039 3322 evulsa
1054 3266 1174 3322 nondum
1193 3274 1256 3320 sunt
1272 3283 1279 3320 ι
1295 3274 1388 3320 vestra
1401 3264 1461 3319 ideo
1485 3278 1556 3319 nora
1575 3278 1699 3335 superea-

40 3344 205 3399 fflissueftssi
220 3344 366 3417 issiedfflmi
388 3349 415 3400 θῑ
429 3343 585 3400 θΙΠΟῙῙῑΓθῦῑ
600 3345 709 3410 dutum,
721 3354 750 3400 ui
764 3344 850 3401 levius
903 3354 1008 3412 dilicari
1023 3369 1077 3410 non
1092 3355 1192 3417 valent,
1208 3369 1263 3408 non
1286 3352 1450 3424 germinare,
1466 3366 1521 3406 non
1544 3350 1631 3425 gigni.
1646 3350 1701 3406 Fe·

40 3432 178 3504 deglutiri
198 3440 301 3504 posset.
319 3433 353 3486 lit
368 3434 456 3487 bonus
480 3432 559 3502 plane
575 3430 644 3487 dens
667 3431 850 3503 intelligentia
903 3443 980 3510 lixi„
996 3460 1050 3513 quo
1074 3442 1174 3497 amosis
1198 3439 1327 3495 mundani
1350 3438 1501 3494 desiccatus
1526 3445 1568 3492 eat
1591 3439 1700 3503 bumor,

40 3521 209 3584 exercitali,
229 3519 409 3593 intelligentia
423 3520 479 3591 spir
481 3520 579 3586 iiualissi
597 3537 657 3592 ‹111ae
673 3521 764 3575 omnia
778 3521 851 3589 diju-
903 3539 929 3586 et
948 3531 1026 3602 vigor
1041 3530 1132 3585 delicit
1149 3544 1155 3581 :
1171 3529 1198 3583 in
1213 3544 1245 3583 eo
1261 3526 1338 3581 facile
1362 3524 1440 3598 igniti
1454 3523 1533 3580 verbi
1548 3522 1589 3578 vis
1604 3537 1702 3593 opera·
1748 3582 1750 3586 ,

38 3610 128 3674 (litai,
163 3606 253 3662 Omnia
279 3607 400 3673 discutit,
430 3607 521 3663 Omnia
549 3607 670 3663 luminii
696 3616 724 3662 θῑ
747 3617 849 3664 scruta·
904 3629 956 3675 tur.
983 3620 1101 3675 Verbum
1124 3618 1173 3673 Dei
1193 3626 1220 3673 et
1244 3616 1325 3684 lucet,
1340 3621 1368 3669 et
1390 3612 1478 3668 ardet.
1495 3613 1599 3667 Neutra
1622 3610 1650 3664 in
1676 3619 1702 3666 tc

40 3705 96 3768 ittr,
115 3696 206 3752 eiiam
222 3696 356 3768 profunda
373 3697 447 3752 Dei:
468 3714 529 3770 quae
550 3698 632 3752 eiam
655 3696 745 3767 ipsam
769 3697 848 3752 into·
902 3709 999 3764 virtute
1016 3707 1147 3779 privetur,
1163 3705 1211 3760 sed
1227 3704 1367 3780 geminum
1383 3703 1416 3758 de
1440 3701 1492 3758 isto
1516 3698 1623 3755 semine
1636 3714 1703 3754 con·

38 3787 167 3842 hilllbrl
182 3785 330 3842 medullam
345 3787 457 3851 mantili,
474 3793 500 3841 el
524 3786 618 3841 intima
639 3785 780 3857 SdpiCllllae
798 3802 847 3841 00-
902 3797 962 3867 cipe
977 3795 1072 3851 fetum,
1099 3794 1205 3850 Sierssis
1230 3798 1369 3863 reputatur
1393 3799 1488 3846 uterus
1507 3788 1553 3861 qui
1576 3787 1636 3843 istis
1659 3786 1672 3840 s
1687 3817 1704 3829 .

39 3876 125 3931 medii
144 3875 261 3931 Viscera.
277 3875 399 3939 Stultus,
416 3874 486 3930 siaul
505 3874 704 3944 scriptumest,
726 3874 847 3947 Compli-
901 3885 973 3940 tibus
988 3900 1043 3940 non
1066 3883 1231 3951 gravidatur,
1247 3883 1286 3952 ιῙῃ
1312 3879 1420 3935 Christo
1445 3880 1510 3934 Jgsu
1535 3892 1624 3948 neque
1648 3875 1703 3931 cip.

40 3969 86 4019 rat
102 3980 211 4020 orarias
226 3981 301 4031 auus,
318 3968 345 4019 ei
368 3963 489 4022 coruedtt
506 3965 612 4020 viscera
626 3980 677 4018 sua
692 3963 792 4032 (Eccita
808 3979 844 4030 ιι,
900 3974 1031 4031 cumcisio
1053 3973 1153 4045 aliquid
1176 3972 1255 4036 valer,
1282 3985 1371 4041 neque
1394 3967 1569 4041 praeputjum‚
1596 3964 1645 4022 sed
1671 3963 1702 4019 fi.

39 4057 78 4123 5).
102 4052 190 4108 Cibus
211 4053 261 4108 iste
284 4060 424 4116 cruentus,
450 4053 527 4108 cibus
549 4051 666 4106 earnalis
692 4060 743 4117 est,
770 4052 847 4108 cibus
900 4063 948 4117 des
970 4079 1031 4135 quae
1053 4078 1103 4134 per
1127 4061 1300 4117 ditectionem
1322 4066 1449 4129 operatur
1473 4057 1581 4129 (Galat.
1607 4072 1634 4122 v,
1659 4055 1699 4125 6).

41 4143 86 4215 (itti
106 4133 195 4214 petii·
212 4141 267 4197 im0
290 4141 336 4212 (itti
356 4141 475 4215 pttifflii·
501 4140 589 4208 Quam
608 4139 713 4195 dulcius
739 4148 766 4195 θῑ
790 4141 845 4196 uli·
898 4151 988 4207 Bonus
1009 4150 1089 4223 plane
1118 4149 1188 4206 letus
1215 4148 1335 4217 dilectio,
1361 4146 1427 4220 quia
1448 4144 1568 4204 charitas
1592 4144 1620 4199 ia
1643 4142 1698 4199 iru-

40 4229 91 4286 lins
108 4231 223 4287 viscera
246 4230 387 4302 sapientia
411 4230 599 4296 comeduntur,
624 4239 652 4284 et
675 4229 745 4285 sacri
769 4229 844 4286 verbi
899 4241 987 4295 crpus
1015 4239 1131 4310 spiritus
1159 4244 1379 4295 connumeratur,
1403 4235 1527 4307 Denique
1555 4233 1628 4289 velut
1650 4248 1696 4304 ge·

42 4321 168 4377 mna?
192 4320 253 4375 Non
272 4327 364 4391 potest
385 4317 506 4375 cruentis
525 4317 622 4392 &itissgi
644 4318 780 4384 dentibus,
795 4319 845 4374 Sed
899 4329 973 4384 melli
987 4329 1057 4384 letus
1072 4328 1183 4402 gemina
1192 4327 1319 4383 ebaritas.
1335 4325 1438 4397 liilipes
1447 4322 1599 4381 Dominum
1607 4325 1696 4379 Deum

40 4407 297 4475 praeliandus,
319 4408 383 4481 quia
397 4407 502 4464 candor
524 4415 567 4462 est
590 4407 649 4477 ipsa
674 4406 741 4464 lucis
765 4417 845 4464 aeter·
899 4422 981 4475 tuum
994 4435 1031 4475 ex
1046 4422 1104 4475 roro
1119 4416 1199 4474 corae
1214 4420 1311 4480 tuna
1327 4413 1696 4476 cuotienscumque

41 4517 90 4566 uae,
107 4508 139 4554 et
152 4497 239 4570 ipsius
253 4497 346 4569 sponsi
360 4498 457 4553 dentes
469 4496 539 4552 laete
553 4495 726 4552 candidiores
746 4496 842 4552 dicun·
858 4515 882 4592 n
899 4511 1057 4564 totamm
1073 4511 1133 4561 tua.
1147 4507 1200 4561 1100
1213 4509 1256 4561 eit
1266 4503 1425 4559 maximum
1438 4506 1465 4557 et
1476 4502 1603 4569 primam
1613 4512 1696 4551 maa·

39 4598 92 4645 tur.
118 4589 272 4658 Propterea
302 4585 368 4641 tales
396 4585 423 4639 in
450 4599 551 4656 sponsa
579 4580 770 4654 commendat,
797 4600 843 4656 qur

39 4677 94 4733 suis
118 4677 175 4733 siut
199 4675 304 4730 similes
320 4688 327 4728 :
345 4677 445 4731 Dentes
466 4675 508 4728 tui
532 4674 605 4730 ricrd
629 4689 698 4744 prce
724 4670 777 4727 ⁷8
799 4671 845 4728 de-

41 4772 204 4833 tonsarum,
219 4782 282 4838 quae
297 4763 484 4819 ascenderunt
500 4761 533 4819 de
549 4764 669 4817 lavacra.
686 4761 747 4815 Non
762 4762 844 4818 modo

37 4857 118 4931 totos,
136 4855 187 4910 sed
212 4862 237 4908 et
254 4853 357 4908 liberos
371 4859 479 4924 oportet
502 4850 600 4906 mentis
619 4867 716 4905 seusus
733 4852 841 4918 babere,

37 4950 58 5002 ri
73 4945 138 5019 quis
152 4944 217 4999 illos
236 4942 271 4998 ad
291 4941 375 4997 divini
390 4941 464 4997 verbi
479 4938 641 4996 scrutinium
656 4949 743 5011 parat.

69 5040 97 5092 2.
111 5034 216 5090 Omnes
230 5033 357 5103 gemellis
370 5029 489 5100 fetibus,
506 5033 534 5085 ct
547 5028 654 5086 sterilis
670 5046 728 5085 nou
751 5035 792 5088 est
812 5033 843 5087 iu

36 5126 86 5182 cic.
102 5120 243 5179 sterilitas
256 5127 408 5192 reputatur,
423 5119 447 5173 si
459 5118 501 5174 vel
517 5135 574 5176 uno
598 5120 682 5175 fueris
706 5119 762 5176 fetu
778 5136 844 5176 con·

37 5222 142 5269 tentus.
168 5209 199 5266 si
225 5208 338 5280 potuisti
360 5207 395 5262 ad
417 5215 554 5264 sacratum
577 5208 695 5281 aliquem
723 5209 751 5264 in
771 5209 843 5265 Scri-

36 5303 125 5375 pturis
144 5298 316 5355 intellectum
339 5296 504 5370 pertingere,
528 5313 612 5352 unum
634 5298 691 5367 jam
715 5296 843 5368 peperisti

36 5386 403 5459 terum.1tonusprofeuus
423 5394 451 5442 et
473 5386 582 5461 ingens,
605 5387 654 5442 sed
673 5385 843 5442 insufficiens

35 5468 145 5542 'meato
168 5475 447 5548 sedamnationis
472 5491 528 5533 aon
552 5477 728 5549 respondeat.
753 5475 841 5533 Steri-

899 4595 1008 4650 datum.
1026 4593 1184 4651 &cundum
1196 4591 1290 4647 simite
1304 4593 1348 4644 est
1366 4587 1431 4643 buia
1446 4607 1455 4642 .·
1470 4585 1576 4656 Diliges
1592 4584 1694 4658 proci-

897 4700 976 4740 mum
995 4689 1077 4738 tuum
1100 4683 1220 4738 sicutte
1242 4682 1348 4753 ipsum.
1374 4674 1442 4731 lllud
1465 4673 1598 4747 primum,
1624 4672 1697 4729 istud

897 4771 1047 4827 seeundum
1063 4786 1069 4823 :
1086 4776 1230 4842 utrumque
1254 4766 1411 4832 maximum,
1438 4764 1501 4836 quia
1520 4763 1592 4819 istud
1607 4762 1696 4819 simile

897 4860 944 4916 illi.
960 4859 1026 4914 Boni
1050 4868 1076 4914 et
1101 4855 1268 4913 sullicientes
1282 4855 1325 4911 isti
1350 4855 1421 4911 letus
1445 4852 1555 4927 gemelli
1579 4852 1641 4925 quia
1664 4853 1695 4907 ia

897 4950 940 5005 bis
951 4952 1012 5004 tota
1023 4947 1210 5019 leepcndciet
1223 4946 1368 5020 Prophetae
1378 4943 1492 5016 (idatii.
1502 4957 1570 5007 xxti,
1584 4937 1697 5009 atto).

896 5037 1018 5110 Denique
1043 5041 1070 5095 et
1093 5037 1161 5106 fiais
1174 5036 1310 5108 praecepti
1334 5035 1461 5091 ebaritas
1486 5030 1512 5102 (l
1528 5031 1596 5086 Tim.
1618 5042 1637 5091 r,
1654 5025 1695 5097 5),

897 5143 957 5200 qua
972 5126 1054 5182 etiam
1075 5123 1138 5181 alibi
1155 5127 1301 5182 uinculum
1313 5121 1502 5195 perfectionis
1517 5116 1613 5172 dicitur
1629 5116 1696 5185 (Co-

898 5217 961 5272 lore.
983 5233 1023 5281 ιιι,
1040 5216 1094 5282 ll).
1573 5291 1578 5302 Ι

932 5310 958 5361 3.
975 5307 1145 5376 Eteongrue
1169 5302 1203 5356 de
1226 5299 1353 5355 coccineo
1376 5294 1482 5352 vinculo
1503 5299 1636 5365 sequitur,
1662 5294 1696 5350 de

896 5411 950 5465 quo
965 5393 993 5448 in
1008 5391 1086 5447 laude
1101 5389 1234 5445 labiorum
1251 5402 1358 5457 sponsae
1383 5390 1522 5455 assumpta
1539 5390 1582 5439 est
1601 5381 1693 5438 simili·

897 5481 971 5537 tudo.
989 5480 1070 5539 Sicut
1081 5478 1155 5534 uitta
1169 5474 1298 5535 cocciaco
1313 5473 1388 5531 labia
1403 5476 1465 5530 tua.
1483 5473 1521 5530 lia
1535 5471 1608 5530 enim
1622 5469 1696 5527 labia
