3706 5962
56 218 113 280 5ίῖ

611 211 800 273 annotastis
819 211 861 270 ut
879 208 1054 272 IN'l'ElllOill
1073 211 1172 275 tubo.

1660 221 1717 282 bid

58 345 155 405 cordis
177 341 329 417 gremium:
352 340 389 395 sit
419 340 525 404 denae,
551 346 579 394 ut
594 338 644 395 sali
666 339 721 395 Deo
750 338 861 410 placeat,
879 351 902 429 g
919 345 1035 406 tenetur,
1051 339 1094 397 vel
1116 355 1182 397 vane
1195 348 1353 412 occupatur,
1368 343 1403 398 ad
1420 343 1538 414 seipsum
1564 348 1663 415 redeat,
1685 358 1714 405 at

59 435 116 489 soli
140 435 196 489 Deo
222 431 352 497 interdat,
378 443 428 483 uec
449 429 555 483 recedat
574 429 608 482 ab
631 443 674 483 ea.
695 427 767 483 Talis
790 444 860 485 cou-

58 521 175 580 scientia
190 519 308 574 laetiticat
322 517 449 584 animam,
465 525 492 574 et
505 516 613 572 exbibet
628 532 658 573 se
679 517 733 572 Deo
747 525 859 588 gratam,

58 616 89 665 et
105 608 262 666 haminibus
277 616 304 663 et
317 606 434 681 Angelis*
448 606 636 674 reverendam,
654 612 682 661 et
704 604 861 676 sibimetipsi

59 700 168 772 placata
181 706 208 753 et
222 697 315 771 quieta
329 696 428 752 existit.

373 784 486 839 CAPUT
501 784 549 838 XI.

118 879 158 935 Dc
171 874 321 934 carrtmadtc
330 878 357 931 et
367 873 509 944 fructibus
525 873 603 927 batere
616 873 806 928 canscientia.

98 969 144 1022 ιθ.
163 963 334 1021 Conscientia
348 971 389 1017 est
407 961 497 1019 cordis
521 961 632 1016 scientia
652 978 657 1016 :
681 976 742 1032 quae
770 958 861 1030 dupli-

60 1057 130 1112 citer
150 1053 310 1125 intelligitur
326 1051 470 1123 3uidelicet
484 1051 525 1106 uel
541 1050 585 1104 illa
599 1065 660 1121 quae
674 1065 703 1104 se
717 1048 792 1106 norit
815 1064 863 1119 per

60 1142 297 1213 sacellaque
322 1147 420 1211 praeter
442 1155 472 1195 sa
496 1137 648 1195 etiamalio
670 1139 745 1195 uouit
759 1154 791 1194 ex
820 1153 861 1193 se.

60 1233 115 1290 Cor
134 1231 210 1289 enim
225 1238 295 1286 etse
313 1229 388 1287 novit
405 1244 453 1285 sua
469 1226 644 1293 canscientia,
661 1237 688 1283 et
703 1227 784 1283 multa
798 1226 861 1282 alia.

59 1321 180 1392 Quando
203 1319 278 1378 navit
297 1335 337 1388 se,
363 1317 520 1390 appellatur
548 1316 735 1375 conscientia:
756 1314 863 1387 quanda

59 1420 164 1484 praeter
177 1426 208 1466 se
229 1407 291 1476 alia,
308 1408 462 1463 nominatur
477 1405 596 1462 scicntia.
622 1404 792 1461 Conscientia
811 1405 863 1460 ba-

61 1517 106 1569 ua,
125 1499 222 1556 titulus
239 1504 279 1552 cst
305 1496 455 1569 religionis,
471 1494 599 1567 templum
618 1494 778 1561 Salomonis,
798 1508 863 1566 ager

917 426 1036 497 seipsum
1059 428 1206 484 discutiat:
1238 444 1355 501 cumque
1384 431 1513 487 invenerit
1530 433 1647 505 culpam,
1677 435 1713 493 ti·

915 524 986 571 meat
1001 532 1121 586 paenam.
1149 518 1303 587 Quarcndo
1331 528 1422 576 autem
1436 522 1549 591 culpam,
1581 539 1713 595 nusquam

916 604 987 660 illam
1002 606 1055 660 nisi
1079 605 1106 660 in
1127 622 1156 663 se
1172 606 1310 676 reperiat:
1342 616 1450 678 reperta
1479 617 1569 666 autem
1593 612 1715 682 culpaet

916 708 1004 762 poeuae
1019 709 1108 760 causa,
1134 694 1252 766 scipsum
1269 696 1405 767 puniendo
1421 711 1451 751 se
1466 706 1527 753 ante
1541 715 1572 753 se
1604 705 1714 771 statuat,

916 790 943 835 et
956 790 1084 854 tanquam
1096 783 1178 838 alium
1192 800 1222 839 se
1232 785 1349 854 judicet3
1370 800 1400 839 se
1424 785 1551 855 equidem
1566 786 1712 858 culpatum,

916 862 978 927 ante
991 890 1021 929 se
1034 873 1183 938 atilictum;
1200 890 1230 930 se
1259 890 1348 945 reum,
1362 882 1426 931 anta
1449 890 1480 930 se
1495 875 1615 944 judicem
1633 893 1715 934 serc-

916 962 1184 1034 rum3seimpium,
1202 971 1309 1018 antesu
1339 965 1372 1019 ad
1404 963 1531 1035 pietatem
1555 980 1713 1023 reversum:

915 1059 1051 1121 proponat
1065 1067 1095 1107 se
1116 1057 1179 1108 ante
1192 1067 1236 1119 se;
1254 1053 1387 1109 decernat
1402 1052 1467 1124 quid
1480 1069 1496 1107 a
1511 1069 1539 1109 se
1562 1053 1716 1111 laciendum

916 1137 951 1193 sit
965 1140 998 1195 dc
1013 1155 1060 1207 se;
1077 1140 1149 1209 justo
1168 1143 1193 1196 in
1209 1155 1239 1195 se
1253 1140 1353 1211 injusta
1368 1141 1475 1214 inlligat
1496 1142 1572 1211 justa
1596 1141 1714 1215 flagella.

917 1229 1053 1300 Loquetur
1068 1230 1148 1284 etiam
1163 1230 1203 1285 sic
1218 1228 1269 1285 sibi
1285 1248 1291 1286 :
1304 1229 1372 1299 Quia
1379 1245 1471 1302 pacem
1484 1230 1628 1288 deseruisti
1639 1231 1713 1304 apud

917 1316 1061 1372 Dominum
1073 1318 1158 1373 Deum
1174 1324 1259 1382 tuum,
1274 1324 1301 1373 et
1312 1317 1411 1374 bellurn
1428 1317 1567 1375 incurristi
1581 1318 1654 1389 apud
1668 1327 1711 1375 tc·

917 1408 1015 1476 lpsum,
1032 1406 1176 1463 scissuram
1190 1405 1298 1480 pateris,
1315 1415 1344 1462 ut
1360 1414 1387 1461 tu
1414 1421 1431 1464 a
1453 1415 1479 1462 te
1507 1409 1567 1479 ipso
1582 1408 1712 1465 condem-

917 1495 1003 1552 neris.
1020 1495 1088 1566 Quia
1103 1503 1209 1564 pactum
1232 1494 1307 1566 pacis
1324 1495 1432 1566 rupisti,
1448 1496 1489 1553 uis
1505 1496 1579 1568 quod
1593 1512 1647 1554 non
1661 1497 1713 1567 ris,

60 1586 273 1654 benedictionis,
290 1585 386 1640 hortus
406 1584 575 1649 deliciarum,
592 1599 702 1639 aureum
721 1582 863 1638 reclinato·
915 1590 942 1637 et
955 1597 1009 1639 uon
1024 1584 1065 1639 vis
1079 1584 1150 1656 quod
1167 1584 1207 1638 uis
1229 1601 1235 1637 :
1253 1600 1268 1639 a
1291 1582 1377 1654 teipsa
1401 1584 1639 1642 condemnaberis.
1655 1586 1714 1642 No·
1740 1632 1743 1638 .

63 1679 145 1748 rium,
161 1675 291 1748 gandium
307 1672 488 1747 Angelorum,
511 1687 573 1728 arca
586 1671 710 1742 studetis,
722 1672 863 1726 thesaurus
880 1631 901 1709 Β
917 1671 994 1726 lenda
1010 1672 1065 1726 uis:
1080 1671 1195 1727 valanda
1210 1687 1263 1728 nau
1276 1671 1328 1729 ais.
1339 1672 1454 1729 Ecccde
1467 1688 1515 1730 are
1529 1682 1577 1732 tua
1592 1681 1619 1730 te
1633 1673 1712 1746 judi·

61 1765 158 1838 Regis,
175 1764 234 1820 aula
252 1762 312 1833 Dei,
337 1762 518 1818 babitaculum
540 1761 658 1832 Spiritus
678 1759 773 1826 sancti,
798 1759 865 1815 liber
918 1774 959 1831 co,
974 1774 1052 1817 serae
1063 1774 1192 1832 nequam.
1202 1759 1303 1832 Afflige
1311 1760 1402 1831 itaque
1413 1771 1447 1833 te,
1458 1772 1486 1818 et
1497 1770 1584 1818 statue
1606 1771 1633 1818 te
1646 1776 1715 1819 oon·

61 1854 187 1926 signatus
206 1858 234 1907 et
259 1851 379 1916 clausus,
410 1859 437 1905 et
461 1852 487 1904 in
511 1849 554 1905 die
575 1849 669 1919 judicii
691 1849 865 1921 aperiendus.
920 1856 958 1904 tra
974 1848 1069 1904 taciem
1084 1856 1167 1914 tuam,
1184 1856 1213 1903 ut
1236 1848 1355 1921 aspicias
1371 1849 1565 1922 turpitudinem
1580 1860 1663 1917 tuam,
1690 1861 1717 1906 et

61 1938 136 1995 Nihil
152 1947 194 1996 est
208 1937 363 2008 iucundius,
386 1936 455 1992 nihil
484 1935 576 2002 tutius,
604 1937 669 1991 nibil
688 1936 772 1993 ditius
795 1937 865 1992 bona
919 1939 1051 2013 recogites
1066 1937 1205 1993 stultitiam
1226 1946 1309 1994 tuam.
1325 1938 1369 1994 Sic
1394 1938 1475 2011 igitur
1489 1940 1517 1994 in
1531 1938 1646 1997 miseriis
1659 1940 1717 1997 suis

61 2027 240 2087 canscientia.
257 2026 365 2084 Premat
383 2040 492 2098 carpus,
513 2026 600 2080 trabat
622 2026 750 2094 mundus,
771 2032 867 2080 terreat
918 2026 951 2080 ad
967 2026 1084 2098 seipsum
1100 2026 1242 2082 reuertitur
1265 2041 1323 2098 cor,
1334 2036 1362 2083 et
1381 2026 1485 2084 sistitur
1500 2029 1592 2085 carad
1609 2029 1716 2086 coevis

61 2118 202 2187 diabolus,
218 2124 245 2171 et
267 2115 313 2170 illa
334 2114 385 2172 erit
410 2129 514 2170 secura.
539 2114 611 2171 Baua
636 2112 800 2170 conscientia
823 2127 865 2167 se·
918 2122 960 2170 est
973 2115 1096 2186 quadam
1107 2129 1170 2187 quae
1182 2114 1222 2170 sic
1234 2115 1269 2171 tle
1278 2115 1360 2171 carde
1370 2123 1509 2187 operatur,
1524 2125 1551 2174 et
1562 2117 1661 2176 retinet
1670 2133 1717 2176 car

62 2221 128 2264 eura
144 2203 198 2260 erit
215 2219 277 2259 cum
293 2217 393 2274 carpus
409 2202 540 2258 morietur
555 2223 562 2272 ;
580 2217 685 2270 secura,
701 2218 760 2258 cum
776 2201 866 2256 anima
920 2201 1020 2258 tluxum
1035 2211 1062 2264 et
1076 2218 1190 2272 nauum;
1207 2218 1241 2260 ne
1263 2204 1377 2273 pralluat
1392 2203 1419 2258 iu
1434 2205 1560 2276 abyssum
1585 2205 1716 2263 extermi-

62 2310 156 2352 caram
172 2295 229 2348 Deo
251 2291 486 2364 praesentabitur;
513 2307 617 2357 secura,
638 2306 698 2347 cum
722 2298 866 2362 utrumque
919 2292 967 2347 nii.
998 2290 1044 2347 llis
1059 2292 1109 2347 ista
1138 2307 1186 2347 scu
1213 2292 1340 2348 violentia
1356 2293 1424 2363 rapit
1447 2309 1558 2365 ragnum
1573 2295 1715 2352 calmum.

52 2384 88 2439 iu
105 2383 154 2439 die
177 2380 273 2452 judicii
298 2388 359 2436 anm
383 2379 499 2435 tribunal
519 2379 663 2437 territicum
675 2380 741 2448 justi
764 2379 868 2436 tudiris
920 2384 1048 2453 Regnum
1062 2381 1208 2452 coeloram,
1226 2380 1314 2452 inquit
1327 2383 1466 2450 Dominus,
1480 2385 1537 2441 aim
1550 2387 1676 2456 patitur,
1690 2389 1718 2440 et

61 2478 210 2529 statuetur.
225 2470 335 2526 Futurae
351 2469 526 2525 beatitudiuis
545 2478 653 2525 nonest
668 2468 758 2524 utilius
778 2484 867 2524 reme-
920 2471 1038 2527 ertatenti
1054 2470 1421 2543 rapiunttttad(llattb.x1,
1433 2474 1488 2541 tat.
1500 2470 1716 2546 Nabileregnum

61 2562 154 2632 dium,
179 2574 231 2616 nec
253 2558 354 2614 certius
386 2558 568 2614 testimonium
597 2558 668 2613 baua
691 2557 866 2613 couscientia.
921 2560 1050 2633 possidet,
1066 2560 1112 2630 qui
1126 2574 1175 2616 car
1190 2574 1269 2615 soum
1285 2559 1415 2629 possidat.
1430 2559 1493 2616 Nau
1508 2569 1614 2636 regnat,
1628 2562 1674 2634 qui
1688 2562 1717 2616 in

60 2651 135 2707 Cum
153 2647 275 2704 mundus
295 2646 553 2703 omnivolubilitate
571 2650 786 2717 circumrotetur,
802 2647 867 2718 plo·
921 2650 1001 2706 corde
1017 2665 1066 2705 sua
1095 2649 1203 2704 deditus
1226 2649 1399 2706 servitutibus
1427 2649 1564 2720 uitiorum,
1591 2651 1717 2724 praesidet

61 2746 115 2806 ret,
146 2737 241 2802 nocet,
272 2745 373 2806 pereat,
402 2744 540 2807 transeat3
567 2751 705 2807 uunquam
728 2736 869 2792 marcescit
922 2739 1035 2794 urbibus
1049 2746 1076 2793 et
1090 2738 1177 2793 turbis
1191 2737 1364 2809 populorum.
1390 2738 1471 2794 Salus
1485 2738 1508 2793 is
1534 2741 1642 2813 regnat,
1670 2736 1717 2808 qui

62 2827 138 2883 bona
159 2823 333 2882 canscientia.
361 2822 525 2892 Subjiriatur
551 2838 651 2894 corpus
678 2824 706 2878 in
733 2838 824 2894 poena,
840 2823 867 2877 in
922 2829 1047 2899 deposita
1062 2827 1152 2883 cordis
1167 2827 1290 2898 imperia,
1320 2826 1354 2882 ad
1375 2826 1450 2900 leges
1472 2826 1584 2884 rationis
1610 2826 1717 2885 ordinat

61 2913 182 2988 jejuniis
196 2920 360 2980 maceretur,
371 2912 535 2969 verberibus
546 2911 673 2979 lanietur,
688 2913 805 2983 equuleo
817 2912 906 2999 disc
922 2925 1006 2974 totam
1021 2916 1149 2972 familiam
1165 2923 1286 2975 motuum
1317 2916 1476 2973 interiorum
1496 2922 1524 2973 et
1542 2914 1715 2975 exteriorum.

64 3005 205 3069 tendatur,
232 3001 323 3074 gladia
346 3001 504 3066 trucidetur,
528 3001 615 3056 crucis
638 3000 772 3073 supplicio
795 2999 865 3055 ailli-
919 3006 948 3063 Si
964 3005 1079 3080 insurgit
1094 3004 1182 3062 rabies
1197 3005 1317 3073 leonina,
1333 3005 1466 3077 premitur
1479 3020 1528 3078 per
1537 3005 1713 3076 patientiam:

63 3100 149 3168 gatar
163 3109 172 3159 3
188 3098 216 3147 et
231 3105 329 3147 secura
342 3089 394 3145 erit
409 3089 585 3146 canscientia.
918 3096 941 3151 si
956 3095 1105 3166 petulantia
1123 3094 1202 3161 hirei,
1219 3109 1268 3166 per
1292 3094 1487 3151 abstinentiam
1512 3113 1518 3150 :
1536 3094 1560 3150 si
1588 3094 1717 3151 tenacitas

102 3185 149 3240 te.
165 3181 196 3236 ln
211 3180 324 3251 specula
340 3179 512 3236 conscientiae
527 3186 610 3234 status
624 3177 765 3235 exterioris
780 3184 807 3234 et
823 3178 864 3232 in·
918 3184 986 3255 apri,
1015 3200 1064 3254 per
1091 3183 1384 3241 mansuetudinemtsi
1413 3181 1539 3255 superbia
1566 3181 1715 3248 unicornis,

64 3269 182 3330 terioris
197 3267 316 3326 bominis
331 3269 522 3341 cognoscitur.
541 3266 638 3323 Anima
651 3267 722 3322 enim
738 3267 813 3322 navit
824 3281 862 3335 se,
916 3288 965 3342 per
980 3270 1169 3329 humilitatem,

67 3376 136 3436 quae
149 3360 207 3416 siue
220 3358 334 3431 speculo
354 3367 405 3415 est.
434 3357 578 3429 Speculum
602 3358 743 3426 mundum,
762 3355 863 3412 clarum

65 3458 94 3507 et
109 3465 207 3524 porum
232 3447 316 3505 tatius
338 3446 486 3519 religionis,
502 3449 574 3502 baua
593 3445 767 3501 couscientia.
789 3444 865 3499 Sicut
1214 3422 1329 3478 CAPUT
1343 3421 1419 3477 Xffl·

65 3540 142 3596 enim
158 3539 253 3593 muger
267 3552 329 3608 φη,
343 3537 401 3594 viro
420 3551 470 3590 sua
491 3535 548 3591 sive
564 3536 651 3590 amico
665 3534 771 3605 pumera
788 3533 863 3588 dest.
918 3517 956 3572 De
970 3513 1128 3571 mobilitate
1139 3511 1230 3570 cardis
1245 3509 1442 3582 restringenda
1453 3526 1502 3582 per
1516 3508 1717 3570 consideratio

66 3629 159 3698 timet,
175 3627 201 3682 in
219 3626 340 3683 contuitu
361 3624 463 3696 speculi
477 3625 620 3698 imaginem
634 3622 786 3695 oppositam
800 3621 863 3677 rod-

66 3716 170 3790 dentis,
186 3717 310 3773 decorem
326 3723 353 3772 et
367 3714 594 3789 pulchritudinem
618 3713 693 3770 faciei
708 3709 862 3783 componit:

65 3807 108 3865 sic
122 3807 213 3862 anima
231 3805 259 3860 iu
278 3804 376 3876 quibus
398 3803 432 3859 ab
456 3805 574 3875 imagine
596 3802 716 3859 veritatis
739 3797 863 3864 discedit,

66 3897 111 3955 rel
125 3895 153 3952 iu
169 3893 268 3968 quibus
282 3893 398 3964 uestigia
427 3892 564 3949 creatricis
587 3891 715 3965 imaginis
742 3887 864 3960 recipiat,

64 3987 96 4043 iu
122 3985 290 4043 canscientia
314 3983 409 4056 relegit
436 3992 463 4040 et
485 3983 620 4054 intelligit.
642 3982 703 4037 Nau
730 3981 866 4038 immerita

39 4070 43 4079 '
70 4073 267 4133 nonadentiam
299 4074 409 4144 specula
436 4071 664 4143 comparavimus3
691 4072 818 4143 quoniam
840 4070 867 4125 iu

68 4180 102 4221 aa
135 4172 261 4236 tanquam
292 4163 319 4217 in
344 4162 452 4234 speculo
468 4162 581 4218 rationis
604 4162 707 4228 oculus,
727 4171 780 4217 tam
794 4160 866 4233 quod

70 4254 181 4320 decens,
193 4267 275 4324 quam
295 4251 366 4323 quad
390 4251 517 4307 indecens
531 4257 572 4307 est
592 4251 621 4305 iu
636 4266 666 4307 se
678 4250 760 4320 clara,
785 4265 865 4321 aspe-

69 4350 118 4400 ctu
136 4341 336 4414 apprehendere
351 4349 449 4412 potest.

376 4431 487 4487 CAPUT
506 4429 567 4488 Xll.

67 4525 109 4578 De
128 4520 255 4576 custodia
270 4524 303 4576 et·
316 4519 512 4590 refrenatione
526 4520 617 4578 cardis
634 4518 669 4573 od
680 4520 782 4576 bonam
799 4532 868 4576 can-

300 4610 453 4667 scientiam
467 4612 636 4666 neccssaria.

110 4702 157 4755 20.
175 4699 236 4755 Vita
259 4699 474 4771 uniuscuiusque
490 4715 545 4754 nan
572 4697 754 4771 cognoscitur,
769 4697 821 4753 nisi
841 4699 869 4753 in

67 4789 260 4848 conscientia:
283 4805 334 4846 uec
359 4789 468 4845 aeuitur
486 4789 519 4844 ad
543 4788 642 4844 bonam
666 4788 869 4854 conscientiam,

70 4878 127 4936 uisi
141 4894 190 4949 per
203 4877 296 4934 cordis
309 4877 472 4934 custodiam.
488 4878 542 4933 Cor
554 4877 625 4934 enim
639 4892 690 4934 sua
701 4876 811 4934 arbitrio
825 4877 869 4931 di·

69 4969 196 5036 missum,
224 4978 269 5023 aut
296 4968 330 5023 ad
354 4967 437 5025 sitam
462 4968 593 5034 severtit,
614 4976 659 5024 aut
683 4967 716 5024 ad
742 4975 867 5026 mortem

65 5055 150 5114 Velle
164 5072 279 5129 namque
293 5071 416 5128 peccare,
433 5055 530 5112 malum
547 5065 588 5112 est
604 5070 611 5113 :
626 5072 747 5128 peccare,
770 5060 866 5132 pejus:
879 5082 890 5103 ·

66 5147 97 5204 in
120 5157 233 5219 peccato
247 5162 432 5220 perseverare,
456 5144 604 5218 pessimum
617 5155 677 5205 est:
693 5148 764 5205 ualle
778 5149 868 5222 poeui-

65 5246 138 5306 tere‚
155 5237 280 5295 mortale.
297 5237 433 5311 Quidquid
449 5235 532 5309 igitur
554 5251 601 5294 car
615 5236 723 5308 cogitat,
739 5240 812 5311 quad
835 5240 869 5297 ad

1036 3618 1103 3659 rtem
1116 3602 1279 3672 majestatis
1295 3605 1323 3658 et
1334 3601 1474 3672 potentiae
1487 3600 1599 3657 diotae.

956 3721 1001 3772 at.
1022 3717 1082 3772 Nan
1097 3715 1232 3773 inuenitur
1246 3723 1334 3772 autem
1349 3715 1545 3771 interemtores
1559 3723 1632 3771 artas
1650 3715 1716 3771 libe·

919 3807 988 3863 rales
1004 3821 1048 3861 ars
1060 3807 1113 3861 isto
1121 3803 1244 3878 praealtis
1253 3802 1383 3873 liberalis,
1397 3803 1718 3877 quatencaturcarquarl

919 3896 995 3953 omni
1010 3893 1105 3953 mobili
1114 3894 1239 3951 mobilius
1251 3900 1301 3966 est,
1312 3892 1385 3966 quad
1401 3894 1474 3949 amni
1488 3890 1718 3950 lubriaolubnioo·

919 3986 976 4042 sius
989 3984 1189 4043 astbooititate
1197 3983 1268 4041 enim
1280 3982 1394 4039 naturali
1404 3983 1539 4051 instabile,
1548 3982 1594 4041 vel
1607 3981 1635 4038 in
1645 3998 1718 4056 pun-

922 4082 965 4132 cta
977 4074 1059 4132 lixum
1069 4083 1177 4133 recusat
1185 4073 1351 4131 consistere:
1364 4071 1503 4143 cujusrita
1513 4075 1540 4129 in
1549 4078 1683 4139 mutuest,
1692 4082 1721 4129 at

922 4171 1065 4221 motusest
1076 4164 1173 4223 civita.
1192 4164 1282 4221 Movet
1290 4163 1387 4219 malem
1394 4158 1721 4233 tatiuscorparishumaui

923 4254 1041 4310 tantillus
1056 4253 1106 4310 iste
1120 4255 1146 4309 iu
1156 4254 1238 4310 corde
1252 4252 1342 4308 vitalis
1356 4260 1464 4308 motus:
1481 4258 1508 4306 ct
1528 4265 1581 4321 qua
1594 4263 1719 4308 coercea-

923 4353 966 4401 tur
981 4352 1049 4412 arte,
1066 4343 1161 4398 utalia
1177 4356 1299 4407 movens,
1316 4341 1375 4411 ipse
1388 4354 1443 4395 non
1466 4338 1628 4395 mareoten?
1639 4337 1720 4397 aare

921 4433 1012 4489 mala·
1027 4428 1192 4487 asinariasi
1212 4431 1247 4485 ad
1274 4429 1374 4485 collum
1395 4429 1421 4484 ei
1444 4427 1638 4497 suspendatur,
1664 4442 1719 4482 nau

922 4529 1086 4579 moveretur.
1102 4522 1158 4575 lma
1172 4516 1356 4589 multomagis
1367 4531 1430 4573 cum
1439 4513 1511 4571 mola
1524 4515 1717 4571 concitaretur.

924 4608 1066 4681 Agendum
1080 4608 1176 4680 itaque
1190 4621 1253 4663 curn
1266 4621 1300 4661 eo
1314 4613 1364 4673 est,
1379 4614 1411 4662 ut
1438 4603 1585 4661 circumeat
1606 4610 1718 4676 terram,

923 4706 950 4754 et
962 4697 1131 4769 perambulet
1144 4689 1220 4765 ¹eam;
1233 4695 1256 4751 si
1273 4694 1343 4752 lorte
1360 4693 1533 4765 velociorem,
1544 4700 1571 4750 et
1594 4692 1720 4754 nobilio-

923 4802 980 4843 rem
995 4802 1025 4843 se
1038 4785 1160 4843 invenire
1175 4793 1266 4858 queat.
1284 4785 1312 4841 Si
1325 4801 1408 4857 super
1426 4791 1523 4847 terram
1545 4782 1663 4843 similem
1677 4781 1720 4841 aui

923 4892 975 4933 uon
991 4875 1135 4948 invenerit,
1149 4875 1231 4932 etiam
1245 4891 1343 4949 gyrum
1359 4874 1422 4934 coeli
1436 4873 1589 4941 circumeat,
1606 4880 1633 4931 at
1646 4883 1719 4930 ratas

923 4981 1034 5022 currum
1049 4965 1100 5022 Dei
1111 4965 1145 5022 ad
1160 4981 1272 5024 cursum
1300 4982 1378 5023 suurn
1401 4966 1555 5022 admoveat.
1570 4961 1640 5033 Quid
1655 4968 1719 5016 tanc

923 5054 1003 5112 faciet
1017 5055 1049 5111 ad
1060 5055 1122 5113 illos
1137 5056 1183 5129 qui
1199 5053 1339 5111 ambulant
1349 5070 1430 5128 super
1439 5068 1542 5126 pennas
1558 5049 1719 5108 ventorum?

925 5146 1004 5204 Forte
1014 5154 1040 5202 et
1055 5160 1118 5202 curn
1132 5145 1191 5201 illis
1205 5146 1366 5202 contendere
1379 5143 1490 5216 poterit.
1505 5143 1549 5197 Au
1562 5147 1589 5198 et
1602 5154 1663 5197 can
1674 5139 1720 5195 illa

923 5236 1023 5292 virtute
1037 5242 1134 5306 curret,
1149 5250 1211 5307 quae
1224 5233 1367 5305 attingite
1386 5232 1445 5303 fine
1457 5247 1545 5304 rogae
1572 5229 1608 5286 ad
1632 5230 1720 5299 finem

66 5328 216 5386 utilitatem
226 5344 303 5385 suam
319 5328 361 5386 vel
371 5326 557 5400 proximorum
570 5323 776 5399 odorisequa
787 5329 870 5385 mado
926 5320 1560 5399 sortiter,etdispanr'tarnntaaooaiterttsap.
1570 5320 1721 5392 vm,l.)an

71 5433 131 5476 nan
152 5416 297 5490 pertineat,
314 5416 496 5488 respuendum
519 5427 568 5474 est.
593 5415 634 5470 De
657 5414 771 5472 diuersis
788 5415 871 5494 igitar
929 5431 958 5483 et
975 5425 1045 5482 illam
1062 5422 1254 5496 apprehendet,
1274 5423 1308 5481 da
1329 5437 1382 5496 qua
1395 5420 1505 5494 dicitnr,
1533 5421 1659 5483 itabtltar
1676 5426 1721 5480 ast

55 5509 165 5568 ‘mundi
178 5506 315 5583 partibus,
330 5508 358 5565 in
377 5507 476 5582 quibus
489 5522 538 5567 car
551 5522 650 5581 rogum
664 5511 692 5565 et
705 5506 870 5581 protundum
930 5512 1222 5577 mnnnrnetttttar
1232 5509 1606 5589 rapienttattsSapamt.)
1618 5510 1722 5572 sdan
