3706 5962
59 232 113 294 285
709 227 897 299 satellitis
916 235 1070 298 ambalat.
1147 260 1151 265 ·
1663 238 1719 303 280

59 361 143 415 modo
164 357 254 429 posita
278 365 319 413 est
339 357 366 412 iu
382 360 537 430 superbiam
554 361 725 425 saeculomm,
742 381 861 436 pauper·
881 374 904 455 Ι
920 361 1003 431 milis,
1018 362 1065 433 qui
1079 361 1115 417 ita
1137 364 1170 416 sit
1185 362 1414 433 contemplatione
1435 380 1597 435 suspensus,
1619 376 1654 422 nc
1670 366 1716 421 liat

58 457 124 507 tate.
141 454 308 518 tempestate
323 446 462 511 convulsa,
480 449 583 521 absque
597 449 651 505 ulla
665 452 861 508 consolatione.
920 451 1078 522 operatione
1101 450 1253 514 remissus;
1283 451 1328 522 qui
1348 458 1461 523 propter
1483 453 1539 508 otia
1563 448 1713 525 sapientiai,

59 536 203 608 Quomodo
217 551 291 592 nunc
306 537 383 590 strati
398 546 461 591 sunt
482 554 530 606 per
552 540 675 594 ordinem
690 540 795 611 lapides
815 542 861 608 tui,
921 538 1098 610 providentiae
1121 540 1232 613 negotia
1255 555 1309 595 uon
1328 539 1446 604 deserat,
1468 540 1514 613 qui
1529 542 1579 596 sub
1602 544 1716 599 obtenta

60 637 85 682 et
98 625 216 681 tundata
234 641 266 680 es
281 625 307 681 in
323 627 482 698 sapphiris?
497 628 523 682 Si
539 628 566 682 in
590 628 725 701 sapphiris
739 631 861 700 lundata,
921 627 1041 683 utilitatis
1065 628 1092 682 iu
1114 629 1174 698 jura
1197 643 1252 685 non
1276 635 1395 685 transeat
1417 629 1578 697 otiositatis3
1599 630 1645 702 qui
1658 644 1716 686 non

59 715 102 770 uhi
126 715 342 770 consummata?
356 713 477 768 Fundam
496 732 525 770 es
542 715 570 770 in
589 717 732 787 sapphiris.
750 717 858 774 Funda-

59 812 184 859 mentum
202 802 382 858 humilitatem
406 812 495 871 sonat,
516 805 663 876 sapphirus
685 807 828 877 puritatem
852 822 857 860 :

59 892 242 948 humilitatem
272 891 459 956 conscientiae,
490 901 517 948 ct
543 893 688 964 puritatem
720 895 861 959 scientiae,

59 981 240 1038 humihtatem
266 981 492 1048 conversationis,
518 983 661 1052 puritatem
691 985 862 1055 contempla-

58 1070 148 1127 tionis.
165 1070 291 1126 Fundata
306 1085 345 1135 es,
362 1070 482 1141 inquam,
505 1071 531 1125 in
547 1072 701 1143 sapphiris,
718 1081 863 1144 propterea

58 1157 168 1221 dicitur,
200 1157 328 1215 Nazaraei
351 1159 395 1213 toi
413 1159 591 1216 candidiores
614 1163 686 1226 nicta,
713 1162 862 1218 nitidiores

59 1249 141 1313 lucie,
160 1246 378 1303 ndicundtorer
394 1248 473 1303 ebore
494 1250 624 1321 antiquo,
638 1248 780 1321 sapphiris
793 1251 862 1322 pul-

58 1337 186 1393 chriores
200 1336 318 1405 (Three.
334 1352 371 1399 tv,
393 1336 423 1407 t)
438 1354 444 1392 :
461 1335 488 1390 in
509 1336 597 1408 primo
620 1338 729 1393 contriti
742 1357 749 1402 ς
764 1338 791 1392 in
811 1354 857 1393 se-

58 1423 149 1480 cundo
165 1424 274 1493 nutriti;
289 1425 317 1479 in
333 1424 412 1480 tertio
427 1425 565 1496 roborati3
582 1426 608 1480 in
624 1437 720 1499 quarto
736 1428 853 1500 purgati.

61 1514 190 1584 inprime
201 1513 380 1585 poenitentes3
392 1513 419 1568 in
435 1516 557 1571 secundo
571 1515 750 1584 innocentes;
765 1518 793 1572 in
808 1524 860 1570 ter·

59 1604 93 1658 tio
106 1610 252 1668 amantem
264 1602 292 1657 in
303 1609 401 1675 quarto
412 1601 636 1674 contemplantes.
650 1606 679 1658 ln
693 1605 780 1676 primo
791 1623 860 1663 mor-

59 1690 174 1760 tificati3
190 1690 218 1746 in
238 1692 360 1747 secundo
378 1691 519 1753 vivificati:
536 1691 563 1747 in
585 1692 665 1749 tertio
687 1693 859 1759 inflammati3

918 717 954 771 ita
973 717 1049 771 Liam
1065 717 1249 783 commendet,
1273 725 1304 773 ut
1318 718 1463 774 flachelem
1482 717 1655 786 condemnet,
1672 726 1718 775 aut

917 813 992 861 certe
1006 814 1164 862 contemnat
1175 826 1182 869 ;
1194 807 1237 862 cui
1251 822 1303 864 nec
1315 806 1361 862 lia
1376 807 1411 861 sit
1425 805 1581 873 infecunda,
1598 823 1650 864 nec
1660 808 1715 864 lla-

916 894 976 950 chel
991 894 1074 954 ioeda.
1096 895 1150 965 Qui
1170 895 1215 951 dic
1231 906 1259 952 ct
1280 903 1360 952 nocte
1373 903 1441 952 testu
1456 896 1587 952 aduratur
1601 895 1716 968 et'gelu,

916 981 1047 1039 sollicitus
1066 1000 1101 1039 ne
1126 985 1220 1057 gregis
1241 985 1369 1040 damnum
1390 984 1542 1052 sustineat;
1565 984 1716 1050 sollicitior,

916 1071 1018 1144 siquid
1037 1073 1130 1128 damni
1147 1073 1304 1146 contigerit,
1328 1074 1362 1129 de
1382 1090 1430 1129 sao
1448 1081 1477 1129 at
1492 1074 1605 1139 reddat;
1621 1074 1717 1130 reddat

915 1160 1053 1232 lacrymis,
1083 1162 1179 1218 reddat
1206 1163 1329 1231 jeiuniis,
1346 1163 1548 1235 compassione,
1578 1163 1714 1230 oratione,

916 1249 1115 1306 exhortatione.
1139 1249 1207 1319 Quis
1232 1250 1258 1304 in
1285 1251 1374 1307 reditu
1397 1267 1446 1307 suo
1471 1250 1590 1308 avaritiae
1609 1250 1715 1307 nesciat

917 1336 1010 1392 idola:
1028 1339 1138 1410 quietsi
1161 1338 1205 1395 illa
1225 1339 1308 1396 habet
1330 1338 1357 1394 in
1377 1339 1516 1410 comitatu,
1540 1355 1595 1396 non
1623 1346 1713 1396 tamen

916 1427 999 1482 hahet
1013 1426 1039 1482 in
1054 1428 1128 1483 cultu
1150 1442 1155 1480 :
1172 1428 1194 1483 si
1209 1429 1290 1485 hahet
1306 1430 1333 1484 in
1358 1428 1482 1498 sarcinis,
1500 1446 1555 1485 non
1580 1431 1663 1486 hahet
1676 1436 1717 1483 ta·

917 1531 979 1572 men
990 1517 1017 1570 in
1028 1517 1114 1572 sacris
1126 1518 1189 1589 :qui
1203 1516 1306 1588 pietati,
1319 1535 1374 1573 nou
1389 1518 1512 1590 pecuniae
1522 1518 1633 1585 serviat,
1645 1517 1715 1572 sicot

918 1604 1026 1676 iegitur.
1052 1605 1185 1662 Pmenioe
1209 1606 1342 1665 obediant
1361 1608 1458 1663 omnin.
1480 1607 1582 1679 (Εεεὶε.
1604 1625 1631 1679 x,
1655 1608 1712 1678 iv).

917 1693 1040 1765 lienique
1056 1702 1083 1749 et
1097 1695 1222 1750 urrcritic
1240 1695 1381 1752 idolorum
1395 1684 1437 1751 est
1457 1696 1578 1753 semitas
1597 1695 1713 1765 (dolosa.

59 1783 83 1835 in
97 1787 202 1854 quarto
216 1779 367 1837 illuminati.
382 1781 416 1836 lit
430 1782 482 1836 boc
497 1789 592 1846 toturn,
610 1781 737 1853 quoniam
751 1783 862 1838 lundata
879 1766 901 1844 Β
918 1797 959 1845 ιιι,
976 1783 1012 1848 5).
1028 1781 1080 1850 Qui
1095 1789 1123 1838 et
1142 1781 1282 1837 avaritiam
1296 1783 1400 1839 nesciat
1415 1783 1543 1839 exteriori
1558 1782 1586 1837 in
1600 1797 1716 1852 occupa·

60 1885 87 1923 es
110 1868 138 1923 in
156 1868 308 1939 sapphiris.
333 1868 372 1923 Τιι
397 1868 456 1940 ipse
479 1868 650 1923 fundamenti
665 1869 724 1925 vice
739 1870 863 1943 iungeris
918 1870 1001 1936 tione,
1022 1877 1049 1926 et
1072 1869 1254 1942 corporalium
1274 1871 1351 1943 quasi
1370 1871 1441 1927 idola
1463 1871 1611 1928 formarum
1634 1879 1715 1927 aeter·

60 1974 106 2027 per
125 1957 288 2028 exemplum
308 1965 334 2011 et
354 1957 571 2027 providentiam;
588 1958 745 2029 sapphirum
762 1966 789 2014 te
812 1977 861 2015 en·
919 1973 1014 2013 narum
1034 1958 1062 2013 in
1085 1957 1331 2030 contemplationc;
1357 1959 1405 2016 sed
1424 1959 1552 2034 utrinque
1567 1960 1601 2015 sit
1615 1961 1676 2029 ejus
1688 1966 1716 2014 et

62 2045 134 2101 hibes
155 2044 340 2116 perverbum
364 2053 390 2100 et
411 2044 582 2116 sapientiam.
597 2046 721 2118 Denique
740 2062 791 2103 vox
815 2056 861 2102 tua
919 2062 986 2118 pura
1000 2054 1028 2103 et
1043 2047 1165 2118 prudens
1186 2056 1241 2103 tam
1266 2047 1380 2104 intentio
1400 2064 1481 2122 quam
1496 2047 1611 2104 intuitio.
1628 2047 1715 2103 Vide·

62 2134 161 2200 suaris,
178 2144 207 2189 et
220 2134 321 2189 decora
337 2134 420 2189 iacies
437 2154 442 2191 :
460 2150 510 2189 vox
526 2134 613 2204 verbi,
628 2143 656 2190 et
670 2136 755 2192 facies
768 2153 857 2193 exem·
920 2135 961 2190 his
977 2136 1074 2192 multos
1090 2143 1185 2193 ιειιειο
1199 2136 1233 2190 ad
1249 2138 1334 2193 Deum
1350 2136 1460 2204 allecta,
1477 2152 1612 2209 generoso
1626 2135 1713 2202 ruba,

61 2223 112 2293 pli:
138 2239 193 2278 ron
223 2222 432 2294 praedicationis,
452 2232 478 2277 et
503 2224 585 2280 iacies
608 2225 821 2281 conversationis
847 2243 853 2280 :
920 2240 987 2295 pura
1002 2231 1030 2280 et
1044 2225 1156 2296 pulchra
1172 2224 1241 2281 siout
1265 2226 1365 2281 hachel
1391 2225 1469 2293 facie,
1494 2225 1552 2281 sine
1566 2238 1713 2281 conversa·

62 2319 208 2384 pmpterea
231 2311 442 2367 adolescentula
460 2312 578 2386 diligunt
592 2320 619 2367 te
634 2312 714 2368 nimis
739 2313 816 2383 Quod
833 2315 855 2369 si
920 2313 1009 2383 tionis,
1026 2314 1083 2369 sive
1097 2313 1288 2388 cogitationis3
1304 2315 1351 2371 sed
1368 2313 1476 2370 infirmo
1491 2322 1519 2370 et
1533 2313 1652 2370 femineo
1666 2313 1715 2367 ad·

63 2410 86 2454 tu
104 2399 284 2465 discesseris,
301 2399 343 2455 cui
363 2399 442 2455 alteri
460 2399 553 2457 dicere
577 2409 718 2472 poterunt,
735 2402 856 2459 Ostende
919 2402 970 2457 huc
989 2403 1114 2466 consilio,
1135 2402 1247 2458 alterius
1269 2404 1353 2459 Jacob
1378 2403 1437 2477 regi
1457 2402 1569 2458 arbitrio
1588 2408 1712 2473 egentes.

64 2488 136 2545 nobis
146 2488 248 2545 faciem
259 2494 344 2558 tuam,
355 2497 434 2545 sonet
444 2504 495 2546 von
511 2497 555 2545 tua
569 2489 596 2544 in
612 2489 723 2545 auribus
737 2491 858 2546 nostris?
918 2489 1042 2563 Denique
1060 2489 1161 2546 Rachel
1180 2491 1244 2546 dum
1260 2491 1293 2545 ad
1311 2492 1396 2547 iacob
1410 2491 1516 2562 agenda
1541 2505 1595 2546 non
1610 2487 1711 2556 retulit,

63 2577 135 2647 cujas
149 2576 267 2632 alterius
282 2583 410 2648 potemnt
424 2586 452 2632 et
474 2577 551 2633 inniti
566 2578 708 2650 exemplis,
724 2579 858 2635 etinten-
916 2578 986 2635 clam
1009 2578 1095 2650 patris
1119 2579 1160 2634 sui
1184 2578 1275 2634 baben
1298 2579 1369 2635 idola
1392 2579 1451 2635 tulit
1464 2579 1547 2651 (Gerr.
1563 2593 1636 2645 xxxa,
1655 2577 1711 2648 ¹⁹l·

63 2665 122 2721 dere
137 2665 307 2723 sententiis?
322 2665 383 2736 quis
398 2665 491 2721 similis
505 2667 553 2734 tui,
570 2676 600 2721 ut
614 2675 693 2723 vocet
707 2677 734 2723 et
750 2684 859 2723 annun·
914 2667 995 2735 Tulit,
1025 2668 1146 2739 inquam,
1170 2666 1242 2723 idola
1270 2668 1371 2732 haban,
1397 2667 1456 2723 tulit
1479 2666 1604 2740 quaedam
1623 2665 1711 2722 simu·

64 2756 114 2822 tiet,
132 2762 161 2811 et
180 2754 319 2812 Ordinem
338 2754 474 2826 exponat?
488 2755 703 2812 Fundamentum
717 2757 790 2812 aliud
805 2756 860 2814 tale
915 2757 987 2812 lacra
1029 2755 1172 2812 mandanae
1213 2757 1374 2823 honestatis,
1422 2755 1551 2811 mundani
1590 2755 1710 2821 laveris,
1784 2746 1789 2751 ’

64 2844 117 2916 quis
132 2843 236 2915 poterit
250 2858 363 2914 ponere,
375 2843 455 2915 quale
469 2842 588 2915 positum
604 2854 655 2913 est,
672 2847 757 2901 abbas
771 2848 860 2918 Roge-
914 2847 1058 2902 mundanae
1084 2844 1273 2902 dealbationis.
1299 2847 1389 2902 Laban
1412 2845 1486 2901 enim
1512 2844 1658 2903 Deatbctio
1673 2843 1713 2899 di·
1809 2834 1820 2850 '

65 2934 104 2990 re?
115 2932 226 2990 Filiitui
239 2933 310 2989 sicut
320 2933 433 2989 novellae
442 2932 637 3004 plantationem
651 2933 712 2990 iuliae
721 2943 774 2992 tuae
785 2952 860 2991 com·
914 2935 996 2990 citur.

64 3022 165 3094 posite,
181 3021 393 3078 circumornatae
417 3030 447 3077 ut
467 3021 615 3079 similitudo
629 3023 721 3094 templi
739 3041 745 3081 :
762 3040 858 3096 prom·
950 3028 975 3080 8.
1001 3025 1096 3081 Αιιιιοιι
1120 3023 1167 3079 tibi
1191 3023 1318 3081 videntur
1341 3022 1466 3095 quiedam
1482 3022 1572 3078 haban
1590 3020 1663 3078 idola
1686 3019 1714 3075 ia

66 3111 258 3182 ptuariaplena
268 3128 276 3175 3
287 3125 352 3167 oves
368 3109 471 3180 setosae,
482 3112 652 3167 abundantes
662 3112 689 3167 in
700 3113 859 3188 egressibus
914 3111 1013 3168 itinere
1028 3112 1133 3177 tulisse,
1149 3120 1174 3167 et
1192 3111 1332 3169 saecularis
1354 3109 1502 3167 simulacra
1515 3109 1651 3179 vanitatis,
1666 3107 1712 3180 qni

67 3199 126 3254 sais.
143 3199 289 3270 Quomodo
303 3215 358 3254 aon
372 3199 495 3267 beatum,
513 3201 650 3272 quomodo
666 3216 720 3257 non
735 3208 859 3258 sanctum
878 3161 900 3240 c
914 3200 1065 3271 superfluos
1082 3201 1173 3256 nescio
1188 3216 1257 3273 quos
1279 3200 1391 3271 lepores
1407 3198 1530 3272 religioni
1545 3196 1712 3270 superindu-

68 3286 335 3344 dicemushominem
351 3287 393 3343 cui
408 3288 467 3343 haee
481 3286 567 3343 sant?
581 3289 717 3360 quomodo
732 3305 787 3347 non
803 3289 860 3345 Do-
915 3294 998 3356 cunt,
1028 3288 1074 3361 qui
1101 3289 1221 3361 antiquar
1251 3287 1433 3343 observantia
1463 3285 1572 3357 regulas
1600 3283 1715 3341 novellis

70 3375 151 3432 minus
175 3377 249 3432 Deus
269 3377 338 3447 ejus,
360 3377 438 3448 cnjus
460 3377 528 3434 tales
551 3378 651 3434 divitias
670 3379 751 3450 ejus?
770 3380 858 3451 (Psoi.
916 3376 1163 3449 dispensationibus
1188 3382 1352 3447 temperant,
1377 3383 1405 3430 et
1427 3374 1520 3430 vinum
1539 3390 1619 3429 suum
1643 3388 1714 3444 aqua

71 3479 156 3531 “Ulla
174 3465 282 3536 ΝΜ.)
917 3466 1045 3531 miscent;
1070 3464 1116 3538 qrri
1137 3464 1302 3522 laboriosam
1319 3467 1427 3520 Petrum
1450 3461 1557 3519 vineam
1572 3461 1599 3516 in
1615 3459 1714 3516 molles

97 3555 124 3608 l.
140 3554 203 3609 llaec
213 3570 281 3625 ergo
296 3560 360 3610 suet
371 3572 431 3627 quai
444 3554 588 3611 manifesta
600 3554 664 3609 dant
677 3554 776 3611 iudicia
788 3558 861 3628 qnod
916 3555 1021 3610 clerum
1037 3555 1130 3610 hortos
1145 3552 1321 3616 transiemnt‚
1335 3559 1362 3607 et
1376 3551 1571 3606 monachorum
1586 3547 1715 3604 duritiam

70 3640 193 3697 [lamium
212 3641 239 3697 in
257 3643 410 3699 ministerio
429 3652 477 3700 tuo
491 3642 573 3719 elegit
592 3652 629 3713 te,
646 3653 674 3699 et
693 3658 746 3700 non
761 3645 862 3714 abjecit
918 3644 945 3698 in
968 3642 1062 3698 mundi
1082 3641 1218 3699 delicias?
1242 3640 1312 3697 sicut
1331 3640 1405 3696 enim
1428 3637 1566 3707 scribitur,
1586 3639 1715 3720 ‚Quorum

71 3739 102 3785 te.
114 3729 176 3787 llaec
190 3731 240 3786 tihi
254 3733 420 3802 persuadent
443 3740 473 3788 ut
487 3740 581 3788 teneas
595 3731 668 3805 qaod
687 3739 743 3787 tam
759 3732 861 3790 utiliter
918 3735 984 3790 deris
998 3738 1097 3790 uenter
1106 3737 1149 3790 est
1162 3731 1300 3806 (Philipp.
1316 3747 1357 3798 ιιι,
1375 3733 1439 3800 {9);
1455 3727 1578 3784 similiter
1594 3724 1648 3783 dici
1663 3740 1714 3798 po-

71 3828 150 3876 tenes.
164 3819 313 3877 Tantomm
328 3822 373 3876 abi
396 3830 424 3877 to
438 3821 534 3878 solaris
547 3820 715 3877 conscientia
733 3837 857 3894 operum,
919 3831 981 3889 test,
997 3822 1117 3893 Quorum
1136 3821 1205 3878 deas
1227 3819 1334 3877 vanitas
1350 3826 1393 3876 est
1410 3833 1417 3872 τ
1432 3825 1459 3874 et
1474 3815 1513 3873 sic
1527 3831 1579 3888 per
1593 3813 1716 3888 singulas

71 3908 127 3978 quid
141 3908 184 3964 est
198 3910 226 3964 in
239 3925 295 3984 quo
310 3918 404 3966 nostra
419 3910 466 3965 tihi
480 3909 618 3965 videbitur
628 3911 781 3966 necessaria
797 3926 858 3982 per·
918 3911 1053 3968 secularis
1068 3909 1246 3967 dealbationis
1261 3918 1287 3966 et
1296 3905 1485 3966 delectationis
1496 3904 1611 3977 species.
1620 3901 1716 3974 Quan-

72 3997 175 4053 suasio‘l
190 3998 353 4056 Domestica
373 3997 419 4053 tibi
443 3998 609 4070 persuadent
628 3998 742 4054 virtutes
763 4006 792 4054 ut
816 4008 859 4055 te·
918 4009 972 4055 tom
987 4015 1085 4056 vereor
1099 4015 1134 4055 nc
1150 4014 1200 4055 nos
1222 4004 1392 4054 revertentes
1405 3996 1440 4051 de
1456 3990 1650 4066 Mesopotamia
1664 3990 1717 4062 Sy·

70 4100 137 4153 nem,
153 4102 190 4143 ne
214 4086 283 4143 alius
306 4087 420 4160 accipiat
439 4087 548 4153 locum,
565 4087 712 4158 persuadet
734 4087 780 4143 tibi
806 4095 861 4143 tam
920 4089 965 4144 rire
989 4087 1105 4161 plurima
1128 4086 1284 4159 hujusmodi
1306 4085 1448 4142 nobiscum
1473 4082 1545 4138 idola
1564 4089 1716 4153 portamus,

69 4172 214 4231 domestica
237 4175 381 4242 industria,
399 4191 481 4248 quam
502 4175 591 4231 aliena
607 4175 732 4248 ignavie3
748 4193 862 4248 pmsper
919 4191 973 4230 nou
988 4178 1044 4246 jam
1058 4175 1189 4244 clanculo,
1207 4175 1255 4230 sed
1282 4173 1308 4228 in
1332 4170 1493 4244 propatulo;
1518 4183 1610 4240 neque
1631 4166 1717 4223 Jacob

70 4275 226 4332 successus,
255 4271 283 4320 et
320 4280 420 4335 pravus
453 4278 604 4319 successor.
634 4265 703 4321 Novi
742 4264 861 4320 animum
919 4263 1068 4330 nesciente,
1084 4263 1133 4319 sed
1148 4264 1227 4334 plane
1242 4259 1441 4318 consentiente.
1466 4256 1598 4328 Quaedam
1614 4253 1717 4311 Rachel

71 4357 149 4415 tuum,
169 4352 233 4408 novi
251 4352 349 4420 stadia,
366 4353 428 4408 noui
455 4368 555 4420 mores,
570 4353 612 4407 vel
632 4352 788 4408 naturaliter
802 4354 861 4410 col·
919 4352 1003 4424 patris
1027 4352 1110 4424 idola,
1134 4367 1195 4423 quac
1222 4350 1322 4421 cupide
1347 4347 1465 4416 sustulit,
1493 4352 1572 4402 caute
1597 4341 1715 4414 operuit,

68 4437 143 4505 latos,
159 4442 201 4496 sel
225 4441 358 4497 industria
379 4450 565 4512 comparatos,
593 4441 654 4498 novi
679 4458 760 4514 quam
784 4442 862 4498 facile
880 4449 903 4527 n
919 4441 992 4514 quod
1013 4441 1132 4497 femineo
1147 4450 1175 4496 et
1198 4438 1273 4494 molli
1292 4438 1403 4493 tenebat
1421 4434 1531 4500 ellectu,
1551 4429 1718 4485 infirmitatis

69 4527 116 4583 hoc
126 4542 339 4598 onerecareros,
352 4530 374 4584 si
384 4529 552 4585 inveniretur
562 4532 606 4586 cui
616 4530 698 4602 digno
710 4531 861 4587 conferres.
918 4530 1084 4587 obumbrans
1108 4538 1136 4583 et
1159 4541 1292 4582 excusans
1308 4525 1433 4580 obtentu.
1455 4520 1510 4578 Sed
1524 4517 1598 4592 qaod
1622 4515 1716 4572 laban

68 4614 238 4674 Conwndam
253 4619 325 4676 inter
338 4635 368 4675 se
391 4618 505 4674 allectus
524 4627 552 4675 et
571 4619 639 4675 ratio
655 4638 661 4676 :
679 4619 795 4675 allectus
814 4621 863 4675 hu·
917 4616 1049 4683 adoravit,
1062 4623 1089 4670 et
1104 4613 1204 4671 Rachel
1219 4611 1372 4677 occultavit,
1384 4611 1468 4667 Jacob
1482 4604 1617 4683 ignoravit
1632 4604 1716 4676 (Gerr.

68 4704 195 4775 militatis,
216 4715 243 4763 et
256 4707 378 4764 utilitatis
393 4707 471 4764 ratio.
488 4708 600 4763 Gratum
614 4707 730 4764 duceres
746 4708 794 4764 tibi
812 4725 862 4764 va-

69 4807 138 4861 care,
154 4802 182 4850 et
204 4795 285 4851 Deo:
306 4795 354 4851 sed
372 4795 455 4853 188
474 4812 560 4869 grave
583 4797 647 4853 item
675 4797 762 4854 locum
787 4805 862 4853 tuum

67 4878 193 4940 descrere
212 4899 338 4940 vacnum.
356 4883 474 4941 Vacuum
495 4884 599 4956 plane:
622 4884 682 4956 quis
704 4884 777 4940 enim
801 4901 864 4955 sup·

66 4970 148 5041 piabit
161 4971 256 5028 illam?
270 4973 337 5043 Quis
351 4973 426 5029 dabit
441 4974 520 5031 nobis
536 4974 650 5029 alterum
663 4974 757 5039 Jacob,
775 4975 820 5047 qui
836 4973 863 5029 in

65 5059 160 5116 baculo
188 5077 240 5118 suo
264 5062 387 5117 transivit
409 5063 570 5128 lordanem,
596 5070 624 5116 et
651 5079 723 5119 nunc
742 5063 863 5134 pluribus

64 5164 125 5202 eum
141 5150 239 5205 turmis
256 5149 429 5222 regreditur?
444 5150 525 5219 (Gerr.
542 5166 631 5217 ιιιιιι,
652 5151 708 5222 to.)
723 5150 799 5222 Quis,
821 5150 863 5206 ia·

62 5254 155 5308 quam,
170 5236 254 5294 talem
273 5238 353 5295 nobis
373 5239 488 5312 parabit,
505 5239 552 5313 qui
572 5239 639 5295 sciat
657 5240 729 5295 inter
747 5240 822 5294 biam
837 5247 865 5296 et

62 5325 211 5382 Rachclem
237 5327 379 5385 moderate
407 5328 572 5393 discurrere,
598 5329 679 5384 unius
715 5328 864 5384 faeditatem

62 5414 202 5472 fertilitate
225 5431 420 5489 compensans,
437 5417 610 5474 sterilitatem
630 5416 741 5473 alterius
755 5416 864 5493 decorae

60 5504 439 5580 lomaeprateacnsgratiai
448 5507 528 5579 (Gen.
544 5508 635 5579 iarn.)
644 5507 703 5563 Nou
719 5514 761 5563 est
775 5505 813 5562 tui
827 5505 862 5564 si·

918 4721 991 4772 xxxi,
1007 4706 1052 4769 st,
1076 4703 1141 4775 32);
1165 4703 1238 4776 qnod
1258 4703 1330 4773 apud
1354 4700 1446 4756 laban
1464 4704 1523 4754 erat
1552 4696 1580 4751 in
1598 4696 1715 4763 honore,

917 4793 989 4866 apud
1013 4793 1114 4849 Rachel
1139 4791 1166 4847 iu
1193 4806 1297 4857 amore,
1324 4788 1465 4866 cognitum
1487 4786 1560 4859 apud
1578 4785 1663 4842 Jacob
1688 4782 1716 4838 in

918 4885 1040 4940 horrore.
1065 4883 1214 4954 Propterea
1232 4881 1306 4954 quod
1331 4881 1374 4937 illc
1402 4880 1430 4934 in
1452 4875 1595 4950 propatulo
1622 4871 1714 4931 coluit.

917 4972 963 5029 illa
983 4972 1009 5028 in
1024 4971 1145 5044 periculo
1159 4970 1193 5025 ad
1206 4978 1314 5043 tempas
1328 4966 1483 5034 occultavit,
1500 4966 1551 5022 iste
1570 4964 1597 5018 in
1612 4974 1715 5034 perpe—

919 5072 993 5119 tuum
1014 5060 1147 5132 sepelivit.
1174 5061 1319 5134 Sepstiuit,
1335 5059 1456 5131 inquam,
1472 5059 1501 5112 et
1516 5051 1638 5125 custodit
1651 5047 1716 5104 deos

918 5153 1028 5210 alienor
1042 5149 1139 5208 subter
1152 5149 1344 5207 terebinthum
1358 5149 1438 5219 (Gen.
1454 5156 1534 5208 xxxv,
1547 5141 1575 5213 l)
1586 5138 1653 5197 :sab
1667 5151 1714 5191 ar-

918 5242 985 5298 bore
999 5239 1073 5307 iidei,
1089 5237 1244 5295 ambitionis
1266 5252 1342 5294 vanae
1365 5243 1392 5290 et
1407 5229 1545 5289 secularis
1568 5233 1715 5302 apparatus

918 5330 1086 5386 memoriam.

953 5421 979 5473 9.
997 5415 1118 5488 Denique
1137 5412 1201 5468 fidei
1220 5412 1316 5466 animae
1330 5418 1391 5485 post
1411 5408 1590 5466 tentadonem
1604 5407 1631 5462 in
1646 5419 1713 5479 pru-

918 5507 1044 5563 missione
1057 5502 1156 5562 dicitur
1171 5519 1180 5559 ι
1200 5502 1263 5559 lirit
1276 5503 1314 5558 in
1328 5499 1486 5562 araneos
1500 5497 1577 5557 sicut
1592 5494 1716 5555 tendas
