3706 5962
53 211 129 297 'roar

62 399 203 463 peceatum
217 390 307 448 vitiata
320 391 433 449 duceret
447 393 591 466 originem,
607 397 748 468 praeelecta
760 405 851 454 tamen

63 497 110 551 por
124 480 253 551 Spiritum
263 492 384 537 sanctum
395 491 422 538 et
432 493 592 553 praeservata
601 485 636 541 ad
647 502 754 557 purum,
763 487 850 543 Deum

61 567 141 622 nobis
154 567 252 624 obtulit
274 578 299 623 et
318 569 464 626 hominem.
498 571 678 630 'thuribulum
710 590 854 631 sacrosan-

60 665 133 710 ctam
156 671 266 711 carnem
277 656 409 730 significat
427 658 583 728 salvatoris,
606 678 667 735 quae
681 677 764 719 aurea
783 663 854 719 dici-

61 753 122 812 tur;
144 744 207 817 quia
227 745 326 801 nullius
349 763 428 816 passa
449 757 491 804 est
512 748 702 807 detrimentum
730 753 853 824 pudoris,

620 241 728 306 setho
746 245 789 306 llll
810 246 937 310 viatico
955 247 1167 319 tetboldidis.

905 415 1011 473 igneus,
1027 407 1143 471 quatuor
1157 399 1258 455 satians
1277 397 1415 455 hominum
1430 398 1512 454 millia
1536 400 1570 454 de
1597 405 1702 470 septem

910 489 1033 560 panibus.
1049 490 1182 556 Mortuus,
1198 488 1231 544 ad
1247 493 1355 559 puteum
1367 488 1451 544 Jacob
1466 503 1567 560 rogans
1585 495 1677 561 potum
1695 507 1702 545 τ

907 579 1013 651 ignens,
1037 580 1111 634 circa
1128 579 1237 635 iericho
1256 578 1411 633 illuminans
1426 592 1539 643 raecum,
1555 585 1582 633 et
1605 593 1703 634 sarrana

907 666 1054 736 leprosum.
1078 668 1165 723 Carbo
1179 675 1237 721 erat
1260 672 1392 733 mortuus,
1408 666 1472 721 dum
1487 665 1622 722 adiabolo
1638 675 1701 722 ten-

909 762 1031 812 taretur:
1054 755 1162 831 igneus,
1188 756 1253 811 dum
1272 755 1339 812 eiab
1360 755 1472 827 Angelis
1497 755 1701 810 ministraretur.

1629 247 1707 309 'rosa
1800 228 1805 236 ’

60 838 152 904 dgnus
171 833 273 889 scilicet
286 835 344 891 sine
359 837 470 903 macula,
485 837 532 909 qui
550 846 685 909 peccatum
709 856 763 897 non
778 840 852 911 lecit,
907 845 1038 910 Mortuus,
1066 842 1092 897 in
1117 841 1270 915 proditione
1298 841 1422 913 discipuli
1438 843 1563 918 :ignaue
1595 841 1621 896 in
1645 839 1702 896 lilio

58 936 110 975 nec
128 919 253 977 inventus
267 930 309 977 est
327 924 406 979 dolus
428 925 455 979 in
476 941 524 981 ore
543 928 604 995 ejus
618 927 646 997 (I
657 929 736 984 Petr.
752 945 780 996 ιι,
795 931 852 1002 ιι),
907 933 1010 1005 Reguli.
1032 932 1152 1005 Sopitus,
1168 941 1229 988 aute
1253 930 1542 1004 prusidemmgnaus,
1565 929 1635 988 circa
1651 929 1704 1001 Tp-
1785 950 1793 960 ·’

58 1009 93 1062 de
119 1025 173 1081 quo
199 1027 249 1082 per
274 1014 460 1085 propheticum
477 1015 576 1072 dicitur
602 1017 762 1088 eloquium:
787 1022 854 1078 Eece
907 1020 1181 1092 beriadem.Sopitus,
1193 1020 1287 1075 dumei
1300 1020 1420 1076 Herodes
1430 1020 1556 1077 illuderet
1571 1041 1577 1078 :
1594 1018 1702 1092 igneus,

57 1100 339 1170 puermeuseleetus,
352 1104 749 1179 posuisupereumspiritum
758 1124 854 1165 meum
907 1113 972 1168 dum
987 1121 1156 1168 mortuorum
1178 1111 1320 1166 suscitator
1339 1111 1499 1181 magnificus
1518 1109 1606 1166 lieret.
1622 1109 1703 1179 Sopi-

57 1186 125 1258 (lsu.
149 1204 215 1258 ιιιι,
232 1192 269 1259 t).
287 1191 424 1248 Carbones
439 1193 578 1260 thuribuli,
599 1206 661 1250 sunt
685 1211 768 1267 opera
792 1198 855 1253 lesu
908 1201 1034 1269 madum
1046 1200 1072 1254 ei
1085 1207 1191 1255 acetum
1206 1215 1268 1255 cum
1290 1199 1353 1254 telle
1369 1199 1476 1253 mistum
1494 1199 1700 1275 propinaretur:

58 1276 169 1332 Christi.
185 1279 323 1335 Carbones
336 1280 382 1336 isti
396 1282 540 1355 aliquando
557 1286 665 1353 mortui,
689 1286 853 1359 quandoque
878 1298 880 1307 '
907 1289 1013 1366 igneus,
1033 1289 1096 1343 dum
1110 1290 1144 1345 ab
1157 1304 1189 1346 oo
1203 1288 1298 1344 decem
1311 1286 1413 1359 leprosi
1428 1287 1632 1344 mundarentur.
1647 1285 1702 1340 So-

56 1380 120 1421 vero
135 1376 198 1421 sunt
208 1366 299 1440 ignei3
321 1371 384 1440 quia
397 1371 424 1425 in
439 1371 577 1429 Salvatore
596 1383 688 1430 nostro
702 1391 773 1429 nunc
788 1391 853 1446 pro·
907 1379 989 1451 pirus,
1006 1383 1069 1433 itum
1090 1377 1219 1433 aludaeis
1243 1393 1273 1432 ae
1288 1376 1466 1433 absconderet
1481 1396 1488 1444 ;
1520 1376 1625 1447 sopitus
1639 1377 1702 1430 rium

57 1455 118 1524 pria
133 1455 264 1514 tolerabat
280 1461 441 1527 humanitas,
457 1477 530 1518 nunc
545 1463 653 1533 propria
680 1462 793 1520 iaciebat
810 1467 853 1519 di·
908 1482 970 1524 cum
982 1465 1131 1537 publicanis
1141 1473 1168 1521 et
1183 1467 1369 1536 peccatoribus
1383 1465 1477 1522 ederet
1493 1484 1500 1520 :
1515 1465 1621 1538 igneus,
1637 1465 1703 1519 dum

54 1543 164 1601 vinitas.
178 1546 253 1617 Ignis
276 1547 304 1600 in
319 1550 447 1618 carbone,
468 1549 593 1608 divinitas
619 1562 661 1608 est
682 1552 811 1609 innocens
826 1553 852 1608 in
869 1589 891 1665 Β
908 1556 1054 1611 ambularet
1069 1571 1151 1627 super
1163 1555 1268 1622 undas,
1294 1555 1401 1627 igneus,
1416 1555 1480 1610 dum
1500 1571 1531 1610 er
1551 1570 1618 1627 aqua
1634 1553 1704 1610 tacto
1723 1609 1728 1621 ,

55 1648 150 1704 opere.
166 1633 240 1707 Ignis
251 1636 278 1690 in
292 1638 398 1708 prunis,
416 1638 527 1695 evidens
541 1647 583 1695 est
599 1640 727 1697 indicium
751 1643 852 1700 divini·
908 1648 969 1702 vino
992 1644 1144 1701 letificaret
1160 1644 1299 1701 convivas.
1325 1644 1446 1716 Sopitus,
1461 1644 1553 1714 jacens
1578 1643 1605 1698 in
1621 1657 1703 1698 cuna·

56 1721 130 1776 tatis.
155 1722 240 1779 Carbo
263 1737 397 1800 mortuus,
421 1728 447 1782 in
473 1743 594 1801 praesepe
613 1732 725 1800 jacens:
742 1731 850 1804 igneus,
905 1735 997 1790 bulis:
1024 1735 1128 1806 igneus,
1153 1732 1261 1806 fulgens
1284 1733 1312 1787 in
1328 1734 1475 1787 mirasutis.
1502 1730 1622 1802 Sopitus,
1642 1740 1704 1786 ante

54 1811 187 1868 daemonia
203 1814 350 1886 expellens.
371 1818 502 1884 Mortuus,
519 1819 547 1872 in
560 1821 707 1892 AEgyptum
722 1821 849 1892 tragicus:
907 1823 1022 1879 tribunal
1038 1821 1182 1898 praesidis:
1204 1821 1310 1893 igneus,
1325 1821 1354 1878 in
1369 1821 1423 1876 lilia
1442 1820 1635 1878 chananitidis.
1652 1818 1704 1876 So·

53 1899 163 1975 igneus,
193 1901 339 1960 vendentes
350 1913 377 1959 et
403 1909 526 1962 ementes
549 1908 689 1964 columbas
703 1909 737 1964 de
752 1911 852 1977 templo
905 1912 987 1982 pitus,
1003 1910 1028 1965 iu
1044 1925 1122 1967 cruce
1138 1907 1266 1983 :ignaua
1282 1910 1309 1963 in
1321 1917 1422 1965 monte.
1439 1912 1534 1965 Prunae
1555 1924 1621 1979 erpo
1636 1896 1705 1965 mor·

53 1989 177 2058 ejiciens.
190 1990 324 2059 hiortuus,
341 1994 475 2051 dormiens
490 1996 517 2051 in
536 1996 615 2052 navi:
640 1997 750 2071 igneus,
764 1999 849 2070 impe·
905 2006 958 2054 tuae
970 2009 1046 2055 erant
1060 1998 1232 2054 humanitatis
1241 2012 1324 2067 opera
1340 2013 1347 2051 ι
1363 1995 1468 2070 ignitas,
1483 1995 1631 2052 divinitatis
1647 1995 1699 2050 mi·

53 2094 119 2133 rans
143 2079 228 2135 ventis
241 2088 269 2136 et
283 2082 360 2139 mari.
376 2083 507 2156 Mortuus,
531 2085 656 2142 subditus
670 2089 824 2158 parentibus
841 2105 847 2142 :
907 2088 1011 2144 racula.

239 2472 329 2533 ⁰⁴⁶
361 2494 415 2584 m
448 2493 787 2589 rameomu
822 2497 891 2588 nn
926 2445 1145 2592 Vittico
1178 2497 1515 2609 ieronimus

821 2681 949 2740 SERMO:

306 2941 440 3015 lnda'prrur
455 2942 596 3000 hemardo
611 2947 716 3001 oestro.
734 2944 783 2999 Est
802 2943 941 3000 bernardi
955 2943 1076 3000 atterius
1095 2940 1227 2999 monachi
1248 2941 1457 3001 Ciuniueenris.

307 3236 311 3241 -
350 3202 549 3259 Paouttuutt

144 3309 181 3350 an
209 3307 372 3351 κιττιιιιιιιιι
397 3307 552 3349 ebraeorum
566 3306 762 3349 amaumsmr.

93 3382 329 3439 Reverendiesimo
343 3383 454 3438 domino
464 3397 515 3436 suo
530 3383 686 3447 ιιιιτιιιιιο,
702 3381 851 3437 venerabili

56 3472 204 3544 Deigratia
235 3472 382 3527 albanensi
410 3473 550 3542 episcopo,
575 3469 657 3527 irater
684 3471 854 3527 Benuanuus

56 3563 151 3636 utique
185 3577 262 3627 suus,
295 3559 427 3634 quidquid
454 3575 551 3616 servus
580 3558 702 3625 domino,
730 3568 757 3615 et
780 3559 851 3615 iilius

56 3651 138 3724 patri.

903 3209 932 3262 et
948 3205 993 3261 bie
1007 3206 1179 3276 diffametur
1197 3209 1240 3262 eet
1257 3204 1333 3278 apud
1358 3221 1433 3271 eum,
1444 3205 1527 3276 quasi
1545 3202 1708 3274 dissipasset

906 3294 1078 3365 bonoillius,
1089 3303 1140 3350 etc.
1157 3295 1224 3362 (buc
1234 3307 1295 3363 xvi,
1311 3295 1387 3362 r-e.)

945 3386 970 3436 ι.
986 3385 1071 3451 liuJus
1084 3381 1169 3438 sancti
1191 3381 1331 3454 Evangelii
1353 3381 1433 3438 lectio
1446 3387 1555 3453 quantas
1578 3380 1614 3435 sit
1636 3380 1706 3436 utili-

908 3471 978 3540 tatis,
998 3480 1025 3527 et
1038 3471 1064 3525 in
1080 3470 1190 3526 historia
1217 3469 1374 3539 simpliciter
1387 3469 1421 3524 ad
1442 3469 1557 3525 litteram
1580 3470 1661 3536 dicta,
1677 3475 1704 3524 et

906 3559 1042 3615 moraliter
1060 3557 1195 3629 expedita,
1211 3559 1331 3627 prudeus
1349 3557 1597 3624 auditoradrertet,
1617 3557 1641 3612 ai
1656 3572 1705 3613 au·

910 3665 966 3705 rem
984 3646 1073 3705 cordis
1088 3646 1254 3719 apposuerit,
1265 3656 1293 3703 et
1312 3662 1345 3703 ex
1359 3648 1416 3703 Deo
1430 3655 1482 3703 est.
1506 3645 1552 3703 Sic
1565 3646 1637 3703 enim
1654 3646 1705 3703 Va·

92 3739 171 3808 Quod
183 3757 198 3798 a
211 3740 298 3799 Roma
320 3757 370 3814 per
396 3737 536 3797 dominum
560 3738 703 3796 Servulum
726 3737 854 3796 charissi·
907 3737 972 3794 ritas
981 3738 1018 3797 ait
1035 3755 1041 3796 :
1056 3738 1287 3807 putesceret,
1312 3738 1394 3794 uerbo
1408 3739 1458 3794 Dei
1467 3736 1560 3794 audit.
1575 3734 1628 3805 Qui
1644 3737 1707 3791 sub-

57 3847 132 3887 mum
147 3839 268 3886 nostrum
282 3830 473 3888 belvacensem
499 3829 624 3885 abbatem
647 3829 855 3899 snpereminen·
906 3827 1001 3899 jungit
1014 3827 1133 3898 reprobis
1147 3826 1260 3882 dimine:
1276 3829 1428 3898 Propterea
1442 3842 1489 3884 vos
1504 3843 1563 3882 nors
1584 3824 1704 3892 auditis,

59 3920 95 3974 tia
110 3920 300 3993 magnitudinis
317 3927 416 3976 vestrae
429 3917 554 3992 parvitati
579 3934 646 3975 mese
670 3919 853 3983 maudaverat,
909 3921 976 3993 quia
986 3934 1022 3975 ea
1032 3920 1084 3975 Deo
1095 3934 1152 3975 nou
1163 3919 1231 3974 satir
1241 3915 1467 3990 (tonsurati).
1482 3916 1611 3971 Dicemus
1624 3931 1706 3990 ergo:

58 4007 186 4063 videlicet
206 4008 279 4078 quod
298 4023 340 4078 ea,
357 4023 418 4078 quae
431 4024 513 4079 super
526 4007 702 4081 Evangelium
718 4008 752 4063 de
768 4007 855 4066 villico
910 4008 1125 4083 homoquidam
1143 4010 1205 4066 ιιιιι
1226 4007 1301 4067 dives
1322 4006 1457 4077 Quantum
1472 4005 1506 4061 ad
1520 4006 1635 4062 litteram
1657 4020 1709 4062 nos

60 4094 209 4165 iniquitatis
223 4096 296 4151 Deus
309 4095 376 4150 mibi
390 4096 491 4153 dixisse
505 4099 662 4169 donaverat,
682 4098 762 4153 vobis
781 4106 852 4152 tran·
909 4099 936 4155 id
951 4114 1076 4155 enarrare
1088 4113 1142 4154 non
1155 4098 1297 4155 convenit:
1313 4095 1401 4161 littera
1424 4094 1495 4152 arim
1510 4110 1560 4167 per
1574 4110 1604 4150 se
1624 4103 1707 4168 patet,

61 4183 232 4240 scriberem:
253 4183 304 4239 etsi
315 4199 387 4251 sero,
404 4200 476 4240 nunc
491 4185 596 4241 tandem
625 4186 692 4257 (non
714 4187 855 4242 minimum
910 4190 988 4261 cujus
1002 4198 1090 4244 tamen
1105 4187 1178 4243 utilis
1199 4188 1242 4242 est
1258 4187 1376 4241 namatio
1387 4185 1477 4239 miuus
1490 4183 1589 4251 doctis,
1606 4184 1707 4238 minus·

60 4276 183 4349 pavidus,
199 4292 233 4332 ne
248 4274 313 4347 qnid
336 4273 374 4329 ibi
388 4275 531 4332 confusum
545 4291 595 4332 vos
616 4275 747 4346 ostendat)
768 4285 856 4332 trans·
912 4295 967 4350 que
979 4278 1123 4350 capacibus
1137 4275 1243 4331 caeteris
1256 4274 1290 4330 eit
1300 4274 1470 4346 exponenda
1488 4272 1704 4345 homoquidam

60 4368 148 4422 mitto.
164 4367 253 4439 Super
266 4366 318 4422 hoc
330 4364 413 4440 igitur
426 4380 519 4437 qiioeso
533 4381 581 4421 vos
599 4365 626 4420 in
644 4381 688 4419 me
706 4365 815 4436 pietatis
830 4374 857 4420 et
912 4372 975 4427 eret
989 4367 1075 4432 diues,
1101 4376 1155 4422 etc.
1171 4366 1257 4421 llomo
1277 4363 1331 4435 ille,
1347 4363 1397 4418 iste
1411 4370 1451 4417 est
1464 4362 1498 4416 de
1519 4375 1573 4433 quo
1588 4362 1708 4432 Aposto-

59 4456 196 4513 charitatis
222 4456 361 4512 abundare
383 4455 552 4523 msceribu83
572 4463 706 4526 quatenus
728 4461 756 4510 et
778 4454 856 4525 igno-
910 4456 953 4511 lus
967 4454 1020 4514 ait:
1037 4449 1709 4522 insimilitudieemlominumsaotus,etiaoita

60 4546 143 4603 acatis
158 4545 221 4600 mibi
237 4544 309 4618 quod
325 4544 429 4612 distuli,
443 4552 469 4600 et
482 4543 632 4600 emendetis
647 4542 723 4599 vobis
737 4543 855 4599 incorre-
871 4516 894 4594 ὓ
910 4546 1045 4603 inuentus
1059 4548 1094 4599 ιιι
1108 4538 1260 4609 tomaoui
1270 4540 1379 4612 quidem
1389 4539 1487 4596 merito
1496 4538 1595 4596 dicitur
1609 4539 1702 4604 11011111,

59 4644 131 4693 ctum
157 4635 230 4708 quod
253 4634 350 4692 obtuli.
379 4633 536 4691 Auctoritati
563 4648 679 4706 namque
705 4631 857 4702 prudentie
910 4635 986 4706 quasi
1000 4633 1156 4707 singularis.
1173 4631 1250 4687 Unde
1264 4630 1396 4702 propheta
1412 4647 1419 4688 :
1438 4632 1584 4701 Homoest,
1605 4634 1634 4687 et
1647 4631 1708 4702 puis

59 4732 156 4781 vestrae
166 4712 300 4783 reservavi
313 4725 338 4779 id
348 4726 582 4798 corrigendum,et
592 4722 750 4796 suppliciter
759 4721 854 4778 oilero.

59 4815 95 4871 Et
108 4814 258 4883 cultellum,
274 4814 320 4887 qui
334 4814 416 4889 vulgo
431 4813 581 4884 Quiuniens
602 4820 783 4882 nuncupatur,
803 4813 856 4868 ha-

59 4907 127 4963 bens
140 4906 311 4961 manubrium
322 4905 355 4961 de
364 4904 456 4970 ebore,
467 4919 529 4962 cum
538 4904 659 4961 chartula
668 4903 754 4969 mitto,
763 4910 857 4976 quate·

59 5011 112 5051 nus
124 4995 314 5068 imposturam,
330 5009 410 5067 quam
428 4994 567 5051 avulsione
581 4994 690 5067 dignam
716 4993 856 5065 adiudica-

59 5084 160 5154 veritis,
185 5101 246 5140 meo
274 5084 364 5157 gladio
389 5083 545 5140 succidetis.
571 5083 612 5138 De
634 5093 733 5140 caetero
758 5097 856 5155 precor

57 5182 157 5232 vestrae
171 5174 277 5245 piatatis
291 5171 496 5240 abundantiam,
512 5187 546 5228 ne
574 5173 602 5228 in
621 5172 790 5229 orationibus
803 5186 855 5227 ve-

58 5267 121 5322 stris
149 5264 344 5321 obliviscamini
378 5262 441 5328 mei,
468 5262 596 5334 quisine
620 5261 757 5318 oblivione
772 5262 855 5318 vestri

57 5355 176 5432 quotidie
190 5367 337 5419 memoror,
353 5352 397 5407 ubi
419 5352 583 5425 propensius
596 5366 682 5426 posco
697 5350 855 5407 misericor-

57 5448 129 5503 diam
141 5442 203 5500 Dei.
216 5441 319 5499 Valete.

94 5539 177 5594 Homo
192 5534 309 5610 quidum
323 5537 387 5592 erat
401 5533 486 5599 diues,
498 5531 548 5606 pti
565 5532 681 5590 mittut
698 5529 855 5588 meeum:

910 4725 1111 4795 aepporinum
1122 4719 1260 4792 merem
1275 4719 1356 4788 xvir.)
1372 4721 1410 4776 Ae
1424 4717 1447 4773 si
1469 4717 1558 4776 dicat:
1573 4718 1710 4789 Superer-

909 4812 1061 4871 cellentiam
1075 4812 1134 4882 ejus
1149 4810 1211 4884 quis
1224 4807 1381 4866 enarmbitl
1409 4806 1547 4880 Sequitur:
1575 4810 1645 4866 hrot
1663 4807 1711 4863 rti-

909 4919 964 4963 oes.
982 4902 1050 4958 Vere
1063 4901 1146 4968 dives,
1159 4901 1230 4957 sicut
1241 4900 1425 4970 scriptumest
1439 4915 1448 4954 t
1471 4900 1540 4956 Cum
1551 4902 1625 4954 esset
1635 4895 1711 4953 diues

910 4992 1090 5060 inomnibus,
1105 4994 1200 5063 sectus
1210 4993 1253 5048 est
1258 5004 1367 5064 pauper
1371 5005 1423 5063 pro
1438 4988 1528 5058 nobie
1545 4991 1580 5044 ut
1592 5001 1645 5042 uos
1659 4999 1713 5042 ruo
1758 5039 1762 5051 ,

909 5085 1076 5156 paupertate
1085 5081 1192 5139 ditaret
1204 5078 1244 5149 (Η
1252 5079 1312 5134 Cor.
1325 5094 1385 5146 vm,
1398 5079 1436 5148 9).
1452 5078 1487 5134 Et
1496 5076 1562 5132 item
1569 5076 1603 5131 de
1614 5074 1709 5131 eodem

911 5172 1026 5230 Domino
1041 5171 1159 5228 dieitur:
1178 5171 1210 5226 la
1224 5167 1343 5226 dexteru
1358 5170 1419 5240 ejus
1445 5169 1530 5241 tpneo
1551 5165 1600 5221 lex
1614 5163 1709 5236 (licut.

908 5277 1011 5327 ιιιιιιιι,
1027 5261 1071 5332 ι);
1093 5260 1125 5316 in
1138 5259 1257 5316 sinistro
1280 5272 1344 5315 vero
1360 5257 1441 5314 itlius
1455 5253 1566 5313 diuitiae
1576 5258 1605 5313 et
1619 5254 1711 5327 ptorio

910 5354 1001 5422 (Pron.
1016 5367 1057 5415 ιιι,
1075 5349 1130 5417 lb).
1147 5347 1196 5405 Cui
1213 5348 1279 5403 bene
1295 5346 1433 5411 convenit,
1449 5349 1512 5402 erut
1522 5365 1533 5412 ‚-
1549 5344 1613 5415 quia
1628 5343 1662 5399 de
1675 5357 1707 5400 eo

907 5441 1004 5498 dicitur
1019 5455 1026 5494 :
1045 5440 1076 5494 lu
1087 5437 1230 5510 principio
1245 5440 1309 5492 erat
1328 5435 1454 5505 Verbum,
1468 5439 1497 5491 et
1512 5435 1629 5492 Verbum
1643 5435 1707 5490 eret

908 5529 984 5604 apud
997 5531 1099 5597 Deum,
1113 5530 1142 5587 ot
1159 5527 1232 5586 Deus
1244 5529 1308 5584 eret
1326 5524 1441 5585 terbum
1455 5526 1546 5596 (toea.
1553 5541 1573 5592 1,
1590 5522 1628 5597 ι).
1655 5523 1708 5594 Qui
