3706 5962
168 207 222 266 715
854 190 939 250 virts
957 188 1109 252 uisum.

167 333 228 389 Nou
250 324 371 401 pepercit
384 324 437 382 eibi
452 323 501 396 qui
515 321 572 379 suis
590 332 705 394 parcere
717 317 801 376 novit.
819 317 907 388 liuius
926 315 966 372 rai
982 330 1007 409 p
1314 312 1428 371 CAPUT
1442 311 1523 373 Xlll.

168 415 330 476 evidentiam
345 413 421 470 vides
448 412 476 467 iu
490 408 639 481 Evangelio
652 405 774 472 loannis,
790 405 838 461 ubi
856 420 918 461 cum
932 406 967 462 ab
1141 405 1178 460 De
1192 417 1270 461 croco
1289 401 1472 459 abstinentiae
1491 401 1559 459 uitia
1573 404 1691 460 uerba.

168 506 212 562 his
226 504 271 577 qui
286 503 320 559 ad
335 504 422 573 ipsum
443 506 572 557 venerant
586 495 757 569 capiendum,
773 494 799 550 ei
821 494 965 558 diceretur,
1057 493 1118 548 134.
1141 490 1257 546 Crocum
1280 489 1363 545 etiam
1387 489 1557 546 abstinentiae
1575 489 1604 544 iu
1630 499 1727 546 nostra
1751 490 1820 559 vite,

170 595 243 668 quod
259 593 347 664 ipsum
362 597 524 662 quaerereut,
540 587 698 657 subjunxit:
717 585 770 657 Epo
792 600 867 646 sum,
884 598 966 652 quem
1019 579 1177 635 dulcissimo
1195 579 1259 634 lesu
1272 579 1379 635 Christo
1389 578 1524 635 sentimus
1538 577 1675 636 floruisse.
1690 577 1746 649 Qui
1762 595 1821 636 nott

169 671 761 757 quartussierpomequaerttiseinitebos
775 672 963 741 obtretpoan.
1020 673 1162 739 propterea
1189 664 1326 722 abstinens
1353 665 1451 729 suerit,
1484 672 1514 720 ut
1541 665 1690 736 castigaret
1713 681 1822 738 corpus

169 786 252 839 avttt,
264 770 302 842 8).
323 768 446 826 Oardor
473 764 623 822 verissimae
637 760 791 818 charitatis!
817 759 967 815 bianiiestat
1019 770 1106 822 suum,
1123 764 1150 810 et
1167 755 1195 808 in
1209 753 1364 810 servitutem
1380 753 1528 825 redigeret,
1548 769 1583 809 oe
1598 753 1666 811 forte
1680 754 1821 825 reprobus

171 870 198 917 et
212 857 294 914 tradit
315 871 345 911 se
357 854 474 911 charitas
489 853 548 923 ipsa
571 849 741 906 saevientibus
762 846 889 913 inimicis,
909 861 966 902 non
1019 841 1187 908 afficeretur;
1203 843 1250 896 sed
1271 849 1301 897 ut
1315 841 1393 898 nobis
1407 841 1523 896 formam
1533 840 1610 898 daret
1624 849 1652 897 et
1666 844 1821 900 documen·

171 962 283 1021 parcens
296 945 358 1011 sibi,
373 951 504 1018 rogatque
533 955 582 1011 pro
596 939 663 1004 suis,
694 945 725 992 ut
751 943 877 1010 parcatur
900 934 963 990 illis.
1019 941 1075 989 tum
1089 930 1257 987 abstinentiae
1278 950 1285 985 ι
1305 930 1376 985 sicut
1400 929 1427 983 iu
1450 929 1659 986 circumcisione
1679 939 1708 986 et
1730 931 1822 1001 bapti·

171 1037 273 1108 Captus
286 1048 352 1107 ergo
366 1039 426 1102 post
440 1030 568 1100 plurimas
578 1026 719 1084 illusiones
728 1032 782 1079 tam
796 1022 963 1091 ludaeorum,
1018 1036 1091 1087 emo,
1106 1035 1167 1091 quae
1180 1035 1234 1077 uon
1249 1019 1282 1073 ad
1297 1018 1516 1074 emundationem
1530 1034 1606 1074 suam
1631 1020 1748 1090 accepit,
1773 1020 1821 1092 qui

169 1136 250 1196 quarn
273 1121 410 1186 Gentium,
435 1124 497 1188 post
524 1113 663 1185 sanguinis
687 1112 780 1183 plures
805 1108 963 1174 effusiones,
1017 1123 1122 1177 semper
1145 1106 1194 1163 luit
1217 1106 1409 1162 mundissimus
1431 1114 1458 1162 et
1482 1107 1603 1161 omnium
1628 1109 1819 1177 emundator,

170 1209 255 1271 clavis
269 1207 427 1272 immitibus,
440 1203 563 1259 manibus
578 1198 659 1257 simul
682 1208 710 1254 et
730 1198 845 1269 pedibus
874 1196 965 1268 perio-
1016 1196 1066 1252 sed
1080 1202 1110 1251 ut
1123 1194 1286 1251 obedientiae
1300 1195 1378 1251 uobis
1389 1195 1502 1251 lormam
1514 1195 1683 1267 iustitiaeque
1694 1197 1819 1258 domret.

170 1309 245 1356 ratur
258 1304 285 1352 et
301 1293 444 1368 configitur
459 1293 535 1364 ligno
549 1288 637 1346 crucis
651 1288 774 1344 Salvator
790 1294 893 1355 noster,
909 1286 964 1341 mi-
1015 1284 1079 1341 Sine
1093 1284 1175 1339 dubio
1190 1283 1317 1339 virtutem
1330 1283 1424 1338 habuit
1443 1284 1625 1339 abstinentia.
1647 1284 1707 1341 iton
1722 1286 1814 1343 virtu·

170 1386 291 1445 tissimus
310 1381 521 1441 lesus.1ntuere
543 1387 569 1434 et
583 1377 690 1450 respice
714 1391 802 1432 rosam
832 1374 964 1446 passionis
1017 1379 1086 1438 tum,
1100 1380 1126 1427 et
1145 1386 1202 1442 prae
1228 1369 1355 1427 omuibus
1377 1373 1483 1426 sanctis
1502 1372 1651 1442 praeteritis
1669 1381 1698 1429 et
1721 1371 1821 1432 laturis

168 1474 334 1547 sanguineae,
350 1470 486 1542 quomodo
515 1468 594 1522 rubet
616 1465 644 1521 in
672 1463 801 1520 iudicium
828 1462 963 1518 ardentis-
1015 1459 1190 1516 excellentius
1214 1457 1388 1529 semetipsum
1411 1472 1563 1529 macerans,
1578 1473 1633 1515 nou
1645 1462 1820 1548 necessitate,

168 1564 246 1620 simas
260 1559 407 1617 charitatis.
424 1555 596 1614 Conteudunt
612 1554 701 1625 passio
715 1558 742 1608 et
754 1551 890 1608 charitas:
907 1550 961 1617 illa,
1017 1549 1065 1605 sed
1081 1547 1230 1604 voluntate.
1246 1548 1299 1604 Sed
1319 1546 1446 1615 obiicitur
1461 1547 1540 1602 nobis
1555 1547 1692 1605 sententia
1706 1549 1741 1606 de
1756 1565 1821 1607 ver-

168 1651 273 1721 utplus
291 1648 401 1714 ardeat,
422 1648 484 1710 ista,
503 1655 532 1698 ut
556 1642 616 1709 plus
632 1641 736 1696 rubeat.
752 1638 806 1695 Sed
826 1638 960 1693 mirabili·
980 1598 1059 1692 Bbis
1086 1635 1173 1706 ipsius
1196 1634 1305 1689 Domini
1324 1635 1472 1691 salvatoris
1486 1636 1520 1691 de
1544 1651 1573 1691 se
1587 1637 1717 1709 dicentis,
1739 1639 1820 1696 Vertit

167 1748 210 1795 ter
232 1753 281 1809 per
303 1735 426 1790 ardorem
442 1730 579 1787 charitatis
597 1728 625 1784 tit
649 1728 739 1798 passio
754 1729 845 1795 rubea,
861 1727 923 1797 quia
937 1725 960 1779 si
1014 1723 1052 1779 ad
1062 1723 1172 1780 ludaeos
1183 1725 1307 1780 loannes
1321 1723 1714 1796 Baptistonortmortduccns,
1729 1742 1820 1799 neqve

169 1838 223 1878 non
233 1823 367 1894 diligeret,
382 1834 436 1874 non
451 1824 589 1890 pateretur
604 1834 611 1869 ι
628 1825 655 1871 et
667 1815 695 1869 iu
706 1814 839 1886 passionis
849 1815 959 1883 rubore,
1014 1810 1118 1876 biberes,
1137 1810 1507 1868 eldinirlia:lloemonium
1521 1813 1712 1883 bobel,·item,
1743 1816 1820 1874 Vertit

167 1910 289 1967 maxima
301 1918 327 1964 et
339 1903 560 1978 incomparabilis
573 1903 723 1959 ostenditur
736 1901 863 1958 charitas.
887 1901 961 1957 Sicut
1015 1900 1103 1956 Filius
1118 1900 1240 1956 bominis
1249 1900 1427 1957 manducares
1441 1905 1468 1956 el
1479 1901 1606 1958 bibeasel
1618 1901 1736 1958 dicitis:
1749 1906 1817 1962 acce

167 1999 240 2056 enim
262 2012 325 2052 rosa
353 2010 402 2065 per
424 1994 511 2065 iriqus
531 1992 618 2048 noctis
641 1990 743 2056 clausa,
767 1989 831 2046 solis
864 1989 961 2045 ardore
1016 1987 1096 2045 bomo
1109 2004 1199 2045 corae
1217 1992 1245 2043 el
1264 1988 1529 2055 einanaaemicas
1549 1991 1770 2060 publicanorum
1792 1999 1820 2049 et

167 2095 295 2158 surgente
310 2091 366 2139 tota
379 2081 509 2152 aperitur,
529 2086 557 2134 et
577 2079 648 2135 loliis
673 2077 800 2150 expausis
818 2078 846 2132 iu
861 2079 961 2134 rubore
1012 2079 1195 2148 peccalorum
1218 2077 1329 2146 (hatte.
1351 2091 1389 2145 xt,
1408 2080 1451 2144 tt,
1470 2078 1524 2148 19).
1546 2078 1616 2135 Ecce
1634 2080 1818 2137 testimonium

167 2175 335 2231 demonstrat
346 2172 470 2227 ardorem
494 2169 666 2239 jucundum:
684 2167 722 2223 ita
750 2168 799 2223 ilos
815 2167 878 2223 coeli
890 2167 961 2223 deli·
1015 2163 1153 2233 Veritatis,
1171 2164 1243 2237 quod
1254 2165 1372 2219 loannes
1382 2181 1434 2220 non
1447 2166 1620 2222 manducavit
1635 2183 1724 2238 neque
1733 2169 1816 2228 bibit:

168 2264 266 2329 ciosus,
282 2260 401 2331 optimus
414 2259 641 2326 lesus-Christus,
661 2256 708 2329 qui
729 2256 813 2311 multo
837 2265 959 2327 tempore
1014 2260 1041 2308 et
1060 2253 1135 2324 quod
1150 2253 1296 2324 ipselesus
1308 2260 1336 2308 et
1351 2253 1525 2309 manducavit
1539 2263 1565 2310 et
1580 2255 1659 2321 bibit,
1685 2257 1817 2330 Nunquid

166 2368 182 2408 a
197 2359 309 2424 peccato
324 2348 403 2421 primi
422 2347 546 2413 hominis,
561 2347 640 2417 quasi
658 2347 685 2401 in
700 2345 798 2418 frigore
812 2342 898 2401 483
913 2360 962 2401 uo-
1014 2355 1080 2413 ergo
1103 2340 1222 2398 loannes
1246 2342 1275 2396 iu
1296 2340 1467 2398 abstinentia
1491 2342 1592 2399 virtute
1616 2343 1750 2416 praecellit
1764 2361 1816 2402 no.

166 2441 217 2497 ctis
231 2440 339 2496 clausus
354 2436 403 2492 luit
418 2434 617 2508 peccatoribus,
633 2437 752 2490 nondum
766 2433 960 2504 plenitudinem
1016 2438 1103 2487 strum
1118 2430 1246 2487 dilectum
1258 2431 1370 2488 lesum?
1384 2431 1575 2502 Nequaquam.

167 2522 457 2597 impendene3tandem
475 2520 644 2595 plenitudine
659 2522 789 2593 temporis
803 2521 959 2591 accedente,
1049 2521 1112 2574 135.
1143 2518 1197 2574 Sed
1220 2519 1369 2574 notandum
1388 2519 1463 2591 quod
1482 2521 1583 2590 duplex
1602 2530 1645 2577 est
1669 2522 1816 2580 abstineu-

165 2613 248 2669 radiis
262 2611 362 2668 scilicet
389 2610 509 2666 ardentis
527 2608 674 2678 charitatis,
691 2608 808 2665 inomni
835 2608 960 2680 corporis
1013 2608 1057 2663 tia
1072 2605 1170 2664 virtus.
1185 2605 1246 2662 Una
1263 2607 1336 2663 intus
1351 2607 1381 2663 in
1396 2618 1500 2680 mente,
1516 2607 1600 2665 altera
1614 2607 1682 2665 ioris
1695 2609 1724 2667 iu
1738 2619 1812 2668 actu.

165 2701 209 2758 eui
227 2707 303 2770 parte
321 2703 432 2768 apertus
446 2708 495 2762 est,
524 2704 552 2751 et
578 2710 647 2752 rosae
668 2695 806 2752 charitatis
833 2697 913 2751 ardor
931 2696 960 2749 in
1014 2697 1047 2752 Et
1063 2695 1217 2767 eaquidem
1245 2711 1305 2767 quae
1329 2695 1357 2751 iu
1380 2705 1472 2752 mente
1486 2707 1537 2763 est,
1561 2712 1669 2768 semper
1697 2706 1742 2755 eat
1768 2700 1817 2757 ha-

166 2788 265 2844 rubore
280 2784 420 2858 sauguinis
433 2784 514 2839 eiiusi
532 2783 648 2840 refulsit.
663 2783 733 2841 Vide
746 2799 811 2858 ergo
823 2785 961 2856 quomodo
1016 2783 1104 2840 beuda
1119 2802 1126 2841 ε
1148 2799 1180 2839 ea
1196 2798 1260 2841 tero
1284 2799 1345 2857 quae
1361 2792 1402 2841 est
1416 2785 1445 2839 in
1458 2796 1530 2851 actu,
1547 2801 1637 2842 rerunt
1652 2801 1686 2844 ae
1705 2797 1816 2862 tempo-

166 2877 219 2933 boc
229 2876 295 2930 tiore
310 2889 379 2929 rosae
400 2871 521 2928 floruerit
545 2871 648 2943 optima
675 2871 744 2928 Vitis
759 2881 860 2940 nostra,
885 2872 961 2928 rubi·
976 2863 999 2942 Β
1015 2887 1075 2929 rum
1088 2871 1215 2944 qualitate
1238 2872 1436 2929 manifestanda
1461 2881 1512 2930 est.
1528 2874 1602 2929 Beue
1615 2882 1708 2932 autem
1723 2876 1814 2934 loan-

165 2961 371 3021 cunduslesus.
387 2960 454 3016 Vide
472 2969 556 3015 totum
579 2975 688 3031 corpus,
704 2960 790 3016 sicubi
810 2976 880 3016 rosae
898 2977 960 3017 san·
1013 2976 1072 3028 nes,
1099 2962 1144 3033 qui
1173 2976 1256 3032 purus
1284 2962 1366 3016 homo
1393 2968 1462 3027 erat,
1489 2962 1682 3020 abstinentiam
1715 2965 1815 3021 umin

165 3054 272 3126 quinem
290 3049 384 3105 ssoretu
399 3048 595 3105 uoninvenias.
617 3049 721 3119 inspice
742 3063 855 3103 manum
878 3065 961 3104 unam
1014 3056 1198 3119 mentequam
1218 3049 1245 3102 in
1272 3064 1388 3120 corpore
1401 3050 1554 3119 exercebat,
1571 3066 1604 3105 ne
1619 3051 1689 3108 torte
1718 3060 1815 3110 conu-

163 3148 191 3201 et
203 3140 325 3204 alteram,
341 3139 363 3193 si
378 3136 473 3193 dorem
497 3152 565 3193 rosae
583 3136 702 3192 invenias
718 3136 745 3191 in
773 3144 897 3209 utraque.
920 3138 961 3193 ln·
1013 3136 1161 3192 minaretur
1188 3154 1194 3191 :
1225 3137 1272 3193 sed
1303 3137 1385 3193 bomo
1414 3146 1506 3194 noster
1533 3155 1611 3194 verus
1639 3140 1733 3208 lesus,
1764 3141 1815 3214 qui

163 3226 349 3301 epioepedem
372 3232 400 3282 et
423 3242 505 3282 uuum
528 3238 556 3282 et
582 3226 715 3282 alterum:
745 3225 876 3298 numquid
905 3243 960 3283 nou
1012 3224 1141 3280 maculari
1165 3240 1219 3280 nou
1242 3235 1357 3298 poterat,
1387 3226 1455 3281 cibis
1469 3238 1495 3282 et
1522 3227 1629 3299 potibus
1659 3244 1711 3300 pro
1738 3239 1814 3286 tem-

165 3317 264 3375 roseii
416 3302 419 3307 ’
1013 3328 1079 3386 pore
1106 3315 1242 3381 utebatur,
1272 3323 1301 3369 ut
1331 3323 1523 3372 convescentes
1546 3315 1598 3371 sibi
1623 3315 1658 3371 ad
1684 3318 1813 3374 virtutem

203 3407 264 3461 133.
281 3405 386 3476 Inspice
400 3401 493 3458 lateris
502 3411 667 3473 aperturam,
683 3402 746 3476 quia
760 3418 809 3459 nec
824 3403 871 3459 ille
885 3412 960 3462 caret
1013 3404 1157 3458 attraheret
1194 3401 1373 3469 abstinentia,
1404 3413 1572 3475 caeterasque
1601 3404 1727 3462 virtutes.
1752 3408 1809 3464 Nec

164 3509 235 3567 rosa,
250 3493 374 3565 quamvis
395 3493 455 3565 ipsa
477 3494 612 3548 submbea
631 3493 665 3549 sit
680 3501 788 3564 propter
818 3494 959 3548 mixturam
1013 3490 1107 3546 credas
1121 3490 1176 3548 ullo
1199 3492 1282 3547 modo
1306 3493 1440 3562 majorem
1464 3508 1525 3549 esse
1552 3493 1678 3550 virtutem
1701 3496 1812 3554 omnino

164 3599 242 3655 aquae
259 3581 354 3654 cquis,
369 3581 537 3637 sicutnarrat
550 3581 724 3651 evangelista,
737 3581 891 3639 Ceraunus
906 3584 960 3638 mi·
1013 3578 1150 3635 abstinere
1169 3595 1185 3634 a
1198 3579 1276 3650 cibis,
1293 3595 1374 3652 quam
1397 3579 1464 3650 ipsis
1485 3581 1595 3636 cibariis
1609 3582 1648 3637 uti
1664 3582 1812 3641 moderate.

166 3763 195 3819 el
213 3774 287 3832 aquo
307 3758 398 3827 (loon.
413 3771 475 3825 ata,
490 3757 546 3826 ab).
564 3757 624 3826 lpse
638 3759 679 3812 est
689 3759 761 3812 enim
771 3759 816 3829 qui
826 3759 902 3813 veuit
912 3775 961 3830 per
1013 3755 1209 3825 omnimodum,
1226 3756 1262 3811 ita
1285 3763 1315 3811 ut
1339 3757 1407 3814 ultra
1427 3774 1507 3830 quam
1526 3769 1628 3814 naturae
1644 3768 1736 3831 potest
1749 3761 1810 3818 sui·

166 3854 384 3918 aquam,etnou
399 3859 446 3915 per
463 3859 561 3915 aquam
575 3845 674 3910 solum,
690 3844 738 3901 sed
751 3860 802 3916 per
816 3861 915 3918 aquam
934 3856 961 3903 et
1015 3844 1105 3910 licere,
1122 3843 1188 3899 nihil
1210 3854 1340 3911 sumatur,
1361 3861 1413 3902 nec
1436 3845 1490 3918 ipsi
1513 3857 1616 3903 naturae
1651 3848 1757 3921 aliquid
1779 3851 1812 3906 de

166 3933 327 4007 sauguinem
353 3932 472 4003 optimus
495 3932 573 3988 lesus
598 3932 729 3989 Christus.
758 3932 961 3992 Osuavissime
1015 3932 1175 3989 necessariis
1202 3934 1389 3990 subtrahatur.
1424 3936 1452 3992 Si
1481 3950 1548 4008 ergo
1580 3937 1723 4011 contingat
1760 3938 1812 3997 ali·

167 4023 356 4078 universomm
370 4018 485 4075 Domina
499 4030 526 4075 et
538 4018 661 4075 Salvator
679 4021 749 4077 bone
770 4022 844 4090 lesu,
867 4023 962 4095 quales
1016 4036 1096 4094 quem
1111 4023 1209 4078 habere
1224 4022 1351 4080 virtutem
1366 4024 1535 4081 abstinentius
1557 4040 1620 4081 cum
1629 4024 1747 4095 loanne,
1761 4029 1812 4084 sci-

168 4111 218 4168 tibi
242 4110 391 4183 condignas
414 4107 562 4184 gratiarum
589 4108 693 4165 reierre
711 4116 807 4181 potero
823 4112 958 4184 actiones3
981 4111 1081 4208 nlicet
1100 4120 1130 4167 ut
1151 4111 1236 4181 ipsam
1261 4123 1351 4170 mente
1366 4120 1392 4169 et
1407 4129 1490 4185 opere
1503 4121 1650 4181 exerceat,
1663 4131 1721 4172 unu
1745 4131 1810 4175 cca-

167 4199 214 4273 qui
228 4216 244 4255 a
258 4197 392 4271 principio
406 4207 481 4253 ortus
495 4197 545 4261 tui,
564 4212 652 4270 usque
667 4197 700 4253 ad
716 4205 829 4253 mortem
845 4199 962 4255 durissi-
1018 4200 1130 4258 damnet
1142 4217 1204 4257 eum
1227 4201 1273 4274 qtti
1296 4202 1413 4259 abstinet
1427 4219 1489 4260 cum
1514 4201 1714 4274 perfectissimo
1741 4205 1809 4271 lesu,

168 4303 252 4359 mam,
267 4287 322 4344 imo
344 4294 447 4359 etpost
461 4293 585 4351 mortem,
602 4301 650 4359 pro
672 4302 716 4343 me
739 4285 965 4357 pretiosissimum
1019 4287 1113 4355 idest,
1136 4289 1182 4362 qui
1212 4290 1412 4358 abstinentiam,
1437 4298 1520 4363 prout
1547 4299 1674 4361 tempora
1703 4291 1812 4367 exigunt

106 4386 113 4395 ·
169 4376 329 4451 sanquinem
344 4383 421 4432 tuum
436 4373 565 4443 eiiudisti,
581 4375 627 4447 qui
653 4375 777 4431 ardorem
793 4375 964 4433 excellentis·
1020 4385 1048 4435 et
1062 4393 1194 4450 personae,
1214 4394 1262 4450 pro
1277 4381 1401 4448 utilitate,
1421 4380 1464 4436 vel
1488 4381 1607 4453 propriis
1621 4381 1755 4453 corporis,
1771 4380 1811 4439 vel

168 4465 464 4525 simaecharitatistuae
481 4471 535 4520 tam
557 4463 648 4520 crebis
673 4464 813 4539 sanguinis
834 4465 875 4521 tui
892 4465 966 4522 ciiu·
1018 4464 1135 4538 proximi
1162 4463 1247 4522 aaa
1276 4482 1348 4523 nunc
1362 4468 1484 4534 intendit,
1505 4483 1578 4524 nunc
1605 4467 1733 4540 remittit,
1760 4469 1811 4527 ob·

168 4553 290 4611 sionibus
302 4553 475 4609 manifestere
486 4553 586 4610 curasti
600 4553 647 4611 iO
662 4570 741 4625 quam
752 4555 837 4611 multo
850 4571 964 4613 numero
1018 4571 1131 4611 servans
1147 4555 1278 4612 tamenin
1305 4556 1433 4614 omuibus
1461 4557 1554 4614 omnia
1567 4572 1628 4629 quae
1659 4558 1734 4615 circa
1756 4560 1811 4615 vir·

168 4641 295 4699 loliorum
309 4641 483 4712 multiplicata
497 4652 523 4697 et
538 4650 666 4697 exornata
684 4650 726 4699 est
741 4659 804 4699 rosa
817 4650 863 4699 tua
877 4645 883 4698 l
897 4644 964 4714 Quis
1018 4650 1100 4699 tutem
1116 4643 1283 4700 abstinentiae
1305 4653 1368 4700 suut
1390 4646 1531 4711 servanda,
1547 4653 1577 4700 ut
1605 4660 1720 4717 semper
1743 4647 1810 4705 vitii.

169 4729 261 4787 omnia
277 4729 327 4785 ista
341 4731 506 4786 enumerati
520 4731 636 4785 Numera
659 4739 750 4803 puttas
768 4733 907 4808 sanguinis
921 4735 964 4790 ei·
1017 4731 1185 4789 abstinentiae
1212 4734 1341 4804 oppositi,
1371 4733 1398 4788 id
1422 4743 1463 4792 est
1491 4736 1582 4807 gulae,
1606 4733 1713 4793 crimen
1732 4736 1811 4794 evitet

168 4817 223 4876 iusi
251 4818 286 4874 de
298 4817 454 4875 dulcissimo
468 4832 583 4889 corpore
595 4818 744 4876 dulcissimi
757 4822 834 4890 lesu,
846 4831 872 4878 et
886 4824 965 4879 habe
1018 4820 1104 4892 Cujus
1117 4819 1174 4876 vitii
1189 4819 1333 4877 abusiones
1352 4821 1403 4877 hoc
1419 4835 1501 4878 versu
1516 4829 1644 4877 notentur
1662 4835 1670 4877 t

169 4909 212 4964 bis
227 4906 360 4979 passionis
385 4905 548 4962 ebaritadvae
563 4904 627 4961 lolia
650 4921 817 4965 enumerata.
845 4910 964 4983 siugulae
1066 4911 1254 4981 praepropere,
1269 4908 1357 4976 laute,
1369 4911 1466 4980 nimis,
1477 4909 1623 4982 ardenter,
1639 4910 1777 4968 studiose.

169 4997 241 5054 euim
256 5004 338 5069 guttae
353 4995 558 5070 sanguinium,
572 4995 637 5052 solia
655 5007 717 5052 sunt
731 5012 800 5054 rosae
810 5005 965 5075 sanguineae
1016 4997 1190 5069 Piapi—opere
1214 4999 1286 5053 enim
1301 4997 1446 5056 comedunt
1472 5007 1498 5054 et
1513 4999 1619 5069 bibunt,
1642 5001 1691 5070 qui
1706 4996 1810 5070 tempus

169 5085 301 5159 passionis
324 5083 421 5158 ipsius.
438 5084 491 5141 Sed
511 5082 572 5140 ideo
586 5084 619 5140 ad
633 5083 686 5140 alia
701 5095 875 5154 transcamus,
901 5090 964 5161 quia
1017 5086 1177 5142 comedendi
1194 5087 1369 5158 preveniunt,
1384 5088 1441 5144 sola
1455 5089 1603 5160 voluptate,
1619 5101 1674 5144 nou
1689 5085 1810 5144 necessi·

169 5175 312 5249 septimam
328 5173 468 5244 sanguinis
482 5172 611 5230 dominici
628 5173 788 5232 effusionem
806 5176 862 5245 jam
877 5177 965 5233 brevi·
1018 5183 1072 5232 tate
1101 5175 1197 5232 coacti.
1227 5176 1357 5247 Legimus
1379 5175 1408 5232 iu
1437 5175 1496 5233 Vita
1523 5177 1633 5233 Patrum
1657 5175 1694 5232 de
1713 5175 1810 5233 aaaetb

169 5271 212 5322 ter
243 5264 369 5332 mannus,
386 5278 449 5320 cum
476 5264 510 5321 de
528 5274 656 5336 apertura
680 5264 770 5320 lateris
793 5264 963 5336 doceremus,
1018 5264 1152 5333 Patribus,
1168 5265 1213 5339 qui
1237 5265 1376 5338 hospitum
1395 5264 1575 5338 spiritualium
1602 5265 1736 5322 charitate
1760 5266 1811 5322 de·

171 5353 244 5408 uude
257 5352 338 5411 exivit
352 5353 464 5427 sanquis
483 5361 512 5409 et
532 5369 613 5428 aqua,
635 5368 687 5425 per
714 5368 775 5427 quta
794 5353 966 5425 baptismatis
1017 5353 1108 5420 vincti,
1126 5363 1230 5426 tempus
1245 5360 1405 5412 consuetum
1429 5355 1553 5411 ciborum
1567 5353 1812 5428 mdcipaverunt:

170 5442 323 5515 accepimus
336 5451 544 5502 sacramentum.
1018 5442 1067 5501 aed
1081 5443 1251 5501 comedendo
1264 5444 1292 5499 in
1310 5442 1453 5517 charitate,
1467 5460 1497 5502 se
1507 5458 1681 5521 nequaquam
1692 5442 1812 5507 salvitto
