3706 5962
107 171 131 232 il
719 172 753 233 lll
772 169 916 233 othtlct
933 171 1041 234 stato
1060 173 1138 236 xlx.
1721 183 1759 248 98

106 293 235 355 uarius
255 303 289 352 et
310 295 450 367 inmundus
473 302 515 352 eet
529 312 606 354 usus.
621 296 798 371 lleliquarum
812 299 905 357 officia
918 319 943 400 Α
958 299 1048 372 Super
1080 315 1191 359 omnem
1224 300 1298 358 enim
1325 300 1556 375 pulchritudinem
1583 301 1756 379 pulchritudo

106 384 235 441 meur
247 385 415 460 gratiarum,
430 393 459 442 et
480 384 588 443 vicibus
603 386 775 443 alternantur
791 406 798 442 ι
815 387 905 445 ohari-
957 390 1027 459 ejus.
1044 388 1134 463 Super
1148 405 1260 447 omnem
1279 391 1536 464 palchritudinem,
1552 393 1650 467 inquit,
1665 397 1757 457 coesi·

106 475 152 529 atie
173 473 383 530 continuantur
401 475 464 544 jura
485 474 605 546 quodam
627 475 686 546 iugi
712 484 818 532 tenore.
841 477 903 534 Sive
957 479 1132 550 sapientiam
1149 480 1227 552 (Sap.
1243 495 1294 549 vu,
1310 482 1367 550 ro).
1382 480 1526 551 Quomodo
1549 499 1603 539 non
1626 484 1753 556 decorus,

104 571 183 619 unte
209 562 398 634 excedamus,
416 564 493 631 Deo;
519 563 577 620 sive
602 563 687 620 sobrii
709 564 804 634 simus,
824 575 904 639 urget
958 565 1004 636 qui
1018 567 1120 623 candor
1141 575 1183 624 est
1205 567 1274 625 lucis
1298 576 1418 626 aeternae.
1443 572 1544 627 Frater
1558 571 1601 626 mi
1620 573 1752 643 loootho,

103 667 141 709 aaa
161 651 294 708 charitas
312 651 417 709 Christi
432 652 472 725 (ll
491 654 553 710 Cor.
570 669 599 721 v,
619 654 665 720 ts,
682 656 736 723 ιι).
754 654 808 710 Vos
825 671 901 721 vere,
958 669 1041 724 quom
1055 654 1189 711 amabilis
1202 670 1231 710 es
1246 659 1274 712 ei
1288 654 1405 713 decoros
1419 657 1575 727 voldeilll
1586 662 1650 733 llep.
1661 677 1681 730 ι,
1697 665 1755 734 26.)

102 741 161 797 icat
178 740 320 809 arbitror,
340 747 421 814 urget
444 741 564 797 charitas
584 742 695 799 Christi.
716 743 746 798 ln
768 743 834 815 quid
855 758 903 801 vos
960 739 1089 797 Volebam
1103 743 1197 798 lesum
1218 743 1321 814 dicere,
1337 745 1386 800 sed
1410 746 1445 801 de
1459 747 1655 807 consuetudine
1670 749 1754 806 Jona-

101 828 196 902 aget?
210 829 244 884 ln
268 845 302 886 se
322 829 422 901 ipsum.
437 829 562 886 Aliorum
577 829 630 886 alia
644 838 708 886 sunt
721 830 822 901 officia,
837 848 902 888 ves·
957 828 1011 885 thae
1025 831 1141 901 produxi
1152 831 1314 888 vocabulum
1330 849 1337 888 :
1354 840 1383 889 et
1397 839 1594 907 lamengratns
1608 851 1696 904 error,
1708 838 1756 911 qui

101 928 162 973 hum
177 918 310 990 speciale
328 935 428 974 munus
446 925 489 975 est
511 934 598 975 amor.
614 920 759 992 lmprohus
779 921 819 976 sui
834 937 901 993 pro·
957 918 1071 990 gratiam
1094 921 1239 992 expressit.
1255 922 1340 979 Error
1358 921 1387 977 in
1411 923 1535 993 nomine,
1550 923 1643 981 sedin
1661 942 1691 982 re
1705 943 1754 984 uo·

100 1015 208 1065 rontor
221 1013 360 1064 estamor
374 1015 403 1063 et
416 1006 527 1064 dulcem
541 1007 597 1083 agit
612 1008 642 1064 in
656 1009 792 1080 patientes
806 1017 902 1082 tyran·
956 1007 1038 1062 minis
1060 1009 1142 1079 hujus
1169 1017 1212 1066 est
1235 1019 1343 1067 servata
1365 1011 1528 1083 proprietas.
1557 1013 1688 1073 Jonathas
1710 1032 1756 1074 co·

100 1095 198 1154 miem.
214 1096 307 1152 Amor
325 1112 356 1154 se
375 1097 464 1169 ipsum
482 1096 511 1152 in
535 1105 681 1168 provectus
699 1114 810 1170 semper
822 1104 904 1172 urget
956 1093 1057 1152 lumhae
1071 1105 1112 1153 ost
1135 1098 1252 1165 Donum,
1268 1099 1345 1155 illurn
1367 1100 1526 1174 significans
1541 1103 1587 1175 qui
1606 1104 1754 1175 spiritualis

99 1185 255 1242 uberiores.
955 1184 1050 1255 gratie
1073 1192 1117 1241 est
1138 1186 1246 1258 plenus,
1266 1204 1383 1259 puemm
1410 1189 1457 1261 qui
1480 1190 1561 1247 datus
1583 1199 1625 1248 ost
1648 1193 1753 1249 nohis:

127 1277 154 1330 ι.
179 1272 372 1341 Emulamini,
389 1272 452 1330 fihae
473 1274 636 1344 Jerusalem,
652 1275 819 1332 charismata
841 1292 902 1333 me·
955 1271 1012 1329 sive
1033 1274 1191 1344 Ionatham,
1206 1276 1264 1333 aive
1278 1277 1374 1334 lesum
1393 1278 1499 1348 dicam,
1513 1278 1605 1336 lesum
1620 1281 1753 1355 intelligo.

67 1380 72 1387 ·
99 1362 179 1432 ion,
199 1363 296 1436 magis
316 1371 408 1419 autem
431 1371 461 1420 ut
481 1363 588 1420 ametis.
604 1363 749 1420 AEmulatio
770 1381 820 1422 vos
843 1367 902 1423 haec
954 1359 1043 1430 Quam
1064 1363 1188 1419 amabilis
1207 1381 1248 1435 es,
1274 1364 1358 1422 irater
1383 1367 1419 1421 mi
1442 1368 1567 1438 lonatha,
1587 1377 1615 1425 et
1638 1372 1755 1428 decorus

99 1467 206 1524 semper
219 1450 342 1523 amplius
360 1460 469 1525 urgeat.
484 1453 642 1509 blandatum
661 1454 714 1510 hoo
732 1451 810 1510 vohis
824 1470 901 1510 sem·
953 1451 1052 1507 valdel
1068 1452 1313 1524 Praesumptionam
1337 1456 1441 1525 putatis
1463 1456 1537 1526 quod
1557 1455 1668 1514 fratrem
1691 1475 1755 1515 eum

98 1557 144 1614 per
163 1541 202 1596 sit
216 1556 333 1598 novum.
348 1540 383 1596 Ει
401 1556 503 1599 novum
518 1550 570 1608 est,
586 1541 640 1597 nisi
658 1541 687 1597 in
708 1551 799 1598 vestro
813 1541 901 1599 duleis
955 1539 1038 1597 dico?
1054 1539 1143 1596 Verba
1166 1542 1224 1598 haee
1243 1558 1297 1598 nou
1312 1559 1404 1598 meam
1420 1543 1613 1614 temeritatem,
1629 1547 1678 1602 sed
1693 1549 1754 1618 ejus

97 1631 174 1686 lesus
195 1629 368 1687 veteraverit
382 1629 492 1686 affectu.
516 1629 627 1687 Utinam
646 1647 756 1702 semper
774 1631 802 1687 in
824 1632 901 1689 vohis
954 1628 1112 1686 charitatem
1135 1638 1243 1686 sonant.
1260 1630 1438 1702 Praesumptio
1463 1630 1555 1701 inerit,
1572 1633 1596 1688 si
1616 1649 1673 1691 non
1693 1634 1753 1707 ipse

97 1718 138 1775 lte
152 1704 259 1776 reeens
272 1719 319 1786 sit,
334 1733 386 1775 nec
400 1735 478 1775 mora
493 1719 624 1791 temporis
638 1719 740 1793 aliquid
757 1720 901 1776 imminuat
916 1703 939 1783 Β
955 1718 1026 1774 ιιιι
1041 1718 1107 1772 mihi
1116 1716 1261 1773 indulserit
1275 1734 1382 1774 ausum.
1398 1718 1522 1790 Denique
1536 1725 1564 1776 et
1579 1721 1637 1792 ipse
1651 1737 1754 1795 eogun-

96 1807 201 1880 rretiae.
225 1808 329 1880 Utique
353 1823 452 1864 racens
474 1807 503 1863 in
530 1808 609 1866 vohis
632 1817 723 1865 vester
744 1810 825 1866 lasus
846 1818 897 1866 est.
954 1805 1034 1862 tionis
1050 1807 1130 1876 hujus
1145 1815 1174 1863 et
1187 1807 1335 1878 assumpsit
1349 1806 1482 1874 habitum,
1494 1814 1523 1862 et
1536 1809 1753 1867 exhihuitaflec·

95 1895 152 1968 lpse
166 1912 287 1967 semper
301 1911 410 1967 recens,
422 1896 471 1952 sed
486 1913 541 1953 non
556 1899 630 1953 Deus
643 1897 756 1953 olianus.
773 1899 842 1954 llere
857 1914 900 1954 re·
953 1904 1010 1951 tum
1021 1910 1028 1964 3
1040 1902 1069 1951 et
1077 1897 1154 1966 iuxta
1167 1894 1338 1966 Apostolum,
1353 1897 1618 1967 Noccoosunditur
1631 1915 1683 1956 eos
1696 1902 1755 1971 fro·

95 1999 168 2054 cens,
183 1985 215 2040 in
232 2001 318 2058 quem
336 2001 446 2057 semper
459 1984 540 2041 anxio
563 1985 673 2041 inhiatis
692 2003 794 2043 amore.
812 1987 899 2044 Dani·
955 1988 1012 2040 tres
1029 2000 1127 2041 vocure
1146 1983 1237 2054 (llebr.
1255 2000 1286 2053 rr,
1303 1984 1357 2054 ιι).
1378 1983 1407 2040 si
1428 1999 1483 2039 non
1503 1985 1687 2056 confunditur,
1703 2002 1753 2044 our

96 2090 145 2146 que
158 2073 189 2130 id
203 2073 299 2130 solum
313 2074 422 2130 habetis
436 2073 464 2129 in
482 2073 568 2144 votis,
584 2082 614 2129 ut
626 2075 704 2131 vobis
717 2090 827 2147 semper
841 2091 899 2131 am-
953 2088 1008 2130 non
1019 2080 1047 2128 et
1061 2081 1090 2128 tu
1101 2072 1159 2147 ipse
1174 2072 1344 2130 confidenter
1357 2072 1442 2140 dicas,
1458 2074 1555 2131 Frater
1568 2075 1605 2131 mi
1616 2076 1750 2136 Jonatha:

95 2163 161 2234 plius
174 2163 300 2235 placeat.
316 2162 453 2233 Quantum
468 2162 568 2235 placet,
584 2164 630 2235 qui
641 2163 706 2219 satis
720 2166 829 2236 plaeere
842 2180 898 2222 non
953 2170 999 2226 aut
1012 2160 1036 2216 si
1056 2160 1207 2219 domestico
1226 2160 1314 2236 magis
1329 2160 1369 2218 vis
1388 2162 1428 2217 uti
1442 2163 1591 2231 rooahulo,
1606 2164 1701 2221 Frater
1714 2165 1752 2221 mi

95 2251 207 2322 potest?
221 2251 307 2307 Nulla
330 2253 421 2324 magis
442 2267 493 2308 vos
515 2251 622 2308 ratione
647 2252 754 2323 placere
772 2253 898 2325 potestis,
951 2250 1028 2318 lesu,
1044 2249 1170 2305 amabilis
1183 2267 1215 2307 es
1229 2257 1257 2307 et
1271 2249 1389 2306 decoms
1403 2251 1502 2323 valde;
1520 2252 1644 2309 amabilis
1658 2271 1688 2310 es
1701 2271 1752 2311 su·

97 2357 173 2412 quam
204 2340 231 2395 si
253 2339 335 2397 vobis
364 2341 471 2412 placeat
493 2340 564 2412 ipse.
588 2341 716 2397 Animum
738 2342 806 2407 vult,
824 2341 898 2396 aliud
952 2354 1004 2412 per
1017 2354 1139 2394 amorem
1154 2338 1323 2395 mulierum?
1336 2339 1424 2397 Αιιίο
1439 2348 1467 2398 et
1479 2342 1636 2399 vehementi
1649 2341 1752 2399 ellectu

96 2443 147 2484 nea
168 2428 286 2501 quaerit.
301 2427 381 2486 Solus
396 2427 505 2496 suffieit,
521 2430 544 2484 si
558 2437 651 2485 ιιιιιι
670 2438 744 2486 totus
761 2429 898 2501 impendi·
951 2433 1052 2498 vestra,
1075 2435 1177 2483 sanctas
1198 2427 1337 2495 mulieres,
1363 2428 1391 2483 in
1414 2429 1551 2485 Christum
1575 2431 1752 2488 inardescunt

98 2524 147 2572 tur.
160 2517 240 2573 Satis
258 2524 305 2574 est
328 2533 379 2589 pro
397 2516 500 2575 viribus
519 2517 584 2586 tuis,
599 2516 649 2574 sed
672 2533 769 2588 parum
784 2526 827 2574 est
849 2533 899 2589 pro
952 2522 1037 2571 vota:
1063 2515 1113 2572 sed
1141 2516 1200 2587 ipse
1219 2515 1303 2572 multo
1329 2517 1419 2591 magis
1444 2525 1486 2572 est
1509 2519 1646 2586 amabilis,
1670 2536 1752 2592 quam

98 2607 153 2675 ejm
170 2605 294 2662 meritis.
311 2604 342 2660 Si
356 2612 383 2662 te
398 2605 445 2662 tibi
460 2606 597 2677 conseras,
614 2614 642 2664 et
656 2614 702 2663 tua
721 2605 844 2664 metiaris
865 2623 899 2664 ex
952 2612 1058 2660 amatur
1077 2621 1093 2660 a
1111 2605 1199 2662 vobis.

97 2696 197 2766 nula,
219 2693 346 2752 suffieit:
363 2694 413 2751 sed
436 2695 459 2750 si
481 2695 575 2760 dete,
597 2694 635 2750 nil
659 2694 707 2750 tihi
726 2693 898 2768 relinquitur.
988 2698 1015 2751 ³.
1037 2691 1210 2751 AEmulamini
1236 2709 1304 2769 ergo
1331 2693 1493 2751 charismata
1515 2694 1646 2764 meliora,
1663 2697 1752 2770 magis
1820 2735 1825 2744 ·

95 2781 229 2840 Sieutem
252 2800 288 2840 ex
309 2783 396 2855 ipsius
418 2790 445 2840 te
469 2783 564 2855 regula
582 2783 714 2855 metiaris,
731 2793 759 2840 et
782 2784 898 2842 velutin
953 2791 1045 2839 autem
1059 2790 1089 2839 ut
1103 2781 1210 2839 ametis.
1226 2783 1378 2839 Enumerat
1391 2782 1467 2856 ligna
1484 2782 1589 2852 Libani,
1610 2783 1752 2843 columnas

95 2869 160 2927 hbra
173 2871 311 2943 colloces,
327 2871 394 2944 quid
409 2879 438 2928 tu
461 2872 593 2928 momenti
608 2873 743 2931 adversm
764 2873 839 2929 illum
852 2881 898 2930 te·
952 2880 1108 2945 argenteas,
1125 2871 1327 2928 reclinatorium
1342 2887 1475 2942 aureum,
1491 2886 1637 2929 ascensum
1651 2889 1752 2946 purpu-

97 2961 181 3018 rabia.
200 2961 235 3016 Si
253 2960 325 3016 inira
343 2960 416 3019 vires
433 2968 494 3017 tuas
515 2975 592 3018 amor
612 2978 642 3019 se
666 2963 776 3020 cohibet
790 2971 819 3019 et
832 2978 899 3019 con·
952 2977 1041 3031 reum,
1049 2960 1083 3015 ad
1092 2961 1217 3016 ulhmum
1227 2959 1359 3017 charitate
1369 2959 1511 3017 cumulans
1520 2960 1621 3020 omniu.
1630 2961 1750 3032 Quidni?

96 3050 184 3121 trahit,
199 3049 315 3122 iniquus
332 3057 375 3107 est
392 3064 399 3105 :
416 3056 443 3106 et
456 3049 480 3105 si
495 3051 574 3120 juxta
587 3050 663 3110 vires
686 3059 754 3118 tuas,
771 3051 896 3125 exiguus.
951 3050 1058 3118 Adbuc,
1079 3049 1169 3123 inquit
1189 3049 1300 3116 Paulus,
1322 3050 1555 3110 excellentiorem
1578 3050 1653 3108 ociis
1674 3053 1751 3108 cium

95 3135 162 3207 Quid
177 3139 277 3211 ergo?
291 3128 375 3211 supra
388 3138 462 3196 vires
475 3154 554 3196 casso
579 3146 606 3197 te
621 3141 754 3198 extendes
773 3142 897 3198 conatui
952 3138 1124 3196 demonstro.
1139 3139 1222 3195 Βοιιι
1244 3145 1309 3193 sunt
1328 3138 1433 3195 etenim
1451 3137 1586 3196 columna
1599 3147 1750 3213 argenteae,

94 3225 318 3296 ammiramur
340 3243 396 3284 non
419 3227 492 3300 capit
513 3227 549 3285 de
572 3228 788 3302 impossibilitate
809 3245 898 3286 reme·
953 3235 980 3284 et
994 3228 1064 3285 sacri
1086 3242 1187 3301 magna
1206 3226 1317 3300 quidem
1342 3234 1384 3283 est
1406 3227 1508 3300 eloquii
1524 3228 1629 3302 gratia.
1652 3228 1707 3284 Sed
1724 3228 1751 3286 si

92 3315 182 3373 diurm
203 3315 287 3372 Nulla
312 3317 378 3373 satis
402 3332 501 3389 magna
525 3324 588 3374 sunt
610 3318 698 3376 amori
722 3318 827 3389 officia,
852 3318 899 3375 uhi
953 3317 1058 3389 tmesis
1069 3316 1218 3374 hominum
1233 3317 1371 3389 honoret
1384 3315 1751 3389 Anpeiomm,cltoritotem

94 3413 188 3461 lamen
203 3405 267 3478 ipse
280 3421 336 3461 non
348 3405 467 3479 intepuit
476 3421 563 3462 amor.
579 3406 724 3477 Quomodo
738 3407 792 3463 erit
806 3408 834 3465 in
848 3423 898 3465 suo
952 3411 1047 3464 autem
1065 3422 1124 3462 ooo
1139 3403 1267 3473 babeam,
1281 3407 1376 3476 foetor
1390 3421 1454 3460 sum
1467 3408 1500 3459 ut
1514 3405 1672 3476 cymbalam
1686 3404 1749 3461 tic-

92 3509 208 3565 pareus,
219 3493 270 3565 qui
281 3494 310 3549 in
320 3495 410 3551 alieno
424 3494 513 3551 fidelis
522 3494 634 3551 existit?
647 3495 790 3566 Quomodo
804 3497 856 3553 erit
869 3497 899 3552 in
952 3496 1044 3566 omns,
1060 3493 1136 3550 vocis
1159 3492 1270 3548 inanem
1289 3492 1359 3547 dans
1377 3492 1497 3547 sonitum
1511 3492 1571 3547 sine
1587 3506 1670 3547 sensu
1684 3491 1749 3547 oha-

92 3582 199 3639 officiis
212 3597 374 3654 propensas,
389 3583 419 3640 in
432 3599 463 3640 se
476 3583 536 3656 ipso
558 3586 680 3656 pareus?
695 3588 824 3642 Amores
840 3586 899 3657 ipso
952 3582 1048 3641 sitatis.
1063 3579 1240 3637 lleolinatorii
1253 3579 1330 3636 aurei
1343 3579 1441 3654 ingens
1450 3586 1491 3636 est
1505 3579 1603 3653 gloria,
1615 3595 1665 3650 per
1676 3577 1751 3652 quod

92 3672 163 3729 nihil
177 3671 316 3743 impendit
333 3672 478 3744 libentim,
498 3673 566 3729 nihil
589 3673 701 3731 uberius
715 3679 816 3747 potest.
831 3673 899 3744 Quae
952 3671 1002 3727 tibi
1024 3668 1217 3743 mysteriorum
1240 3684 1341 3726 arcana
1363 3667 1519 3742 signantur.
1539 3668 1592 3725 Sed
1614 3668 1704 3741 quid?
1720 3669 1751 3727 Si

94 3762 189 3831 major
212 3760 327 3817 ubertas
351 3777 433 3834 quam
456 3761 503 3817 uhi
528 3761 597 3818 nihil
616 3762 797 3835 decerpitur?
815 3765 899 3820 Amor
952 3763 1079 3819 nouerim
1088 3760 1225 3833 mysterio
1240 3758 1669 3827 omoioctomoemsct'entiom,
1684 3757 1752 3815 cbo·

93 3856 242 3919 exaestuat,
267 3865 298 3907 se
316 3849 407 3922 ipsum
429 3866 484 3908 non
506 3851 588 3924 capit,
609 3851 752 3925 superfluit
769 3851 833 3925 sihi,
848 3851 900 3907 im·
952 3852 1178 3909 ritatemoutem
1192 3864 1250 3906 noo
1265 3848 1398 3914 habuero,
1408 3847 1486 3904 nihil
1496 3863 1571 3905 som.
1583 3848 1635 3905 Per
1648 3845 1753 3919 gradus

94 3938 274 3994 mensitatem
293 3937 449 4007 aemulatur,
466 3939 532 3994 dum
554 3946 657 3997 melam
680 3940 767 3996 nescit
789 3939 899 3997 aflectui
953 3937 1078 3994 ascendis
1100 3950 1270 4009 purpureos,
1285 3946 1313 3993 et
1335 3935 1470 4009 passionis
1484 3936 1584 3994 Christi
1598 3943 1625 3994 te
1647 3935 1752 4009 gaudes

95 4043 213 4100 ponere.
228 4025 329 4083 Oleum
343 4035 387 4084 est
401 4028 475 4100 quod
489 4035 563 4086 stare
577 4030 676 4100 nescit,
691 4029 744 4086 nisi
761 4045 825 4087 oum
837 4046 899 4086 vas·
953 4028 1055 4083 habere
1069 4025 1212 4099 insignia?
1226 4025 1280 4084 Sed
1293 4028 1318 4084 si
1332 4026 1476 4086 tradidero
1490 4043 1592 4100 corpor
1600 4014 1696 4083 meum
1710 4028 1752 4083 ito

95 4115 188 4172 οιιιιιι
212 4116 286 4172 desit
309 4117 337 4187 (l
342 4119 360 4174 V
376 4118 440 4189 llep.
461 4133 502 4191 tv,
527 4121 567 4190 6),
588 4118 641 4175 nisi
663 4119 738 4191 quod
760 4134 812 4176 neo
835 4126 901 4176 tunc
953 4121 987 4173 ut
1002 4117 1129 4182 ardeam,
1145 4115 1321 4173 cleritatem
1335 4121 1433 4173 cotem
1451 4131 1509 4172 ooo
1529 4115 1661 4182 holmo,
1675 4113 1752 4171 nihil

95 4204 174 4261 nouit
194 4205 347 4276 compesci.
367 4205 446 4261 hlusti
462 4206 574 4278 praefert
594 4222 673 4265 amor
691 4206 809 4283 insigne,
826 4206 900 4281 quod
953 4205 1027 4262 mibi
1039 4204 1161 4279 prodest.
1177 4203 1266 4275 inquit
1278 4204 1436 4275 Apostolus.
1452 4205 1584 4262 Cher-iton
1598 4203 1752 4273 neolone·

96 4292 249 4349 murium
262 4308 321 4349 suae
334 4292 445 4351 fervore
459 4294 578 4366 quodam
592 4303 620 4351 et
633 4295 707 4352 velut
719 4296 807 4352 aetatis
820 4295 900 4352 lasci·
955 4298 1016 4364 tur,
1029 4311 1089 4351 ooo
1107 4296 1150 4352 est
1165 4292 1328 4360 ambitioso,
1342 4310 1400 4352 ooo
1415 4295 1518 4367 quaerit
1536 4310 1600 4368 pore
1610 4310 1663 4350 roo
1681 4296 1751 4350 suot

95 4381 141 4438 ria
155 4380 293 4438 exerescit
311 4390 340 4439 et
362 4382 517 4454 superlluit,
532 4383 595 4454 capi
618 4381 763 4456 nesciens,
780 4391 808 4440 et
830 4399 900 4441 novo
955 4384 980 4455 (l
993 4384 1055 4442 Cor.
1067 4397 1122 4452 ιιιι,
1138 4396 1202 4449 ιιιι,
1218 4386 1246 4450 li)
1261 4401 1268 4438 :
1281 4382 1372 4439 medio
1386 4381 1497 4455 gaudet,
1508 4381 1624 4456 etquasi
1637 4381 1665 4436 in
1676 4395 1752 4437 oom-

97 4484 213 4542 semper
226 4467 388 4527 exfervescit
399 4478 427 4526 et
439 4469 622 4528 fermentatur
635 4472 745 4528 ellectu.
760 4474 843 4530 hmor
853 4473 899 4528 in-
915 4461 939 4542 ὓ
954 4472 1031 4528 muni
1042 4471 1175 4528 suahona
1187 4470 1335 4541 prostituit.
1347 4470 1435 4525 Media
1444 4469 1517 4525 enim
1532 4469 1665 4525 charitate
1676 4481 1753 4523 cone

97 4556 259 4614 firmitatem
276 4574 332 4615 non
346 4565 483 4628 causatur,
500 4560 549 4616 sed
563 4561 652 4634 magis
670 4568 790 4618 accusat.
805 4562 901 4621 Amori
955 4560 1045 4616 travit.
1061 4561 1123 4617 Non
1136 4560 1268 4627 instatur,
1281 4557 1379 4630 inquit,
1390 4573 1448 4614 oco
1461 4562 1503 4614 est
1513 4557 1673 4615 ambitioso.
1688 4556 1751 4613 Non

98 4647 168 4703 nihil
188 4646 256 4703 satis
280 4656 332 4715 est,
348 4647 414 4704 nihil
432 4649 523 4704 minus
536 4665 567 4705 se
589 4649 659 4722 ipso.
679 4651 767 4708 Amor
789 4665 819 4706 se
839 4651 901 4722 ipso
954 4649 1029 4706 enim
1052 4645 1191 4704 charitatis
1217 4647 1320 4703 bonum
1343 4646 1512 4724 singulare:
1538 4653 1584 4702 aut
1612 4644 1750 4716 sihahet,

100 4736 193 4792 satimi
210 4751 267 4792 non
286 4743 386 4808 potest,
401 4742 429 4794 et
444 4745 534 4793 tamen
548 4737 602 4794 nisi
623 4754 653 4795 se
676 4737 737 4810 ipso
750 4738 827 4811 pasci
846 4756 902 4795 non
954 4745 1041 4802 amat;
1057 4743 1103 4792 ιιι
1121 4735 1145 4792 si
1160 4736 1319 4806 nonhabet,
1334 4742 1420 4807 optat.
1435 4734 1497 4794 Nou
1517 4735 1575 4793 vult
1598 4733 1658 4792 aliis
1676 4752 1750 4809 prae-

101 4835 191 4897 potest
207 4839 216 4879 ε
232 4825 291 4898 ipse
304 4825 360 4882 sibi
376 4825 456 4882 dulce
471 4826 537 4882 satis
551 4835 592 4883 est
608 4828 750 4900 pabulum.
766 4831 849 4886 Amor
863 4827 902 4885 nil
955 4825 1066 4897 uehere,
1081 4825 1130 4882 sed
1148 4841 1200 4882 neo
1214 4825 1303 4898 ipsum
1319 4825 1408 4899 magis
1431 4825 1534 4883 hahere
1548 4827 1662 4882 honum.
1677 4824 1753 4881 Multi

101 4915 191 4988 magis
204 4915 263 4971 vult
276 4931 360 4987 quam
375 4931 479 4973 amare.
490 4916 578 4987 Quam
591 4917 668 4973 dubit
681 4920 763 4975 homo
777 4933 901 4975 commu·
955 4915 1117 4975 meritorum
1132 4931 1243 4973 suorum
1258 4914 1367 4972 infirma
1385 4922 1573 4988 cognoscunt,
1582 4914 1701 4985 Ideoque
1716 4912 1751 4967 de

101 5006 235 5061 tationem
258 5020 309 5076 pro
327 5005 446 5062 amore?
461 5021 543 5078 quam
561 5006 647 5077 dabit,
664 5007 708 5064 vel
726 5024 808 5081 quam
826 5007 902 5065 acci·
956 5022 986 5062 se
1009 5021 1138 5077 maguum
1161 5004 1200 5059 nil
1222 5005 1383 5075 sentientes,
1398 5019 1453 5061 non
1473 5003 1602 5060 inflantur
1624 5000 1683 5069 isti,
1702 4998 1752 5055 sed

100 5093 181 5166 piet?
197 5093 272 5149 Nihil
293 5094 401 5166 gratius
423 5109 517 5152 amore
541 5095 716 5168 impenditur,
737 5097 775 5153 nil
797 5097 903 5154 dulcius
956 5095 1027 5153 lorte
1041 5093 1175 5150 ambiunt.
1191 5094 1271 5151 Unde
1285 5094 1425 5159 inflentur,
1436 5108 1492 5150 non
1509 5092 1610 5148 hahent
1624 5107 1631 5146 :
1647 5087 1697 5144 sed
1712 5087 1753 5144 in·

98 5184 229 5239 ιιιιιιιιιι.
253 5181 311 5240 ha
332 5186 419 5241 Amor
444 5191 472 5240 et
495 5184 611 5242 dulciter
635 5194 720 5258 optat,
738 5195 766 5243 et
788 5186 903 5244 dulciter
956 5183 1018 5240 tlate
1034 5183 1100 5239 satis
1113 5190 1210 5255 optant
1227 5190 1257 5238 ut
1276 5183 1405 5238 habeant.
1420 5181 1556 5238 Privatam
1571 5185 1599 5234 et
1616 5177 1753 5235 hiemant

100 5274 209 5341 utitur;
228 5273 346 5331 dulciter
364 5273 517 5346 deliciatur,
535 5282 563 5333 et
586 5275 703 5334 dulciter
724 5276 809 5334 dolet.
831 5279 902 5334 llere
956 5272 1155 5342 excellentiam,
1171 5271 1235 5328 dum
1250 5280 1296 5326 aut
1310 5268 1506 5341 concupiscunt
1520 5275 1550 5324 ιι
1563 5266 1607 5341 sit,
1623 5274 1671 5324 aut
1684 5283 1752 5325 oon-

98 5363 191 5421 dulcia
203 5377 292 5434 amor,
309 5370 338 5420 et
359 5363 436 5421 solus
458 5364 546 5421 duleis
564 5380 657 5437 amor;
678 5374 707 5425 et
727 5365 817 5423 omnis
838 5365 902 5423 dal·
954 5363 1102 5423 tabescunt
1114 5360 1186 5437 quod
1201 5375 1264 5416 esse
1283 5374 1339 5416 ιιι
1352 5357 1449 5430 possit.
1469 5356 1592 5432 Charitas
1605 5373 1671 5416 vero
1690 5373 1752 5415 oum

97 5453 142 5520 eis
164 5469 257 5529 amor,
270 5453 320 5509 aed
347 5468 404 5509 non
422 5462 465 5510 est
492 5469 569 5512 amor
593 5455 626 5513 ad
649 5470 771 5513 amorem
793 5454 902 5513 Christi.
953 5451 1058 5517 ,lauda
1080 5449 1292 5510 contabescente
1311 5446 1363 5506 iter
1386 5462 1441 5506 non
1464 5447 1564 5522 habet,
1583 5464 1639 5509 nou
1656 5446 1752 5525 querit
