3706 5962
169 206 244 292 raas-

716 197 811 257 tiata
831 194 873 255 DE
893 194 982 255 MODO
1001 195 1082 255 aaut
1103 194 1247 257 titubet.

1745 197 1809 256 ttae

165 343 218 387 stra
234 327 375 398 decipitur,
393 325 479 397 quiin
505 322 699 394 temporalibus
727 321 833 394 gaudiis
863 318 961 392 gaudet
976 337 1000 416 Α
1015 321 1037 374 si
1053 321 1261 377 sanctimonialis
1289 321 1388 377 lemine
1404 321 1518 376 haberet
1543 319 1568 374 in
1598 331 1693 377 mente
1721 336 1809 376 reram

166 429 192 475 et
207 419 322 473 laetatur.
338 414 513 481 Decipiuntur
524 413 572 482 qui
589 413 710 482 gaudent
728 409 755 463 in
771 407 960 478 prosperitati-

167 509 218 565 bus
237 506 319 573 hujus
343 500 444 571 saeculi,
472 498 597 572 quoniam
614 498 635 551 si
652 497 722 551 diem
739 497 834 551 urentis
856 509 912 550 suaa
925 496 957 547 ad

168 593 327 648 memoriam
345 590 511 652 reducerent,
530 589 603 658 prius
621 595 733 657 peccate
748 599 796 638 sua
815 581 958 652 plorarent,

165 699 246 756 quam
270 681 303 736 dc
317 679 399 733 rebus
413 675 490 732 venis
509 676 638 731 riderent.
659 672 711 741 Qui
734 673 864 728 derebus
883 669 959 725 vanis

166 773 264 836 rident,
280 769 302 821 si
322 766 394 820 ntala
418 780 478 834 (ptiar
493 763 598 834 passuri
624 770 698 825 sunt,
718 759 746 814 in
766 767 855 814 mente
878 757 960 811 lrabe-

164 871 230 926 rent,
246 873 297 911 riou
313 855 439 918 ridet-eut,
460 851 507 906 sed
523 852 656 921 lugerent,
681 847 756 903 Unde
775 848 854 900 etiam
877 846 956 900 Salo·

167 963 229 1001 mon
251 936 671 1005 ait:llisusdotoremisccbitur,
682 939 848 990 cicestrense
864 933 962 1004 puudt'i

168 1035 260 1088 luctas
268 1029 414 1099 occupabit
422 1028 513 1095 (Pver.
521 1039 582 1090 arv,
593 1025 648 1091 13).
661 1023 693 1076 Et
703 1021 865 1076 ltominnsin
874 1023 960 1076 Evan-

166 1119 239 1191 gelio
251 1134 258 1171 :
271 1114 514 1185 beatiquttupcut,
523 1111 656 1183 quonium
677 1106 961 1181 ipsicotrsoteburrtur

166 1205 277 1277 (Mutila
295 1202 364 1273 v,ti).
385 1199 442 1257 Non
457 1200 535 1263 uixit,
550 1199 621 1253 Beati
638 1197 682 1267 qui
701 1197 789 1254 rident
804 1195 868 1251 :aed
883 1194 961 1249 Baeti

168 1295 219 1365 qui
230 1294 345 1362 tepeat:
362 1289 424 1359 quia
443 1303 504 1340 vere
521 1285 561 1340 illi
572 1292 634 1341 sunt
649 1283 722 1337 beati
736 1283 781 1354 qtri
797 1289 961 1352 peccatasua

167 1382 272 1450 lugtnt,
288 1393 339 1432 non
360 1376 397 1429 illi
417 1374 462 1445 qui
484 1374 611 1428 derebus
627 1373 702 1426 vatris
726 1372 822 1425 rident.
852 1370 904 1437 Qui
919 1384 962 1423 se·

134 1530 141 1543 ι
162 1468 279 1523 curidum
298 1466 382 1519 Deum
398 1463 501 1535 lugent,
519 1461 587 1516 beati
599 1459 806 1530 suut,quouiam
821 1459 872 1529 ipsi
895 1473 963 1513 corr·

1014 409 1173 476 castitatem,
1193 411 1254 482 plus
1280 422 1381 465 amaret
1412 410 1557 481 lacrymas,
1579 426 1661 482 quam
1691 410 1808 464 laetitiam

1014 500 1196 567 temporalem.
1211 496 1239 551 Si
1253 497 1287 552 ed
1307 497 1465 553 memoriam
1474 495 1625 561 reduceret,
1642 501 1707 552 suas
1724 497 1809 567 negli-

1013 585 1128 654 gentias,
1149 595 1174 640 et
1203 584 1301 639 interni
1320 599 1426 654 poenas,
1442 585 1504 655 plns
1524 584 1651 654 diligeret
1678 583 1810 653 lacrymas

1014 687 1095 741 quarn
1110 672 1191 728 risus.
1208 671 1260 727 Ubi
1276 672 1347 727 risus
1361 681 1388 728 et
1400 672 1480 741 jocus
1495 672 1626 737 abundat,
1638 670 1678 725 ibi
1692 670 1810 742 perfecte

1015 760 1129 814 charitas
1153 776 1208 815 non
1242 768 1345 830 regnat.
1385 760 1413 815 Si
1443 760 1657 816 sanctimonialis
1693 759 1809 830 perfecte

1015 847 1148 903 Christum
1164 847 1295 920 diligeret,
1322 863 1375 903 nou
1400 848 1508 919 rideret,
1525 850 1653 904 sedeam
1676 848 1809 904 desiderio

1016 935 1087 992 illius
1101 936 1281 991 indesinenter
1295 935 1412 1007 ploraret
1428 953 1434 989 :
1450 937 1512 1008 quia
1526 936 1571 1008 qui
1594 935 1719 1006 perfecte
1734 936 1809 992 Chri·

1015 1032 1085 1077 stum
1098 1023 1185 1096 diligit
1199 1031 1226 1079 et
1236 1024 1320 1090 timet,
1336 1039 1390 1079 nnn
1402 1024 1480 1090 ridet,
1492 1027 1538 1080 aed
1550 1039 1644 1080 amore
1654 1024 1718 1093 ejns
1727 1023 1808 1097 luget.

1016 1111 1098 1166 bliror
1111 1127 1193 1183 quare
1205 1110 1251 1167 illa
1263 1112 1359 1183 quaerit
1369 1113 1448 1180 jocos
1460 1121 1486 1166 et
1501 1111 1580 1178 risus,
1597 1126 1660 1182 qeae
1692 1112 1756 1166 ideo
1770 1127 1809 1166 re·

1016 1198 1054 1252 uit
1073 1198 1106 1253 ad
1127 1199 1331 1270 monesterium,
1345 1207 1374 1255 ut
1398 1215 1448 1270 pro
1472 1199 1586 1269 peccatis
1612 1200 1669 1253 suis
1690 1198 1809 1254 funderet

1017 1286 1157 1355 lacrymas.
1174 1287 1258 1342 bliror
1273 1301 1355 1358 quare
1370 1302 1423 1344 non
1438 1288 1518 1342 babet
1531 1286 1738 1353 verecundiam,
1754 1302 1809 1358 qua

1016 1375 1044 1428 in
1064 1374 1120 1431 risu
1135 1376 1236 1430 exaltat
1250 1390 1344 1430 vocem
1357 1391 1442 1443 suam.
1472 1375 1558 1444 eram
1572 1378 1653 1445 turpe
1668 1384 1714 1430 est
1740 1375 1809 1429 eiri-

1019 1463 1093 1527 derc,
1109 1478 1169 1534 qua
1184 1465 1210 1518 in
1227 1465 1279 1519 hac
1305 1463 1521 1535 peregrinatione
1545 1463 1683 1518 debuerat
1707 1471 1809 1533 peccata

160 1555 327 1611 solabantur.
342 1553 374 1606 Et
387 1551 503 1606 lacobus
522 1550 663 1618 apostolus
678 1548 761 1602 stulte
781 1546 900 1602 ridentes
922 1546 963 1599 in·
1019 1567 1067 1606 sua
1087 1551 1214 1621 plorare!
1231 1551 1286 1611 Nos
1313 1551 1416 1617 miseri,
1439 1566 1522 1623 quare
1550 1550 1686 1620 ridemus,
1706 1551 1755 1621 qui
1781 1552 1811 1604 de.

161 1642 367 1711 crepatdieens:
381 1640 557 1694 llisusuestcr
568 1637 963 1705 verteturiutuctummtpuu·
980 1622 1002 1698 Β
1019 1638 1143 1693 omnibus
1158 1639 1284 1709 operibus
1311 1639 1412 1695 nostris
1427 1640 1454 1694 in
1468 1644 1615 1709 conspectu
1630 1636 1809 1710 Angelorum,

161 1731 433 1803 diurniutuoerorcm
447 1724 550 1794 (tereti
562 1738 601 1794 tv,
613 1726 628 1777 9
633 1743 651 1791 ι.
661 1721 800 1779 Stultusin
811 1722 867 1776 risu
888 1721 962 1775 exal-

162 1825 201 1872 tat
217 1832 308 1871 vocem
331 1830 428 1878 suem,
446 1812 554 1882 sepiens
576 1827 664 1866 aurem
686 1810 730 1864 via
761 1811 838 1865 tacite
868 1808 964 1864 ridebit

164 1906 262 1976 (uerti.
283 1919 337 1967 ιιι,
369 1901 412 1969 23)
446 1900 544 1955 Risum
563 1914 641 1968 ergo,
663 1913 739 1954 soror
766 1897 872 1961 dilecta,
886 1895 964 1968 quasi

162 2007 283 2049 errorem
298 1990 399 2055 devita,
428 1997 455 2042 et
474 1986 651 2058 temporalem
676 1985 792 2040 laetitiam
816 1986 961 2039 inlectam

163 2060 309 2138 coarmata.
320 2077 435 2146 erarel
449 2075 559 2131 Scilicet
580 2086 608 2130 ιιι
622 2073 762 2130 beatifices
783 2082 817 2143 te,
834 2073 856 2127 si
867 2073 895 2127 in
914 2074 962 2127 bac

168 2148 383 2239 peregrinatione
398 2162 566 2234 ploraveris:
583 2160 708 2219 videlicet
721 2169 750 2216 nt
764 2161 790 2215 in
804 2161 848 2215 die
867 2161 961 2217 mortis

167 2269 220 2310 tum
234 2246 313 2310 beuta
327 2251 479 2315 inveniaris,
500 2249 524 2306 si
538 2258 563 2305 te
573 2250 658 2319 ipsam
667 2250 695 2303 in
709 2250 761 2306 hoc
775 2250 875 2305 mundo
899 2250 960 2319 plo·

167 2343 279 2399 raveris.
291 2344 431 2413 Cognosce
439 2347 465 2393 te
481 2339 648 2413 peregrinam
663 2354 723 2393 esse
737 2339 764 2392 in
775 2339 826 2394 hoc
845 2336 958 2408 mundo,

166 2434 229 2505 quia
243 2447 297 2485 nou
316 2437 355 2484 est
371 2431 412 2482 hic
423 2427 509 2498 patrie
528 2438 583 2496 tua,
600 2428 647 2482 sed
661 2427 688 2481 in
717 2428 787 2483 coelo
808 2444 814 2480 ι
832 2441 885 2481 non
910 2429 959 2482 ha-

152 2522 215 2575 bes
225 2519 267 2574 bie
281 2518 415 2573 civitatem
432 2524 584 2572 manentem
597 2531 605 2584 3
620 2514 686 2587 quia
696 2514 898 2586 Deuspromisil
911 2516 960 2571 tibi

166 2609 194 2681 in
215 2608 283 2664 coelo
301 2606 448 2662 Jerusalem
471 2607 619 2676 coelestcm,
642 2605 675 2658 ad
692 2621 773 2675 quam
787 2605 873 2659 David
893 2618 958 2671 pron

167 2699 244 2767 pheta
260 2694 400 2765 pervenire
414 2693 595 2758 desiderabat,
611 2709 670 2747 cunr
687 2693 794 2747 dicebat
813 2695 959 2749 :balatus

167 2801 229 2839 sura
240 2785 272 2838 t'u
283 2782 394 2855 hisque·
409 2781 484 2838 dicte
494 2784 562 2838 suut
580 2781 662 2845 milri,
673 2781 830 2860 trademuru
846 2781 960 2838 Dormiat

163 2872 269 2928 ibimus
283 2872 368 2938 (Paul.
384 2885 462 2938 ctat,
480 2872 505 2937 l)
519 2868 578 2923 Tali
591 2869 671 2924 etiam
685 2868 819 2923 desiderio
847 2868 959 2938 ardebat

164 2958 267 3013 Christi
283 2973 386 3022 servus,
402 2957 449 3028 qui
460 2956 585 3011 dicebat:
604 2957 690 3028 Cupie
705 2955 829 3021 dissolui,
846 2959 874 3011 et
900 2972 958 3013 erre

162 3061 226 3101 curn
246 3042 356 3100 Christo
377 3043 508 3112 (Philipp.
532 3057 552 3109 1,
568 3045 624 3110 23).
645 3043 691 3096 Ille
709 3042 836 3097 etiamad
857 3044 955 3099 coelurn

160 3131 300 3203 pervenire
315 3130 445 3198 cupiebat,
462 3128 508 3199 qui
521 3128 644 3182 dicebat:
662 3129 809 3194 Heumibi,
821 3133 887 3199 quie
906 3134 955 3184 irt-

159 3221 352 3277 coletusmeus
362 3217 605 3288 proloaputusest,
618 3216 812 3273 liubitaoicum
823 3218 953 3274 babitare-

162 3308 235 3364 tibus
256 3303 344 3363 Cadur
363 3304 450 3375 (Pact.
474 3319 551 3370 cxix,
573 3304 610 3372 ὅ).
626 3302 738 3371 Quande
761 3307 818 3359 lime
837 3304 952 3372 dicebat,

160 3398 194 3452 de
211 3393 370 3451 vanitatibus
385 3393 466 3463 hujus
481 3393 574 3448 mundi
590 3409 644 3447 non
664 3394 778 3461 ridebat,
796 3394 887 3448 sedde
902 3396 952 3450 lvec

159 3482 507 3558 peregrinationclngebat.

197 3577 257 3628 tas.
276 3571 368 3642 lgitnr,
385 3572 498 3624 honesta
520 3571 607 3643 virgo,
629 3571 757 3644 gaudium
782 3578 857 3626 tuum
877 3589 949 3628 sem·

102 3704 105 3708 .
158 3677 206 3732 per
220 3661 254 3714 sit
268 3660 294 3712 in
305 3657 384 3713 eoelo.
403 3656 452 3713 Tui
466 3656 557 3713 cordis
571 3657 663 3713 laetitia
681 3674 787 3728 semper
801 3659 837 3714 sit
851 3662 950 3715 mode·

157 3757 199 3804 sta
213 3757 240 3804 et
254 3744 407 3816 tranquilla,
421 3744 498 3812 juxta
511 3742 586 3813 quod
600 3746 748 3815 spostolus
761 3745 806 3811 eit,
829 3746 952 3806 Gaudete

156 3839 189 3893 iu
205 3836 322 3894 Domino
336 3835 577 3904 rumpendarum
599 3833 670 3903 dico,
682 3834 798 3905 paudere
814 3835 950 3906 (Philipp.

156 3939 196 3989 vv,
212 3925 240 3992 t)
259 3936 304 3976 :et
313 3921 365 3976 elio
376 3922 434 3975 loco
450 3920 526 3991 dicit,
540 3924 659 3977 Fruatur
668 3927 764 3978 autem
775 3924 898 3994 Spiritus
910 3927 950 3982 cst

154 4009 293 4082 pecudium
306 4006 411 4079 (Galat.
424 4024 449 4074 v,
466 4009 522 4076 22).
538 4008 603 4062 Tale
616 4008 746 4079 gaudium
763 4027 817 4065 non
843 4017 948 4083 pertur-

155 4100 201 4154 bat
228 4106 343 4152 mentem
358 4094 521 4153 fecunditate
541 4095 656 4165 ridendi,
678 4097 727 4152 sed
742 4099 863 4155 sublevet
886 4101 948 4154 ani·

155 4200 292 4258 mamper
311 4182 474 4240 desiderium
490 4183 667 4255 perveniendi
685 4188 719 4240 ad
740 4189 881 4244 coelestem
898 4204 948 4259 pa·
965 4194 988 4272 n

155 4276 245 4355 triam,
262 4273 307 4328 ubi
317 4273 402 4345 possit
414 4272 506 4328 audire
521 4290 527 4330 :
544 4276 626 4329 lettre
640 4278 672 4332 r'rt
685 4274 822 4348 paediam
836 4279 948 4334 Domitii

153 4367 198 4421 tui
211 4362 330 4436 (uetiti.
346 4377 417 4430 ιιι,
437 4361 491 4432 vt).
510 4361 605 4418 Facies
625 4364 742 4419 bominis
756 4375 798 4420 est
810 4368 948 4435 speculum

152 4453 253 4509 cordis.
271 4453 321 4506 Per
341 4451 424 4504 risum
439 4457 528 4521 petest
542 4453 622 4506 homo
640 4467 805 4523 cognoscere
825 4468 872 4509 cor
886 4470 947 4510 san·

150 4538 314 4597 stimonialis
330 4537 445 4593 lemine.
461 4538 541 4593 Risus
560 4547 587 4596 et
603 4541 658 4610 joci
676 4541 782 4596 inutiles
805 4542 943 4598 conscien-

152 4629 216 4684 tiam
238 4644 332 4683 vanam
347 4627 492 4683 ostendent
520 4630 731 4685 sanctimonialis
746 4630 851 4685 leminea
867 4651 873 4686 :
890 4633 945 4703 ple

149 4732 264 4788 rumque
286 4718 366 4785 quatu
387 4716 422 4773 sit
446 4733 492 4772 cor
516 4716 629 4773 leminea
651 4717 870 4787 sanctimonialis,
896 4721 943 4777 de-

148 4816 280 4864 monstrat
292 4807 398 4863 risuset
414 4810 495 4875 jocus
515 4808 612 4877 turpis.
629 4808 689 4863 Nou
700 4808 772 4863 enim
790 4809 945 4881 illaimpru·

147 4899 244 4975 denter
271 4895 378 4964 rideret,
406 4894 428 4949 si
447 4911 493 4951 cor
513 4906 616 4952 eastum
645 4897 753 4952 haberet
783 4914 944 4970 :nunquam

145 4986 245 5053 rideret
267 4983 377 5053 lascive,
394 4983 417 5037 si
434 4982 574 5040 lasciviam
590 4999 645 5040 non
668 4986 778 5041 heberet
793 4988 818 5042 in
844 4995 942 5044 mente.

146 5072 191 5129 Sic
206 5074 276 5132 enim
291 5075 327 5128 eit
341 5072 496 5128 Dominus?
516 5076 558 5129 lle
576 5073 753 5131 aburtdcutiu
769 5075 944 5135 cordisosto-

147 5166 247 5239 quitur
257 5163 368 5233 (lluttlr.
381 5177 428 5227 xvv,
445 5164 486 5231 dit
514 5167 569 5234 lige
580 5178 614 5218 ex
629 5163 791 5219 abundantia
806 5165 943 5220 vanissimi
979 5200 981 5204 ν

148 5252 269 5324 pectoris
292 5249 378 5308 8823
392 5251 460 5308 ridet
478 5251 560 5308 facies
574 5252 695 5326 virginis,
712 5253 741 5307 ln
756 5262 844 5309 niente
862 5252 942 5308 lemi-

152 5355 195 5394 nae
210 5341 232 5394 si
255 5341 359 5398 vanitas
375 5357 428 5398 nou
440 5348 523 5408 esset,
538 5340 572 5397 de
588 5341 706 5400 vanitate
720 5355 859 5413 nunqnam
871 5341 942 5397 ride-

151 5420 288 5485 rethma
301 5438 373 5485 casta
389 5431 554 5506 plusgaudet
570 5430 594 5486 in
605 5431 677 5487 luctu
691 5444 773 5501 qoam
782 5430 847 5488 risit.
862 5431 941 5490 Certe

1019 1732 1046 1779 et
1060 1726 1180 1781 omnium
1195 1734 1348 1782 sanctorum
1378 1727 1437 1782 Deo
1453 1727 1585 1781 rationem
1616 1725 1754 1781 reddituri
1771 1741 1810 1780 su·

1020 1828 1078 1867 mus
1093 1813 1107 1869 l
1121 1813 1182 1868 ldeo
1197 1814 1293 1870 melius
1309 1823 1349 1870 est
1362 1813 1441 1869 nobis
1454 1813 1482 1868 in
1497 1814 1545 1868 bac
1563 1812 1619 1870 vita
1633 1812 1735 1885 lugere
1749 1828 1806 1885 pec·

1018 1909 1079 1957 cata
1093 1909 1195 1970 nostra,
1208 1910 1237 1956 ut
1251 1919 1267 1957 e
1280 1902 1395 1958 Domino
1411 1901 1545 1972 possimus
1559 1901 1697 1972 consequi
1711 1901 1809 1956 venian

1018 1989 1046 2044 iu
1060 1988 1163 2046 tuturo.
1178 1989 1297 2046 Obsecro
1323 1991 1405 2061 igitur
1427 1997 1464 2059 te,
1489 2002 1566 2045 soror
1593 1989 1773 2056 venerabilis,
1786 1998 1811 2043 ut

1017 2076 1085 2132 risus
1103 2086 1130 2132 et
1141 2080 1220 2147 jocos
1234 2094 1339 2148 caveas,
1355 2090 1382 2133 et
1398 2079 1575 2149 propeccatis
1590 2077 1644 2132 teia
1659 2076 1809 2133 indesinee

1017 2173 1056 2220 ter
1071 2165 1203 2236 lacrymas
1218 2167 1332 2222 suedas:
1346 2165 1425 2235 jocos
1445 2173 1472 2222 et
1486 2166 1554 2222 risus
1567 2163 1645 2237 fuge,
1663 2174 1693 2220 et
1708 2173 1810 2236 pecrsu

1016 2261 1061 2308 tue
1078 2252 1243 2311 incessanter
1272 2255 1345 2328 luge.
1372 2254 1455 2321 Audi,
1481 2268 1583 2325 sponsa
1610 2252 1730 2320 Christi,
1754 2252 1809 2324 qnid

1015 2355 1133 2410 sponsus
1147 2343 1174 2396 in
1188 2342 1307 2399 Canticis
1322 2342 1487 2400 anemium
1501 2355 1611 2412 sponsae
1626 2341 1763 2412 loquitor,
1773 2341 1810 2395 di·

1014 2440 1081 2482 oens
1097 2445 1104 2483 :
1124 2429 1206 2485 Oculi
1222 2432 1267 2485 tut'
1281 2431 1356 2486 sicut
1367 2431 1488 2501 piscinea
1509 2429 1542 2485 iu
1557 2426 1671 2484 Eschate
1692 2430 1808 2497 (Curetis.

1014 2529 1061 2584 vu,
1072 2517 1110 2584 t).
1121 2518 1190 2572 liene
1205 2517 1278 2573 oculi
1288 2533 1396 2589 sponsa
1407 2518 1476 2573 sicut
1492 2516 1595 2588 piscina
1605 2517 1810 2589 dicentemque

1014 2603 1078 2659 dum
1094 2612 1187 2659 saneta
1196 2604 1285 2659 anime
1299 2606 1333 2660 de
1346 2606 1397 2662 hae
1409 2603 1630 2678 peregrinatione
1649 2605 1757 2675 plorat,
1770 2621 1810 2676 per

1013 2690 1128 2762 gratiam
1142 2690 1222 2744 Ileia
1246 2691 1363 2760 peccatis
1390 2706 1419 2745 sc
1433 2691 1514 2746 lavat.
1535 2690 1580 2744 Sic
1600 2690 1811 2747 sanctimonialis

1014 2779 1203 2833 feminadebet
1218 2778 1276 2835 sine
1289 2779 1486 2834 intermissione
1500 2779 1605 2848 lugere,
1620 2786 1654 2832 ut
1669 2793 1703 2833 se
1718 2795 1736 2833 a
1750 2795 1810 2849 pec·

1013 2866 1080 2923 catis
1098 2866 1153 2921 suis
1168 2867 1255 2937 possit
1269 2868 1366 2923 lavare.
1394 2866 1492 2940 Igitur,
1504 2880 1584 2921 soror
1599 2865 1810 2932 charissimae

1012 2955 1037 3010 in
1058 2956 1111 3011 bec
1121 2957 1174 3013 vita
1193 2965 1303 3026 peccata
1318 2962 1411 3013 nostra
1425 2954 1542 3028 perlecta
1557 2954 1811 3025 ploraverimus

1011 3042 1202 3097 avenitatibns
1230 3043 1420 3111 hujusmundi
1445 3042 1650 3109 recesserimus,
1688 3056 1810 3114 peceare

1010 3146 1070 3184 rum
1084 3141 1236 3187 nostrorum
1251 3130 1359 3186 veniam
1370 3146 1421 3186 nos
1435 3131 1557 3186 obtinere
1570 3131 1717 3187 credimus

1137 3218 1233 3273 Lillll.
1251 3247 1285 3262 -
1301 3220 1340 3275 lie
1352 3234 1410 3276 uera
1434 3217 1561 3290 eeucado
1580 3219 1676 3288 seras.

1045 3306 1109 3361 ibt.
1124 3305 1318 3361 Honestissima
1331 3321 1419 3375 soror,
1441 3305 1505 3360 aedi
1519 3311 1663 3377 quomodo
1678 3309 1813 3365 ieremias
1848 3362 1850 3371 ,

1009 3394 1139 3465 propheta
1156 3402 1261 3449 nostras
1286 3393 1444 3466 iniquitates
1457 3394 1555 3464 ploret,
1581 3394 1706 3450 dicens:
1745 3400 1813 3468 Quo·
1847 3392 1850 3407 '

1007 3479 1325 3538 modoolrscuratumest
1335 3498 1451 3551 eurum,
1464 3485 1593 3538 mutetur
1603 3487 1743 3542 estcelor
1756 3491 1812 3556 ιηἰιι
1847 3482 1850 3497 “

1007 3571 1130 3640 optimus
1141 3568 1156 3622 t
1169 3569 1294 3641 Dispersa·
1302 3574 1371 3625 suut
1382 3568 1660 3641 taptdersaartenrir·
1673 3575 1812 3647 incapite

1007 3659 1308 3729 omntumplatearum
1319 3659 1432 3728 (Three.
1448 3675 1484 3725 vv,
1502 3657 1537 3730 l).
1554 3659 1718 3716 Persarum
1732 3662 1809 3719 intel·

1005 3745 1114 3818 ligimus
1137 3747 1218 3803 vitam
1247 3746 1442 3818 Religiosorum
1459 3748 1611 3814 hominum,
1641 3764 1707 3819 quae
1733 3759 1808 3807 anter

1006 3845 1062 3889 erat
1088 3850 1135 3904 per
1161 3834 1274 3908 gloriam
1289 3835 1418 3891 virtutum
1440 3836 1533 3903 clara,
1560 3851 1635 3891 nune
1663 3854 1736 3896 vem
1763 3855 1807 3912 per

1006 3927 1100 3993 turpes
1113 3922 1282 3994 operationes
1308 3931 1349 3978 est
1365 3924 1493 3980 obscure.
1509 3923 1591 3980 Color
1611 3924 1741 3996 optimus
1752 3928 1806 3983 auri

1005 4008 1137 4080 signiticat
1169 4010 1288 4065 habitum
1312 4010 1469 4082 sanctitatis,
1491 4011 1536 4083 qui
1558 4027 1606 4082 per
1634 4013 1805 4087 bonaopert

1005 4097 1079 4167 prius
1094 4105 1152 4153 erat
1168 4100 1301 4169 pretiosus
1326 4109 1408 4171 etque
1437 4099 1570 4172 optimus;
1585 4115 1661 4157 nunc
1678 4118 1749 4161 vero
1760 4120 1805 4176 per

1005 4185 1068 4241 vitia
1082 4195 1109 4242 ct
1127 4187 1265 4242 secularia
1280 4202 1363 4259 opera
1391 4196 1432 4242 est
1457 4195 1585 4257 mutatus,
1606 4196 1634 4244 et
1647 4188 1713 4246 silis
1726 4202 1805 4264 atque

1004 4274 1157 4346 despectus.
1174 4276 1242 4333 Vere
1254 4283 1296 4332 est
1308 4282 1427 4333 meatus
1439 4276 1544 4332 babitus
1558 4278 1681 4348 optimus
1692 4281 1805 4354 religio·

1003 4377 1095 4419 sorum
1119 4365 1250 4432 virorum,
1280 4364 1406 4422 videlicet
1432 4365 1638 4435 monachorum,
1654 4369 1803 4427 meoniae

1001 4469 1072 4521 rum,
1092 4461 1120 4508 et
1144 4453 1385 4511 sanctimonialium
1407 4453 1579 4520 laminarum,
1602 4457 1715 4527 mando
1743 4474 1803 4514 em·

999 4542 1070 4612 plius
1084 4542 1264 4613 contpenitur,
1293 4551 1322 4598 ut
1337 4543 1440 4613 placcat
1463 4543 1490 4597 in
1518 4549 1664 4616 conspeetu
1693 4548 1801 4617 popnti,

999 4647 1080 4702 quam
1094 4640 1123 4685 nt
1150 4632 1252 4702 placeat
1265 4634 1292 4686 in
1307 4639 1452 4703 conspectu
1467 4631 1527 4688 Dei.
1552 4632 1622 4688 Vere
1647 4640 1694 4689 est
1712 4644 1801 4692 meta·

1000 4727 1042 4773 tes
1057 4718 1174 4788 optimus
1187 4717 1262 4774 color
1273 4722 1342 4790 auri,
1359 4719 1468 4792 quando
1486 4719 1550 4791 plus
1568 4727 1676 4791 aptatur
1692 4723 1802 4779 habitus

997 4806 1206 4877 Religiosorum,
1221 4810 1339 4864 virorum
1353 4815 1383 4865 ιιι
1397 4808 1499 4878 placeat
1511 4823 1562 4879 per
1574 4823 1671 4864 venam
1682 4812 1800 4881 gloriam

997 4895 1025 4950 in
1040 4903 1186 4967 conspectu
1202 4894 1352 4962 hominum,
1368 4912 1450 4968 quem
1478 4905 1507 4951 ut
1518 4896 1625 4968 placeat
1637 4911 1689 4968 per
1705 4899 1799 4954 bumi-

997 4983 1097 5040 litatem
1114 4992 1175 5040 ante
1189 4984 1285 5039 Deum.
1302 4984 1381 5041 Certe
1402 4985 1485 5041 hodie
1510 4993 1574 5040 sunt
1604 4992 1710 5041 mutate
1725 4987 1799 5043 aetr-

997 5074 1135 5144 giesorum
1151 5071 1270 5129 urorum
1286 5066 1387 5145 optima
1396 5074 1568 5142 vestimenta,
1586 5073 1695 5146 qnando
1709 5076 1797 5147 magis

997 5169 1129 5219 ornantur
1143 5170 1173 5217 ut
1187 5163 1310 5233 placeant
1323 5163 1351 5217 in
1367 5163 1466 5233 palatio
1480 5163 1564 5235 regis,
1581 5179 1664 5235 quant
1683 5164 1710 5218 io
1730 5179 1796 5219 con·

998 5260 1091 5324 speetu
1117 5251 1260 5308 Creatoris.
1281 5252 1429 5325 Sequitur:
1462 5253 1667 5325 Dispersiruttt
1689 5250 1793 5323 lapides

1001 5344 1160 5400 serretuerr‘r'
1187 5344 1326 5415 incapite
1344 5344 1472 5401 emerium
1491 5343 1668 5414 platearum.
1683 5340 1793 5412 lapides
1843 5404 1845 5415 Ι

1007 5432 1153 5490 sanctuarii
1168 5432 1310 5506 designaut
1321 5431 1474 5506 Religiosos
1493 5429 1577 5499 viros,
1593 5429 1642 5502 qui
1656 5444 1791 5503 nunqnam
