3706 5962
169 217 222 278 aas
488 254 494 263 .
653 239 658 252 ·
937 200 1054 265 ocsuu
1610 160 1612 164 ’
1769 194 1825 260 ιιι

166 354 219 412 eqo
231 339 336 395 homo:
352 343 379 392 et
391 343 480 393 tamen
493 347 545 407 pro
560 349 603 390 me
621 341 649 392 tu
666 333 740 389 Deus
753 331 838 389 lactus
861 341 904 388 est
921 335 969 389 ho·
984 351 1009 430 q
1025 339 1111 403 cepta,
1127 338 1158 389 ut
1171 327 1360 404 ipsepaudere
1371 325 1456 401 possit
1466 327 1595 396 danobis,
1612 331 1640 383 et
1654 328 1751 385 nosde
1764 328 1824 405 ipso

167 442 225 484 mo.
238 428 279 483 Tu
293 437 397 482 creator
410 434 497 498 elego
512 431 657 481 creatura:
674 430 702 477 tu
716 436 766 494 pro
778 437 820 478 me
843 420 968 494 diguatus
1020 423 1144 492 'gaudere
1158 417 1303 492 possimus.
1324 420 1428 474 hlaneat
1449 418 1475 472 in
1491 417 1570 473 nohis
1583 416 1714 490 gaudium
1735 417 1822 474 heati-

99 557 105 569 .
167 532 197 572 es
210 516 268 572 lieri
295 521 428 571 creatura.
440 512 481 567 Tu
491 511 636 578 Dominus,
649 526 700 566 nos
714 510 785 566 servi
796 527 803 566 :
815 518 843 566 et
856 525 905 581 pro
915 525 973 565 ser·
1018 509 1125 565 'tudinis
1143 508 1214 577 eius,
1233 523 1288 563 uon
1309 507 1397 562 solum
1419 522 1472 578 qua
1488 505 1547 560 beat
1573 506 1614 562 sel
1633 504 1776 562 beatificat
1789 508 1821 565 de

167 605 209 662 ris
219 603 345 676 dignatus
358 619 388 657 es
401 599 459 657 beri
474 614 588 666 servus,
605 599 765 671 peregrinus
782 613 832 669 pro
846 598 969 672 peregri·
1021 612 1055 653 se
1069 598 1127 668 ipso
1142 597 1299 669 gaudentes,
1316 595 1365 649 sed
1388 594 1468 650 ctiam
1489 609 1543 665 qua
1561 591 1728 650 clarificatus
1749 604 1791 652 est
1808 612 1821 651 a

167 692 220 759 nis,
242 707 290 762 pro
314 688 458 745 exsulibus
482 687 572 754 castil,
594 703 644 758 pro
664 686 830 758 pauperibus
854 701 968 757 pauper,
1022 686 1116 751 Patre;
1148 689 1178 739 ut
1205 698 1254 739 nos
1272 699 1333 739 curn
1367 682 1412 738 illo
1445 683 1472 737 in
1492 682 1640 738 aeternitate
1664 698 1822 740 mereamur

168 796 218 851 pro
233 778 381 834 humilibus
400 774 520 839 humilis,
541 790 591 847 pro
610 775 770 839 mortalibus
790 788 843 828 non
864 782 968 829 tantum
1021 788 1144 847 regnare,
1160 787 1209 844 per
1235 772 1358 828 eumdem
1382 772 1529 826 Dominum
1552 770 1644 825 Jesurn
1669 770 1819 841 Christum,

168 868 298 938 mortalis,
313 865 362 921 sed
376 873 506 933 mortuus,
522 877 577 917 non
595 862 785 935 qualicumque
798 869 896 928 morte,
921 861 967 916 sed
1021 861 1147 932 quicum
1173 861 1251 915 Patre
1282 867 1310 914 et
1336 857 1436 930 Spiritu
1463 867 1558 915 sancto
1576 858 1647 915 vivit
1671 869 1698 915 et
1723 867 1822 934 regnat

168 957 237 1011 dura
251 953 342 1021 nimis,
368 965 461 1008 amara
484 949 568 1005 nimis
582 960 609 1007 et
632 949 797 1022 turpissima,
812 947 967 1004 morte-sci-
1020 951 1093 1004 Deus
1123 948 1280 1006 benedictus
1308 963 1356 1020 per
1387 949 1478 1003 omnia
1505 946 1608 1004 secula
1642 948 1818 1005 sacculorum.

59 1039 60 1043 ’
167 1043 232 1100 licet
244 1041 342 1099 crucis.
363 1041 427 1096 llaec
449 1053 533 1111 opera
547 1045 602 1105 tna,
617 1039 700 1094 Deus.
723 1038 788 1094 llaec
801 1052 883 1107 opera
900 1050 966 1092 con·
1020 1039 1118 1093 Amen.

168 1131 260 1188 sidero
281 1141 308 1186 et
322 1128 521 1185 contremisco:
539 1128 568 1182 in
581 1126 624 1181 his
638 1133 664 1181 tc
682 1125 888 1181 misericordem
904 1138 966 1181 esse
1306 1147 1424 1205 SERMO
1452 1148 1526 1205 XIV·

167 1233 312 1292 cognosco,
328 1223 354 1273 et
363 1215 509 1287 revivisco,
524 1223 550 1271 et
567 1222 678 1287 propter
691 1215 744 1271 hoc
758 1214 786 1269 in
799 1221 826 1269 tc
837 1212 963 1280 conlido;

166 1307 201 1371 de
216 1316 241 1364 ts
253 1304 378 1373 confido,
394 1313 420 1361 tc
433 1318 511 1372 amo,
527 1311 553 1359 te
575 1302 681 1376 diligo,
697 1310 724 1359 te
737 1303 802 1360 totis
816 1300 965 1359 uisceribus
1196 1286 1229 1341 Μ
1241 1298 1313 1340 vm·
1326 1285 1360 1339 ¹2
1374 1298 1437 1355 ΜΡ·
1451 1296 1492 1338 ¹V
1505 1283 1637 1340 Ῑθαηιῑῑδ·

167 1394 342 1466 concupisco.
1054 1394 1079 1446 l.
1096 1390 1165 1448 Cum
1179 1388 1403 1461 deliedemptore
1417 1397 1511 1445 nostro
1522 1388 1720 1461 linguanostra
1735 1389 1815 1445 silere

174 1520 177 1524 -
203 1482 309 1543 tellau
321 1496 414 1552 opera,
434 1478 531 1536 iratres
549 1478 620 1549 mei,
635 1486 699 1533 sunt
716 1493 797 1535 cansa
812 1475 964 1534 dilectionis
1016 1494 1072 1536 non
1082 1478 1186 1551 debeat,
1193 1484 1220 1534 et
1229 1493 1264 1533 ne
1272 1476 1326 1534 cito
1336 1474 1571 1532 sitadfuturumde
1579 1475 1639 1547 ipso
1651 1477 1815 1548 tacentibus,

165 1571 276 1629 Christi.
299 1571 488 1640 Unusquisque
506 1577 626 1624 vestrum
649 1566 749 1632 rideat,
774 1567 797 1622 si
818 1565 962 1621 Dominum
1016 1567 1096 1624 nimis
1117 1576 1238 1623 nostrum
1256 1564 1388 1621 interesse
1401 1564 1552 1635 musidero,
1575 1563 1686 1620 sidiam
1699 1574 1729 1621 et
1744 1564 1816 1622 diem

165 1661 257 1717 lesum
270 1659 384 1730 diligere
397 1657 506 1711 debeat.
525 1654 598 1724 Quid
612 1670 661 1724 pro
675 1653 754 1709 nobis
768 1654 856 1711 lacera
870 1651 962 1708 debuit
977 1651 1000 1728 Β
1015 1656 1048 1712 de
1058 1655 1119 1727 ipso
1138 1654 1283 1727 loquendo,
1298 1669 1352 1710 non
1366 1652 1547 1723 perfunctorie
1557 1652 1747 1721 terminemus,
1758 1653 1813 1710 ete

165 1755 193 1802 et
213 1745 374 1803 noniecit‘l
397 1743 533 1815 quomodo
555 1756 605 1797 nos
625 1740 689 1813 plus
712 1756 802 1796 amare
824 1740 920 1813 potuit,
935 1751 963 1798 et
1015 1744 1152 1800 contrario
1174 1742 1241 1798 dirae
1264 1740 1444 1798 damnationis
1460 1756 1514 1796 non
1535 1740 1625 1797 subire
1641 1742 1814 1809 sententiam,

165 1850 220 1893 oon
250 1832 370 1890 amarit?
399 1831 527 1900 Maiorem
552 1828 580 1884 in
607 1827 686 1884 nobis
709 1828 879 1884 dilectionem
907 1843 962 1884 nou
1016 1833 1039 1887 si
1062 1832 1139 1889 vanis
1164 1831 1252 1889 serbis
1271 1837 1391 1886 nostram
1414 1828 1654 1885 manumiserimus
1681 1828 1813 1903 linguan.

165 1921 253 1993 potuit
275 1921 375 1975 habere
394 1934 474 1989 quam
498 1917 603 1984 hahuit,
625 1916 672 1987 qui
694 1916 814 1972 animam
838 1932 914 1971 suam
934 1917 962 1972 in
1016 1921 1100 1993 Igitur
1122 1935 1191 1974 sana
1209 1919 1292 1978 verba
1312 1926 1339 1975 et
1362 1933 1416 1974 non
1438 1919 1562 1974 sonantia
1586 1917 1740 1990 Christum,
1766 1934 1816 1976 uec

165 2016 281 2070 mortem
303 2024 352 2079 pro
367 2006 447 2063 nohis
467 2006 571 2079 posuit.
593 2007 654 2074 lpsa
675 2004 754 2061 beata
769 2004 963 2061 Veritastestis
1015 2008 1154 2081 religionis
1182 2007 1300 2064 tenentia
1324 2008 1438 2079 pondus,
1467 2006 1496 2060 in
1522 2006 1596 2062 omui
1624 2003 1687 2063 loco
1715 2016 1816 2063 aeterua

165 2106 217 2164 cst,
229 2096 301 2168 quod
308 2097 447 2166 mojorem
456 2094 630 2150 charitatem
637 2109 719 2150 ccmo
730 2093 822 2159 habet,
833 2098 963 2164 quamue
1015 2097 1139 2153 clausura
1152 2097 1322 2163 damnantes,
1338 2096 1372 2150 ad
1385 2094 1476 2152 dulcia
1489 2094 1595 2167 eloquia
1618 2110 1635 2149 a
1652 2092 1743 2151 Verbo
1762 2097 1815 2151 Pa·

165 2187 383 2241 animamarum
390 2187 481 2256 possut
491 2184 552 2256 quis
559 2199 616 2255 -pro
626 2183 726 2238 amicis
740 2184 810 2238 sols.
820 2183 883 2237 Non
895 2197 962 2254 ergo
993 2256 996 2263 Α
1016 2185 1064 2240 tris
1079 2191 1206 2252 eructata,
1226 2183 1327 2240 cithara
1341 2176 1434 2239 nostra
1456 2198 1519 2240 suas
1540 2183 1658 2238 chordas
1673 2174 1814 2253 extendat,

164 2275 244 2331 nohis
257 2274 377 2342 silescat,
398 2275 493 2328 t'ratrcs
508 2271 572 2340 mei,
589 2271 649 2342 ipsa
662 2269 769 2326 dilectio
784 2269 895 2337 Christi,
914 2271 962 2341 qui
1016 2281 1043 2329 et
1057 2273 1186 2343 plectrum
1201 2272 1297 2328 mentis
1309 2272 1403 2347 lingua
1418 2272 1494 2328 vocis
1509 2271 1637 2345 magistra
1651 2272 1719 2329 tuba
1742 2274 1816 2330 insc-

165 2362 258 2420 dileait
277 2377 339 2432 nos,
364 2368 392 2416 et
414 2360 478 2416 lavit
491 2375 542 2416 nos
563 2374 580 2413 a
603 2358 722 2430 peccatis
745 2358 844 2414 nostris
858 2358 885 2412 in
899 2374 963 2414 sau·
1015 2361 1215 2432 netSalratori,
1239 2375 1301 2432 quae
1316 2360 1349 2416 de
1373 2374 1421 2415 ore
1440 2360 1570 2416 mellilluo
1591 2359 1695 2416 Christi
1715 2360 1816 2433 proflu-

163 2452 247 2526 puine
263 2465 325 2507 suo.
340 2451 400 2506 Nun
416 2449 494 2505 robis
513 2448 635 2513 silescat,
652 2446 748 2503 iratres
763 2446 827 2514 mei,
842 2460 960 2504 nonro·
1016 2467 1079 2508 xere
1100 2449 1188 2506 dulcia
1210 2449 1318 2520 eloquia
1342 2450 1413 2506 vitae.
1444 2449 1499 2505 Sed
1526 2448 1631 2504 utinam
1651 2451 1725 2521 quod
1740 2448 1815 2506 robis

163 2539 210 2596 his
222 2546 373 2595 amarescat
383 2540 444 2609 ipse
459 2551 534 2592 amor
548 2534 657 2607 Christi,
673 2535 733 2606 ipsa
748 2536 865 2592 charitas
880 2535 962 2590 Chri·
1016 2539 1184 2612 proponitur,
1208 2533 1280 2592 nulla
1293 2537 1416 2593 utilitatis
1437 2538 1477 2593 rel
1503 2543 1677 2610 contemptus
1696 2535 1816 2595 offusce-

164 2629 210 2701 sti.
233 2628 318 2684 Amor
336 2625 435 2682 Christi
447 2633 532 2690 ,totus
554 2624 656 2692 dulcis,
681 2630 754 2679 totus
777 2624 959 2691 delectabilis,
1017 2635 1059 2684 ret
1079 2624 1220 2696 obductio,
1236 2626 1284 2684 sed
1299 2627 1400 2683 arctius
1413 2625 1543 2682 charitate
1565 2626 1717 2696 obnexum,
1733 2628 1817 2684 clare·

163 2731 243 2775 suum
259 2729 447 2788 possessorem
471 2728 525 2768 uon
546 2714 659 2782 cruciat,
684 2712 733 2767 sed
750 2710 886 2777 delectat;
906 2727 961 2768 non
1016 2726 1105 2775 sceret
1122 2716 1199 2773 vohis
1231 2731 1311 2785 super
1337 2713 1453 2786 lapidem
1477 2714 1639 2787 pretiosum,
1661 2721 1691 2771 et
1712 2716 1817 2772 dulcius

163 2811 275 2860 enervat
296 2804 344 2859 sed
363 2803 474 2858 roborat
490 2820 497 2855 ι
512 2808 608 2856 cuncta
624 2808 727 2855 terrena
739 2797 828 2856 6⁴12
842 2799 960 2854 suhsan·
1014 2811 1122 2876 saperet
1145 2805 1171 2858 in
1188 2803 1268 2859 uestri
1290 2802 1381 2860 cordis
1406 2803 1493 2873 palato
1520 2805 1716 2874 superomnia
1736 2792 1817 2862 mella

163 2898 220 2959 nat,
237 2891 294 2949 sola
308 2890 428 2948 coelestis
449 2896 537 2959 captet
552 2905 559 2942 2
576 2887 675 2944 Christi
689 2889 813 2943 mandate
833 2888 958 2960 requirit,
1014 2904 1041 2950 st
1054 2907 1136 2964 super
1157 2891 1304 2964 quemlihet
1329 2890 1430 2947 larum.
1450 2893 1512 2963 lpse
1535 2900 1630 2948 auctor
1649 2892 1815 2961 dulcedinis,

164 2989 191 3041 et
203 2997 235 3035 aa
248 2996 299 3051 pro
322 2981 428 3036 sirihus
446 2977 589 3034 ohservare
606 2976 755 3045 contendit,
770 2982 797 3032 et
809 2975 844 3030 de
863 2977 962 3032 obser·
977 2936 1000 3015 c
1013 2981 1056 3038 cui
1069 2980 1158 3039 omnia
1172 2988 1266 3053 optata
1283 2981 1441 3047 succedunt,
1464 2980 1545 3050 cujus
1568 2980 1703 3038 voluntati
1719 2989 1819 3038 cuncta

163 3068 270 3124 vatione
292 3075 488 3138 praceptorum
515 3078 612 3135 pressu
644 3063 719 3119 felici
742 3062 959 3142 provehiturad
1014 3069 1152 3136 obediunt,
1167 3068 1214 3140 qni
1232 3068 1358 3125 etiamen
1377 3076 1468 3140 potest
1493 3085 1554 3141 quae
1575 3068 1763 3141 impossibilia
1778 3071 1818 3129 pp.

164 3154 361 3227 perceptionem
379 3152 556 3227 gaudiorum,
577 3157 607 3206 ul
621 3167 683 3208 curn
706 3151 753 3207 illo
764 3151 822 3221 jam
841 3151 961 3222 perfecte
1014 3159 1112 3214 dentur
1139 3173 1220 3228 esse;
1240 3156 1281 3214 sic
1306 3158 1443 3213 dulcescat
1464 3157 1491 3212 in
1510 3157 1638 3213 cordibus
1658 3158 1771 3232 restris,
1791 3167 1819 3215 ut

164 3245 291 3318 gaudeat,
302 3257 350 3316 pro
360 3242 438 3312 cujus
448 3239 626 3297 desideriam
640 3240 693 3296 hac
705 3240 772 3297 valle
783 3241 961 3313 lacrymarum
1015 3262 1064 3303 voa
1078 3246 1112 3302 da
1130 3262 1164 3304 eo
1187 3261 1295 3317 semper
1317 3245 1412 3302 audire
1436 3245 1560 3314 delectet,
1586 3255 1613 3302 et
1637 3261 1683 3303 nie
1705 3247 1818 3304 interim

165 3333 280 3404 positus,
294 3339 347 3386 turn
367 3347 457 3387 amare
475 3330 631 3402 frequenter
643 3329 807 3402 suspirabat.
822 3330 900 3387 Unde
915 3345 961 3386 rs·
1016 3334 1187 3407 sapientiam,
1209 3350 1270 3406 quae
1290 3335 1324 3391 de
1343 3334 1403 3406 ipso
1423 3342 1473 3405 est,
1499 3335 1613 3407 doceat;
1635 3344 1664 3391 et
1689 3351 1739 3408 per
1756 3337 1816 3392 lan·

166 3432 209 3478 cte
218 3422 355 3494 sequitur:
1015 3440 1089 3481 ccam
1108 3423 1164 3481 oris
1177 3423 1231 3480 mei
1245 3425 1367 3482 vulneret
1384 3433 1411 3479 et
1425 3423 1564 3480 confodiat
1583 3423 1694 3480 hostem
1708 3425 1817 3498 genens

173 3563 176 3567 .
202 3507 608 3575 praenecessarium,
628 3506 962 3580 alcrediummeomio
1015 3512 1135 3581 humani,
1167 3513 1214 3584 qui
1238 3527 1287 3583 pro
1315 3511 1419 3569 viribus
1442 3513 1574 3584 elaborat,
1596 3519 1627 3568 ut
1649 3513 1713 3585 ipsa
1739 3514 1818 3570 uobis

164 3599 240 3659 cotta
254 3599 303 3666 sil,
318 3602 346 3653 et
357 3597 495 3670 caudium
511 3601 634 3654 vestrum
649 3597 815 3668 impleatur·
831 3600 871 3654 Ae
884 3595 908 3651 si
921 3595 964 3652 di·
1015 3602 1100 3660 rerba
1113 3601 1211 3658 Christi
1224 3602 1317 3657 auditu
1332 3601 1473 3673 vilescant,
1496 3601 1603 3656 etmihi
1618 3611 1646 3658 et
1660 3603 1726 3660 aliis
1746 3618 1818 3675 prae·

165 3696 239 3744 caret
255 3703 262 3745 :
278 3686 342 3743 ldeo
360 3686 488 3757 precipio
511 3684 597 3754 robis,
619 3694 647 3741 et
664 3700 763 3742 moneo
777 3700 826 3741 vos
840 3699 900 3742 mea
914 3686 963 3741 ob·
1016 3691 1105 3746 dicata
1128 3698 1156 3746 et
1168 3690 1250 3746 docta
1263 3689 1426 3745 sententiam
1440 3689 1625 3746 damnationis
1645 3689 1818 3764 impendant

166 3791 276 3834 serrare
297 3783 439 3847 praecepta,
459 3784 486 3829 et
508 3788 619 3829 manere
643 3772 671 3826 in
686 3774 831 3830 dilectione
851 3788 919 3842 mes,
934 3782 964 3829 nt
1016 3779 1134 3848 Adjuvet
1157 3793 1207 3834 nos
1231 3793 1339 3850 semper
1357 3786 1385 3833 et
1398 3787 1523 3852 protegat
1541 3785 1568 3834 et
1582 3778 1716 3836 defendat
1727 3781 1762 3836 ah
1774 3779 1819 3838 illc

166 3865 296 3937 gaudium
311 3879 399 3918 mcum
413 3864 440 3918 in
454 3861 531 3921 vohis
551 3861 597 3932 sit,
612 3861 778 3933 etgaudium
793 3873 910 3918 vestrum
929 3863 963 3918 de
1016 3866 1103 3933 Jcsus,
1129 3865 1176 3938 qui
1190 3865 1284 3922 dilexit
1298 3874 1325 3921 et
1342 3865 1497 3922 lavituosa
1525 3867 1643 3936 peccatis
1672 3868 1776 3926 nostris
1792 3868 1817 3924 in

166 3968 212 4009 mc
231 3951 417 4024 adiruptcatur,
445 3958 474 4006 ut
488 3950 600 4005 habeam
624 3948 658 4004 de
681 3949 758 4007 vohis
779 3966 829 4022 per
844 3959 964 4008 mutuam
1017 3955 1149 4026 sanguine
1177 3969 1238 4023 suo,
1260 3969 1309 4010 nos
1331 3954 1468 4011 instruens
1493 3956 1638 4024 seroces
1668 3958 1817 4015 informans

167 4040 349 4111 charitatem,
373 4055 455 4111 quam
473 4038 540 4093 mihi
566 4036 736 4109 impenditis,
766 4039 838 4095 unde
864 4041 964 4112 possim
1018 4043 1161 4114 exemplo;
1182 4051 1304 4100 statuens
1327 4043 1455 4112 edictum,
1480 4046 1606 4101 sanciens
1629 4055 1816 4119 praeceptumr

167 4132 299 4207 gaudere,
314 4136 342 4185 ct
356 4128 421 4183 illud
435 4128 566 4200 gaudium
580 4126 695 4198 quadiu
712 4126 885 4184 retributione
900 4145 965 4199 prae·
1017 4131 1133 4188 edictum
1157 4131 1245 4198 dulce,
1266 4141 1431 4204 praeceptum
1453 4132 1534 4199 vitae3
1562 4133 1686 4190 edictum
1709 4136 1815 4204 amoris,

165 4212 286 4298 [ntorum
300 4219 379 4274 electi
397 4226 462 4275 suut
483 4216 645 4289 percepturi,
670 4216 808 4287 percipere
826 4224 855 4271 et
874 4219 964 4287 possi·
1019 4227 1180 4292 preceptum
1204 4220 1352 4290 charitatis,
1375 4229 1496 4277 statuens
1510 4232 1538 4278 ιι
1556 4221 1725 4296 adimplens,
1747 4239 1816 4297 pre-

167 4312 234 4367 dere
255 4310 375 4383 possitis.
394 4309 442 4365 llel
456 4308 551 4369 stater:
566 4307 599 4364 tlt
612 4305 747 4378 quodiam
761 4319 855 4364 mecm
871 4309 910 4363 sit
933 4306 966 4363 ira
1020 4308 1122 4381 cipiens
1140 4317 1167 4365 et
1185 4309 1336 4382 perficiens,
1353 4311 1381 4366 in
1395 4325 1433 4377 se,
1447 4309 1568 4383 inquam,
1589 4319 1616 4368 et
1630 4312 1660 4368 in
1676 4314 1769 4370 nohis.

167 4400 288 4467 coctast
300 4397 436 4472 caudium
455 4401 582 4455 oestrum
600 4395 764 4468 implectur.
781 4394 876 4451 Omnis
894 4394 966 4452 cuim
1054 4401 1081 4453 t.
1101 4399 1158 4455 Hoc
1173 4410 1214 4455 est
1227 4398 1292 4454 illud
1308 4409 1470 4472 preceptum
1485 4400 1559 4472 quod
1578 4400 1662 4456 Jesus
1683 4402 1816 4475 precepit,

164 4487 218 4560 qui
236 4488 372 4543 Christum
387 4489 421 4541 de
440 4484 536 4539 intima
550 4481 641 4539 cordis
654 4480 774 4537 medulla
788 4497 855 4554 pure
870 4489 898 4537 et
917 4481 967 4536 illi·
1019 4487 1090 4558 quod
1110 4488 1203 4543 statuit
1214 4488 1354 4558 discipulis
1373 4488 1441 4557 suis,
1457 4498 1623 4560 praeceptum
1638 4491 1748 4550 scilicet
1762 4495 1817 4548 aha

170 4562 234 4632 hate
247 4586 275 4631 ιι
294 4575 453 4631 inconcusse
471 4573 543 4628 iutra
565 4571 654 4627 sinum
678 4572 825 4640 charitatis,
846 4570 965 4628 brachiis
1019 4575 1120 4644 sitatis,
1151 4587 1314 4649 preceptum
1350 4576 1512 4646 dilectionis,
1542 4579 1616 4651 quod
1644 4579 1688 4636 sic
1713 4580 1815 4638 hahet:

166 4666 272 4727 ‚amoris
293 4662 479 4735 complectitur
502 4672 529 4717 et
550 4661 694 4728 connectit,
714 4667 800 4716 totum
821 4661 879 4731 ejus
895 4675 964 4733 pau·
1017 4664 1418 4743 Hocestproeceptumoeeum,
1430 4665 1817 4739 utdttipattatnutcamptcut

165 4753 247 4815 ‚dium
272 4751 403 4822 reputabit
420 4751 448 4805 iu
472 4765 560 4805 suurn.
586 4750 642 4804 lmo
665 4749 781 4820 amplius
806 4750 907 4822 gaudet
929 4750 963 4804 de
1011 4749 1110 4811 ‚dilexi
1127 4766 1184 4808 cos.
1203 4752 1297 4809 Dulcis
1328 4764 1355 4808 et
1380 4753 1473 4809 suavis
1498 4754 1656 4811 mandatum
1683 4758 1814 4828 proponit

144 4835 148 4841 ⁴
172 4843 274 4919 gaudio
293 4841 364 4913 quod
385 4841 508 4895 Christus
529 4838 666 4909 accepite
685 4839 763 4893 Patre
781 4838 960 4911 resurgendo,
1017 4839 1100 4897 Dulce
1114 4847 1142 4896 et
1155 4856 1238 4897 suave
1252 4841 1320 4898 illud
1336 4857 1396 4898 esse
1411 4842 1527 4910 videtur,
1548 4843 1621 4915 quod
1635 4845 1764 4918 praecipit
1778 4845 1816 4901 di·

171 4937 205 4993 ad
219 4933 302 4991 caelos
314 4929 495 4995 ascendendo,
505 4927 534 4982 in
543 4927 652 4982 dextera
666 4926 727 4996 ejus
742 4927 870 4997 sedendo,
881 4942 963 4998 quam
1015 4928 1107 4996 lectio,
1122 4935 1149 4984 et
1163 4928 1246 4986 allicit
1259 4947 1346 4987 amor.
1363 4928 1451 4988 613
1470 4933 1538 4988 Nam
1552 4932 1625 4987 nulla
1648 4933 1689 4989 ihi
1710 4944 1816 5010 apparet

161 5025 205 5095 ,de
219 5023 265 5078 illc
279 5019 380 5093 gaudio
393 5017 465 5091 quod
479 5016 507 5071 in
527 5015 570 5071 die
582 5014 676 5086 judicii
695 5025 736 5072 est
753 5023 962 5087 percepturusa
1016 5016 1170 5089 dillicultas,
1195 5018 1243 5074 uhi
1261 5026 1302 5075 est
1329 5020 1462 5076 charitas:
1491 5022 1581 5077 uultus
1603 5021 1644 5078 ibi
1673 5023 1753 5081 lahor
1769 5033 1813 5092 est,

160 5113 287 5185 Christo.
305 5108 401 5184 lgitur‚
420 5106 517 5163 iratres
531 5104 697 5174 charissimi,
720 5114 827 5160 maneat
841 5104 869 5159 in
883 5105 962 5160 vohis
1015 5106 1062 5163 uhi
1090 5123 1171 5164 verus
1199 5123 1275 5164 amor
1303 5119 1352 5165 est.
1382 5109 1476 5167 Cuncti
1500 5109 1588 5168 amori
1616 5110 1737 5170 libenter
1755 5116 1814 5170 ohe·

159 5204 298 5279 gaudium
313 5198 423 5266 Christi,
446 5197 501 5254 sive
522 5196 557 5253 sit
575 5197 701 5264 auhsum,
724 5192 781 5249 sire
804 5195 959 5267 passivum,
1016 5195 1102 5264 diunt,
1122 5205 1151 5252 et
1162 5197 1221 5267 ejus
1235 5197 1304 5271 jugo
1323 5197 1394 5254 colla
1413 5198 1590 5258 submittunt:
1619 5204 1748 5272 perversi
1760 5218 1814 5275 per·

167 5293 225 5358 sire
235 5293 270 5347 sit
279 5291 426 5363 diligentis,
436 5282 647 5344 sitedilectirid
659 5291 710 5350 est,
725 5283 781 5341 sive
790 5282 824 5337 sit
833 5281 961 5355 gandium
1015 5301 1103 5353 verso,
1131 5286 1229 5342 lubrici
1251 5287 1367 5358 lubrico,
1399 5290 1484 5345 sancti
1514 5299 1628 5356 sancto„
1649 5294 1719 5349 casti
1743 5300 1815 5350 casto

167 5395 224 5451 qno
237 5379 360 5437 Christus
376 5377 476 5450 gaudet
491 5375 525 5433 de
540 5373 628 5441 nobis,
643 5371 700 5431 sire
713 5371 748 5427 sit
765 5371 963 5446 gaudiumque
1015 5373 1131 5448 quilibet
1148 5374 1176 5430 in
1190 5374 1325 5433 desiderio
1350 5393 1412 5436 suo.
1430 5378 1494 5434 idco
1520 5377 1655 5436 Dominus
1679 5381 1730 5438 dat
1753 5398 1816 5455 prar-

168 5482 219 5569 uqs
233 5470 382 5553 gaudemus
394 5465 428 5522 dc
446 5463 563 5526 Christo.
582 5461 681 5522 Christi
698 5461 875 5522 observemus
889 5476 962 5538 pre-
990 5515 995 5524 ,
1016 5472 1123 5543 ceptum
1135 5465 1248 5540 amoris,
1262 5479 1428 5545 preceptum
1443 5467 1616 5546 dilectionis,
1627 5477 1659 5529 ιιι
1671 5486 1726 5531 ana
1738 5487 1808 5553 pm.
