3706 5962
51 165 102 228 toa

51 297 207 369 unguenta,
235 306 298 363 quoe
321 286 349 346 in
373 288 495 347 tristibus
521 290 642 350 letitiam
666 295 801 361 redolent,
822 301 851 351 et

53 381 175 437 hostibus
201 378 379 435 dilectionem
394 387 532 451 praestant.
549 382 663 439 Dilectio
679 384 752 439 enirn
767 384 854 453 major

51 480 90 526 est
111 468 246 525 omnibus
270 466 411 524 sacrifieiis
434 477 462 524 et
480 470 767 528 holocaustomatibus.
790 471 855 527 ldeo

52 557 118 614 odor
138 563 349 630 unguentorum
371 562 479 610 tuorum
494 557 627 628 precetur
645 558 774 616 omnibus
794 573 856 615 arc·

52 644 185 702 ruatibus.
203 646 312 699 Bonum
331 642 411 714 plane
431 644 560 701 orationis
574 663 676 715 aroma,
692 649 796 703 bonum
811 647 856 700 in-

53 750 188 801 tensum3
211 731 341 788 sedandi
359 730 424 804 quid
443 732 625 807 Evangofium
644 736 772 808 praeferat
792 752 800 789 ι
826 735 857 792 Si

54 826 149 893 offert,
166 820 268 895 inquit,
279 837 385 877 manua
395 826 476 878 tuom
486 828 554 878 ante
563 825 667 894 altare,
676 829 704 880 et
714 822 755 881 ibi
765 839 856 881 reeor-

54 913 138 967 dotas
147 912 242 982 saeris
249 909 317 982 qnia
323 912 491 980 fraterintas
502 909 582 970 hebet
589 911 700 986 aliquid
709 911 857 970 aduersam

56 1006 91 1064 te,
107 999 232 1056 dimitte
251 997 291 1052 iot
315 1013 422 1052 manos
443 1002 525 1054 tuom
540 1005 607 1056 onte
621 1001 722 1071 altore,
743 1005 770 1058 ef
790 999 857 1057 code

54 1087 141 1161 prius
156 1087 343 1142 reconciliari
352 1085 441 1155 fratri
452 1090 501 1142 tao
513 1089 623 1157 (natet.
634 1107 660 1155 v,
672 1094 716 1157 23,
733 1091 789 1158 il).
801 1088 857 1142 hd·

55 1176 140 1233 sertia
149 1175 220 1232 satis
228 1173 366 1247 quomodo
379 1183 550 1247 unguentum
558 1177 786 1235 reconciliationis
795 1192 856 1232 aro-

57 1265 124 1319 mati
144 1262 261 1336 praefert
278 1259 418 1317 orationis.
436 1261 508 1330 Quid
526 1273 569 1321 est
586 1265 781 1333 reconciliatio,
806 1263 856 1319 nisi

55 1353 157 1409 iterata
184 1349 342 1406 animorum
366 1349 553 1406 dissidentium
569 1353 745 1410 conciliatio?
766 1355 798 1408 Et
821 1353 856 1409 de

59 1439 254 1498 conciliatione
265 1445 292 1495 et
301 1437 435 1494 charitate
445 1438 563 1495 fraterna
576 1440 642 1498 dicit
656 1441 704 1497 tibi
716 1440 854 1496 Psalmus:

60 1531 125 1586 cece
133 1544 221 1600 quern
232 1525 337 1582 bonam
347 1530 376 1581 et
386 1542 469 1598 qaam
478 1527 647 1596 ineundum,
660 1528 787 1584 habitare
796 1531 857 1599 sra-

59 1621 115 1672 trer
126 1618 160 1672 in
171 1613 374 1682 nnnmltl’rol.
391 1629 494 1685 cxxxii,
510 1614 547 1686 ι.)
559 1615 621 1671 lloee
630 1623 673 1671 est
682 1615 857 1673 excellentior

660 169 692 231 ΙΝ
711 167 847 230 (titillet
862 167 970 228 stallo
989 169 1099 232 xxxtl.

1647 183 1700 248 tao

910 302 999 365 potest
1017 295 1102 367 gratis
1116 296 1225 370 suscipi,
1241 298 1314 370 quod
1328 313 1382 356 uon
1396 303 1560 375 cumgratia
1575 306 1702 370 offertur.

911 382 1034 438 Charitas
1058 384 1133 440 radin
1154 394 1195 440 est
1213 400 1218 440 :
1236 387 1314 458 quasi
1329 388 1397 442 rami
1415 389 1528 446 virtutes
1543 401 1650 452 caeterae
1664 400 1700 456 de

909 469 955 525 illa
974 472 1125 541 pullulant;
1143 481 1170 529 et
1190 473 1251 530 ideo
1274 475 1448 548 pinguedinis
1467 478 1539 533 illius
1553 483 1700 557 participes

910 573 971 614 esse
985 559 1096 616 debent.
1116 561 1186 632 Quid
1205 563 1316 633 prodest
1339 581 1430 619 ramus
1443 565 1471 620 in
1491 567 1563 623 bona
1581 570 1662 641 oliva,
1678 575 1701 630 si

909 661 964 701 non
978 646 1006 702 in
1029 663 1063 704 eo
1077 650 1192 705 sentitur
1207 651 1305 706 radicis
1328 651 1466 723 pinguedo
1485 662 1513 710 et
1531 657 1642 729 gratia?
1662 661 1701 718 lta

911 733 1021 805 quidem
1037 751 1088 792 nec
1102 736 1225 803 virtutes,
1243 753 1294 792 nec
1308 754 1392 810 opera
1407 739 1547 807 virtutum,
1563 743 1587 798 si
1600 760 1655 801 non
1674 747 1702 805 in

910 820 950 876 eis
964 823 1103 879 eharitatis
1118 831 1145 880 et
1160 824 1314 883 dilectionis
1327 826 1412 882 virtus
1428 829 1558 885 redoleat.

944 913 971 965 t.
987 911 1082 983 llaria,
1096 913 1175 981 cujus
1186 913 1268 968 etiam
1288 914 1368 970 modo
1387 914 1436 970 tibi
1451 932 1550 972 nomen
1565 918 1599 975 de
1609 921 1703 977 Evan-

910 997 982 1068 gelio
997 999 1097 1068 sonuit,
1113 1000 1178 1072 quid
1191 1000 1218 1054 in
1233 1016 1267 1057 ea
1281 1001 1354 1057 aliud
1369 1020 1451 1074 quarn
1465 1005 1575 1062 dileetio
1591 1009 1702 1067 redole-

910 1086 1445 1162 batfltintissosuntei,iuquit,peecota
1458 1095 1559 1163 enolto,
1569 1097 1704 1166 quoniam

910 1171 1016 1231 dilexit
1027 1177 1151 1232 moltam
1162 1180 1237 1247 (Lae.
1255 1193 1305 1247 vu,
1321 1181 1364 1246 at,
1377 1180 1434 1250 48).
1451 1181 1540 1238 Bonus
1555 1183 1635 1254 hujus
1651 1203 1704 1240 un·

909 1262 1004 1334 guenti
1019 1263 1096 1330 odor,
1112 1265 1191 1335 eujus
1200 1265 1287 1337 gratia
1302 1267 1402 1322 veteris
1416 1270 1578 1341 corruptefae
1589 1270 1704 1331 fetorem

910 1349 1009 1407 delevit
1024 1351 1143 1420 omnino,
1160 1361 1283 1409 ettotam
1297 1354 1426 1412 Ecclesiae
1443 1357 1554 1413 domum
1570 1360 1704 1420 suavitate

910 1445 990 1510 grata
1013 1440 1141 1510 perfudit.
1165 1441 1236 1496 Dum
1261 1451 1334 1499 esset
1356 1444 1413 1499 ltex
1442 1444 1470 1498 in
1493 1447 1619 1503 accubitu
1642 1464 1702 1516 auo,

910 1526 987 1582 nardi
1009 1527 1097 1599 pistici
1116 1529 1282 1584 alabastrum
1303 1530 1446 1602 confregit,
1463 1540 1491 1587 et
1513 1532 1608 1589 effudit
1623 1551 1705 1607 super

910 1623 990 1686 eaput
1004 1616 1187 1672 recumbentis
1201 1619 1293 1688 {llere
1309 1633 1364 1686 xiv,
1376 1619 1414 1689 3).
1430 1621 1463 1674 Et
1476 1621 1579 1676 nardus
1594 1622 1641 1677 illa
1656 1624 1704 1679 de·

58 1704 103 1760 ria
112 1705 194 1774 juxta
203 1701 363 1770 Paulum,et
376 1700 436 1756 aliis
446 1702 535 1772 major
544 1703 787 1775 charismatibus(l
793 1706 855 1761 Cor.
873 1703 896 1781 Β
910 1702 960 1774 dit,
981 1711 1007 1759 et
1022 1704 1109 1759 adhue
1126 1704 1181 1772 dat,
1199 1712 1225 1761 et
1248 1705 1275 1759 in
1295 1705 1378 1760 finem
1397 1707 1488 1762 saeculi
1503 1708 1579 1763 dabit
1592 1711 1704 1768 odorem

59 1808 105 1858 au,
124 1795 171 1862 at,
188 1799 217 1847 et
228 1789 301 1859 1111),
317 1789 395 1862 quasi
409 1789 513 1846 eunetis
531 1791 707 1848 aromatibus.
724 1793 857 1864 Unguen-
910 1807 998 1847 suum.
1024 1792 1127 1848 Bonum
1151 1792 1178 1847 in
1202 1808 1250 1848 ara
1264 1794 1382 1864 pectoris
1405 1795 1447 1849 sui
1470 1795 1575 1853 Christo
1595 1798 1706 1857 domino

62 1877 335 1936 tumboedescendit
349 1877 645 1951 decapiteinbarbam
660 1889 686 1938 et
701 1896 777 1936 oram
792 1897 856 1936 ves·
884 1923 888 1930 .
910 1878 1031 1935 incendit
1055 1895 1158 1947 aroma,
1176 1897 1207 1938 ac
1231 1881 1254 1934 si
1278 1889 1448 1954 unguentum
1472 1883 1640 1941 exinanitum
1658 1902 1708 1943 cor

63 1968 167 2024 timenti
187 1969 274 2038 (Prot.
291 1982 392 2034 exitu,
412 1968 450 2039 ι).
470 1967 595 2024 Christus
614 1970 686 2026 enim
705 1977 786 2042 eaput
805 1985 856 2025 no·
912 1969 982 2038 ejus,
999 1974 1026 2024 et
1040 1967 1217 2040 liquefactum
1231 1969 1341 2024 flamma
1355 1969 1505 2027 eharitatis.
1521 1973 1633 2044 Sepulto
1649 1978 1706 2032 Do-

65 2066 148 2112 strnm
163 2056 241 2128 prius
255 2054 350 2112 dilexit
363 2071 424 2124 nos,
438 2064 469 2112 ut
478 2071 528 2112 nos
542 2057 686 2129 diligamus
702 2075 776 2115 eum.
911 2055 995 2125 mino,
1011 2056 1073 2114 vide
1087 2074 1170 2128 quam
1185 2056 1317 2126 officiosa,
1332 2075 1414 2130 quam
1432 2059 1525 2115 sedula
1544 2078 1707 2121 monumen·

98 2151 123 2203 t.
140 2145 208 2202 ldeo
218 2152 246 2201 et
260 2158 361 2216 sponsa
375 2160 405 2200 se
418 2159 529 2201 currere
544 2145 610 2201 dieit
622 2146 650 2200 in
660 2145 744 2203 odore
754 2145 858 2202 unctio
911 2152 968 2198 tum
983 2144 1148 2216 frequentat.
1165 2147 1187 2200 lt
1203 2156 1230 2202 et
1248 2147 1328 2214 redit,
1341 2147 1412 2204 videt
1434 2149 1557 2221 angelos,
1569 2153 1706 2222 apostolos

67 2234 115 2304 nis,
134 2233 219 2290 idest
232 2233 262 2288 in
276 2232 449 2288 aemulatione
463 2232 625 2291 dilectionis.
639 2234 701 2290 Nou
715 2234 790 2303 dicit,
804 2235 857 2290 Un·
911 2231 1021 2299 inritat,
1037 2234 1201 2290 abeuntibus
1219 2234 1271 2290 illis
1293 2250 1347 2291 non
1370 2237 1436 2291 abiit
1454 2237 1510 2293 illa.
1525 2239 1633 2296 Ardeae
1652 2249 1706 2314 est,

68 2323 169 2398 guenti3
187 2321 248 2389 sed,
264 2326 474 2394 aequanimam
488 2342 497 2378 :
512 2338 545 2378 eo
560 2323 633 2394 quod
646 2322 756 2395 gemina
766 2321 801 2378 sit
812 2322 856 2377 di-
912 2320 1010 2393 inquit,
1025 2338 1074 2378 eor
1094 2339 1205 2390 meum;
1224 2323 1351 2380 desidero
1365 2323 1459 2381 videre
1473 2325 1561 2382 Deum
1582 2344 1675 2385 mcum
1696 2348 1703 2389 :

68 2410 152 2466 lectio.
178 2411 254 2479 Una,
286 2424 340 2482 qua
359 2408 496 2481 diligimus
523 2409 622 2482 ipsum,
647 2411 776 2483 quoniam
798 2410 857 2482 ipse
913 2425 1016 2481 quero,
1033 2410 1059 2466 et
1072 2411 1245 2467 noninrenio
1256 2428 1327 2468 eum.
1344 2414 1442 2468 Nonne
1457 2413 1505 2467 tibi
1520 2415 1642 2471 anxietas
1657 2418 1709 2474 ista

68 2499 137 2570 prior
154 2497 252 2553 dilexit
266 2512 317 2553 nos
334 2511 340 2551 :
356 2497 419 2567 alia,
431 2513 485 2570 qua
499 2498 637 2571 diligimus
652 2498 778 2567 invicem,
790 2497 859 2554 sieut
914 2498 1070 2569 quaercntis,
1091 2498 1197 2554 eximiae
1210 2498 1365 2554 dilectionis
1388 2499 1495 2556 videtur
1516 2502 1628 2559 odorem
1647 2506 1706 2577 spi-

68 2587 163 2659 etipse
188 2585 358 2643 dilexitnos.
381 2586 527 2659 Utriusque
547 2587 702 2643 dilectionis
726 2588 859 2643 habemus
913 2587 999 2642 rare‘?
1014 2587 1077 2642 llaec
1101 2585 1186 2642 verba
1203 2587 1268 2641 dum
1282 2586 1309 2641 in
1330 2588 1537 2656 ejusmemoria
1551 2600 1706 2665 cantantur,

69 2676 101 2730 ab
119 2676 176 2747 ipso
189 2676 385 2746 ctexemplum
400 2680 428 2729 et
441 2674 553 2731 donum.
569 2678 630 2748 lpse
649 2675 722 2732 enirn
736 2675 861 2732 dileetio·
914 2689 1004 2731 nonne
1026 2674 1073 2746 qui
1095 2682 1205 2730 cantant
1229 2685 1256 2729 et
1277 2674 1330 2746 ipsi
1355 2690 1465 2748 quoque
1484 2676 1709 2737 inflammantur?

69 2765 108 2820 nis
132 2765 251 2822 etaiam
269 2770 411 2835 monstrat,
432 2772 459 2820 et
477 2765 612 2820 ministrat
636 2765 774 2822 virtutem.
794 2765 859 2846 ldeo
913 2763 1037 2835 Denique
1059 2770 1086 2817 et
1109 2762 1166 2834 ipse
1179 2763 1277 2834 jesus,
1300 2763 1347 2834 qui
1367 2763 1550 2833 desideratur,
1575 2770 1709 2840 unguenti

69 2854 200 2924 seriptum
211 2861 254 2911 est
266 2869 273 2907 ε
285 2853 318 2907 la
330 2852 412 2910 odore
423 2859 631 2926 unquentorum
642 2857 859 2927 ejurenrremus
913 2850 985 2905 illius
997 2848 1173 2923 fragrantiam
1188 2850 1335 2922 odoratur;
1352 2859 1381 2906 et
1393 2852 1471 2923 quasi
1486 2854 1571 2909 currit
1585 2855 1620 2910 ad
1634 2856 1709 2914 iliam

67 2944 187 3011 (Canae.
207 2958 228 3008 ι,
246 2944 284 3012 3).
303 2943 365 3013 lpsa
378 2943 513 2998 connexio
528 2950 556 2999 et
574 2944 721 3014 suavitatis,
738 2952 764 3000 et
783 2958 860 2999 amor
915 2939 943 2993 in
957 2938 1042 2995 odore
1056 2939 1228 2996 vehementis
1243 2939 1354 2996 amoris.
1372 2940 1473 3009 Quidni
1496 2943 1530 2996 ad
1545 2953 1662 3018 cognata
1677 2947 1710 3003 li·

69 3032 163 3104 Patris,
179 3039 209 3087 et
232 3030 303 3101 Fbii,
326 3037 354 3087 et
372 3038 467 3086 mutua
484 3032 637 3103 complexio
659 3049 711 3103 per
730 3032 859 3103 Spiritum
914 3029 1012 3084 benter
1027 3036 1152 3084 recurrat
1167 3027 1326 3100 unguenta?
1339 3028 1423 3097 Quasi
1438 3029 1466 3108 in
1485 3032 1619 3088 matutino
1633 3034 1710 3090 festi·

69 3121 221 3190 amborum,
237 3134 329 3175 noune
347 3127 428 3192 grato
445 3135 496 3176 nos
515 3120 598 3177 odore
617 3120 765 3193 perfundit,
782 3130 809 3177 et
826 3121 861 3176 ad
916 3117 1006 3173 natad
1020 3115 1106 3183 illam,
1119 3125 1146 3172 et
1160 3133 1277 3190 surgens
1291 3133 1370 3173 mane
1385 3119 1474 3190 prima
1487 3120 1605 3188 sabbati,
1620 3124 1710 3194 primo
1742 3161 1749 3179 .

69 3209 186 3265 similem
205 3224 256 3265 nos
276 3206 373 3263 inuitat
386 3207 597 3279 emulationem,
614 3217 644 3265 ut
666 3217 694 3264 et
712 3223 762 3263 nos
776 3226 861 3264 unum
915 3214 1028 3278 apparet
1042 3205 1135 3262 hlariae
1149 3205 1198 3276 (ld.
1219 3221 1273 3272 ιιι,
1291 3208 1359 3278 hil),
1377 3215 1404 3262 et
1418 3208 1494 3280 ungit
1508 3225 1570 3265 eam
1585 3212 1644 3268 oleo
1658 3213 1709 3269 lae-

68 3297 164 3366 abnue,
180 3297 253 3353 sieut
270 3305 297 3352 et
316 3295 372 3367 ipsi
385 3311 469 3350 uuum
483 3296 566 3352 sunt?
585 3296 661 3352 Felix
680 3297 790 3370 quidem
814 3296 861 3370 qui
916 3293 980 3349 titiae
993 3310 1050 3366 prae
1063 3294 1237 3350 consortibus
1252 3293 1318 3359 suis,
1334 3294 1399 3350 dum
1410 3311 1440 3352 se
1454 3297 1511 3366 jam
1528 3301 1711 3356 resurrexisse

68 3386 193 3458 sequitur
215 3394 244 3442 et
264 3385 351 3442 currit
365 3384 394 3439 in
414 3384 500 3440 odore
516 3385 657 3441 eharitatis
671 3386 754 3457 illius,
774 3387 861 3444 suavi·
915 3383 1071 3440 manifestat
1079 3382 1107 3437 in
1122 3383 1219 3454 gloria.
1232 3383 1291 3437 Jam
1310 3390 1432 3438 aromata
1446 3383 1518 3438 illius
1532 3385 1559 3438 in
1570 3396 1711 3457 unguenta

70 3477 131 3530 tatis
150 3474 234 3546 illius,
253 3473 407 3530 dilectionis
430 3473 511 3542 illius,
536 3473 670 3530 unctionis
693 3475 775 3533 illius.
800 3477 861 3547 lpse
915 3472 1058 3543 convertit,
1078 3479 1106 3527 et
1128 3469 1265 3527 desideria
1279 3471 1337 3540 ejus
1360 3470 1388 3524 in
1407 3471 1615 3528 delectationem
1636 3490 1711 3532 eorn-

66 3565 140 3621 enim
159 3564 277 3635 Spiritus
295 3571 426 3636 utrosque
441 3563 518 3637 quasi
539 3563 677 3636 perungit,
701 3579 769 3636 quos
788 3573 862 3621 tanta
915 3568 1011 3616 mutat.
1450 3582 1454 3588 ·

66 3653 169 3709 amoris
202 3652 345 3709 dulcedine
369 3653 520 3725 conjungit.
544 3653 683 3708 imitemur
707 3653 862 3710 unctionem
951 3653 977 3705 8.
993 3653 1094 3707 Aroma
1107 3646 1174 3703 mihi
1187 3647 1295 3705 videtur
1309 3647 1421 3717 offerre,
1437 3648 1484 3721 qui
1503 3657 1562 3705 orat
1576 3658 1603 3706 et
1623 3660 1707 3724 optat.

38 3764 41 3769 ·
66 3742 155 3810 bum,
173 3755 316 3797 curramus
331 3740 359 3794 in
374 3741 433 3811 ejus
452 3740 547 3797 odore.
562 3740 667 3798 Divinae
685 3740 757 3797 illius
776 3751 804 3799 et
821 3758 864 3799 es·
916 3739 992 3795 Tunc
1005 3745 1098 3794 autem
1111 3744 1251 3811 unguento
1269 3735 1451 3808 perfunditur,
1468 3752 1531 3794 eum
1551 3740 1611 3809 ejus
1625 3757 1709 3813 quein

65 3830 188 3888 sandalis
202 3829 313 3885 unitatis
329 3828 427 3885 aemula
437 3836 488 3898 est,
505 3836 532 3885 et
542 3830 620 3901 quasi
635 3830 726 3903 imago
741 3830 863 3888 fraterna
916 3836 999 3896 amat,
1015 3826 1116 3899 potitur
1130 3825 1219 3898 copia,
1235 3842 1298 3883 cum
1320 3821 1463 3898 p'raesentia
1481 3826 1643 3885 delectatur.
1659 3832 1709 3888 Bo·

65 3920 196 3991 ebaritas,
212 3927 240 3976 et
254 3918 381 3992 quaedam
399 3919 471 3976 velut
485 3919 581 3975 umbra
601 3919 732 3991 unguenti
750 3920 820 3975 illius
835 3929 863 3976 et
915 3932 983 3974 num
1007 3914 1117 3987 quidem
1137 3929 1216 3971 orare
1239 3923 1266 3970 et
1289 3915 1446 3971 desiderare
1470 3916 1635 3985 Dominum
1660 3921 1709 3977 sed

65 4007 229 4075 dulcedinis,
240 4015 268 4063 et
278 4006 381 4078 amoris
393 4008 491 4063 mutui.
503 4008 653 4066 Eeeeenirn
664 4025 749 4081 qoam
759 4007 862 4065 honam
915 4021 1018 4076 amare,
1035 4012 1063 4060 et
1076 4005 1188 4071 habere,
1205 4012 1232 4060 et
1255 4003 1308 4060 frui
1327 4004 1435 4060 melius.
1451 4005 1494 4073 Et,
1511 4013 1540 4060 ut
1554 4006 1592 4062 ita
1607 4008 1707 4082 dicam,

66 4103 93 4157 et
100 4114 188 4172 quom
191 4096 365 4170 jocundam,
373 4095 502 4154 habitare
509 4100 617 4168 fratrer
627 4097 862 4155 tnuiiemtstcut
915 4110 978 4151 cum
999 4109 1055 4152 non
1069 4094 1165 4164 habes,
1181 4093 1283 4150 bonum
1307 4100 1349 4149 est
1362 4093 1528 4164 mendicare,
1543 4096 1592 4152 sed
1610 4098 1709 4156 mehus

66 4186 287 4260 anquentemln
301 4186 405 4258 capite,
421 4185 492 4259 quod
502 4186 646 4246 deseendit
657 4189 744 4259 (Paul.
757 4203 860 4254 enixu,
914 4184 1093 4242 manducare.
1109 4182 1226 4254 Sipotes
1239 4183 1381 4238 absentem
1396 4197 1499 4252 amare,
1510 4189 1710 4261 quantomagis

68 4280 92 4342 l,
116 4277 159 4347 2),
183 4282 239 4330 etc.
259 4278 349 4346 Atque
368 4273 472 4329 utinam
493 4275 528 4330 de
550 4275 639 4348 eapite
664 4283 766 4344 nostro,
787 4275 861 4348 quod
913 4290 976 4330 eum
990 4273 1077 4342 adest,
1092 4288 1155 4327 cum
1169 4271 1276 4343 copiam
1290 4271 1331 4326 sui
1344 4271 1476 4342 indulget,
1488 4287 1550 4328 eum
1564 4277 1709 4347 experien-

65 4380 175 4421 sursum
192 4373 245 4435 eat,
261 4364 387 4437 wedam
406 4364 538 4436 ungucmi
557 4364 634 4420 istius
647 4365 675 4419 in
694 4381 744 4423 nos
763 4367 860 4421 umbra
915 4363 952 4417 tia
972 4361 1058 4417 dulcis
1082 4361 1211 4416 alimenta
1224 4360 1358 4415 ministrat
1372 4360 1570 4418 amorifTunc
1588 4365 1661 4419 enim
1680 4374 1708 4422 et

64 4451 227 4523 descendat,
250 4460 281 4508 ut
302 4460 330 4509 et
347 4452 400 4523 ipsi
426 4453 521 4510 audire
545 4470 710 4524 mereamur,
730 4456 859 4529 quoniam
876 4423 899 4500 n
914 4451 1080 4524 spiritualius
1094 4458 1121 4506 et
1135 4448 1271 4520 profusius
1289 4448 1401 4520 ungitur
1415 4448 1514 4514 anima,
1532 4468 1593 4505 curn
1607 4452 1646 4506 illi
1660 4455 1706 4525 qui

65 4541 131 4597 odor
146 4545 360 4613 unquentorum
376 4546 490 4598 eaerum
507 4543 702 4614 superomnia
716 4549 857 4602 aromata.
913 4549 1012 4596 unctus
1027 4547 1069 4595 est
1082 4537 1179 4609 spiritu
1194 4543 1221 4590 et
1239 4536 1348 4602 virtute,
1363 4536 1464 4592 arctius
1480 4537 1614 4609 juugitur.
1631 4542 1706 4600 Tune

64 4628 197 4686 Percurre
209 4628 424 4686 animovirtntes
439 4630 659 4703 rehquas,usum
670 4640 697 4688 et
712 4647 796 4703 opera
807 4633 860 4687 sin·
912 4629 1048 4700 praecipue
1066 4626 1164 4682 dilecto
1182 4624 1280 4696 placet,
1297 4632 1361 4679 tunc
1381 4625 1490 4681 suavius
1508 4628 1624 4698 redolet,
1643 4648 1706 4689 cum

65 4719 193 4789 gdarum
209 4733 341 4787 recense3
356 4718 423 4773 nibil
438 4719 536 4777 inillis
551 4720 739 4778 tamsuuviter
755 4720 860 4777 redolet
914 4725 969 4774 tota
983 4716 1063 4772 fuerit
1083 4715 1110 4769 in
1136 4714 1225 4786 ipsum
1241 4713 1389 4781 transfusa,
1410 4730 1473 4770 cum
1491 4717 1635 4778 adhaerens
1653 4725 1702 4792 illi,

66 4815 199 4879 quantum
212 4823 284 4881 pura
297 4807 332 4864 de
343 4808 425 4865 corde
439 4809 568 4866 charitas.
584 4811 671 4880 Quem
684 4810 798 4865 odorem
812 4810 860 4864 tihi
913 4807 1021 4864 unionis
1040 4806 1142 4877 fragrat
1166 4812 1316 4876 unguento,
1343 4814 1482 4876 unguento
1506 4807 1553 4864 illo
1576 4813 1649 4883 quod
1673 4815 1708 4870 de

67 4898 170 4968 spirent
182 4895 301 4968 jejunia,
317 4913 400 4970 quem
410 4899 523 4956 odorem
541 4897 623 4957 108
634 4899 828 4970 eleemosynae,
838 4899 860 4956 si
913 4911 1014 4969 sponso
1038 4893 1174 4952 redundat
1196 4894 1224 4948 iu
1239 4909 1377 4966 sponsam.
1402 4896 1525 4953 iucunde
1546 4901 1657 4955 omnino
1680 4913 1708 4957 et

66 5001 120 5041 non
134 4984 232 5041 inillis
244 4985 364 5042 charitas
378 4985 456 5043 olet‘?
471 4987 588 5042 Castitas
602 4988 661 5059 ipsa
675 4997 703 5043 et
718 4988 861 5044 tolerantia
914 4987 1035 5045 suaviter
1062 4985 1168 5041 redolet
1195 4984 1359 5041 cohabitatio
1388 4985 1440 5040 ista
1464 4987 1491 5040 in
1515 5003 1607 5053 unum,
1631 4993 1708 5048 emat

65 5076 234 5148 passionum,
252 5075 275 5130 ai
293 5091 350 5131 non
377 5076 479 5132 fuerint
502 5079 635 5134 charitate
654 5079 772 5147 condita,
795 5081 861 5152 quid
915 5084 1089 5151 anpaentoin
1100 5074 1247 5146 incapite,
1259 5075 1329 5146 quod
1339 5074 1490 5144 descendit,
1503 5084 1556 5132 etc.
1568 5077 1630 5130 ldeo
1641 5078 1709 5136 odor

66 5165 113 5221 tibi
128 5164 223 5221 auaris
242 5164 335 5222 odoris
358 5166 528 5233 refundent?
546 5168 577 5226 st
597 5167 750 5235 tradidero,
773 5169 862 5242 inquit
916 5173 1127 5240 ungnentorum
1141 5166 1202 5236 ejas
1216 5164 1409 5234 superomnia
1424 5169 1563 5221 ororncto.
1580 5166 1614 5220 Et
1624 5165 1647 5221 si
1659 5185 1709 5225 un·

64 5255 442 5329 amnemamnem
455 5263 488 5315 aa
501 5257 667 5328 ar·deoni,et
682 5259 760 5332 quasi
768 5275 864 5316 aroma
917 5264 1016 5333 guenta
1031 5255 1082 5327 ipsi
1097 5253 1180 5310 etiam
1194 5265 1302 5323 sponsae
1323 5250 1376 5304 alia
1390 5251 1457 5321 sint;
1472 5253 1546 5309 nulla
1560 5255 1622 5311 talia
1636 5269 1710 5332 sunt,

64 5344 211 5404 incensum
220 5344 373 5420 liquescam
383 5346 491 5402 totusin
501 5345 576 5420 igue,
587 5346 759 5404 charitatem
770 5354 865 5408 cotem
918 5346 1000 5421 quale
1028 5343 1095 5400 illud
1124 5341 1198 5414 quod
1226 5339 1372 5395 deseendit
1396 5339 1424 5394 in
1451 5341 1548 5413 ipsam,
1580 5346 1646 5404 hora
1675 5350 1710 5406 ha

66 5453 123 5496 m
136 5435 665 5514 haoeemmtbitmibipredetttldor.
681 5437 863 5512 x111,3).Non
923 5434 1040 5497 maxime
1070 5446 1123 5506 qua
1147 5428 1246 5487 dilecto
1268 5428 1397 5502 cohaeret,
1423 5432 1532 5505 quaudo
1555 5433 1627 5493 iuter
1654 5441 1714 5511 ejus

194 5545 319 5605 Parnon.
342 5544 515 5606 CLXXXIV.
1600 5548 1616 5608 h
