3706 5962
55 236 113 302 ⁶⁹⁷
642 248 831 313 rascatius
850 249 893 311 ua
910 249 1105 313 cutmrtru.
1651 243 1705 305 sss

59 375 214 469 emanant,
242 385 322 443 quam
352 372 410 429 suis
437 373 564 433 Salvator
588 383 649 434 orat
672 385 701 434 et
728 383 803 448 optut
827 374 856 432 in
873 376 1029 470 “charitas
1057 375 1215 434 charitatem
1243 372 1357 431 ostendit
1381 379 1428 429 aut
1454 372 1612 441 contemnit,
1641 388 1703 430 cum

59 455 226 530 Evangelio:
242 462 274 519 tlt
283 459 352 529 rint,
360 462 459 534 inquit,
467 480 569 534 catam,
579 468 652 524 sicut
661 471 689 522 ει
699 482 750 523 nos
766 481 857 522 unum
912 464 994 538 sentit
1017 466 1159 522 eliensem.
1174 464 1242 519 Nam
1264 479 1295 520 se
1310 463 1396 535 ipsam
1410 477 1465 517 non
1485 469 1574 532 potest
1594 476 1705 535 negare,

60 560 160 603 mutus
178 547 271 618 (loon.
287 564 359 614 xrrt,
371 554 414 618 lt,
427 553 491 624 ll),
509 555 588 624 cujus
601 555 723 620 loannes
748 556 775 610 in
790 553 855 623 Epi·
913 570 964 611 nec
981 554 1009 610 in
1030 570 1059 612 se
1077 555 1138 627 ipsa
1152 552 1235 609 diuise
1250 560 1302 610 est.
1331 549 1410 607 Novit
1423 551 1514 622 potius
1529 550 1556 605 in
1571 565 1600 606 se
1617 549 1706 607 diuisa

60 635 132 739 stola
148 636 279 703 meminit,
292 638 408 696 dicens:
426 640 743 716 tenebrositatem
759 659 856 701 samus
911 645 1090 718 conjungere,
1118 643 1214 713 juncta
1237 640 1356 698 dividere
1380 638 1476 695 nescit.
1492 638 1585 695 Pacem
1605 637 1702 710 diligit,

59 723 158 824 paboc
180 726 286 784 mundo
308 729 335 796 (l
345 730 425 786 loon.
452 745 491 800 tv,
518 735 561 804 tr)
576 750 583 790 :
600 742 631 789 ut
648 733 717 790 sicut
731 731 857 790 videlicet
910 733 1063 807 congaudet
1087 732 1191 787 unitati.
1220 731 1283 787 Sola
1297 731 1397 801 quippe
1424 737 1466 785 εει
1496 744 1557 799 quae
1584 734 1703 801 generat,

59 811 106 868 rlla
124 813 201 912 beata
216 826 243 871 et
257 815 414 874 beatificans
426 834 602 889 personarum
626 822 744 878 Trinitas
762 835 856 879 amore
910 822 1028 896 colligit,
1057 820 1157 878 solidat
1186 827 1213 877 et
1240 825 1382 876 conservat
1410 817 1565 888 ubicunque
1593 829 1704 872 serrare

56 909 331 969 contrnetnraeteruo,
347 905 449 976 absque
467 909 637 978 contusione,
667 918 696 967 nt
719 925 769 965 nec
794 909 856 967 uni·
911 911 1085 985 cognoscitur
1113 909 1203 967 unitas
1235 908 1263 963 in
1288 906 1398 963 vinculo
1426 907 1509 978 pacis.
1538 906 1606 960 Cum
1629 905 1703 961 omni

57 995 145 1046 uatem
166 992 255 1047 turbet
278 1008 455 1062 personarum
475 1014 613 1064 numerus,
633 999 683 1072 qui
709 998 855 1055 essentiam
911 999 1009 1056 fiducia
1024 999 1142 1056 charitas
1158 999 1244 1070 pulsat
1263 997 1296 1053 ad
1316 996 1413 1051 ostium
1428 994 1519 1060 amici,
1533 1008 1704 1066 nequaquam

57 1092 113 1135 non
140 1079 308 1178 multiplicat,
333 1098 384 1138 nec
406 1086 494 1141 unitas
515 1087 674 1143 Trinitatem
696 1087 803 1160 redigat
827 1085 855 1141 in
911 1096 1008 1160 putans
1028 1104 1059 1144 se
1082 1087 1136 1158 pati
1155 1087 1301 1157 repulsam,
1317 1101 1379 1157 quae
1399 1083 1574 1140 amicitiarum
1590 1090 1703 1137 matrem

58 1166 275 1268 singularitatem
301 1187 442 1239 personae:
458 1175 497 1230 sic
511 1184 538 1232 et
551 1174 604 1245 ipsi
617 1177 745 1232 uniantur
758 1183 784 1230 et
808 1189 856 1231 or·
911 1194 939 1233 se
959 1177 1041 1233 novit.
1068 1175 1126 1231 Nec
1138 1182 1249 1231 veretur
1268 1173 1478 1247 signatissimum
1504 1171 1640 1241 paulisper
1658 1169 1702 1224 in·

56 1254 239 1354 dunentnrnm
267 1259 404 1326 charitate,
434 1278 488 1317 non
516 1264 713 1335 comparatione
735 1263 855 1336 quidem,
911 1266 1031 1339 quietare
1046 1264 1133 1321 otium
1156 1274 1266 1337 propter
1288 1278 1367 1317 sunm
1388 1261 1538 1332 negotium.
1555 1257 1703 1330 lilasiqui-

58 1343 109 1399 sed
135 1345 316 1417 qualicunque
342 1348 529 1406 similitudine.
551 1353 607 1407 Nec
634 1352 780 1408 absurdum
804 1368 857 1423 pu·
909 1356 970 1410 dern
987 1370 1049 1411 vera
1074 1363 1102 1410 et
1129 1353 1235 1409 sincera
1250 1360 1291 1408 est
1305 1349 1430 1417 ebaritas,
1446 1366 1498 1421 qua
1518 1347 1633 1420 proximi
1648 1349 1701 1403 bo·

58 1438 130 1533 tetur
149 1433 224 1534 quod
252 1435 308 1490 dixi
333 1436 420 1492 Deum
448 1453 540 1494 amore
567 1439 709 1510 contineri,
724 1456 785 1497 curn
799 1454 854 1496 nou
910 1461 974 1501 num
988 1450 1018 1499 ut
1032 1450 1155 1500 nostrum
1168 1441 1298 1513 diligitur.
1313 1440 1383 1496 Nam
1401 1439 1446 1511 qui
1470 1438 1555 1512 magis
1568 1443 1613 1492 aut
1628 1445 1702 1492 certe

58 1520 241 1620 alpodrxenm
256 1541 336 1596 quarn
359 1541 388 1582 se
404 1527 477 1598 ipso,
492 1539 519 1585 et
546 1545 625 1602 quarn
654 1545 683 1586 se
706 1528 797 1600 ipsum
819 1530 854 1584 de
909 1532 999 1589 solum
1015 1530 1105 1604 diligit
1126 1546 1220 1594 suum,
1243 1527 1571 1585 conuinciturnoncaste
1587 1523 1699 1595 diligere

57 1608 130 1664 ⁸¹¹¹&
909 1623 1021 1686 bonnm,
1036 1619 1109 1693 qued
1118 1618 1214 1691 utique
1228 1622 1342 1691 propter
1361 1631 1391 1671 εε
1409 1613 1507 1686 diligit,
1521 1629 1577 1668 non
1590 1619 1702 1684 propter

95 1700 251 1798 dmatergc
264 1701 349 1774 Deus,
367 1709 394 1760 et
411 1718 444 1761 err
466 1720 496 1760 se
519 1712 577 1762 toto
596 1713 692 1778 amat3
717 1705 781 1778 quia
800 1712 856 1762 tota
872 1658 895 1736 Β
909 1709 1011 1783 ipsum.
1039 1712 1167 1766 Amemus
1182 1716 1210 1762 et
1236 1721 1368 1771 amemur,
1397 1704 1425 1758 in
1453 1702 1536 1758 altero
1564 1700 1651 1766 nobis,
1675 1700 1703 1754 in

57 1784 177 1885 Trinitas
196 1797 286 1888 ιιιιιιιι,
311 1790 334 1846 si
362 1799 451 1850 tamen
467 1800 552 1850 totum
565 1793 632 1852 dicit
646 1802 736 1867 potest
750 1793 856 1850 deiufi-
909 1799 993 1855 altero
1009 1797 1110 1854 nostris
1124 1795 1307 1853 consulentes.
1327 1793 1408 1862 Nam,
1432 1806 1502 1862 quos
1522 1805 1658 1855 amamus,
1673 1788 1703 1842 in

57 1881 117 1932 arto
144 1883 171 1932 et
195 1881 470 1951 incomprebensibili,
498 1892 544 1940 aut
572 1893 645 1942 certe
673 1884 706 1939 de
729 1883 856 1954 simplici.
910 1884 978 1959 ipsis
993 1884 1112 1956 proiecto
1132 1882 1341 1956 requiescimus3
1366 1896 1382 1936 a
1404 1878 1503 1950 quibus
1521 1884 1612 1933 autern
1627 1891 1703 1931 arna-

57 1962 204 2060 Quomodo
236 1969 378 2039 reamabis,
412 1972 512 2040 anima,
537 1972 598 2030 vite
623 1982 676 2030 tuae
708 1973 857 2045 gratuitum
909 1991 981 2043 mur,
996 1973 1063 2044 ipsis
1078 1987 1128 2028 nos
1156 1969 1286 2026 innubis
1312 1967 1433 2038 requiem
1456 1980 1594 2037 paramus.
1617 1963 1703 2018 Porro

59 2050 229 2121 largitorem,
240 2052 418 2123 largissimum
433 2059 687 2128 administratorem,
702 2061 777 2134 pium
791 2075 857 2118 con·
910 2077 1003 2122 amare
1017 2062 1044 2118 in
1059 2063 1126 2131 Deo,
1147 2058 1304 2116 charitatem
1318 2057 1419 2112 habere
1435 2065 1492 2111 est:
1514 2052 1624 2109 studere
1638 2065 1704 2109 vere

57 2138 218 2208 solutorem,
228 2141 373 2198 sollicitum
401 2146 620 2218 gubematcrem,
650 2148 790 2219 copiosum
814 2164 857 2205 rc·
910 2151 995 2209 amari
1008 2156 1116 2222 propter
1139 2148 1237 2216 Deum,
1257 2146 1380 2203 charitati
1403 2142 1509 2199 servire
1523 2149 1575 2198 cst.
1592 2141 1703 2197 Utram-

59 2226 241 2296 demptorem,
251 2235 380 2287 aeternum
392 2241 621 2302 conservatorem,
633 2235 786 2304 ditatorem,
800 2237 858 2310 glo·
910 2259 962 2316 que
976 2249 1064 2304 teneo,
1080 2236 1252 2293 dilectionem
1266 2233 1328 2302 Dei,
1343 2241 1371 2290 et
1386 2231 1556 2288 dilectionem
1572 2229 1701 2302 proximi,

61 2311 228 2372 riiicatorem
242 2315 258 2375 i

376 2408 488 2467 CAPUT
502 2409 535 2466 V.

61 2528 64 2533 -
152 2496 191 2551 Dc
205 2493 347 2566 dignitate
359 2502 388 2554 et
400 2499 595 2569 praecellentia
603 2500 768 2559 claritatis.

909 2345 971 2386 cum
986 2335 1013 2385 te
1027 2342 1100 2390 amo,
1115 2323 1230 2381 Domine
1243 2324 1320 2393 lesu,
1340 2321 1388 2394 qui
1405 2334 1485 2376 mens
1508 2316 1648 2390 prosimus
1662 2332 1703 2386 es,

909 2416 1037 2491 quoniam
1065 2415 1146 2469 bomo
1174 2426 1215 2480 es,
1244 2417 1271 2466 et
1290 2408 1377 2464 iecisti
1406 2421 1513 2463 mecum
1540 2405 1701 2460 misericor-

909 2504 992 2570 diam,
1008 2512 1033 2557 er
1048 2497 1223 2555 nihilominus
1240 2513 1270 2554 es
1281 2511 1366 2567 super
1383 2492 1474 2551 omnia
1497 2494 1572 2550 Deus
1587 2490 1703 2547 benedi·
1801 2530 1803 2534 ε

62 2617 65 2621 ι
98 2574 142 2637 db.
158 2580 296 2638 charisma
309 2585 490 2656 peroptimum
505 2588 621 2643 charitas
636 2598 678 2646 εει
702 2588 783 2661 plane
810 2587 855 2643 iu·
910 2601 971 2648 ctus
984 2588 1012 2643 in
1027 2587 1137 2645 secula:

60 2669 254 2742 comparabile.
270 2672 393 2744 Denique
408 2674 536 2744 quidnam
551 2675 614 2731 huic
643 2675 856 2745 comparendum
1217 2673 1329 2730 CAPUT
1348 2670 1395 2728 Vl.

58 2766 196 2831 putamus,
227 2775 287 2831 (11¹ae
318 2761 371 2832 ipsi
397 2763 540 2832 praeiertur
568 2765 705 2836 martyrio.
730 2779 760 2820 uc
787 2763 855 2820 fidei
910 2772 947 2828 Dc
963 2771 1070 2826 notura
1084 2783 1133 2824 rec
1146 2765 1241 2822 indole
1257 2768 1286 2822 ct
1300 2767 1329 2821 ui
1338 2765 1398 2821 ocri
1407 2763 1523 2828 amoris,
1536 2764 1598 2818 turn
1613 2759 1705 2816 bomi-

59 2848 233 2902 transierenti
260 2855 388 2907 moutee‘?
411 2852 495 2908 Porro
515 2868 564 2924 per
585 2853 740 2908 charitatem
773 2854 854 2909 homo
992 2859 1118 2931 nitergo
1133 2857 1232 2924 Deum,
1249 2858 1311 2910 tum
1326 2849 1622 2923 Deierqobomincm.

57 2935 85 2991 in
102 2935 299 3001 Deo,etDeus
328 2940 478 2996 inbomine
501 2949 549 2997 est.
573 2941 643 3012 Quid
666 2942 739 2997 enim
753 2941 789 2998 ita
805 2924 892 3003 usit
944 2950 989 3002 28.
1004 2945 1134 3016 Flagrans
1157 2944 1305 3000 venemens
1329 2933 1703 3010 amorprasertimdiuinus,

58 3025 234 3081 ”mmm-⁹
260 3028 365 3098 Nempe
385 3037 413 3085 0¹
438 3029 513 3086 ⁰⁰⁰⁸
531 3038 582 3096 ⁰⁸¹,
612 3029 855 3087 Charitasliberta-
908 3051 971 3093 cum
983 3050 1013 3090 se
1023 3033 1093 3089 intra
1106 3048 1136 3087 se
1150 3031 1279 3088 cohibere
1292 3044 1346 3085 nou
1363 3027 1442 3094 valet,
1453 3042 1509 3082 non
1523 3023 1636 3082 attendit
1647 3037 1701 3096 quo

56 3113 216 3180 temdnnat,
234 3114 356 3171 timorem
374 3118 449 3188 pellit
460 3121 487 3188 (l
499 3123 579 3179 ioan.
596 3123 641 3188 tc,
658 3119 715 3190 ta),
733 3118 852 3177 laborem

46 3217 115 3258 non
135 3204 224 3274 sentit,
255 3206 380 3261 meritum
408 3222 461 3264 non
491 3212 629 3278 intuetur,
652 3208 765 3280 praemia
797 3224 853 3264 non

57 3291 173 3362 requirit
194 3309 201 3361 ;
216 3299 242 3348 et
257 3301 346 3349 tamen
360 3296 422 3366 plus
437 3297 564 3353 omnibus
579 3306 667 3372 urget.
688 3298 783 3352 Nullus
798 3301 853 3353 ter-

59 3379 158 3435 rcrsic
175 3381 314 3449 sollicitat,
344 3383 418 3439 nulla
447 3385 610 3457 praemissio
639 3384 763 3450 invitant,
779 3385 853 3440 nulla

55 3466 164 3537 justitia
192 3469 233 3525 sic
261 3471 353 3544 exigit.
374 3472 497 3528 Cbaritas
521 3488 576 3528 non
600 3475 697 3544 quaerit
721 3486 784 3543 quae
803 3487 853 3529 sua

58 3565 132 3614 sunt.
157 3558 280 3615 Charitas
308 3575 363 3616 uon
397 3561 527 3628 irritatur,
566 3575 619 3618 non
656 3560 850 3632 praecipitatur,

58 3662 198 3717 nunquam
226 3649 335 3718 excidit,
365 3666 419 3706 non
442 3651 471 3706 in
500 3651 605 3708 foveam
631 3648 717 3706 400
736 3649 802 3716 ruit,
824 3657 852 3706 et

56 3750 110 3808 pro
120 3735 227 3792 tributis
241 3738 320 3795 malis
330 3740 448 3795 cumulat
458 3738 576 3797 bona.0
591 3740 707 3797 ebaritas
722 3737 825 3809 patiens
842 3752 849 3794 :

57 3824 106 3879 sed
123 3828 349 3899 etcnmpatiens!
378 3829 502 3887 Charitas
522 3828 628 3901 patiens
649 3837 700 3898 est,
726 3826 849 3897 sullicit;

56 3911 232 3984 benignaest
251 3918 278 3985 (l
300 3919 362 3975 Cor.
387 3934 448 3985 rrrr,
474 3922 501 3985 c,
527 3923 554 3987 8,
580 3918 617 3991 d),
641 3917 765 3975 cumulus
786 3923 850 3976 est:

48 4001 292 4071 patienscharitas
317 4005 479 4068 dissimulat.
504 4014 636 4079 expectat,
660 4006 778 4063 sustinet
799 4006 851 4062 de-

55 4087 249 4156 linquentemr
272 4091 320 4144 sed
339 4092 457 4163 benigna
476 4094 567 4163 trabit,
588 4094 707 4161 adducit,
732 4092 852 4151 conuerti

908 3120 1014 3189 ordine,
1029 3132 1082 3191 qua
1096 3117 1167 3189 lege,
1183 3129 1272 3188 quare
1287 3113 1367 3178 serie,
1383 3127 1431 3167 seu
1446 3109 1581 3183 paucitate
1595 3108 1698 3164 verbo-

907 3224 965 3264 rum
982 3205 1102 3271 ebulliat,
1123 3202 1270 3257 dummodo
1294 3216 1329 3257 ea
1350 3200 1402 3257 hoc
1426 3199 1531 3253 nullum
1546 3195 1588 3252 sui
1602 3195 1702 3252 sentiat
1788 3245 1792 3249 Α

905 3294 1109 3353 detrimentum.
1125 3292 1264 3346 interdum
1284 3305 1334 3346 nec
1347 3289 1430 3344 verba
1446 3285 1568 3359 requirit,
1588 3300 1638 3340 nec
1652 3300 1702 3340 vo·

906 3401 953 3442 ces
967 3381 1077 3439 omnino
1091 3380 1171 3449 ullas,
1188 3377 1252 3435 solis
1273 3379 1307 3432 ad
1331 3377 1383 3432 hoc
1405 3381 1551 3430 contentus
1565 3370 1699 3441 suspiriis.

906 3475 992 3532 Amor
1006 3484 1138 3542 praeceps,
1153 3468 1310 3536 vehemens,
1325 3463 1455 3536 flagrans,
1471 3461 1635 3534 impetuose,
1652 3458 1700 3531 qui

906 3556 1005 3637 praeter
1020 3566 1047 3614 te
1060 3556 1133 3613 aliud
1156 3553 1277 3627 cogitare
1300 3567 1356 3609 non
1370 3550 1446 3617 sinis,
1469 3548 1574 3607 fastidis
1588 3554 1700 3615 caetera,

905 3647 1055 3710 contemnis
1068 3645 1161 3703 omnia
1173 3650 1271 3716 praeter
1285 3650 1320 3712 te,
1336 3652 1362 3699 te
1376 3647 1531 3697 contentus.
1548 3635 1699 3694 Coniundis

906 3739 1027 3807 ordines,
1043 3732 1198 3791 dissimulas
1213 3749 1302 3802 usum,
1326 3730 1437 3788 modum
1458 3728 1588 3803 ignoras:
1612 3733 1698 3782 totum

906 3827 981 3901 quod
1005 3821 1222 3897 opportunitatis,
1248 3818 1464 3894 quadrationis,
1489 3816 1562 3890 quod
1579 3814 1700 3887 pudoris,

906 3917 979 3992 quod
994 3914 1101 3973 consilii
1121 3910 1250 3983 judiciive
1271 3925 1331 3967 esse
1354 3908 1474 3979 videtur,
1498 3906 1648 3975 triumphas
1671 3903 1700 3960 in

906 4003 1058 4076 temetipso,
1082 4011 1108 4058 et
1134 3999 1234 4073 redigis
1264 4000 1293 4056 in
1315 3996 1508 4070 captiuitatem.
1537 3993 1649 4051 Frustra
1666 3992 1702 4048 ed

905 4093 1069 4152 audiendum
1096 4089 1276 4164 legendumve
1303 4086 1404 4144 amoris
1421 4101 1541 4151 carmen,
1573 4082 1620 4157 qui
1647 4097 1701 4139 non

56 4176 123 4233 iacit
136 4175 170 4229 ab
185 4191 286 4232 errore.
308 4178 429 4251 Benigne
442 4183 558 4238 ebaritas
580 4184 660 4239 etiam
683 4199 754 4256 quos
781 4183 850 4241 tole-
867 4199 890 4276 n
906 4189 979 4241 amat
996 4179 1118 4239 accedit:
1139 4177 1268 4252 quoniam
1291 4176 1403 4233 omnino
1426 4191 1480 4231 non
1495 4180 1586 4246 potest
1604 4187 1701 4243 capere

56 4274 100 4320 rat
113 4271 194 4331 amat,
208 4271 236 4320 et
250 4278 322 4321 amat
350 4268 488 4324 ardenter.
505 4269 564 4326 lilet
589 4271 688 4344 quippe
708 4272 847 4342 charitas3
906 4272 1022 4345 ignitum
1035 4267 1172 4340 eloquium
1191 4265 1321 4341 frigidum
1345 4271 1451 4338 pectus.
1471 4260 1615 4330 Quomodo
1629 4259 1701 4316 enim

57 4353 106 4409 aed
121 4367 155 4408 ex
178 4368 280 4420 amore,
297 4371 350 4411 nou
367 4372 493 4429 moerore,
518 4358 564 4413 llet
585 4373 619 4415 ex
637 4358 783 4428 desiderio,
805 4360 853 4416 tlet

57 4458 120 4499 cum
143 4440 271 4499 dentibus
284 4445 374 4515 (Rom.
390 4462 441 4512 mr,
457 4448 512 4519 lb).

96 4532 140 4585 rt.
155 4529 260 4588 Obona
274 4548 360 4591 mater
382 4535 507 4607 charitas,
533 4553 595 4610 qnae
615 4535 674 4594 siue
698 4534 786 4593 foueat
810 4535 853 4591 in·

57 4616 162 4688 firmos,
178 4619 235 4676 sive
249 4631 373 4679 exerceat
388 4630 540 4694 provectos,
566 4625 624 4681 siue
636 4630 732 4696 arguat
745 4623 853 4696 inquie-

57 4715 113 4803 tos,
138 4705 253 4766 diversis
279 4711 386 4769 diversa
408 4713 550 4782 exhibens,
575 4713 646 4772 sicut
670 4712 740 4768 filios
762 4711 853 4788 diligit

57 4808 212 4851 universos.
241 4799 309 4855 Cum
333 4807 359 4855 te
377 4801 476 4873 arguit,
501 4802 574 4859 milis
595 4811 637 4859 est
649 4820 656 4866 ς
669 4817 732 4857 cum
747 4800 854 4857 blandi·

56 4891 113 4951 tur,
129 4882 242 4955 simplex
256 4896 314 4944 est:
331 4889 376 4960 pie
390 4890 461 4948 solet
484 4891 590 4958 sevire,
611 4892 670 4948 sine
697 4890 760 4948 dolo
778 4890 853 4946 mul-

55 4987 143 5041 cero;
179 4976 310 5047 patienter
336 4978 409 5035 novit
427 4980 518 5048 irasci,
540 4980 677 5039 humiliter
695 4980 850 5055 indignari;

55 5061 123 5118 laesa
145 5078 199 5119 non
223 5074 398 5139 prouocatur,
422 5078 514 5140 spreta
529 5078 647 5129 revocat.
662 5070 853 5140 lpsaestauim

55 5149 198 5206 bominum
213 5162 299 5210 mater
313 5164 340 5212 et
352 5158 522 5230 angelorum.
553 5159 613 5216 Non
636 5159 725 5215 solum
747 5174 808 5230 qne
826 5158 855 5215 in

55 5238 140 5295 terris
153 5249 225 5311 sunt,
242 5244 287 5298 sed
303 5247 388 5301 etiam
403 5261 465 5318 quae
480 5246 507 5302 in
535 5246 612 5304 coelis
630 5253 705 5312 sunt,
726 5246 855 5319 pacifica-

23 5355 26 5358 ·
54 5326 98 5385 vit
109 5327 224 5400 (Colore.
240 5348 261 5400 1,
276 5335 334 5403 au).
350 5334 412 5404 ipsa
426 5344 468 5392 est
486 5351 552 5408 quae
567 5336 653 5391 Deum
669 5334 769 5390 bomini
799 5337 856 5405 pla·

52 5431 134 5485 caus,
155 5420 291 5480 bominem
318 5425 373 5481 Deo
401 5423 592 5482 reconciliarit.
621 5422 764 5480 charitatis
793 5439 857 5494 pru·

50 5505 133 5567 tecto
156 5508 256 5567 damna
285 5521 351 5571 sunt
371 5513 498 5572 scandala
513 5513 684 5588 pusillorum.
704 5514 762 5571 Nec
783 5511 856 5571 enim

905 4376 993 4436 graeca
1008 4361 1165 4431 loquentem
1181 4370 1234 4424 non
1248 4352 1375 4424 intelligit
1388 4350 1563 4425 quigraecum
1579 4363 1632 4403 non
1647 4362 1700 4404 uo-

904 4448 953 4516 uit,
969 4462 1020 4503 nec
1035 4445 1118 4501 latine
1134 4444 1288 4514 loquentem
1304 4440 1350 4511 qui
1364 4438 1462 4494 latinus
1480 4453 1533 4494 non
1560 4443 1612 4501 est,
1625 4443 1651 4491 et
1664 4435 1702 4491 ita

906 4537 941 4593 de
953 4534 1078 4593 celeris:
1095 4532 1134 4588 sic
1147 4531 1240 4602 lingua
1253 4527 1355 4585 amoris
1368 4526 1394 4583 ei
1409 4526 1456 4601 qui
1465 4541 1524 4583 non
1538 4531 1620 4594 amat,
1636 4523 1701 4578 bar-

907 4624 972 4679 bara
986 4622 1051 4689 erit;
1066 4620 1119 4677 erit
1132 4618 1202 4677 sicut
1216 4634 1255 4675 aes
1279 4631 1388 4686 sonans,
1410 4623 1456 4672 aut
1474 4615 1630 4689 cymbalum
1649 4615 1702 4670 tin-

906 4711 984 4769 niens
998 4709 1026 4781 (l
1037 4712 1098 4768 dor.
1113 4724 1175 4778 xrn,
1192 4710 1230 4779 l).
1245 4711 1330 4764 Amor
1350 4705 1531 4764 reverentiam
1545 4704 1649 4775 nescit;
1667 4704 1702 4760 ab

907 4799 1024 4858 amando
1038 4799 1142 4872 quippe
1155 4813 1241 4867 amor,
1254 4813 1308 4854 non
1324 4798 1359 4852 ab
1370 4795 1530 4854 honorando
1545 4792 1702 4852 denomina-
1798 4788 1806 4806 “

908 4899 962 4948 tur.
978 4892 1182 4967 Honoretsane
1197 4887 1242 4961 qui
1265 4888 1367 4954 horret,
1393 4885 1440 4958 qui
1461 4891 1561 4960 stupet,
1579 4883 1625 4957 qui
1640 4897 1702 4937 me-

909 4979 968 5047 tuit,
985 4979 1032 5053 qui
1051 4977 1173 5034 miratur.
1190 4979 1293 5035 Vacant
1315 4978 1373 5035 baec
1396 4974 1486 5033 omnia
1499 4989 1587 5047 penes
1608 4986 1703 5026 aman·

908 5078 978 5136 tem;
1008 5076 1153 5140 propterea
1177 5065 1224 5140 qui
1252 5080 1343 5121 amare
1370 5072 1453 5130 amat,
1484 5070 1511 5118 et
1534 5060 1605 5116 alind
1630 5059 1705 5114 norit

909 5158 987 5215 nihil.
1002 5160 1065 5231 Ipse
1076 5158 1124 5230 qui
1138 5154 1246 5226 honori,
1262 5152 1358 5210 merito
1370 5160 1397 5208 et
1407 5150 1520 5224 stupori,
1533 5155 1560 5205 et
1576 5148 1703 5204 miraculo

908 5256 960 5317 est,
977 5245 1062 5302 amari
1077 5252 1168 5301 tamen
1188 5242 1250 5312 plus
1270 5249 1352 5298 emat.
1366 5238 1459 5310 Exigit
1483 5238 1558 5292 Deus
1572 5235 1661 5293 umeri
1675 5242 1705 5291 ut

909 5335 1053 5405 Dominus,
1067 5331 1194 5389 honorari
1217 5340 1247 5385 ut
1267 5334 1354 5400 pater,
1380 5338 1407 5383 et
1430 5335 1458 5382 ut
1477 5323 1703 5398 sponsusamari.

910 5423 1022 5497 Quidin
1044 5421 1086 5479 bis
1104 5425 1223 5493 praestat,
1242 5417 1307 5490 quid
1329 5414 1453 5474 eminet?
1481 5429 1579 5485 nempe
1603 5414 1704 5474 timort

911 5514 992 5571 absit
1003 5514 1073 5571 boc:
1089 5518 1117 5568 et
1134 5509 1215 5567 timor
1228 5522 1340 5582 poeuam
1353 5506 1436 5564 babet
1454 5506 1479 5577 (l
1492 5506 1573 5565 doen.
1589 5521 1628 5575 ru,
1647 5505 1704 5576 ts).
