3706 5962
163 223 233 283 1039
728 217 836 281 suado
854 218 888 280 lu
907 215 1015 277 VERBA
1032 216 1222 278 savientia.
1739 206 1808 268 tolo

162 347 278 404 motibus
296 362 350 412 non
374 345 539 401 consentIre.
556 348 605 401 ιιι
620 346 739 401 existens
759 346 786 399 in
803 345 892 401 medio
907 344 956 401 do·
970 359 994 438 Α
1010 343 1137 414 facultas,
1151 340 1264 397 interior
1277 347 1319 396 est
1347 339 1456 411 propriu
1471 336 1607 393 voluntas.
1623 334 1808 392 Saecularibus

162 452 232 506 mus,
262 436 386 492 deorsum
417 433 567 499 luxurioso,
609 450 714 488 sursum
753 451 815 491 vero
842 434 957 490 collatus
1012 433 1185 489 facultatibus
1213 428 1418 491 abrenuntiasti,
1448 427 1540 482 exiens
1558 425 1591 480 nd
1610 424 1710 481 lesum
1735 434 1808 481 extra

161 506 272 597 pudico,
298 525 346 579 etsi
374 537 428 578 non
453 522 479 575 ia
500 520 633 576 munditia
663 521 752 576 carnis
776 521 956 593 perambulat,
1010 529 1099 579 castra
1118 520 1198 589 buius
1211 516 1312 574 seculi.
1332 515 1428 571 Adhuc
1440 523 1530 570 ιιιιιιιι
1545 513 1632 582 radis,
1647 517 1676 567 et
1692 520 1809 568 vetusta·

163 621 251 669 tamen
271 612 299 666 in
317 610 471 666 innocentia
497 608 589 665 cordis
608 610 732 666 decantat
747 609 957 667 misericordiam
1011 613 1045 667 tis
1060 617 1112 665 ιιι
1127 607 1243 664 tenebris
1261 605 1415 672 obvolutus,
1443 603 1562 676 propriae
1588 602 1745 658 voluntatis⁴
1759 609 1809 657 tna

162 699 339 772 etjndicium.
359 697 504 767 iudicium,
525 699 597 768 qnod
622 706 712 755 motus
735 698 833 754 sentiat
850 715 857 767 ;
873 698 957 754 mise·
1010 699 1105 754 vitium
1128 712 1182 752 non
1197 694 1378 760 intellexeras,
1393 707 1454 765 quae
1468 689 1590 764 proiecto
1604 704 1658 746 non
1680 689 1811 761 relinqui·

163 788 314 854 ricordiam,
326 785 397 859 quod
409 784 526 841 motibus
541 801 593 842 non
607 785 766 844 consentiat.
783 786 837 843 lete
861 787 958 842 nolens
1011 797 1064 856 tur,
1079 787 1184 859 quotics
1199 783 1228 838 bt
1242 782 1357 841 exterior
1370 779 1579 837 abrenuntiatio.
1595 777 1685 837 Citins
1695 779 1769 834 enim
1784 784 1811 834 et

164 878 300 932 dimittere
316 875 450 946 angelum
477 874 566 945 magni
583 873 686 930 consilii
702 875 847 944 incipiente
861 889 958 931 aurora
1011 877 1097 933 levius
1106 874 1269 946 relinquitur
1279 871 1401 939 incultas,
1414 886 1494 944 quam
1508 868 1642 941 cupiditas
1657 867 1812 927 amittatur.

167 981 241 1023 novae
251 965 328 1031 lucis,
341 963 386 1018 scd
402 971 499 1032 patens
521 963 620 1018 obnixe
643 962 855 1019 benedictionem
869 976 959 1033 perse·
1011 965 1089 1022 Unde
1102 964 1233 1020 Dominus
1246 976 1299 1016 non
1325 974 1502 1034 quoscunque
1516 973 1663 1031 pauperes,
1680 957 1730 1012 sed
1746 971 1811 1026 ριιι·

163 1055 300 1118 vemntiae,
317 1051 367 1108 etsi
381 1066 433 1105 non
449 1051 558 1107 omnino
573 1051 684 1121 privari,
700 1051 852 1107 claudicare
871 1058 958 1105 tantm
1011 1069 1092 1126 peres
1107 1052 1203 1126 spiritu
1213 1050 1277 1107 dicit
1287 1065 1346 1105 esse
1358 1049 1450 1104 beatos
1459 1047 1561 1120 (detti
1575 1062 1619 1113 .v,
1629 1045 1669 1118 3).
1684 1043 1739 1114 Qui
1748 1052 1810 1100 sunt

162 1149 283 1198 meretur
295 1141 378 1196 altero
392 1140 459 1210 pede
473 1138 553 1210 (Gen.
570 1141 783 1210 auarum-2).
804 1139 874 1210 Quid
897 1146 959 1195 sunt
1011 1141 1142 1199 illilNon
1157 1155 1251 1196 omnes
1274 1138 1370 1210 ntique
1395 1138 1442 1211 qni
1455 1136 1565 1206 habent,
1594 1135 1643 1192 sed
1658 1135 1707 1205 qni
1723 1143 1813 1191 amant

162 1232 217 1287 dno
233 1230 339 1300 podes‘l
354 1229 441 1284 llotus
464 1228 575 1296 sentire,
604 1236 631 1282 et
652 1227 770 1286 mitibus
793 1227 957 1284 consentire.
1013 1239 1204 1303 paupertatem.
1227 1242 1232 1247 ·

162 1316 232 1373 lllud
256 1324 296 1374 est
314 1316 444 1387 naturale,
466 1316 535 1371 istud
562 1324 603 1372 est
625 1317 775 1375 criminale.
800 1316 875 1372 licet
894 1330 959 1389 ergo
1049 1321 1093 1376 ιι.
1109 1320 1286 1391 Parumergo
1300 1316 1420 1382 omnino,
1436 1315 1490 1369 imo
1519 1313 1583 1369 nihil
1598 1312 1714 1385 prodest
1739 1319 1811 1368 este·

162 1407 281 1463 nondum
295 1407 423 1480 ignorare
437 1406 521 1476 possit
535 1421 633 1476 pravos
646 1413 736 1462 motus
749 1403 958 1472 desideriorum,
1013 1408 1069 1464 rior
1090 1405 1288 1463 abrenuntiatio
1313 1406 1371 1460 sine
1389 1403 1512 1459 interiori
1534 1402 1577 1458 vel
1591 1401 1753 1467 comitante,
1772 1401 1811 1458 vel

164 1497 210 1552 sed
221 1498 309 1552 adhuc
319 1495 346 1550 iu
357 1493 417 1566 ipso
427 1495 517 1566 vigeat
527 1511 575 1566 pes
588 1493 639 1549 iste
654 1513 663 1562 ;
676 1510 726 1565 per
742 1493 857 1567 gratiam
871 1500 960 1548 tamen
1021 1497 1211 1568 subsequente.
1237 1493 1348 1566 Propria
1367 1491 1503 1566 siquidem
1517 1490 1644 1548 volantes
1658 1492 1749 1547 Denm
1764 1489 1813 1544 im·

167 1601 291 1656 supernae
323 1582 523 1640 benedictionis
547 1585 585 1637 ita
611 1589 756 1640 enervatur
782 1582 894 1654 inipso
919 1597 967 1652 pes
1021 1592 1132 1660 pugnat,
1149 1582 1394 1641 etadversnseum
1417 1579 1562 1638 extollitur.
1592 1580 1657 1650 ipsa
1685 1586 1728 1634 est
1754 1592 1813 1651 qna

162 1665 324 1737 consensus,
339 1684 476 1742 quatenus
489 1671 538 1727 etsi
558 1671 616 1741 ipse
630 1673 728 1739 trabat,
744 1669 796 1742 ipsi
811 1681 899 1727 tamen
917 1669 963 1724 iu·
1019 1673 1173 1744 paradisum
1187 1670 1295 1743 spoliat,
1323 1676 1350 1725 et
1363 1669 1431 1725 ditat
1443 1667 1579 1724 iniemnm
1597 1684 1605 1721 ε
1621 1680 1690 1739 quas
1702 1665 1814 1738 sangui·

162 1761 211 1817 niti
225 1775 281 1816 non
295 1762 391 1831 possit.
406 1760 467 1813 Noa
487 1767 528 1813 est
558 1759 669 1815 omnino
695 1760 753 1814 sine
768 1774 810 1828 eo,
825 1759 962 1831 quiscum
1016 1777 1079 1818 nern
1108 1760 1207 1817 Christi
1237 1767 1361 1825 evacuat,
1391 1764 1418 1813 et
1445 1756 1541 1813 ditioni
1562 1755 1665 1812 diaboli
1689 1753 1816 1827 subjugat

163 1847 302 1919 repentina
327 1847 494 1919 cogitatione
516 1848 653 1903 concurrit
676 1846 812 1903 multoties
839 1847 962 1918 quaedam
1015 1850 1158 1906 mnndum.
1173 1848 1242 1906 Vide
1252 1847 1369 1919 qualiter
1383 1846 1492 1918 propria
1513 1842 1641 1903 voluntas
1656 1844 1816 1900 advemtn

162 1935 307 1994 delectatio
326 1952 332 1989 :
350 1950 411 2006 quae
426 1941 516 1989 tamen
531 1950 591 1991 oum
607 1935 734 2004 sentitur,
756 1935 887 2010 gemitum
899 1951 961 1990 maa
1016 1940 1174 1997 Deo.Nemo
1187 1946 1279 2011 potest
1288 1937 1395 1994 duobus
1404 1932 1523 1991 dominis
1536 1933 1639 1991 servire
1650 1932 1767 2005 (aneta
1777 1946 1814 2000 va,

162 2024 205 2098 gis
218 2040 298 2097 quam
313 2038 475 2080 consensum
490 2029 640 2095 extorquet.
694 2088 695 2091 Ἴ
1016 2031 1073 2102 ιι).
1089 2031 1150 2085 Non
1165 2025 1265 2101 poteris
1275 2025 1388 2083 obedire
1403 2024 1482 2081 simul
1493 2033 1522 2081 et
1534 2021 1646 2093 divina,
1661 2029 1691 2079 ιι
1699 2021 1816 2095 propria

199 2117 243 2168 ιι.
258 2112 371 2169 lnveoto
386 2112 543 2182 hujusmodi
564 2113 693 2169 thesauro
712 2112 740 2168 in
756 2128 821 2187 agro
840 2129 962 2186 pauper·
1017 2117 1157 2176 voluntati.
1168 2117 1198 2172 Si
1211 2117 1282 2173 enim
1296 2115 1475 2172 voluntastua
1489 2110 1623 2169 voluntati
1637 2111 1742 2167 divinae
1754 2123 1816 2167 oon·

163 2202 236 2269 tatis,
264 2210 294 2257 ut
321 2202 349 2256 in
378 2208 449 2256 tuoni
478 2203 620 2258 thesaurus
646 2201 787 2274 redigatur
813 2203 963 2274 possessio-
1017 2208 1122 2278 cordat,
1132 2207 1254 2276 jamnon
1268 2203 1509 2277 propriavoluntas
1520 2209 1570 2267 est,
1584 2198 1816 2257 sedcommnnis:

163 2306 237 2355 nem,
247 2288 316 2345 vade
330 2298 357 2344 et
369 2289 454 2346 vende
470 2291 560 2346 omnia
575 2305 636 2362 quae
650 2291 745 2358 babes,
756 2300 784 2347 et
797 2306 856 2347 eme
866 2306 962 2364 agrum
1018 2312 1072 2352 non
1083 2303 1184 2351 tantum
1195 2301 1236 2350 est
1246 2292 1374 2358 hominis,
1385 2292 1434 2347 sed
1444 2289 1563 2347 bominis
1574 2289 1672 2347 etllei.
1682 2288 1817 2346 Caeterum

163 2380 249 2434 illum.
263 2377 334 2448 Quid
349 2384 399 2448 est,
412 2379 498 2434 vende
510 2378 600 2435 omnia
615 2395 675 2450 qnae
700 2380 782 2436 babes
797 2379 963 2437 idbrcnun-
1017 2383 1148 2444 voluntati
1161 2383 1211 2440 Dei
1229 2399 1261 2439 ιιι
1277 2380 1368 2438 debito
1383 2380 1526 2438 creationis
1540 2390 1594 2436 ιιι
1618 2379 1775 2436 umato
1789 2394 1817 2434 es

162 2458 200 2523 ιιι
214 2465 340 2523 omnibus
354 2482 416 2539 quae
429 2466 552 2539 possides
568 2488 576 2536 3
592 2466 686 2524 exiens
706 2469 741 2523 ad
768 2469 859 2524 iesum
887 2476 963 2524 eitra
1017 2473 1162 2531 obnoxius.
1179 2471 1292 2541 Quare?
1311 2469 1381 2538 Quia
1395 2470 1451 2526 sola
1473 2468 1600 2525 voluntas
1614 2469 1666 2524 liei
1681 2483 1767 2525 rann
1779 2481 1817 2522 est

159 2563 259 2628 casua,
271 2564 300 2611 ut
317 2563 409 2627 portes
429 2555 624 2626 improperium
638 2557 728 2613 crucis
750 2560 809 2627 ejus
831 2564 964 2629 quatenus
1018 2578 1102 2635 quare
1116 2561 1246 2619 creaverit
1261 2567 1287 2616 et
1302 2557 1466 2617 recreaverit
1481 2566 1507 2613 te
1519 2556 1604 2622 Dens,
1619 2558 1692 2613 sicut
1704 2555 1744 2613 sit
1755 2571 1818 2629 apo

163 2650 243 2699 tantae
258 2643 415 2699 humilitatis
429 2645 526 2699 merito
540 2644 574 2699 de
600 2661 710 2701 nemore
729 2646 832 2714 esicus,
856 2646 884 2700 in
909 2663 962 2718 quo
1016 2650 1239 2707 stolnslacobus:
1257 2647 1419 2704 Voluntaria
1428 2647 1586 2718 pensitans
1595 2645 1678 2702 verbo
1687 2645 1818 2703 veritalis

160 2729 291 2808 involutae
306 2739 370 2786 sunt
383 2731 487 2786 semitae
506 2730 652 2801 impiorum
668 2735 713 2805 qui
729 2734 756 2788 in
772 2733 887 2789 circuitu
901 2750 961 2789 am·
1018 2737 1077 2807 (icc
1091 2752 1111 2803 1,
1128 2738 1183 2805 ιδ).
1199 2735 1293 2791 Facies
1311 2733 1383 2806 quod
1396 2732 1478 2789 debes
1496 2731 1561 2788 dum
1577 2732 1725 2791 obedisei.
1741 2732 1818 2788 bebi

161 2819 255 2877 bulant
283 2819 370 2889 (Psoi.
384 2835 421 2891 si,
449 2821 486 2889 9),
504 2834 601 2890 agrum
620 2836 700 2889 quern
714 2822 891 2892 prediximus
903 2839 966 2895 pos·
981 2796 1004 2875 Β
1019 2836 1076 2884 vum
1096 2825 1178 2880 ctiam
1193 2823 1299 2878 virtutis
1312 2838 1426 2895 pensum
1440 2820 1555 2877 fideliter
1582 2821 1733 2893 persolvis,
1758 2837 1817 2880 cnm

161 2907 261 2974 sidens,
278 2907 369 2979 inquo
393 2907 507 2976 abjectis
529 2909 754 2980 occupationibus
776 2912 902 2983 curisque
916 2928 967 2967 sae-
1019 2918 1078 2986 ejus
1091 2914 1254 2971 voluntatem
1284 2919 1312 2968 et
1328 2911 1409 2968 babes
1424 2912 1450 2966 in
1477 2909 1622 2976 desiderio,
1637 2920 1664 2967 el
1680 2925 1781 2968 servas
1793 2911 1818 2967 ιι

162 2993 309 3061 sularibus,
338 3008 452 3064 corpore
487 2995 652 3066 composito,
681 3006 708 3052 et
733 2999 816 3055 corde
843 3001 962 3068 dilatato,
1018 3002 1160 3074 obsequio.
1173 3002 1243 3057 Ecce
1265 3009 1355 3056 autem
1370 2998 1479 3055 fallente
1507 2998 1611 3054 diabolo
1640 3005 1668 3053 et
1683 3000 1819 3055 sensibus

162 3096 258 3138 cirrras
284 3082 375 3137 alacer
399 3082 468 3137 viam
493 3082 682 3139 mandatorum
701 3086 760 3152 Dei,
779 3103 840 3158 qnae
854 3088 963 3159 quidem
1018 3090 1072 3145 tuis
1084 3089 1184 3146 saeculo
1199 3089 1377 3158 lenocinante,
1389 3086 1422 3141 ad
1434 3100 1468 3142 ea
1482 3101 1544 3157 quta
1555 3083 1619 3141 ioris
1630 3086 1818 3142 sententiose

163 3170 428 3226 aesiderabiliaaunt
444 3178 471 3225 et
485 3171 608 3228 dulciora
624 3189 707 3243 super
730 3174 783 3230 mel
807 3185 834 3232 et
860 3175 962 3236 favum.
1017 3176 1168 3250 egrederis,
1182 3176 1215 3232 ad
1230 3191 1344 3248 qnoruui
1374 3174 1580 3231 delectationem
1607 3171 1676 3229 dam
1697 3175 1817 3244 propria

162 3259 278 3329 Quare?
304 3259 373 3329 Quia
401 3259 429 3313 in
453 3260 640 3317 custodiendis
655 3260 708 3317 illis
723 3264 865 3321 retributio
880 3265 963 3321 multe
1015 3266 1162 3325 voluntatis
1186 3264 1328 3322 attraheris
1356 3261 1584 3334 concupiscentia,
1610 3261 1816 3332 quodammodo

157 3348 248 3425 iPsol.
265 3363 349 3415 xviri,
368 3350 410 3413 ιι,
430 3350 485 3414 ιι).
503 3347 586 3405 Ριιιι
601 3349 694 3418 nauita,
710 3351 773 3422 quia
787 3353 963 3411 custodienti·
1016 3355 1189 3411 abrenuntias
1202 3354 1272 3421 Deo,
1286 3369 1317 3409 ao
1331 3353 1353 3409 si
1369 3353 1506 3425 abnegans
1521 3350 1718 3407 diceres:an
1731 3366 1816 3424 nsque

160 3438 213 3493 bus
236 3453 267 3494 ea
283 3435 399 3492 debetur
412 3435 464 3492 vita
479 3447 589 3493 aeterna.
607 3439 685 3495 Unde
697 3440 825 3497 Veritas:
852 3443 882 3499 Si
909 3446 960 3512 nis,
1015 3453 1043 3501 te
1061 3444 1145 3511 colui,
1162 3443 1327 3500 voluntatem
1353 3449 1428 3497 tuam
1456 3440 1521 3507 feci,
1544 3439 1593 3494 sed
1608 3439 1713 3495 nubam
1732 3439 1761 3495 ia
1775 3454 1815 3494 me

158 3520 259 3603 inquit,
269 3527 364 3582 venire
374 3524 410 3579 nd
423 3527 522 3593 uitam,
534 3543 613 3584 seron
628 3528 766 3586 mandata
775 3531 886 3599 (Mettis.
898 3546 958 3600 arx,
1015 3533 1143 3604 deinceps
1157 3532 1259 3588 habeas
1272 3529 1408 3597 fiduciam,
1424 3529 1488 3601 quia
1511 3528 1557 3583 alii
1571 3528 1686 3585 domino
1702 3530 1811 3592 uariae,

161 3615 217 3684 ιι).
233 3616 263 3668 ln
277 3615 331 3668 hoc
339 3615 425 3686 gradu
444 3615 630 3684 continentiae,
645 3617 673 3671 in
688 3633 742 3690 quo
753 3618 875 3676 refrenas
888 3620 960 3692 quod
1006 3620 1149 3694 ‚fidemque
1164 3636 1274 3677 servare
1289 3618 1431 3691 proposui.
1450 3619 1519 3674 Ecce
1534 3616 1654 3689 propriae
1668 3617 1812 3675 voluntatis

160 3700 286 3770 delectat,
302 3711 329 3757 ιι
343 3702 415 3774 quod
430 3719 483 3761 non
499 3698 614 3760 delectat
638 3707 769 3776 operaris,
797 3724 893 3780 magna
912 3708 960 3763 tibi
1014 3712 1156 3785 iniquitate
1167 3709 1308 3782 abnegasti
1322 3709 1409 3765 Deum
1425 3716 1499 3763 tuum
1515 3724 1522 3761 ι
1538 3706 1587 3785 sed
1601 3706 1724 3763 neodm
1737 3706 1810 3763 ιιιιιι-

160 3787 292 3844 iucumbit
307 3789 443 3846 tribulatio
459 3810 467 3860 3
482 3793 625 3864 quiedam
648 3795 777 3851 voluntati
809 3805 862 3852 tute
877 3814 958 3868 repu-
1014 3802 1050 3857 cit
1065 3800 1112 3857 tibi
1140 3799 1199 3872 ipsa
1231 3797 1356 3870 negatio,
1384 3796 1450 3870 quin
1476 3797 1530 3852 imo
1559 3795 1811 3868 impudentissimus

160 3876 226 3949 gna't
241 3877 319 3943 ratio,
331 3878 433 3932 bellum
448 3880 550 3949 geritur
565 3880 734 3939 intestinum.
745 3885 809 3939 Noli
819 3901 885 3958 ergo
905 3896 959 3944 tor·
1015 3890 1108 3961 praedo
1123 3891 1321 3957 subsequenter
1335 3885 1457 3957 elicotns,
1482 3885 1512 3940 in
1539 3886 1731 3955 possessiones
1757 3887 1811 3955 ejas

161 3978 237 4035 pore,
252 3963 300 4018 sed
314 3963 390 4043 leves
408 3965 503 4022 oculos
527 3977 588 4023 tuos
602 3973 635 4022 ad
661 3985 723 4026 eum
738 3972 785 4043 qui
804 3974 905 4030 habitat
931 3975 957 4030 in
1012 3979 1145 4036 violenter
1172 3975 1355 4043 debaccharis,
1385 3983 1439 4030 tam
1464 3974 1598 4031 alimentis
1626 3990 1712 4047 qnam
1735 3973 1810 4030 indn-

162 4051 347 4125 eoelis‚aquo
361 4053 451 4110 veniet
465 4054 666 4126 tibiauxilinm,
686 4066 781 4114 utnon
796 4060 883 4123 solum
903 4078 962 4132 per·
977 4077 1000 4155 ὓ
1017 4066 1126 4133 mentis,
1154 4080 1215 4137 qnae
1243 4064 1403 4137 praepararit
1429 4078 1481 4119 non
1504 4061 1744 4134 contemptoribus
1766 4060 1810 4117 scd

161 4155 283 4212 maneas,
292 4142 342 4199 sed
352 4141 433 4197 etiam
450 4142 577 4224 glorieris
592 4144 619 4198 in
637 4145 861 4205 tribulationibus.
880 4150 960 4220 Quod
1016 4153 1192 4213 servitoribus
1206 4153 1274 4222 suis,
1290 4154 1324 4208 ad
1340 4162 1418 4208 ιιιιιιι
1445 4151 1593 4222 maiestatis
1615 4150 1749 4222 injuriam
1762 4152 1808 4207 im·

161 4238 251 4286 lamen
267 4230 345 4285 aliter
359 4247 415 4286 non
425 4229 464 4304 fit,
480 4233 535 4289 nisi
551 4233 598 4288 libi
612 4237 698 4305 sapiat
711 4236 794 4293 Deus.
1015 4243 1147 4314 pudenter
1160 4242 1286 4297 abutens.
1302 4241 1330 4297 Si
1345 4241 1372 4296 in
1389 4240 1555 4298 monasterio
1573 4254 1615 4309 es,
1640 4240 1713 4297 nibil
1726 4254 1809 4297 come·

196 4322 239 4378 13,
269 4318 383 4388 Quaeras
409 4336 474 4392 ergo
503 4337 612 4378 neccsse
641 4331 668 4379 et
704 4326 875 4396 sapientiam,
910 4345 960 4402 per
1013 4331 1068 4397 dis,
1081 4331 1147 4386 nihil
1161 4329 1242 4395 bibis,
1255 4328 1329 4386 nullo
1351 4329 1481 4399 indueris,
1496 4327 1569 4402 quod
1584 4327 1663 4400 prius
1689 4343 1748 4387 non
1768 4344 1809 4385 m·

156 4421 240 4477 qnam
254 4406 302 4463 tibi
324 4407 411 4478 sapiat
432 4409 517 4480 Dens,
542 4417 569 4464 et
594 4413 713 4469 mundus
736 4415 873 4488 desipiat:
898 4434 959 4491 quae
1013 4418 1084 4475 ieras
1098 4437 1108 4476 ι
1123 4419 1241 4491 dumque
1249 4417 1284 4473 de
1298 4417 1416 4473 sacrario
1431 4416 1554 4473 victualia
1572 4415 1656 4487 rapis,
1666 4416 1808 4475 turoam

154 4495 205 4570 per
219 4496 365 4568 pretiosam
380 4497 503 4569 signatur
515 4501 689 4574 margaritam
705 4522 712 4572 ;
738 4520 820 4577 qnam
848 4507 895 4580 qui
917 4511 959 4563 in·
1011 4507 1183 4580 sacrilegium
1195 4507 1298 4580 jungis.
1311 4506 1427 4562 Aca-edis
1442 4514 1531 4561 ιιιιιιιι
1550 4504 1584 4560 ad
1603 4505 1706 4576 altare,
1722 4513 1751 4563 ιι
1764 4506 1809 4561 llo

153 4583 231 4641 veuit
245 4585 337 4651 bomo,
352 4585 435 4652 vadit,
452 4598 479 4641 et
492 4587 587 4643 vendit
603 4589 731 4648 universa
745 4609 807 4664 quae
816 4594 905 4662 babet,
929 4607 957 4653 et
1009 4598 1137 4653 niiuioum
1152 4605 1292 4667 corpuset
1322 4595 1480 4669 sauguinem
1510 4602 1640 4659 tractans,
1655 4594 1807 4651 nibiiiate

154 4672 221 4728 emit
243 4687 301 4727 cani
327 4674 437 4744 (linitis.
452 4690 514 4741 aris,
531 4679 576 4742 lb,
592 4679 651 4748 lo).
664 4681 772 4736 Utinam
791 4695 915 4755 gustares
929 4697 957 4743 et
1009 4686 1147 4743 criminale
1162 4686 1266 4757 reperis
1288 4701 1295 4741 :
1311 4685 1368 4756 qui,
1384 4686 1406 4738 si
1420 4684 1517 4741 veritas
1532 4683 1673 4739 subtiliter
1699 4684 1806 4757 indaga·

153 4760 269 4816 sentires
295 4777 375 4832 quam
393 4763 482 4818 dulcis
493 4772 534 4820 est
549 4766 696 4824 Dominus!
715 4772 817 4827 utinam
831 4783 956 4847 gustares
1010 4781 1063 4842 tur,
1079 4773 1165 4828 Deum
1189 4788 1303 4845 negasse
1320 4773 1501 4843 convinceris,
1530 4788 1561 4828 ao
1583 4771 1656 4827 latro
1689 4770 1807 4846 probaris

155 4842 239 4905 208
270 4864 368 4919 panem
401 4849 448 4921 qni
479 4854 512 4905 de
540 4850 609 4907 coelo
636 4857 783 4926 descendit,
810 4861 953 4918 lubentem
1008 4861 1209 4934 acsacrilegus.
1237 4860 1368 4934 Sequitur
1391 4862 1510 4930 tertium,
1527 4861 1600 4933 quod
1615 4861 1805 4933 gravissi-nm

150 4952 231 4994 otiien
255 4937 483 4992 delectamentum
506 4948 532 4994 ιι
556 4941 716 4998 suavitatem
736 4947 859 5017 saporis!
875 4950 952 5023 (Sap.
1006 4961 1066 5007 est:
1083 4964 1164 5021 quem
1178 4951 1328 5024 abnegasti,
1353 4967 1433 5021 quem
1447 4949 1620 5022 depraedatus
1640 4964 1685 5020 es,
1699 4946 1805 5006 adulti·

148 5044 206 5091 avi,
234 5029 292 5096 ιο.)
323 5026 446 5081 Proiecto
470 5027 492 5080 si
525 5033 589 5099 qnid
611 5029 733 5101 haberes,
758 5036 900 5105 venderes,
924 5051 951 5098 ct
1007 5055 1081 5096 mum
1101 5039 1351 5097 molirisoceidere.
1378 5041 1541 5097 Permanens
1560 5040 1633 5096 enini
1658 5040 1692 5096 ιιι
1712 5037 1804 5110 iniqni-

148 5121 320 5189 comparares
334 5114 488 5184 camonia!
502 5132 588 5172 tornea
601 5117 685 5176 habes
696 5122 826 5196 vendere,
837 5127 949 5196 quiom-
1006 5135 1069 5199 tate,
1086 5137 1141 5199 tua,
1167 5136 1304 5201 peccatum
1333 5139 1408 5186 tuum
1437 5131 1552 5186 visesse
1577 5129 1760 5201 impunitum,
1779 5127 1802 5181 ia

147 5206 192 5261 nii
210 5222 270 5276 quae
286 5204 444 5277 possidebas
462 5206 607 5263 vendidisti
627 5222 736 5281 propter
759 5227 855 5286 agrum
878 5233 949 5286 pau·
1007 5220 1162 5290 quoDcum
1191 5219 1232 5275 vis
1250 5234 1311 5276 esse
1340 5220 1480 5290 iniustum.
1499 5218 1588 5292 Exigit
1609 5215 1803 5288 enimjustit‘n

146 5295 259 5364 portatis
275 5296 497 5366 comparandum,
508 5297 534 5352 in
550 5313 605 5368 qno
621 5304 787 5370 tnesaurum,
803 5303 946 5362 inveneras
1006 5310 1064 5379 ejus
1079 5315 1109 5366 ut
1124 5309 1269 5382 unicnique
1279 5308 1374 5365 reddat
1388 5308 1537 5366 secundnm
1550 5322 1634 5379 opera
1648 5323 1703 5364 sua
1719 5309 1795 5381 (nen

146 5377 478 5441 coniiuutieividene
495 5385 945 5463 iortednpexsitpossessiotua;
1006 5412 1037 5470 ιι,
1061 5397 1099 5472 ι).
1135 5398 1188 5466 Qui
1217 5397 1289 5454 enim
1312 5397 1396 5454 ιιιιιιιι
1423 5398 1480 5455 vuit
1508 5394 1729 5466 esseinjustam,
1754 5393 1797 5454 vul

144 5479 198 5527 una
222 5469 343 5538 interior,
364 5470 447 5530 altera
461 5476 588 5532 exterior.
608 5479 734 5537 litterius
749 5493 791 5537 est
812 5484 949 5546 saecularis
1010 5487 1096 5545 Deua.
1117 5503 1171 5546 non
1198 5503 1259 5545 asne
1286 5488 1383 5544 mum,
1398 5487 1434 5545 Et
1449 5486 1495 5560 qui
1509 5485 1646 5544 desident
1674 5497 1805 5545 noum
