3706 5962
159 213 213 274 ars
638 185 644 195 ’
919 205 1032 272 occult
1753 198 1817 272 aas·

159 335 227 408 quid
248 336 364 405 beatius,
386 351 466 409 quam
484 339 523 394 hb
542 352 574 394 ao
597 337 680 410 diligi,
701 336 749 410 qui
763 345 805 395 est
819 336 951 394 Dominus
969 350 992 428 g
1007 349 1054 390 ecs
1068 349 1137 390 meae
1152 334 1392 408 peregrinationis,
1419 346 1446 392 et
1463 336 1611 393 consolatio
1627 337 1682 392 mei
1707 353 1811 396 moero·

160 425 277 496 paradisi
294 441 300 480 :
317 426 461 497 quihabet
476 433 636 498 potestatem
650 426 710 484 ritae
724 426 864 494 etmortis,
883 425 954 482 dam·
1009 422 1056 477 ris.
1085 422 1204 490 Olesu,
1224 424 1314 496 quies
1339 440 1422 480 eausa
1436 425 1489 480 mei
1512 425 1623 494 amoris,
1639 434 1668 480 tu
1692 426 1762 482 mihi
1778 428 1812 484 sis

159 528 225 570 nare
238 524 266 570 ει
284 513 402 582 salvare3
419 514 548 572 damnare
572 531 641 587 qnos
665 515 732 585 odit,
762 515 865 574 salvare
887 529 955 586 quos
1009 510 1236 568 oausasulliciens
1251 511 1423 584 possidendae
1437 520 1517 569 tante
1530 514 1730 584 possessionis.
1820 548 1823 555 ·

159 601 267 676 diligiti
282 602 357 660 Sicut
379 602 451 659 enim
469 604 574 661 salvare
602 620 657 660 non
681 612 770 676 potest
790 620 859 675 quos
878 602 953 669 odit;
1044 601 1071 654 6.
1087 598 1236 672 Sequitur:
1257 602 1331 658 Dicit
1345 604 1372 658 ti
1391 599 1487 670 Μαι,
1503 619 1560 661 '10⁴¹
1579 603 1630 662 ille
1644 604 1812 663 lutarium-¹

159 691 200 746 sic
214 690 341 747 damnare
356 706 411 748 non
426 701 515 765 potest
529 707 598 766 qnos
616 691 715 765 diligit.
730 693 794 758 Sed,
809 709 826 749 o
840 692 956 747 Domine
1009 688 1136 757 Domine,
1160 688 1227 762 guid
1250 693 1428 761 factumest,
1445 694 1510 764 qaia
1530 691 1610 749 nobis
1637 695 1820 769 manifeste-¹

159 778 235 847 lesu,
250 777 314 850 quid
328 776 411 836 iacies
433 779 610 836 dilectoribus
625 780 699 836 tuis?
715 779 768 845 die,
795 774 878 853 rogos
893 779 955 850 quid
1012 781 1094 833 turus
1123 792 1150 834 ea
1175 781 1202 834 tc
1222 781 1326 851 ipsum,
1348 784 1376 834 et
1400 795 1458 835 non
1477 781 1604 837 mundo?
1620 779 1723 838 Audito
1740 782 1821 860 quod

160 864 266 923 ineest
280 866 327 923 Sic
349 866 402 940 dia,
419 869 587 937 utendum,
606 885 669 924 nam
692 880 719 927 et
740 884 792 943 ego
807 885 877 934 sum,
893 867 957 923 licet
1011 865 1127 922 mundus
1149 882 1202 922 non
1226 866 1327 924 videbit
1346 883 1419 938 eum,
1433 867 1495 924 'sed
1515 871 1604 940 potius
1617 870 1670 941 ipsi
1684 870 1814 927 ridebunt

160 964 297 1028 peccator,
323 956 367 1028 qui
383 955 468 1031 diligo
493 967 537 1013 te:
564 957 636 1030 quod
659 958 710 1014 erit
733 957 875 1029 praemium
901 965 956 1011 tuae
1012 970 1059 1026 pro
1082 954 1207 1011 omnibus
1230 954 1393 1028 quaesiturus
1417 956 1513 1029 quoerit
1530 957 1611 1013 ludas
1630 974 1743 1015 eausam
1758 960 1811 1016 bu·

160 1042 323 1113 dilectionis,
340 1045 434 1117 quisue
462 1045 566 1103 fructus
583 1047 619 1102 tui
640 1046 766 1101 amoris?
785 1045 829 1102 dic
855 1055 882 1100 et
906 1046 955 1100 lae·
1009 1043 1053 1112 jus
1081 1042 1276 1101 discretionis.‘
1291 1044 1355 1100 llaec
1383 1053 1424 1101 est
1447 1054 1536 1103 autem
1561 1062 1690 1103 oausaex
1706 1047 1812 1104 Domini

161 1130 232 1212 tilica
245 1131 364 1190 animam
380 1150 471 1190 meam
493 1135 527 1190 de
555 1135 677 1206 praemio.
701 1133 754 1203 Qui
773 1143 799 1189 te
814 1134 901 1207 diligit
924 1149 957 1190 ex
1011 1131 1198 1201 responsione,
1214 1131 1354 1199 Dilectio;
1386 1149 1434 1204 per
1460 1150 1541 1205 quam
1566 1135 1652 1191 solam
1680 1135 1812 1193 dimond-

161 1223 312 1278 totocorde
336 1237 396 1290 suo,
420 1222 485 1279 illud
507 1223 629 1292 attendit,
644 1223 710 1279 illud
738 1231 957 1294 exspectat:pro
1012 1227 1056 1274 tur
1084 1235 1152 1292 gens
1189 1230 1282 1277 saneta
1315 1236 1409 1276 anon
1434 1230 1527 1278 sancta
1547 1240 1554 1277 :
1574 1234 1600 1279 ει
1625 1223 1701 1296 quod
1729 1239 1812 1281 cansa

161 1323 194 1365 eo
210 1309 282 1382 quod
297 1316 400 1366 tantum
416 1310 548 1376 diiierlnr,
566 1311 650 1385 gemit
665 1318 692 1365 et
717 1312 880 1383 quandoque
895 1312 957 1383 plo·
1012 1307 1178 1375 sitdilectio,
1207 1309 1377 1381 probatorio
1396 1312 1518 1366 custodia
1547 1327 1715 1378 sermonum,
1744 1314 1812 1370 sicut

162 1405 215 1454 rat.
229 1396 307 1465 Quod
329 1406 371 1454 est
391 1398 482 1455 illudt
501 1400 545 1457 dic
568 1409 597 1456 ut
619 1402 715 1459 iratres
731 1400 841 1455 audiant
863 1409 891 1455 ει
913 1400 958 1454 in·
1012 1395 1233 1453 dicitDomiuns:
1251 1396 1281 1452 Si
1294 1402 1358 1471 quia
1368 1398 1461 1470 diligit
1476 1415 1529 1469 me,
1541 1416 1703 1460 ammonem
1717 1419 1810 1460 meum

162 1484 292 1557 telligant,
322 1484 474 1562 intelligant
503 1499 529 1545 et
553 1498 683 1560 quaerunt,
712 1496 833 1560 quaerant
864 1495 891 1543 et
914 1489 957 1543 in·
1013 1485 1144 1541 servabit.
1178 1486 1206 1539 ln
1237 1487 1290 1542 hoc
1308 1485 1379 1541 enim
1393 1490 1523 1559 probatur
1540 1489 1651 1546 dilectio
1675 1490 1723 1545 Dei
1738 1491 1811 1547 scili-

47 1635 55 1653 ,
161 1573 281 1643 veniant,
297 1574 436 1631 inveniant
460 1579 487 1632 ει
500 1576 643 1649 accipiant,
659 1577 790 1649 accipiant
803 1588 830 1633 ει
841 1584 956 1644 uncant,
1014 1563 1067 1630 cet
1083 1573 1111 1629 in
1136 1574 1322 1631 observatione
1337 1583 1364 1630 ot
1378 1578 1499 1631 custodia
1515 1578 1704 1635 mandatorum
1734 1579 1812 1635 Chri·

161 1668 268 1718 teneant
290 1670 317 1719 et
343 1672 448 1730 ament;
472 1672 561 1720 ament
584 1671 714 1737 quantum
743 1672 866 1736 possunt.
887 1663 957 1733 Quid
974 1650 996 1726 Β
1013 1661 1059 1732 sti,
1082 1662 1145 1735 qnia
1171 1662 1293 1732 probatio
1320 1662 1474 1721 dilectionis
1500 1666 1630 1723 exhibitio
1651 1678 1693 1723 εει
1711 1667 1813 1741 operis.

162 1750 239 1805 dabis
253 1750 427 1807 dilectoribus
440 1751 516 1807 tuis?
531 1752 596 1823 quid
611 1751 799 1809 manifestabis
815 1752 890 1809 illis?
906 1753 959 1808 llo
1013 1751 1123 1806 Frustra
1137 1751 1209 1806 enim
1224 1768 1253 1806 se
1268 1752 1354 1808 Deum
1378 1752 1492 1826 diligere
1514 1753 1591 1823 dicit,
1615 1755 1664 1829 qui
1682 1757 1815 1813 mandatis

162 1838 352 1908 niststaboeis
367 1857 412 1896 me
427 1832 531 1912 iprum.
553 1842 605 1898 Ubi
628 1849 691 1896 sunt
714 1841 760 1910 qui
776 1848 898 1914 gemunt,
913 1841 959 1896 uhi
1013 1839 1072 1908 rjus
1102 1839 1158 1893 suis
1187 1839 1316 1912 operibns
1339 1841 1507 1899 contradicit.
1540 1844 1598 1899 lmo
1632 1843 1709 1901 illum
1736 1845 1815 1900 habet

163 1926 286 1999 anniqui
300 1927 395 1998 lugent
408 1942 460 2000 pro
475 1928 618 1987 dilectione
633 1929 709 2003 regni
725 1929 828 1995 aeterni,
847 1943 895 1999 pro
910 1931 958 1984 ab·
1013 1925 1101 1983 628
1130 1928 1202 1997 odio,
1227 1928 1273 1999 qui
1303 1929 1364 1998 ejus
1392 1946 1445 1984 non
1477 1930 1645 1988 obsecundat
1677 1932 1814 1988 mandato.

163 2013 250 2070 sentia
272 2013 396 2074 Christi?
422 2015 567 2075 Gaudeant
584 2028 612 2073 et
639 2017 782 2085 exsultent,
797 2016 858 2091 quia
880 2017 961 2073 Jesus
1013 2016 1101 2071 Nemo
1129 2032 1158 2071 se
1186 2023 1258 2090 tegat
1286 2018 1336 2071 sub
1354 2018 1446 2074 habitu
1475 2018 1624 2092 religionis,
1646 2020 1738 2077 nullus
1762 2021 1815 2077 sibi

161 2102 347 2160 manifestabit
366 2121 396 2162 se
411 2104 473 2161 illis.
1015 2103 1126 2174 palliare
1146 2104 1312 2160 sanctitatem
1335 2117 1480 2177 praesnmat
1507 2109 1693 2180 subtegmine
1715 2124 1817 2165 mona-

198 2193 224 2246 lt.
249 2190 382 2264 Audistis,
414 2193 522 2262 iratres,
550 2193 662 2251 audistis
689 2194 820 2262 dolentes,
847 2193 960 2251 audistis
1014 2192 1073 2249 stici
1101 2192 1213 2248 ordinis.
1233 2192 1281 2251 llle
1297 2201 1401 2251 tantum
1415 2194 1505 2269 diligit
1533 2197 1679 2267 Christum,
1708 2198 1756 2271 qui
1768 2213 1817 2271 pro

162 2278 289 2353 lugentes
304 2295 353 2352 pro
371 2283 507 2339 desiderio
525 2282 634 2355 Christi,
660 2299 709 2355 pro
725 2297 818 2339 amore
837 2281 959 2339 dilectis·
1014 2295 1064 2336 suo
1078 2295 1160 2354 posse
1174 2281 1260 2353 ipsius
1274 2282 1372 2356 satagit
1386 2284 1531 2341 obseruare
1554 2285 1722 2341 mandatum.
1748 2286 1815 2344 Cum

161 2367 224 2424 simi
250 2368 374 2440 Domini,
400 2373 582 2438 Plasmatoris,
607 2370 807 2441 Redemptoris,
834 2372 959 2428 Salvato—
1014 2370 1086 2425 enim
1102 2368 1203 2428 rideris
1222 2373 1382 2428 monachum
1400 2374 1432 2430 ad
1459 2374 1651 2430 contumeliam
1675 2374 1816 2443 humilem,

162 2456 210 2524 ris,
239 2457 324 2515 totius
351 2460 483 2531 paradisi,
498 2459 666 2529 dulcedinis,
682 2459 778 2534 gloriae
792 2472 819 2517 ει
833 2460 960 2533 splendo·
1015 2459 1046 2513 ad
1075 2459 1221 2529 opprobria
1253 2460 1415 2531 patientem,
1438 2462 1495 2519 anis
1523 2465 1651 2518 devotum
1666 2463 1813 2528 Prioribus,

161 2544 209 2616 ris,
224 2545 317 2620 gaudii
341 2555 368 2604 et
383 2547 559 2621 jucunditatis
576 2567 581 2604 :
597 2549 710 2605 audistis
734 2549 768 2605 de
783 2549 958 2622 praemiore·
1016 2548 1043 2602 in
1073 2546 1193 2602 moribus
1224 2559 1407 2616 mansuetum,
1437 2550 1546 2607 tacitum
1574 2551 1608 2607 ad
1637 2551 1815 2624 loquendum,

161 2636 210 2693 stri
222 2634 335 2703 laboris,
350 2637 384 2692 de
397 2638 469 2694 dono
490 2638 563 2711 quod
579 2637 653 2693 dabit
666 2637 744 2695 iesus
760 2655 846 2709 meus,
862 2645 887 2693 ct
902 2638 957 2693 uti·
1013 2635 1150 2691 assiduum
1165 2635 1199 2690 ad
1213 2635 1360 2704 silentium,
1376 2637 1403 2692 in
1418 2637 1536 2694 claustro
1551 2645 1652 2695 attente
1665 2641 1813 2714 legentem,

163 2737 226 2779 nam
240 2739 325 2790 meus,
346 2724 519 2783 dilectoribus
541 2728 608 2781 sois.
623 2725 751 2782 Dilectori
775 2742 845 2795 meo,
860 2726 956 2797 inquit,
1014 2725 1040 2779 in
1069 2723 1183 2780 ecclesia
1219 2725 1275 2780 suis
1298 2726 1411 2782 vocibus
1434 2727 1572 2783 Christum
1591 2742 1653 2785 cum
1682 2728 1817 2785 omnido-

163 2812 958 2886 monisertabomciprum.0summnmgaudium,oim·
1014 2812 1120 2868 vitione
1150 2813 1315 2879 laudantem,
1341 2814 1364 2869 si
1393 2830 1447 2870 non
1474 2816 1610 2882 continue,
1633 2825 1725 2874 umen
1744 2834 1815 2888 quo-

164 2916 258 2958 mensa
271 2901 380 2960 laetitia!
405 2902 477 2972 Quid
492 2904 608 2974 dulcius,
631 2903 696 2976 quid
724 2902 879 2974 gloriosius,
894 2901 960 2975 quid
978 2865 1078 2956 clidie
1102 2901 1305 2975 lacrymantem,
1327 2917 1435 2975 parcum
1456 2903 1484 2958 in
1509 2902 1665 2975 reiectione,
1690 2905 1726 2961 ab
1749 2908 1815 2962 obe·

162 2989 267 3047 beatius
289 3006 371 3060 quem
398 2991 473 3047 illum
497 2991 589 3048 videre
613 2992 681 3048 lacis
704 2990 860 3060 adfaciem,
881 2992 960 3062 cujus
1014 2989 1141 3045 dientiam
1178 2999 1346 3061 promptum,
1381 2991 1480 3064 ubique
1515 2992 1675 3063 proclivum,
1715 2994 1816 3067 ubique

162 3076 390 3149 pulchritudinem
405 3079 446 3135 sol
466 3090 493 3137 et
510 3079 573 3135 luna
593 3079 723 3135 mirantur
738 3097 745 3144 ;
767 3096 847 3151 quem
874 3078 958 3135 saneti
1014 3076 1179 3149 inclinatum,
1194 3077 1295 3151 ubique
1309 3082 1503 3151 verecundum,
1521 3096 1566 3137 ore
1581 3083 1683 3138 coelum
1704 3086 1814 3155 pulsan·

161 3166 260 3238 Angeli
274 3165 365 3223 vident
380 3178 408 3224 et
421 3168 513 3226 uidere
537 3168 687 3223 desiderant
703 3182 821 3239 semper,
842 3175 869 3221 et
888 3183 959 3222 nun·
1013 3170 1077 3231 tem,
1106 3183 1215 3237 semper
1241 3169 1274 3223 ad
1298 3168 1444 3224 Domitium
1467 3170 1550 3227 corde
1566 3171 1739 3238 clamantem,
1753 3173 1814 3229 cul·

162 3270 242 3328 quam
257 3255 292 3312 de
308 3256 368 3326 ejus
382 3256 485 3314 visione
505 3258 648 3328 salientum
667 3257 768 3328 quiesi
786 3256 867 3314 decor
886 3257 958 3326 oceli,
1013 3259 1096 3309 torem
1112 3255 1226 3326 proximi
1244 3301 1252 3327 ,
1273 3268 1300 3314 et
1326 3267 1538 3328 contemptorem
1560 3259 1613 3329 sui,
1642 3269 1759 3316 cunctos
1776 3259 1815 3315 di·

163 3343 276 3401 dulcedo
289 3345 420 3418 paradisi,
436 3344 503 3401 fides
522 3345 683 3411 viventium,
697 3362 759 3418 spes
775 3344 958 3409 morientium,
1013 3341 1154 3416 ligantem,
1174 3344 1305 3415 seipsum
1320 3345 1467 3414 odientem,
1492 3356 1556 3404 tuuc
1578 3348 1671 3405 dicere
1693 3348 1812 3421 poteria:

162 3442 189 3490 et
202 3433 275 3489 salus
298 3434 418 3490 omnium
438 3436 516 3491 lesus
539 3435 671 3503 Christus,
686 3434 818 3490 Dominm
843 3435 960 3490 noster?
1013 3431 1161 3489 Monachus
1197 3433 1249 3488 iste
1281 3434 1324 3489 aui
1356 3435 1491 3492 Creatoris
1523 3445 1612 3493 serrat
1647 3437 1814 3498 mandatnm.

162 3521 235 3580 Nihil
262 3523 378 3595 charius,
403 3523 470 3580 nihil
501 3523 608 3591 melius,
636 3538 717 3595 quarn
746 3523 804 3594 ipse
827 3521 960 3579 Dominus
1014 3518 1037 3575 0
1065 3537 1146 3592 quam
1171 3521 1260 3589 felix,
1285 3538 1397 3595 oquam
1413 3524 1508 3581 beatus
1521 3531 1562 3581 est
1574 3526 1727 3582 monachus
1740 3524 1815 3583 talis!

162 3608 339 3683 diligentibus
362 3626 401 3666 se.
422 3613 483 3668 Non
504 3609 633 3681 promittit
647 3625 754 3675 aurum,
784 3625 838 3667 non
860 3626 959 3682 argen·
1015 3608 1138 3666 Proiecto
1148 3610 1199 3666 iste
1213 3613 1361 3667 monachus
1372 3613 1415 3667 sni
1432 3611 1533 3669 laboris
1548 3613 1661 3670 habehit
1674 3615 1816 3686 praemium

162 3707 298 3767 tum,non
312 3714 443 3772 gemmas,
468 3714 521 3755 non
540 3698 644 3769 lapides
662 3696 805 3769 pretiosos,
833 3714 887 3754 non
901 3714 959 3755 coe·
1013 3697 1157 3753 Dominum
1182 3700 1287 3755 lesum.
1324 3699 1378 3755 Sed
1420 3700 1465 3757 ille
1494 3703 1540 3774 qui
1568 3702 1730 3760 charitatem
1764 3719 1815 3760 nou

161 3784 228 3854 lum,
243 3800 297 3842 non
311 3796 425 3853 terram;
442 3787 490 3842 sed
502 3801 533 3842 se
555 3785 645 3856 ipsum
660 3786 815 3842 Creatorem
838 3786 957 3844 omnium
1014 3785 1101 3853 habet,
1123 3787 1171 3856 qui
1185 3788 1244 3856 ejus
1264 3802 1320 3843 non
1335 3796 1426 3844 serrat
1441 3805 1604 3858 sermonem,
1625 3792 1683 3860 jam
1703 3808 1758 3849 non
1777 3799 1815 3849 est

161 3882 189 3931 et
211 3873 298 3931 Deum
321 3881 491 3931 cunctorum.
523 3874 580 3930 Hoc
604 3879 647 3928 est
675 3872 816 3945 praeminm
849 3875 958 3942 amoris,
1013 3873 1082 3943 ejus.
1118 3873 1199 3944 Quod
1235 3891 1303 3951 ergo
1338 3877 1390 3933 erit
1430 3879 1573 3949 praemium
1606 3879 1715 3935 istius?
1745 3880 1816 3954 ignia

160 3961 287 4018 meritum
310 3972 362 4018 tuae
380 3961 544 4029 dilectionis,
570 3960 618 4034 qui
637 3962 782 4018 Dominum
796 3963 887 4020 Iesum
910 3981 958 4020 su·
1013 3970 1038 4016 et
1052 3961 1192 4033 sulphuris
1207 3964 1307 4032 amnis,
1318 3981 1391 4021 mors
1407 3967 1435 4024 et
1450 3965 1571 4022 internus
1587 3983 1732 4038 praemium
1747 3972 1813 4040 ejus.

161 4050 314 4122 peremnia
333 4049 434 4124 diligis,
451 4051 522 4124 dico,
548 4066 602 4106 uon
621 4066 697 4118 voce,
722 4052 770 4106 sed
791 4068 890 4124 opere;
905 4069 958 4109 non
1013 4048 1119 4106 Utinam
1161 4060 1187 4107 tu
1223 4061 1302 4109 natus
1335 4069 1389 4109 non
1422 4069 1508 4120 esses,
1543 4056 1591 4110 tibi
1617 4056 1679 4112 talis
1706 4057 1816 4114 debetur

162 4138 305 4209 restesed
321 4149 429 4206 meute;
454 4154 509 4195 non
532 4139 636 4204 habitu,
665 4140 713 4194 sed
728 4137 824 4196 affectu
850 4155 903 4196 non
931 4143 958 4197 iu
1012 4138 1164 4195 baereditas.
1181 4140 1266 4212 Igitur
1284 4142 1307 4197 si
1336 4146 1489 4214 premium,
1509 4143 1581 4215 quod
1610 4143 1740 4201 Christus
1766 4154 1815 4215 est,

160 4225 338 4292 simulatione,
363 4229 410 4284 sed
424 4227 453 4284 in
480 4227 594 4284 veritate
611 4240 618 4282 :
638 4243 668 4283 se
692 4229 780 4299 ipsum
796 4227 844 4283 tibi
870 4229 957 4284 maui-
974 4211 1111 4288 illabere
1140 4228 1288 4298 desideras,
1312 4230 1385 4286 illius
1409 4252 1430 4285 s.
1442 4247 1561 4287 rmonem
1581 4248 1679 4302 srrva3
1704 4233 1815 4305 scilicet,

160 4313 278 4385 restabit,
295 4331 325 4372 ae
345 4314 433 4387 ipsum
456 4314 504 4371 tibi
524 4315 609 4371 dabit.
635 4315 682 4371 Vis
704 4316 958 4389 ampliuslquaeris
1011 4316 1176 4372 bandorum
1198 4334 1303 4376 nmium
1318 4319 1351 4376 do
1376 4321 1461 4390 robis,
1486 4326 1519 4377 ct
1547 4321 1681 4393 diligatis
1702 4338 1749 4381 vos
1773 4323 1816 4378 ia·

160 4402 256 4462 aliud?
268 4403 329 4461 vile
345 4411 396 4476 εει,
421 4403 551 4477 quidquid
567 4403 626 4461 sine
646 4403 706 4475 ipso
721 4413 773 4462 est.
802 4405 897 4480 Diligis
921 4406 957 4459 rl-
1011 4404 1101 4459 ricem
1117 4407 1211 4477 (loun.
1228 4423 1289 4474 xm,
1307 4409 1363 4477 at).
1382 4407 1409 4463 Si
1425 4407 1516 4481 diligis
1539 4407 1690 4477 Christum,
1706 4426 1816 4469 neooese

158 4492 215 4550 lum
234 4492 248 4551 l
268 4492 335 4549 Vide
357 4508 423 4567 ergo
445 4507 481 4548 ne
504 4491 577 4548 alind
598 4508 706 4565 quaeras
728 4494 763 4548 ab
786 4509 828 4560 eo,
857 4494 956 4549 nisiae
1011 4500 1052 4547 est
1081 4504 1109 4548 ut
1135 4494 1232 4570 diligas
1262 4496 1371 4552 tratrem
1407 4507 1491 4553 tuum.
1525 4497 1597 4572 Ergo
1623 4514 1660 4554 ne
1693 4499 1815 4558 incurras

157 4581 257 4653 ipsum.
274 4581 444 4655 Dedignatur
458 4591 554 4638 contra
568 4588 717 4653 petentem,
732 4579 755 4637 si
769 4581 827 4655 ipse
847 4582 954 4653 petitio·
1009 4580 1102 4637 odium
1142 4582 1255 4651 Christi,
1295 4592 1388 4640 teneas
1421 4584 1535 4641 illaesam
1567 4586 1730 4646 charitatem
1764 4589 1815 4644 ira·

158 4667 201 4724 nis
221 4683 303 4724 cansa
330 4667 490 4740 principalis
517 4684 572 4725 non
594 4667 675 4725 inerit
700 4669 844 4743 :quamtis
864 4670 955 4727 omnia
1007 4668 1056 4724 tris
1084 4671 1133 4726 tui.

157 4755 231 4813 hona
245 4756 337 4822 donet,
352 4755 482 4813 libentius
504 4758 588 4813 donat
602 4772 632 4813 ae
647 4757 748 4828 ipsum.
773 4758 833 4814 Noli
860 4761 953 4815 timere
1041 4759 1068 4812 l.
1102 4758 1230 4832 Magnum
1255 4761 1395 4833 praemium
1418 4762 1542 4835 sequitur
1558 4761 1630 4819 inde.
1648 4762 1732 4833 Quod
1747 4782 1817 4839 prte-

159 4846 193 4903 (ιε
207 4844 404 4919 magnitudine,
420 4843 454 4900 de
478 4844 616 4902 nobilitate
645 4845 719 4902 doni.
744 4846 833 4922 Dilige
847 4864 908 4904 enm
919 4864 953 4904 ex
1008 4843 1114 4901 mium?
1129 4847 1258 4918 Superius
1273 4850 1371 4906 dictum
1386 4859 1435 4919 est,
1451 4858 1477 4907 ει
1500 4852 1587 4908 adhuc
1602 4865 1729 4926 repetere
1741 4854 1816 4912 libet.

159 4942 215 4992 toto
230 4933 325 5002 corde,
336 4948 369 4989 ex
383 4941 438 4990 tota
461 4942 560 5000 mente,
583 4942 610 4988 ct
637 4932 677 4989 sic
698 4933 800 5003 poteris
827 4937 862 4991 ad
891 4952 952 4993 eum
1009 4932 1081 4988 lstnd
1106 4935 1244 5006 praemium
1272 4941 1379 5010 quando
1405 4940 1519 5011 amplius
1543 4941 1695 4998 ruminatur
1714 4944 1743 4999 iu
1761 4959 1816 5008 ort»

157 5037 251 5080 secure
278 5022 418 5087 accedere,
444 5020 479 5076 nd
502 5036 566 5077 eum
590 5021 702 5090 intrare,
733 5033 759 5078 et
791 5023 880 5081 dicere
903 5028 950 5081 ei:
1008 5028 1081 5078 tanto
1093 5024 1182 5099 magis
1195 5026 1326 5084 mellescit
1343 5028 1370 5083 in
1387 5029 1468 5084 corde
1485 5045 1491 5082 :
1507 5038 1534 5085 et
1546 5038 1655 5102 quantae
1675 5030 1713 5087 sit
1725 5033 1817 5089 dulce·

156 5110 232 5179 Volo,
249 5110 420 5178 Domino,nt
443 5119 471 5164 tu
491 5109 557 5164 mihi
583 5112 672 5181 portio
700 5109 737 5165 sis
763 5111 790 5166 in
817 5119 889 5168 terra
908 5114 951 5170 ri-
1005 5109 1077 5166 dinis
1090 5127 1143 5169 non
1168 5114 1288 5186 ignorat,
1304 5117 1350 5189 qui
1373 5117 1481 5174 utillud
1509 5118 1565 5188 jam
1584 5119 1687 5176 habere
1721 5122 1814 5185 raleai,

155 5195 287 5254 rentium.
301 5196 325 5254 0
341 5195 405 5254 felix
419 5196 518 5272 portio,
538 5213 555 5253 o
578 5199 657 5254 beata
671 5197 834 5255 haereditas!
850 5197 874 5256 0
893 5200 952 5255 Do·
1005 5199 1112 5257 assidue
1126 5218 1184 5274 pro
1199 5204 1301 5259 viribus
1323 5205 1453 5262 elaborat.
1470 5205 1616 5263 Praemium
1630 5206 1763 5267 fraternae
1778 5209 1816 5264 di.

155 5284 317 5352 minetesu,
337 5285 399 5361 quis
424 5284 491 5342 mihi
511 5286 585 5342 dabit
615 5295 643 5342 ut
669 5285 831 5343 inveritate
862 5287 951 5346 dicere
1005 5289 1128 5346 lectionis
1148 5307 1267 5348 amorem
1281 5292 1379 5349 Christi
1393 5303 1419 5352 et
1432 5295 1480 5350 Dei
1507 5296 1594 5351 Patris
1609 5296 1651 5351 sni
1676 5297 1737 5370 ipsa
1768 5298 1806 5352 l'e

154 5369 258 5440 possim
271 5391 277 5429 :
292 5372 428 5432 Dominus
434 5389 505 5446 pars
515 5371 694 5430 hereditatis
703 5372 794 5430 mcoe?
804 5373 891 5445 (Prot.
900 5388 949 5442 riv,
1006 5377 1070 5433 ritas
1087 5379 1141 5438 ait:
1164 5379 1195 5438 Si
1204 5381 1267 5453 quis
1281 5397 1437 5441 sermonem
1453 5401 1548 5442 meum
1564 5385 1699 5453 seruauit,
1717 5387 1814 5460 diligit

149 5454 195 5527 h.)
208 5457 315 5514 Utinam
329 5465 358 5515 tn
370 5460 436 5517 mihi
450 5459 487 5516 sis
510 5459 651 5533 premium
674 5459 726 5518 mei
743 5459 857 5533 laboris,
876 5477 946 5520 mer·
1006 5483 1060 5542 me,
1071 5471 1192 5528 etPatcr
1204 5488 1281 5530 amca
1291 5471 1387 5545 diligit
1401 5489 1476 5532 eum.
1492 5471 1522 5532 Si
1535 5474 1613 5531 Pater
1624 5473 1698 5531 Dana
1708 5480 1738 5532 te
1750 5473 1814 5532 dili-
