3706 5962
102 167 139 233 aa
721 228 727 240 ,
748 149 945 223 autumn
962 149 1098 212 innius
1712 177 1751 238 ⁸3

103 305 225 365 marnoa,
241 293 283 354 rel
308 290 398 353 carnit
419 290 560 365 motmunt
579 286 731 356 lasciviam,
745 285 790 346 rel
811 280 898 344 timidi
914 293 939 374 Α
957 279 1190 349 commoditatem,
1207 289 1237 339 nt
1249 284 1293 342 rel
1306 301 1396 358 muca
1409 285 1550 347 maecum
1558 294 1687 367 enpimh.
1701 302 1752 357 Su.

104 387 197 449 enrdis
210 384 355 442 alacianus
370 381 515 457 ignaviam.
530 380 588 438 lloc
601 379 713 453 atridem
728 376 756 434 in
775 375 855 433 aliis:
871 381 899 431 te
954 369 1091 443 pietatibus
1104 377 1132 427 et
1146 370 1337 444 insipientsstus
1350 376 1457 433 debitor
1470 388 1513 435 est
1526 382 1661 442 Christus
1676 390 1751 450 bibit

107 474 301 535 seruauerint
314 472 468 537 vulnerant,
483 478 513 527 ut
537 469 669 528 martum
693 467 824 524 transfusa
846 479 899 521 no·
952 458 1032 514 vabis
1055 459 1235 529 imminuifhr.
1252 465 1275 518 si
1300 465 1362 521 aliis
1375 482 1426 539 pro
1440 485 1491 523 sno
1510 487 1595 527 sensu
1617 476 1750 537 abundet.

106 576 232 627 eternum
246 563 359 641 ignores
371 560 509 626 timorem,
521 558 729 633 necquidquam
740 552 900 613 bdeasiri-
953 548 1047 605 Fatote
1069 558 1206 607 mntenrae
1228 552 1329 610 lectulo
1353 573 1360 608 :
1388 556 1565 616 inferioribus
1587 565 1630 618 rel
1653 566 1752 625 ferculi

105 653 162 731 gldi
176 651 282 711 timorit
300 650 465 716 admistum
481 648 532 706 sed
545 655 602 706 tota
620 655 746 703 transeas
760 645 788 702 in
812 644 899 701 affee-
953 637 1103 710 permittite
1117 657 1197 695 usum
1211 641 1356 699 inservire.
1370 645 1446 702 fluns
1463 649 1553 722 gratia
1564 654 1685 723 parcior,
1698 657 1751 714 hu.

106 751 164 801 tum
182 740 260 815 igniti
273 739 385 805 amoris,
401 755 462 813 upum
485 739 513 795 in
536 736 623 794 solnm
645 734 746 791 umoris
769 750 799 789 es
822 749 900 789 usum
952 727 998 797 jus
1014 729 1183 800 popularior.
1198 730 1229 784 ln
1244 730 1290 787 illo
1309 731 1466 800 includitur,
1486 736 1515 791 in
1529 738 1583 795 isto
1596 740 1751 814 ingreditur

107 832 208 904 dicata,
223 837 250 888 et
265 829 291 886 in
306 827 447 887 alteritatis
460 827 549 884 boum
564 840 713 882 ascensma
727 830 841 879 stratum
855 821 900 878 di·
954 815 1088 872 Christus.
1103 817 1186 874 Vobis
1206 835 1237 874 se
1254 820 1366 877 uberius
1388 830 1417 878 et
1440 825 1557 897 quadam
1577 833 1749 901 specialitate

108 919 182 990 lecti,
207 919 307 978 baum
323 916 476 976 salomouis
490 914 548 974 uen'
560 916 626 971 iesu
641 913 752 979 Citristi,
769 912 815 984 qni
837 909 902 967 sirit
954 904 1075 979 indulget
1092 921 1098 961 :
1115 907 1165 961 sed
1179 914 1271 964 mmcn
1284 909 1352 965 alias
1366 927 1421 966 uon
1436 914 1613 986 obliviscitur,
1629 939 1691 992 qnae
1700 940 1749 981 ve·

108 1017 136 1070 ot
148 1016 248 1088 regnat
261 1024 311 1083 per
324 1005 415 1066 omnia
430 1003 714 1064 suculasacuiorum.
729 1002 828 1057 lmen.
956 1001 1041 1048 stram
1055 993 1177 1050 nondum
1195 995 1497 1059 valentadmensuram
1510 1006 1678 1080 pertingere,
1700 1013 1751 1070 pff

866 1077 879 1106 ·
956 1082 1034 1137 testis
1047 1091 1076 1138 ct
1089 1098 1139 1138 uos
1153 1082 1250 1141 ferculi
1263 1088 1428 1162 participare
1451 1104 1626 1153 smmmcntc
1639 1106 1669 1156 et
1688 1101 1749 1161 viee

391 1146 508 1207 §mo
531 1146 616 1203 xvn·
955 1170 1091 1242 perfungi,
1107 1172 1130 1226 si
1144 1172 1279 1245 Sponsum
1295 1192 1375 1246 quem
1385 1177 1521 1236 inclusum
1530 1186 1640 1252 mneos,
1651 1190 1749 1248 ednos

144 1255 295 1323 Ferculum
308 1256 361 1316 tihi
375 1255 444 1330 (ecit
466 1253 597 1313 Salomon
611 1251 644 1310 da
660 1249 747 1323 ttpnta
756 1248 864 1308 Liboni.
955 1259 1034 1332 quasi
1049 1261 1207 1332 reportetis.
1224 1262 1248 1318 si
1261 1264 1392 1322 deferatis
1405 1284 1515 1340 pncerm
1530 1272 1556 1327 si
1578 1280 1748 1336 mnuntieais

411 1326 496 1400 (C‘mi
510 1340 549 1391 ¹¹¹2
565 1327 605 1394 9·)
955 1348 1037 1415 bona,
1054 1349 1078 1404 si
1091 1348 1192 1420 gandia
1205 1349 1270 1408 foris
1284 1354 1439 1425 praedioetis
1461 1375 1523 1430 quae
1547 1361 1620 1419 intus
1634 1366 1746 1426 videam,

144 1461 170 1515 l.
186 1453 317 1523 iactatu,
332 1468 417 1511 sacrm
436 1449 564 1521 virgines,
583 1462 691 1521 sponsae
713 1445 824 1513 Christi,
848 1462 900 1504 an·
954 1437 1054 1509 Quidni
1068 1438 1747 1517 ferculumerant,dequibusin1ieelesiaoanitnr:

107 1545 325 1604 dittltlretterno
334 1555 461 1599 sermone
476 1538 510 1595 do
519 1537 620 1594 lectulo
633 1535 718 1593 vestri
726 1535 898 1593 Salomonis:
957 1550 968 1578 ¹
981 1529 1124 1584 Portantes
1135 1545 1230 1600 pacem
1239 1538 1268 1587 et
1274 1531 1460 1591 illuminantes
1469 1539 1659 1611 patriamttln
1666 1546 1746 1617 offic.

106 1633 221 1694 ulterior
236 1632 366 1690 hodierno
378 1627 489 1702 pergitis
504 1641 630 1700 quaerere
643 1625 679 1681 de
693 1623 789 1680 ferculi
802 1640 899 1681 sacra-
917 1641 940 1720 Β
954 1618 988 1675 de
998 1619 1106 1690 Apost.)
1122 1618 1177 1674 Sed
1191 1635 1271 1675 nemo
1285 1620 1328 1677 vel
1342 1622 1545 1694 predicationis
1557 1629 1678 1687 officium
1701 1650 1749 1690 as·

107 1730 210 1782 monto.
231 1722 335 1779 Omnes
356 1717 435 1777 vultis
460 1716 540 1788 liujus
563 1713 668 1796 Cantici
696 1728 837 1769 sermones
865 1714 901 1771 ad
954 1712 1053 1774 tumul,
1069 1723 1151 1762 nemo
1165 1707 1219 1763 sibi
1232 1710 1465 1769 sumatbonorem
1475 1714 1747 1781 nisivooutusalleo

105 1811 207 1871 amoris
225 1827 302 1868 usum
317 1808 471 1872 deflectere,
497 1810 525 1860 ut
546 1805 580 1859 ad
601 1810 706 1859 uestras
728 1801 900 1873 interpretari
956 1794 1213 1867 (Habuisti-Quid
1226 1797 1747 1881 teipsumsupercandelabrumpnnis,

106 1899 228 1959 delicias.
254 1896 336 1955 Vobis
359 1895 425 1953 solis
447 1894 506 1950 haec
528 1891 629 1965 putatis
657 1907 719 1948 esse
747 1891 901 1964 conscripta
954 1883 1036 1957 quite
1050 1884 1141 1956 ipsum
1154 1887 1428 1945 nonaccendistsslc
1442 1899 1564 1964 teponat
1582 1894 1610 1950 in
1624 1899 1746 1968 sublimi,

105 1987 249 2048 carminat
263 1985 359 2044 Nullus
372 1983 443 2056 sapit
457 1981 534 2038 robis
545 1996 647 2048 sermo,
662 1980 709 2054 qui
723 1996 778 2037 non
792 1991 900 2037 amato·
954 1974 1001 2047 qui
1014 1973 1153 2030 lucernam
1168 1981 1194 2030 te
1209 1974 1282 2032 fecit.
1298 1977 1351 2033 Per
1369 1978 1445 2034 illum
1460 1983 1589 2050 ascende,
1605 1987 1651 2058 qui
1664 1996 1690 2045 te
1705 2005 1749 2047 ac

106 2077 153 2137 riis
168 2083 265 2135 tornet
282 2072 425 2132 affuectibus
438 2078 466 2129 et
488 2070 597 2127 dulcem
621 2069 762 2126 charitatis
786 2070 900 2126 odorem
953 2061 1438 2140 oendit·D⁸sslqt¹e¹10m⁰⁸eil³⁸¹1m
1460 2069 1592 2129 stimulum
1607 2074 1680 2143 iacit,
1697 2080 1748 2137 sed

104 2165 215 2240 aspiret.
231 2163 341 2221 liabetia
356 2175 422 2233 ergo
437 2166 464 2216 et
479 2159 524 2216 bic
538 2158 640 2232 aliquid
653 2159 726 2232 quod
736 2158 899 2215 amatorium
953 2150 1011 2222 ipse
1027 2151 1156 2207 Salomon
1170 2153 1234 2209 fecit
1255 2154 1307 2210 sibi
1322 2156 1453 2213 ferculum
1476 2160 1513 2216 de
1535 2162 1618 2236 lignis
1640 2165 1748 2225 Libani.

104 2262 185 2312 sonat
200 2252 426 2311 blandimentum:
443 2249 477 2304 de
492 2247 595 2305 ferculo
607 2247 684 2305 vobin
697 2247 791 2304 alludit
805 2263 899 2304 sermo
951 2239 1001 2295 Est
1014 2248 1042 2295 er
1062 2240 1207 2308 terentum,
1220 2243 1244 2298 si
1258 2245 1318 2316 quis
1331 2261 1387 2300 non
1410 2247 1498 2304 sotum
1521 2250 1625 2318 inore.
1646 2255 1695 2310 sed
1719 2264 1748 2312 et

104 2343 222 2402 divinus.
238 2341 346 2400 Nullam
360 2339 437 2396 robis
455 2337 575 2396 residere
591 2337 691 2410 patitur
713 2336 829 2393 dilectus
851 2353 899 2393 cr·
953 2327 1112 2401 incorpore
1127 2347 1177 2387 suo
1191 2333 1330 2388 Christum
1345 2345 1444 2406 portet.
1464 2339 1663 2409 Glorificcteet
1675 2360 1747 2416 por.

103 2431 217 2491 curandi
232 2429 384 2487 materiam.
399 2427 485 2485 Grata
500 2425 610 2500 quidem
626 2435 690 2482 sunt
701 2425 837 2498 promissa
855 2425 898 2482 lc·
954 2421 1012 2474 2⁰1⁶
1028 2419 1172 2476 cerotum
1182 2424 1338 2496 i⁷¹⁶t³rl⁹0r⁶
1349 2431 1449 2492 vetito,
1465 2427 1637 2485 dieitPaulus
1647 2433 1673 2498 (Ι
1683 2434 1746 2492 Cor·

102 2520 166 2579 etull
180 2518 291 2594 gaudia,
308 2516 358 2575 sed
373 2524 479 2591 poterat
494 2516 582 2590 aliqua
596 2515 624 2571 in
645 2515 722 2573 uobis
738 2516 828 2572 adbuc
848 2532 897 2571 sn·
952 2523 989 2574 Vt,
1007 2507 1063 2580 20).
1080 2511 1188 2566 Poritri
1201 2511 1258 2567 vult
1273 2529 1288 2566 ⁸
1302 2513 1381 2569 vobis
1395 2515 1544 2583 Christum.
1556 2519 1745 2592 sedgloriose

102 2608 187 2684 spicio
210 2606 245 2666 dc
273 2606 452 2681 perveniendi
473 2605 633 2662 difficultate
661 2605 897 2661 submurmurare.
951 2612 1007 2651 11⁰ss
1021 2612 1084 2652 cum
1099 2598 1192 2666 ῐθθᾶίθ,
1207 2615 1262 2653 ¹1⁰ss
1276 2615 1339 2655 ⁰⁰⁰1
1354 2618 1503 2671 murmure,
1527 2621 1583 2661 ¹1⁰ss
1598 2623 1661 2663 tum
1676 2609 1747 2665 indi-

103 2697 168 2757 ldco
181 2696 259 2758 uobis
274 2712 366 2754 senno
382 2694 454 2753 sacri
468 2693 593 2760 vehiculi,
611 2707 664 2765 quo
679 2692 745 2749 estis
759 2692 795 2748 sd
809 2693 898 2751 lectu·
950 2684 1079 2756 gantiam
1095 2695 1123 2741 et
1136 2686 1283 2743 fluctuante
1307 2690 1467 2761 pr0p0⁵i103
1489 2693 1607 2767 denique
1631 2699 1745 2768 portari,

101 2785 319 2862 temperanda,
335 2784 449 2859 puteum
463 2780 733 2840 varieueuescrtatt
747 2778 897 2838 unorna-
951 2789 1006 2829 non
1028 2773 1109 2832 trahi·
1139 2775 1268 2832 rraueau
1290 2777 1362 2833 enim
1390 2795 1522 2837 onerosus
1544 2790 1586 2838 att
1609 2784 1744 2854 Christus,

101 2885 169 2936 turn.
186 2876 276 2935 litium
295 2875 323 2932 iu
346 2873 443 2932 itinere
465 2885 583 2942 sponsus
603 2868 681 2925 robis
695 2871 898 2944 procuratipsc
952 2878 1068 2918 ⁰110r0³a
1097 2864 1223 2933 castitas,
1248 2882 1366 2923 osser0⁸a
1389 2869 1558 2936 humiliatio,
1587 2873 1745 2933 obedientie

100 2965 220 3026 deliciet.
242 2961 384 3023 Ferculum
399 2962 450 3017 boo
464 2957 573 3031 quidem
587 2963 697 3032 gratum
715 2965 757 3014 est
769 2960 894 3028 materia,
950 2952 1051 3023 grauis,
1068 2954 1214 3026 pauperies
1228 2955 1321 3011 sordet
1338 2971 1344 3010 :
1360 2957 1519 3015 deformiter
1533 2968 1626 3030 portus
1642 2963 1689 3035 qui
1704 2964 1744 3022 sio

100 3054 148 3114 aad
165 3061 276 3114 auctora
296 3058 339 3110 est
353 3047 467 3123 gratius.
485 3046 547 3117 lpse
565 3045 639 3101 euim
655 3046 784 3103 Salomon
798 3048 896 3106 ferculi
913 3033 935 3112 c
951 3042 1135 3097 conversaris.
1155 3042 1249 3099 fascis
1264 3045 1374 3116 qnidam
1388 3047 1501 3118 grandis
1522 3049 1568 3104 tibi
1582 3050 1689 3107 videtur
1712 3053 1744 3107 fi-

100 3145 180 3218 latim
191 3151 233 3203 out
244 3147 338 3200 auctor
348 3144 376 3196 ct
386 3134 494 3193 artifex.
506 3134 659 3192 Ferculum
669 3135 743 3192 enim
762 3137 817 3193 sibi
825 3141 896 3210 fecit
950 3130 1010 3197 des»
1027 3139 1056 3186 et
1068 3130 1155 3202 pietas
1167 3132 1333 3205 ponderosa.
1347 3135 1409 3190 Non
1422 3145 1503 3207 potes
1518 3136 1629 3197 dicere:
1647 3143 1743 3198 Fusci·

101 3221 896 3299 emmerammumlipnisiiborti‚columnnsfecitnrpen-
949 3220 1033 3277 culus
1050 3221 1173 3293 myrrluoe
1197 3223 1318 3280 dilectus
1340 3227 1510 3282 manumitti
1529 3229 1624 3293 (Cant.
1646 3245 1666 3295 1,
1684 3231 1741 3302 li).

100 3331 168 3391 lotar,
186 3317 405 3382 reclinatorium
418 3328 549 3369 aureum.
567 3311 646 3379 Audi,
663 3312 728 3380 fulin,
740 3329 822 3386 quam
836 3315 896 3388 glo·
949 3307 1044 3379 Quid?
1057 3309 1160 3364 Fenum
1176 3309 1222 3365 tibi
1237 3311 1343 3367 videtur
1359 3312 1493 3381 fidestan,
1507 3315 1558 3370 sub
1569 3317 1647 3385 cujus
1658 3333 1741 3375 onere

100 3413 173 3471 tiata
198 3411 330 3483 apricitate
355 3399 472 3475 portaria
493 3398 529 3455 ad
552 3399 661 3458 lectum.
691 3402 752 3458 Non
781 3403 845 3459 sinit
869 3415 895 3460 tc
949 3397 990 3454 sic
1004 3398 1111 3465 strides,
1128 3399 1168 3455 sic
1182 3399 1278 3472 gemis,
1291 3401 1330 3458 sic
1339 3418 1504 3468 murmuras,
1513 3404 1650 3475 quomodo
1665 3407 1742 3476 plau·

101 3514 217 3576 apartium
231 3495 291 3555 aluo
311 3486 492 3556 reclinatorio,
507 3494 535 3544 et
558 3487 604 3544 illo
619 3503 715 3556 aureo,
731 3490 847 3548 fortasse
861 3510 894 3549 cx
948 3495 1034 3543 strum
1049 3487 1147 3546 stridet
1160 3497 1288 3545 onustum
1302 3489 1375 3546 feno.
1390 3491 1496 3547 Nonest
1507 3491 1739 3562 fennmChristus,

101 3588 146 3650 ttta
161 3602 226 3646 tutto
244 3582 278 3639 do
293 3592 346 3653 quo
359 3575 443 3649 logis:
458 3577 547 3648 Caput
563 3580 624 3649 ejus
634 3595 737 3636 nurum
753 3581 894 3653 optimum
948 3577 996 3632 scd
1011 3578 1061 3633 ilos
1076 3585 1126 3644 est,
1153 3579 1203 3634 sed
1226 3578 1330 3635 fructus
1349 3587 1401 3647 est,
1426 3581 1475 3636 sed
1494 3579 1597 3655 iignum
1611 3583 1684 3649 vitae,
1709 3584 1741 3639 li·

101 3676 196 3749 (titttl.
214 3684 240 3738 t,
256 3672 311 3741 tt).
327 3664 424 3722 liultus
440 3663 606 3721 reclinatorii
619 3683 685 3722 usus
695 3675 747 3734 est,
764 3670 813 3726 sed
827 3670 895 3728 inie-
947 3682 1032 3739 gnum
1047 3667 1120 3739 quod
1135 3668 1181 3722 dat
1195 3668 1314 3724 fructum
1327 3668 1356 3722 in
1369 3676 1494 3740 tempora
1508 3686 1558 3726 sno
1575 3689 1582 3725 :
1599 3680 1626 3727 et
1642 3680 1669 3727 tu
1684 3689 1740 3728 non

100 3767 156 3824 tior
174 3774 255 3835 «patum
270 3754 372 3814 lectuli.
392 3753 421 3808 ln
441 3752 614 3810 reclinatorio
629 3754 709 3811 babet
734 3774 798 3828 spes
819 3758 895 3816 fessa
948 3755 988 3809 vis
1011 3758 1189 3826 exspectare?
1204 3756 1279 3811 Beati
1302 3757 1348 3829 qui
1371 3766 1519 3814 vescuntur
1542 3767 1665 3832 tempore
1690 3777 1741 3818 sun

99 3848 248 3928 protundum
273 3849 530 3910 sustentamentum,
546 3843 776 3902 oblectamentum
799 3847 826 3903 in
852 3850 894 3906 le·
948 3845 1077 3911 Ecclex,
1095 3845 1150 3916 Π).
1170 3845 1294 3918 Denique
1309 3845 1440 3917 patientia
1455 3849 1615 3905 necessaria
1631 3857 1682 3915 est,
1710 3858 1741 3906 ut

100 3938 181 4002 pudo.
200 3934 248 3995 illo
269 3948 378 4008 sportam
392 3940 483 3989 uotum
499 3933 614 4000 fovetur,
635 3934 671 3989 ibi
691 3935 760 3993 votis
786 3935 893 3995 fruitur,
948 3933 1093 4005 reportetis
1107 3934 1303 4007 promissiones
1318 3931 1408 4005 (liebr.
1423 3951 1454 4005 x,
1471 3936 1528 4008 36).
1550 3937 1659 3993 Portnte
1673 3954 1741 4009 ergo

99 4030 223 4101 otiantur
238 4030 274 4093 to,
295 4029 376 4095 putas
386 4029 525 4094 exspectat
539 4029 698 4095 apparatus,
708 4041 769 4095 quae
785 4026 831 4081 tali
846 4027 894 4084 de·
947 4022 1084 4094 patienter
1097 4040 1193 4094 onera,
1209 4023 1263 4079 imo
1278 4037 1362 4079 onera
1377 4024 1496 4096 pietatis.
1511 4025 1600 4080 Pietas
1613 4024 1686 4080 enim
1713 4033 1743 4082 et

100 4111 207 4175 tlttootit
220 4112 344 4170 ornatui
359 4110 430 4181 Quid
452 4126 504 4182 ego
524 4127 597 4168 nunc
610 4128 739 4172 sermone
759 4113 895 4188 frequenti
948 4112 1007 4183 ipsa
1021 4121 1127 4184 partem
1149 4115 1206 4182 jam
1234 4113 1317 4169 habet
1341 4112 1564 4186 repromissionis,
1581 4112 1650 4169 siem
1671 4113 1742 4169 seri-

99 4208 196 4263 ettuuta
210 4215 385 4272 exaggerem,
401 4197 477 4271 ligna
498 4199 621 4268 cedrina,
638 4200 712 4273 ligna
725 4202 828 4270 libani,
846 4219 893 4263 co·
948 4208 1024 4272 ptum
1039 4200 1099 4257 esti
1112 4202 1138 4272 (l
1158 4203 1225 4258 lim.
1241 4217 1281 4271 tv,
1298 4202 1338 4274 8.)

100 4290 204 4351 turrium
219 4294 365 4362 argenteas
380 4289 395 4345 f
416 4288 478 4360 ipso
494 4289 587 4346 auditu
602 4306 632 4346 se
646 4290 725 4346 nobis
747 4291 799 4348 ista
820 4309 895 4351 eom·
985 4294 1012 4347 3.
1028 4292 1103 4363 Ergo
1118 4298 1225 4363 portate
1240 4291 1388 4366 imaginem
1401 4292 1460 4362 ejus
1484 4290 1579 4363 quide
1594 4290 1671 4348 eoelis
1685 4299 1740 4359 cst,

98 4376 895 4454 mendant,otcorporalispulchritudoinfiguramadducta
950 4388 977 4437 et
996 4380 1118 4453 gloriose
1141 4388 1258 4452 portate.
1284 4380 1360 4436 Onus
1374 4379 1447 4436 enim
1471 4381 1530 4451 eius
1553 4380 1622 4436 leue.
1647 4380 1743 4436 Estote

98 4467 279 4543 spiritualem,
299 4465 447 4539 quomdam
461 4475 487 4523 et
502 4466 702 4542 intelligibilem
716 4478 832 4527 conatur
849 4473 893 4529 in·
910 4426 933 4504 n
949 4486 1005 4526 non
1018 4470 1229 4544 ignominiosum
1243 4468 1449 4535 offendiculum,
1464 4468 1514 4525 sed
1528 4468 1676 4539 gloriosum
1689 4484 1743 4526 ue-

98 4557 191 4617 dioare
212 4557 352 4624 decorem,
373 4562 401 4613 et
422 4563 525 4613 sancte
539 4555 637 4613 enimse
656 4557 802 4634 designare
819 4562 895 4621 vehi·
949 4560 1078 4630 hionium,
1099 4559 1179 4632 quale
1198 4558 1261 4616 iecit
1276 4559 1326 4615 sibi
1341 4576 1389 4615 rex
1412 4558 1551 4616 Salomon.
1566 4558 1634 4614 liiro
1649 4560 1742 4613 autern

98 4645 198 4705 nulum.
213 4647 277 4702 llaec
291 4646 364 4702 enim
379 4645 533 4717 corporalia
555 4646 678 4717 intelligi,
695 4647 819 4707 lectionis
842 4652 895 4719 cir·
949 4652 1030 4707 modo
1044 4650 1083 4707 ila
1101 4650 1230 4706 virtutum
1254 4648 1396 4720 distinguit
1413 4647 1581 4713 varietatem,
1599 4655 1629 4703 ut
1652 4646 1742 4717 primo

98 4733 261 4794 uuutatautiu
277 4749 331 4791 nou
349 4733 421 4792 sinit.
442 4732 513 4803 Quid
538 4735 609 4791 enim
631 4752 727 4793 aurum
752 4742 893 4800 materiale
948 4740 1009 4798 loeo
1024 4739 1151 4797 elationis
1164 4737 1311 4795 vanitatem
1326 4738 1463 4794 excludat.
1481 4737 1552 4808 Quid
1565 4737 1644 4794 euim
1659 4737 1743 4795 babes

97 4823 891 4901 ollaritntocunsternoreturiSedomniuspiritualinsuut,
948 4826 1742 4906 quodnamaccepistifsioutcmacccpisfi,quidplorio·

98 4911 323 4990 qulaapiritualis
338 4920 482 4980 autumer,
498 4913 542 4971 cui
556 4921 611 4970 tum
626 4916 787 4976 ambitiosus
797 4920 893 4979 ferculi
946 4924 989 4980 ris
997 4924 1077 4997 quusi
1093 4937 1150 4977 non
1160 4916 1324 4991 occeperis?
1342 4916 1367 4988 ll
1378 4917 1440 4975 Cor.
1456 4932 1494 4984 nv,
1510 4918 1551 4988 7.)
1567 4915 1593 4984 Si
1609 4914 1744 4972 ferculum

96 5004 234 5063 blanditur
249 5009 408 5075 flltptrflius·
946 5027 988 5081 es,
1004 5027 1059 5068 non
1074 5018 1103 5066 tu
1118 5017 1155 5075 tc,
1170 5007 1218 5063 sed
1232 5005 1291 5079 ipse
1306 5014 1332 5062 te
1348 5006 1421 5064 fecit.
1437 5006 1588 5064 Ferculum
1601 5004 1673 5060 enim
1689 5006 1745 5061 siti

132 5098 157 5154 i.
175 5094 285 5151 Possum
299 5092 358 5148 hmo
372 5100 399 5147 ot
422 5091 519 5150 similia
543 5093 576 5149 de
598 5093 702 5153 ferculo
727 5097 779 5155 hoo
794 5098 829 5154 nd
843 5116 894 5157 no-
946 5094 1668 5176 fecitroaSalomondeliquialiheoiiitliguaipsa
1679 5093 1743 5165 quis

96 5192 182 5243 etrum
192 5182 448 5241 derivaresensum.
464 5181 589 5240 Sufficiat
601 5183 653 5241 ista
668 5186 789 5244 breviter
803 5188 894 5261 dispu·
946 5191 1031 5250 fecit?
1042 5188 1222 5261 nonncipsei
1233 5182 1744 5258 lpseplantaviteedrosbibuui.Quod

97 5280 179 5343 lauari,
195 5271 230 5328 ad
244 5280 363 5329 vestram
382 5271 425 5331 vel
443 5271 605 5341 satiandum,
622 5273 664 5331 rel
688 5278 891 5348 provocandam
945 5281 1011 5339 situ
1026 5279 1126 5337 cedrus
1140 5293 1171 5335 es
1184 5275 1237 5332 alta
1256 5274 1361 5342 Libani,
1377 5275 1432 5333 noli
1447 5283 1541 5332 tamen
1561 5273 1645 5330 ultum
1659 5288 1745 5344 sape-

95 5357 263 5422 ttltiilttcm.
275 5360 369 5435 Quid?
383 5361 460 5421 vobis
473 5362 538 5422 solis
553 5364 633 5422 vultis
643 5366 701 5423 bueo
715 5367 823 5425 cantica
835 5384 893 5426 sera·
945 5389 984 5440 cc,
1001 5370 1048 5428 sed
1064 5370 1138 5434 time
1154 5384 1189 5424 ne
1202 5365 1341 5422 forteinde
1355 5365 1479 5423 evellaris
1494 5362 1552 5421 58
1559 5372 1674 5437 propter
1685 5363 1743 5420 cia·

94 5447 171 5514 titul
187 5446 271 5511 lllnltu
281 5448 661 5528 adolescentulnpescantur:
673 5453 754 5516 sinite
769 5455 889 5517 adsuam
945 5461 1054 5529 tionem,
1064 5459 1117 5522 ‚ubi
1131 5458 1270 5533 plantatus
1284 5472 1315 5523 es
1328 5472 1376 5530 per
1390 5453 1564 5516 electionem.
1579 5455 1642 5512 Non
1666 5452 1742 5523 enim
