3706 5962
136 249 197 311 439·

803 243 962 306 stultiut
979 245 1116 306 taulus

1732 251 1786 311 tte

136 387 232 435 treme
245 374 391 432 dementiae
406 380 457 430 est.
473 373 579 444 Dignus
593 379 635 429 est
654 372 793 443 operarius
807 372 933 427 mercede
950 382 974 460 g
991 372 1048 428 Nec
1068 373 1157 427 minus
1174 373 1308 430 contraria
1321 383 1383 430 sunt
1405 390 1466 446 que
1480 374 1615 430 simulatio
1634 384 1662 430 et
1674 377 1786 447 pusilla·

137 481 205 523 sua:
221 480 283 519 nam
297 472 327 518 ut
350 462 505 518 mercedem
522 476 572 532 pro
595 476 679 531 opere
703 460 813 530 tribuat,
830 459 934 514 inaudi-

138 563 206 610 tum.
218 552 341 622 benique
357 550 476 623 loquitur
489 565 572 621 super
582 551 633 604 hoc
644 549 727 604 verbo
742 548 872 604 Dominus
886 563 936 618 per

138 643 313 715 prophetam,
329 640 379 698 sub
395 651 459 711 typo
472 637 592 693 mulieris
606 637 760 692 fornicariae
775 637 882 693 scelera
896 652 937 690 ar-

139 746 227 804 guens
237 727 357 783 israelis:
370 727 512 791 errantem,
521 726 616 799 inquit,
624 725 823 784 meretricibus
829 725 939 780 dantur

144 816 300 876 mercedes:
320 823 351 873 ιιι
366 821 462 873 cotem
479 814 583 873 dedisti
593 816 731 872 mercedes
743 815 856 870 conctis
867 829 939 869 cmo-

142 907 249 965 toribcs
260 905 328 969 tots,
340 909 368 960 et
379 902 502 961 donabas
512 904 552 960 eis
561 908 593 958 ιιι
604 904 752 959 intrarent
762 903 798 958 ad
817 907 844 958 te
854 899 938 956 undi-

142 1012 194 1069 que
211 995 248 1050 od
263 993 478 1064 [cremandam
497 994 665 1064 factumque
683 995 726 1048 est
744 993 775 1047 in
799 995 826 1048 te
839 994 940 1046 contro

141 1081 376 1140 consuetudinem
386 1082 541 1138 mulierem
552 1083 584 1136 in
589 1078 827 1152 fornicationibus
839 1082 905 1143 teis,
914 1082 940 1134 et

141 1174 204 1246 post
215 1173 242 1228 te
252 1184 309 1228 non
320 1169 376 1226 erit
393 1168 561 1239 fornicatio.
573 1167 605 1223 ln
615 1185 645 1224 eo
658 1169 734 1223 enim
750 1167 822 1240 quod
837 1164 941 1221 dedisti

142 1259 292 1324 mercedes,
304 1261 333 1313 et
343 1274 400 1313 non
411 1257 553 1329 occepisti,
565 1259 677 1327 suetam
692 1259 734 1311 est
745 1258 776 1310 io
792 1261 820 1312 te
829 1262 943 1311 contre·

144 1349 222 1405 mom
241 1347 352 1418 (dacels.
370 1361 429 1411 ιιι,
456 1349 500 1410 33,
516 1348 573 1417 34).
590 1346 673 1400 l‘lane
688 1355 716 1399 et
728 1344 754 1398 iu
771 1359 803 1399 eo
819 1343 864 1415 qui
878 1344 942 1415 juga

144 1438 219 1502 emit,
244 1434 408 1492 contrarium
429 1432 488 1490 lieri
512 1433 687 1490 manifestum
708 1439 763 1488 est.
783 1431 854 1502 Quid
869 1431 943 1487 enim

143 1527 209 1600 juga
229 1523 305 1589 emit,
330 1530 357 1580 et
374 1525 441 1597 juga
464 1524 555 1588 ιιοιιιιι,
578 1522 621 1578 cui
644 1523 738 1596 jugum
754 1535 838 1576 suave
860 1520 944 1593 gratis

144 1614 281 1671 offertur?
304 1613 375 1668 Nam
398 1613 493 1684 jugum
513 1610 623 1676 Christi,
648 1612 742 1682 iugum
756 1607 875 1665 hominis
890 1613 942 1671 est,

145 1686 279 1775 siquidem
298 1707 326 1756 et
339 1700 463 1755 Christus
479 1700 570 1755 homo.
585 1699 644 1754 Nec
657 1697 738 1753 modo
753 1697 840 1769 gratis
855 1696 945 1750 tribui·
961 1683 983 1761 B

147 1798 200 1855 tur,
217 1788 266 1844 sed
281 1787 432 1858 etcopiose
447 1787 487 1841 his
502 1786 548 1857 qui
559 1784 679 1850 tulerint,
696 1783 879 1840 remuneratio
892 1791 943 1850 est,

147 1886 176 1935 ut
191 1893 206 1932 a
221 1877 330 1932 nemine
341 1891 395 1931 nou
409 1874 470 1931 dico
482 1875 544 1940 cmi,
557 1874 605 1930 sed
616 1872 702 1945 gratis
712 1874 841 1928 sustineri
852 1881 943 1945 queat.

147 1965 218 2037 Quid
235 1981 313 2037 ergo,
329 1964 423 2028 miser,
441 1977 490 2034 pro
504 1964 571 2034 iugo
593 1963 673 2018 bourn
689 1961 816 2017 distrahis
828 1961 945 2016 animam

149 2062 232 2121 tuam,
254 2053 300 2126 qui
315 2054 409 2123 jugum
425 2050 524 2106 Christi
543 2049 704 2122 suscipiens,
725 2065 818 2106 emere
835 2057 946 2122 poteras

149 2159 265 2216 regnum
285 2140 347 2212 Dei,
367 2140 483 2197 merceri
503 2141 596 2204 vitam,
618 2138 777 2195 lucrifacere
792 2136 944 2194 Christum?

149 2234 218 2290 Nam
235 2231 294 2287 sine
308 2232 374 2301 iugo
389 2228 497 2285 interim
517 2244 577 2284 esse
593 2243 647 2284 non
660 2234 749 2299 potes,
765 2228 846 2283 home
866 2226 946 2282 nimi-

148 2337 218 2387 rum,
236 2320 283 2392 qui
297 2327 377 2374 natus
391 2334 421 2373 es
434 2318 468 2372 ad
483 2318 605 2373 laborem
619 2316 680 2387 (roc
702 2333 729 2382 ιι,
741 2317 781 2385 7).
794 2315 849 2372 Sed
863 2331 946 2387 grave

149 2412 245 2482 jugum
255 2423 340 2477 super
350 2422 446 2462 omnes
456 2404 724 2476 liliosddamliieeti.
747 2419 792 2469 ιιι,
807 2405 842 2475 ι),
855 2404 947 2475 utique

75 2562 77 2566 ,
151 2498 197 2571 qui
212 2504 364 2570 sequuntur
389 2511 463 2551 eum.
486 2495 554 2549 Nam
570 2509 653 2563 super
675 2509 723 2549 eos
746 2492 792 2565 qui
816 2492 947 2547 Christum

150 2594 310 2659 sequuntur,
322 2585 383 2642 leve
393 2592 435 2640 cst
446 2592 472 2640 et
483 2583 683 2652 suavelldctth.
692 2598 731 2649 ιιι,
740 2585 797 2653 30).
810 2583 949 2637 Postremo

151 2688 182 2732 ut
198 2683 298 2730 catera
317 2672 421 2736 sileam,
443 2688 506 2728 cum
520 2670 580 2726 sine
598 2672 665 2740 jugo
680 2685 741 2726 esse
756 2684 811 2724 non
827 2670 947 2753 possint3

152 2763 231 2835 quale
247 2763 298 2817 hoc
311 2761 401 2831 ipsum
421 2766 473 2824 est,
490 2759 591 2829 eligere
614 2756 700 2815 28⁰
720 2758 809 2829 potius
831 2757 949 2828 quinque

993 459 1099 514 nimitas
1121 471 1270 535 suggerunt
1283 463 1466 532 impudentia,
1481 462 1713 535 impatientiaeque
1734 464 1787 520 cla-

993 548 1127 622 moribus;
1143 559 1169 605 et
1184 561 1297 622 utraque
1307 550 1384 608 labor
1397 558 1425 607 et
1434 551 1520 616 dolor,
1536 558 1564 606 et
1577 550 1689 607 alilietio
1704 554 1787 626 spiri-

993 642 1037 691 tua
1051 644 1123 694 sunt.

1100 727 1133 783 V.
1145 759 1180 767 —
1194 729 1234 782 be
1249 727 1355 785 ducem
1368 729 1548 801 sanguisugae
1559 730 1682 798 filiolus.

1031 819 1057 870 5.
1081 816 1142 871 llaec
1161 824 1252 872 autam
1285 818 1385 885 omnia,
1409 818 1559 890 similiaque
1590 834 1622 873 ac
1650 818 1791 875 dissimilia

995 903 1076 975 mala,
1100 921 1133 960 ex
1152 921 1206 960 uua
1226 906 1316 962 radice
1332 907 1471 978 pullulant,
1493 906 1610 978 proprie
1629 907 1730 964 scilicet
1744 925 1790 965 vo·

994 991 1116 1046 luntatis.
1135 993 1220 1064 Hujus
1242 993 1315 1049 enim
1338 994 1511 1066 sanguisuga
1526 993 1587 1049 duae
1601 1003 1664 1050 suut
1676 993 1790 1049 insatia-

996 1078 1064 1134 biles
1079 1079 1149 1146 liliae,
1165 1081 1322 1148 clamantes,
1339 1084 1425 1154 effer,
1445 1084 1517 1154 offer
1535 1083 1627 1154 (Prou.
1644 1097 1714 1148 xxx,
1732 1087 1790 1151 lh).

995 1167 1135 1240 Siquidem
1151 1185 1202 1225 nec
1213 1170 1319 1225 animus
1333 1170 1461 1237 vanitate,
1478 1186 1529 1226 nec
1541 1170 1678 1242 voluptate
1692 1186 1792 1241 corpus

996 1251 1142 1325 aliquando
1157 1257 1279 1321 saliatur,
1298 1266 1328 1312 ut
1348 1258 1555 1326 scriptumest:
1582 1259 1643 1315 Non
1665 1258 1793 1314 satietur

997 1343 1093 1399 ecatus
1105 1344 1177 1411 uiso,
1190 1347 1331 1402 stercoris
1343 1346 1596 1418 impleturoaditc
1610 1346 1711 1415 (lisele.
1723 1362 1742 1411 ι,
1755 1348 1792 1415 8).

998 1430 1073 1502 Fuge
1097 1433 1294 1507 sanguisugam
1314 1435 1392 1501 hauc,
1414 1444 1441 1490 et
1460 1435 1551 1491 omnia
1570 1434 1712 1507 reliquisti.
1732 1435 1796 1489 ilaec

999 1520 1071 1575 enim
1086 1524 1176 1576 omnia
1197 1522 1279 1577 trahit
1292 1523 1326 1578 ad
1341 1540 1382 1580 se.
1397 1524 1473 1580 Pone
1489 1526 1567 1594 hanc,
1584 1533 1611 1580 ct
1624 1526 1720 1597 jugum
1741 1531 1796 1578 tam

999 1607 1173 1679 importabile
1188 1626 1269 1682 quam
1283 1612 1422 1684 multiplex
1436 1613 1569 1684 abjecisti.
1591 1614 1650 1668 Non
1666 1620 1708 1668 est
1722 1613 1795 1669 enim

1000 1697 1126 1752 domium
1141 1698 1258 1754 crudelis
1273 1700 1305 1754 ad
1321 1699 1407 1772 illam3
1424 1704 1533 1757 nonest
1552 1709 1683 1772 tyrannus
1697 1701 1796 1772 impius

1001 1792 1029 1839 et
1043 1784 1206 1842 inhumanus
1219 1788 1257 1843 sic
1271 1803 1374 1861 urgens
1387 1790 1534 1855 servulum,
1550 1797 1578 1844 et
1596 1804 1651 1844 non
1668 1805 1794 1861 parcens.

1001 1875 1150 1945 Fatigatum
1171 1876 1257 1950 magis
1277 1877 1396 1949 instigat,
1418 1877 1554 1934 subditum
1577 1879 1675 1950 premit
1690 1878 1794 1936 durius.

1002 1963 1156 2035 inquietum
1176 1966 1285 2033 malum,
1307 1968 1379 2038 quod
1404 1967 1511 2038 spiritui
1531 1983 1640 2038 semper
1653 1967 1793 2031 incubans,

1001 2051 1219 2123 inexcogitabilia
1234 2054 1388 2111 meditatur.
1403 2055 1426 2112 0
1442 2065 1533 2111 custos
1547 2056 1695 2125 bominum,
1710 2071 1795 2128 quare

1000 2140 1114 2211 posuisti
1135 2158 1178 2198 me
1194 2143 1357 2199 contrarium
1375 2144 1433 2211 tibi,
1451 2153 1478 2201 et
1494 2145 1580 2201 lactus
1595 2161 1655 2200 sum
1669 2144 1794 2200 mildme·

1001 2228 1062 2300 tipsi
1075 2229 1183 2303 gravisi
1198 2231 1267 2302 (tob,
1280 2249 1330 2298 vu,
1348 2234 1402 2303 20.)
1417 2233 1526 2288 Nullum
1538 2233 1602 2287 mihi
1613 2249 1683 2289 onus
1693 2231 1796 2302 impor-

1001 2316 1118 2384 tabilius,
1140 2319 1213 2374 nulla
1228 2321 1339 2391 gravior
1360 2322 1466 2377 sarcina
1486 2332 1536 2378 est.
1547 2324 1567 2377 F
1569 2331 1644 2376 actus
1659 2337 1718 2377 sum
1733 2322 1795 2376 mihi

1003 2407 1134 2463 talentum
1148 2408 1252 2479 plumbi
1266 2409 1399 2480 (zochor.
1415 2428 1443 2477 v,
1464 2414 1502 2481 7),
1520 2420 1546 2466 et
1558 2411 1659 2468 resedit
1671 2410 1799 2483 iniquitas

1003 2512 1084 2566 super
1100 2496 1175 2551 illud.
1201 2496 1256 2553 Sed
1269 2497 1377 2553 audiant
1393 2514 1485 2555 vocem
1500 2499 1597 2565 solatii,
1610 2500 1718 2555 audiam
1734 2499 1797 2570 quid

1004 2586 1129 2657 loquatur
1149 2585 1240 2656 magni
1253 2585 1357 2641 consilii
1372 2587 1501 2658 Angelus.
1530 2590 1633 2654 Venite,
1650 2588 1747 2661 inquit,
1763 2587 1799 2643 cd

1003 2692 1057 2743 me,
1068 2675 1118 2745 qui
1128 2673 1262 2730 laboratis
1271 2680 1299 2731 et
1308 2678 1422 2732 onerati
1429 2677 1505 2744 estis,
1517 2681 1597 2748 elego
1605 2694 1651 2733 ves
1659 2677 1796 2744 reficiens.

1008 2763 1105 2818 Tollite
1110 2763 1213 2833 jopem
1218 2777 1401 2835 meumsapcr
1411 2768 1502 2830 venet
1512 2765 1664 2823 invenietis
1672 2768 1798 2837 requiem

153 2864 236 2922 quam
251 2848 354 2904 uuum?
369 2846 436 2916 Quis
454 2847 526 2902 enim
540 2852 631 2916 potest
647 2844 748 2900 servire
763 2844 882 2917 quinque
897 2843 947 2897 d0·
1004 2849 1151 2905 calcuulus
1171 2850 1271 2906 uestris
1291 2851 1399 2918 (dtotth.
1423 2867 1462 2916 ur,
1485 2857 1529 2916 ιθ,
1550 2855 1606 2922 29).
1626 2853 1724 2907 Verum
1740 2853 1797 2906 haec

154 2938 243 3002 minis,
265 2936 365 2992 nedum
384 2934 503 3008 quinque
524 2934 653 3006 tyrannis,
679 2933 800 3005 quinque
815 2933 950 3004 praedOni·
1003 2938 1086 3002 alias,
1102 2936 1242 2992 invenient
1261 2937 1331 2994 torte
1346 2938 1373 2992 in
1389 2939 1540 2995 novissimis
1563 2940 1651 2995 locum
1671 2938 1731 2995 sibi.
1753 2940 1798 2993 ln-

153 3024 223 3083 busl
246 3023 379 3095 siquidem
403 3024 499 3082 ocolus
520 3039 598 3078 mens
618 3022 798 3094 depredatur
820 3022 951 3078 animone
968 2984 992 3065 ὓ
1006 3027 1084 3083 terim
1097 3040 1163 3080 sane
1176 3025 1270 3082 leliccs
1285 3028 1369 3099 liquet
1382 3043 1453 3093 esse,
1470 3028 1516 3099 qui
1531 3028 1669 3084 exonerati
1682 3036 1754 3096 sunt,
1772 3037 1799 3083 et

154 3131 247 3172 mecm
268 3113 380 3183 (Three.
395 3126 435 3178 ιιι,
452 3112 509 3181 at).
525 3115 624 3166 Annon
640 3126 715 3181 saepe
729 3110 802 3165 aliud
817 3110 880 3182 gula
894 3110 950 3164 cxi·
1004 3120 1156 3185 sequuntur
1179 3113 1322 3169 Dominum
1355 3115 1484 3187 expediti.
1513 3115 1698 3171 arctissimum
1726 3115 1799 3170 enim

155 3203 205 3278 git,
225 3200 346 3257 adalind
361 3200 480 3271 pruritus
493 3200 597 3255 aurium
613 3197 707 3255 vocat?
723 3199 768 3255 Sic
781 3208 809 3255 et
823 3197 951 3255 odoratus
1004 3215 1055 3258 nos
1067 3199 1190 3256 foramen
1205 3210 1344 3274 exspectat
1366 3202 1394 3257 Si
1409 3219 1489 3274 quem
1498 3191 1652 3274 sequimur,
1667 3203 1800 3274 consequi

156 3300 185 3350 et
199 3300 286 3347 tactus
299 3290 407 3347 diversa
421 3289 556 3345 interdum
571 3288 715 3359 imperant,
732 3289 844 3344 forsitan
859 3296 886 3344 et
899 3287 950 3343 ad·
1004 3289 1135 3355 volumus,
1152 3306 1202 3360 per
1212 3299 1353 3363 angustam
1363 3292 1559 3347 contendamus
1577 3291 1684 3363 ingredi
1695 3300 1801 3363 portam

155 3396 245 3444 versa,
262 3381 325 3434 dum
339 3386 454 3449 uterque
468 3391 641 3433 communem
651 3376 702 3431 sibi
713 3376 951 3449 gestitpraeripere
1004 3395 1117 3436 necesse
1132 3386 1183 3435 est.
1199 3379 1269 3446 Quid
1284 3388 1322 3447 tu,
1339 3380 1455 3446 camele,
1471 3381 1599 3453 gibbum3
1615 3379 1679 3452 quid
1694 3388 1732 3448 ιιι,
1749 3394 1799 3449 pe-

156 3485 274 3534 serrum,
291 3475 319 3523 et
335 3466 417 3522 trahit
434 3482 482 3521 sua
500 3481 636 3538 quemque
657 3465 790 3537 voluptas.
807 3466 889 3522 Vides
905 3481 950 3522 ex·
1004 3471 1127 3534 cuniose,
1147 3468 1297 3540 proditoris
1316 3468 1420 3525 loculos
1442 3469 1529 3524 tollis?
1551 3468 1612 3524 Non
1635 3469 1684 3535 sic,
1705 3467 1800 3538 impie,

156 3559 323 3617 cusationem
338 3556 455 3612 hominis
472 3555 518 3629 qui
534 3561 680 3628 propterea
694 3555 829 3612 Christum
844 3571 898 3612 non
912 3572 952 3612 se·
1005 3575 1060 3615 nou
1072 3559 1110 3614 sic
1123 3557 1297 3630 ingredieris.
1313 3559 1449 3614 Forameu
1464 3574 1528 3614 acus
1543 3555 1697 3628 hujusmodi
1712 3556 1800 3612 sarci·

157 3647 258 3721 quitur,
286 3652 433 3717 propterea
452 3660 482 3699 se
506 3650 617 3700 excusat
639 3644 780 3714 anuptiis,
796 3643 869 3717 quod
886 3645 952 3716 iuga
1006 3663 1055 3703 nas
1069 3662 1124 3702 non
1137 3646 1262 3701 admittit.

158 3740 240 3794 boum
254 3734 351 3790 emerit
365 3732 485 3806 quinque
500 3735 577 3800 (Luc.
593 3746 653 3799 ιιιιι,
670 3734 724 3800 ts).
1044 3735 1086 3791 Vl.
1100 3766 1133 3774 -
1144 3736 1182 3790 be
1197 3734 1308 3791 divitiis
1319 3738 1439 3792 Petram
1460 3739 1562 3794 Veteris
1581 3737 1762 3793 Testamenti.

241 3823 288 3878 ιι.
304 3824 391 3880 -De
406 3819 564 3893 multiplici
579 3819 705 3876 dominio
720 3821 865 3876 vitiorum.
1042 3828 1069 3879 6.
1085 3823 1139 3878 Sed
1162 3831 1292 3878 excusant
1315 3824 1396 3896 aliqui
1411 3824 1526 3881 fortasse
1546 3825 1685 3880 dicentes:
1709 3824 1799 3878 Abra·

195 3915 220 3972 4.
236 3911 317 3982 Quid,
334 3910 465 3966 ³1⁰⁰fflffl
479 3908 952 3972 labOremeld010r0m0011⁸id0res.
1006 3913 1077 3978 ham,
1095 3911 1171 3967 Isaac
1187 3921 1214 3967 et
1227 3913 1321 3978 Jacob,
1342 3914 1489 3986 ceterique
1504 3914 1589 3969 sancti
1609 3911 1729 3984 nunquid
1745 3926 1801 3967 non

157 3999 181 4054 si
196 4014 324 4057 numeres
342 3999 417 4071 iuga,
441 3997 488 4071 qui
504 3998 585 4055 variis
598 3997 721 4053 serviunt
742 3998 813 4053 vitiis
837 4012 952 4061 morum,
1008 4007 1131 4056 terrenas
1153 3998 1261 4055 divitias
1280 4000 1407 4056 habuisse
1427 4001 1574 4076 leguntur?
1594 3999 1700 4055 Sullicit
1722 3999 1801 4054 nobis

159 4088 245 4160 magis
259 4102 339 4159 quam
354 4102 501 4159 corporum
514 4086 660 4143 sensibus?
676 4086 731 4141 Erit
745 4086 867 4158 prolecto
879 4087 954 4142 inve·
1008 4105 1068 4145 esse
1084 4088 1152 4144 sicut
1172 4087 1210 4142 illi
1235 4087 1362 4144 fuerunt:
1380 4090 1556 4161 nequeenim
1572 4104 1665 4144 sumus
1683 4103 1733 4144 nos
1748 4088 1800 4143 Pa·

158 4177 217 4234 nire
236 4178 292 4248 jam
306 4176 440 4242 homines,
456 4174 502 4247 qui
515 4173 598 4230 multO
613 4173 702 4246 magi-5
720 4173 747 4228 ill
761 4173 853 4229 labore
868 4173 953 4228 homi·
1008 4179 1096 4234 tribus
1120 4177 1258 4232 meliores.
1283 4178 1311 4232 Si
1326 4177 1468 4249 culpabilis
1492 4187 1565 4234 esset
1581 4178 1718 4249 possessio
1733 4176 1801 4231 divi-

157 4283 222 4323 num
238 4281 293 4321 non
307 4264 375 4334 sint;
392 4264 440 4320 sed
455 4263 537 4336 longe
560 4263 674 4334 amplius
688 4263 776 4319 aliena
792 4263 825 4318 ab
842 4262 952 4318 homine
1009 4267 1115 4333 tiarum,
1136 4282 1275 4338 nunquam
1300 4267 1337 4321 illi
1359 4267 1385 4321 iu
1411 4267 1511 4322 diuitiis
1531 4275 1632 4321 tantam
1652 4282 1667 4320 a
1686 4265 1802 4322 Domino

155 4355 264 4429 flagella
279 4355 439 4411 sustineant.
455 4353 515 4408 Erit
529 4352 652 4409 invenire
666 4360 790 4409 eruentes
802 4367 855 4408 non
871 4354 952 4408 modo
1006 4355 1119 4429 gratiam
1135 4354 1328 4426 obtinuisseut3
1344 4364 1390 4410 aut
1405 4367 1504 4412 tantam
1520 4352 1600 4412 287
1611 4354 1725 4426 gratiam
1740 4370 1802 4410 con-

157 4445 289 4518 quiuque,
305 4442 354 4499 sed
369 4443 429 4515 plus
445 4457 526 4513 quam
541 4440 737 4513 quinquaginta
751 4441 881 4514 quinque,
898 4458 951 4498 non
1007 4445 1102 4505 secuti,
1127 4443 1232 4500 divitias
1250 4443 1423 4500 nihilominus
1441 4443 1636 4516 possedissent.
1659 4440 1727 4511 Quid
1753 4458 1799 4497 re-

155 4535 238 4607 plane
253 4536 438 4604 jumentorum
453 4532 530 4603 juga,
541 4529 590 4586 sed
601 4531 764 4586 daemonum.
780 4534 952 4587 Contendunt
1006 4532 1201 4605 spondebimus
1224 4533 1301 4587 novis
1330 4532 1509 4589 imitatoribus
1540 4540 1694 4588 sanctorum
1722 4539 1799 4586 vete-

154 4621 271 4678 ambitio
286 4619 403 4677 etelatio
416 4618 520 4676 cordis:
532 4619 731 4686 alterandum,
748 4619 832 4675 altera
847 4619 952 4676 lorcam
1007 4623 1089 4678 rum?
1108 4623 1250 4692 lmpouant
1266 4629 1340 4677 certe
1364 4620 1462 4677 vitulos
1481 4637 1562 4692 super
1581 4621 1665 4675 altare
1680 4620 1799 4686 Domini,

155 4717 243 4784 parat.
259 4709 358 4766 Volare
369 4709 454 4763 altera
464 4709 551 4778 jubet,
568 4724 665 4780 repere
675 4709 875 4778 monetaltera;
891 4726 951 4765 cum
1006 4717 1125 4766 uractent
1140 4709 1251 4775 arietes,
1267 4709 1356 4765 hircos
1370 4709 1521 4774 immolent,
1537 4709 1599 4782 quia
1614 4715 1641 4764 et
1652 4709 1702 4763 hoc
1716 4707 1801 4762 lbra·

137 4808 281 4857 -neutrum
296 4798 417 4869 prolecto
431 4796 466 4853 sit
488 4797 613 4853 hominis.
630 4794 696 4865 Quis
709 4797 783 4853 enim
801 4812 832 4852 es
855 4806 891 4860 tu.
915 4800 952 4854 ait
1006 4801 1069 4855 ham
1092 4797 1165 4865 lecit,
1182 4805 1211 4853 et
1232 4797 1273 4852 hic
1289 4798 1356 4852 ritus
1381 4799 1504 4862 Petrum,
1525 4797 1622 4869 quibus
1645 4811 1700 4851 non
1719 4797 1800 4850 modo

155 4888 224 4953 haec,
239 4886 299 4960 quis
313 4901 378 4942 vero
388 4885 433 4942 ille
447 4885 491 4942 vel
504 4884 549 4939 ille
564 4891 617 4947 est,
633 4892 749 4955 autquae
761 4883 859 4942 domus
868 4889 952 4958 patris
1006 4888 1135 4943 meliores
1154 4900 1209 4940 non
1223 4901 1328 4952 sumus,
1352 4886 1400 4940 scd
1416 4902 1450 4941 ne
1474 4886 1548 4956 digni
1568 4886 1677 4957 quidem
1697 4885 1802 4940 soluere

153 4991 259 5044 eorum,
276 4985 306 5032 ut
321 4975 360 5031 eis
377 4976 404 5029 in
424 4973 514 5052 aliquo
533 4971 624 5036 cedas,
642 4981 671 5028 ut
685 4972 835 5028 reverearis
850 4990 906 5042 eos,
923 4986 951 5030 ut
1005 4975 1149 5044 corrigiam
1182 4974 1428 5030 calceamentorum
1455 4991 1559 5031 eorum.
1585 4973 1638 5029 Sed
1667 4976 1734 5038 haec,
1766 4975 1804 5027 in-

154 5066 195 5136 eis
210 5066 381 5139 aliquatenus
403 5058 574 5117 blandiaris?
586 5063 620 5114 dt
634 5058 722 5114 bonus
737 5076 827 5117 sermo
851 5063 950 5119 bonum
1005 5065 1110 5136 quiunt,
1134 5071 1235 5118 statum
1257 5064 1327 5118 ultra
1351 5079 1405 5118 non
1430 5064 1547 5127 habent;
1561 5064 1607 5118 ubi
1627 5061 1747 5118 revelata
1761 5071 1803 5117 est

153 5156 258 5213 invenit
272 5157 373 5219 locum,
389 5151 426 5206 ait
441 5149 564 5215 ambitio,
581 5156 608 5205 et
627 5149 763 5205 interdum
782 5166 890 5223 quoquc
905 5154 950 5225 qui
1004 5152 1115 5215 veritas,
1132 5151 1276 5208 transiere.
1296 5150 1378 5221 Quid,
1393 5151 1414 5206 si
1435 5150 1509 5221 ipsas
1523 5165 1632 5221 quoque
1647 5159 1802 5206 sanctorum

151 5246 283 5317 prodesse
298 5260 353 5300 nou
365 5248 466 5314 potest,
478 5240 689 5309 potestooesse.
702 5239 781 5295 Unde
796 5240 947 5297 dissimula:
1004 5240 1112 5295 divitias
1135 5240 1308 5311 temporales,
1324 5239 1448 5294 umbram
1471 5238 1552 5294 tuisse
1567 5238 1715 5293 dixerimus
1729 5237 1801 5292 lutu-

152 5332 268 5402 primum
283 5332 376 5390 vinum
391 5331 494 5387 bonum
507 5343 590 5401 poue,
606 5327 695 5383 donec
709 5327 800 5383 veniat
811 5328 877 5383 hora
893 5336 948 5388 tua,
1005 5329 1116 5386 rorum?
1130 5331 1160 5384 lu
1176 5327 1262 5402 ligura
1277 5328 1410 5401 siquidem
1427 5328 1468 5384 eis
1482 5327 1573 5383 omnia
1587 5327 1704 5402 legimus
1718 5326 1801 5382 conti-

147 5419 268 5475 avaritia
293 5433 401 5492 quoque
425 5425 453 5475 et
481 5416 618 5489 appetitus
642 5415 729 5471 laudis
753 5416 805 5472 sibi
833 5415 947 5473 invicem
1002 5420 1076 5492 gisse
1093 5421 1125 5486 ll.
1144 5419 1246 5483 Coax,
1265 5421 1319 5487 ll).
1332 5418 1455 5488 Denique
1466 5416 1560 5488 quidni
1570 5423 1694 5472 terrenas
1708 5414 1797 5486 palam

149 5507 341 5578 adversantur,
355 5513 384 5564 et
404 5505 477 5579 quod
495 5505 555 5561 bec
572 5512 731 5578 congregat,
747 5505 791 5561 bic
805 5503 946 5580 dispergit.
1001 5507 1108 5562 dividas
1123 5504 1293 5578 possiderent
1311 5505 1398 5580 sancti
1413 5512 1441 5561 et
1455 5501 1570 5576 perlecti
1585 5503 1645 5574 viri,
1661 5518 1723 5560 cum
1736 5502 1794 5559 sola
