3706 5962
60 253 114 316 337
491 249 593 313 RPlS‘l.
608 200 653 313 lb
671 250 820 313 rnnrnls
838 249 881 310 ΒΕ
900 247 1013 312 MONTE
1031 249 1099 310 DEI.
1119 281 1157 294 -
1173 249 1237 310 tle.
1257 250 1290 311 ΙΙ.
1669 256 1723 318 338

61 378 268 446 ηοοοιιίιιιοω,
284 384 377 433 tamen
392 377 420 432 in
435 379 487 433 boc
500 377 560 449 ipso
575 377 705 434 voluntati
720 376 771 432 Dei
786 392 861 432 suam
884 390 908 467 Α
923 376 993 430 mani
1004 374 1113 445 duritia,
1129 376 1163 430 ad
1175 382 1266 431 votnm
1281 375 1402 431 exaudiri
1414 390 1468 432 uon
1484 387 1613 448 meretur,
1630 382 1726 438 ande.

62 484 174 541 semper
188 466 351 537 subjiciunt.
366 464 524 523 obsecratio
548 481 615 522 vero
631 475 674 522 est
687 464 715 520 iri
730 463 869 521 exercitiis
924 471 964 519 tas
977 463 1158 521 desiderantis
1179 464 1275 537 negari
1290 464 1340 521 sibi
1356 464 1481 529 aestimat.
1507 468 1638 540 quidquid
1665 470 1722 527 dii·

64 556 253 628 spiritualibus
276 555 357 611 anxia
381 554 416 610 sd
440 555 527 611 Mum
549 554 695 610 instantia:
718 554 745 608 in
770 553 870 626 quibus
922 550 1017 608 fertur.
1033 553 1156 624 Cumque
1171 551 1242 609 sicut
1257 554 1412 609 Chananaea
1428 555 1472 610 illa
1487 555 1622 627 praeteriri
1642 573 1673 614 sa
1689 575 1721 616 ac

63 658 124 704 rute
139 646 261 721 gratim
283 651 501 708 succurrentem,
527 643 574 716 qui
589 643 701 715 apponit
716 642 866 710 scientiam,
921 640 1023 713 despici
1036 642 1190 715 ingemiseit
1204 642 1316 713 (Nosti.
1328 658 1377 709 xv,
1395 647 1500 715 22-28),
1512 643 1591 715 quasi
1606 645 1721 703 immun-

63 735 176 807 sppouit
190 741 221 790 et
241 733 364 789 dolorem
387 733 488 801 (Eecle
515 748 534 800 ι,
553 733 607 804 ts).
635 732 728 790 Oratio
743 747 808 787 vero
825 739 869 788 est
920 731 1013 787 ditium
1022 732 1122 797 carnis,
1147 732 1286 803 praeterita
1303 733 1356 788 sibi
1378 740 1492 804 peecata
1506 748 1554 789 sua
1577 732 1717 805 imputari,

62 824 181 881 bominis
194 823 255 880 Deo
269 821 438 877 adhaerentis
453 821 573 887 affectio,
589 828 617 876 et
640 819 780 876 familiaris
793 835 868 893 quae·
919 819 962 877 vel
975 821 1155 893 improperari
1170 821 1342 895 imaginatur.
1359 823 1559 893 Nonnunquam
1579 837 1645 879 vero
1658 839 1715 881 nou

62 915 122 969 min
137 921 169 970 et
183 913 231 985 pis
243 911 380 976 allocutio,
397 919 425 966 et
441 910 522 966 statio
542 909 698 966 illuminatae
719 910 818 966 mentis
832 910 865 965 ad
919 909 979 965 sine
992 909 1086 967 labore
1102 919 1199 981 petens
1214 909 1323 983 accipit,
1339 927 1466 983 quarens
1480 911 1594 980 invenit,
1612 920 1640 967 et
1654 914 1718 983 pul-

60 1003 221 1069 irusndum,
236 1001 367 1072 quamdiu
380 999 458 1056 licet.
473 999 560 1055 Porro
574 999 723 1071 gratiarum
737 999 809 1054 actio
824 1006 867 1055 est
919 1000 990 1054 santi
1003 998 1125 1071 aperitur
1140 1019 1146 1057 :
1170 1008 1198 1055 at
1214 1000 1413 1056 consolationes
1436 1015 1467 1055 ae
1493 1000 1642 1057 suavitates
1657 1017 1718 1057 ora·

60 1089 266 1155 mintellectu,
286 1095 315 1145 et
329 1088 485 1163 cognitione
506 1087 600 1159 qndae
620 1087 700 1144 W
722 1089 771 1144 Dei
785 1089 865 1145 bouae
919 1085 1000 1140 tionis
1011 1086 1134 1142 invenire
1151 1087 1260 1142 tandem
1280 1086 1424 1159 aliquando
1440 1094 1562 1144 meretur
1580 1087 1658 1144 labor
1672 1089 1720 1145 ob-

59 1178 212 1236 voluntatis
225 1175 387 1234 iudeficiens
400 1175 436 1230 ad
459 1177 547 1231 Deum
563 1184 591 1233 et
615 1175 753 1232 indelessa
774 1176 865 1233 inten-
919 1174 1088 1230 sacrationis.

59 1270 115 1325 tio:
151 1266 262 1324 etiamsi
283 1265 438 1337 aliqnando,
461 1265 503 1321 vel
533 1281 587 1321 non
613 1264 657 1332 sit,
683 1265 726 1322 vel
747 1273 864 1339 torpeat,
956 1264 998 1317 ts.
1020 1264 1223 1335 Nonnunquam
1248 1263 1328 1318 etiam
1353 1280 1428 1335 purae
1438 1263 1569 1321 orationis
1591 1264 1716 1336 allectus,

61 1358 117 1412 sive
130 1356 208 1412 aetio
222 1354 352 1419 exterior,
368 1352 426 1408 sive
441 1353 555 1408 interior
578 1352 700 1409 allectio.
716 1353 780 1409 llaec
792 1354 865 1411 enim
918 1359 947 1406 et
961 1351 1033 1407 bona
1057 1352 1104 1408 illa
1126 1352 1255 1408 orationis
1276 1353 1396 1409 suavitas
1414 1367 1469 1410 non
1493 1353 1640 1420 invenitur,
1667 1355 1716 1410 sed

60 1453 101 1501 est
114 1445 153 1501 de
166 1457 223 1516 qus
237 1443 303 1499 dicit
314 1441 479 1514 Apostolus:
503 1442 695 1513 Velteodjoeet
705 1443 788 1512 mili,
800 1459 865 1515 per-
919 1440 995 1511 quasi
1006 1440 1120 1508 invenit;
1135 1457 1196 1497 curn
1212 1456 1266 1497 non
1291 1448 1442 1513 petentem,
1458 1456 1514 1499 non
1531 1450 1714 1513 quaerentem,

60 1536 258 1603 &meantem
265 1534 431 1589 bonumnon
442 1531 554 1588 invenio
564 1533 656 1600 (Rom.
671 1533 782 1601 vn,l8).
793 1533 831 1587 dc
842 1533 864 1586 si
918 1544 971 1584 non
985 1529 1151 1600 pulsantem,
1167 1529 1281 1601 etquasi
1291 1529 1461 1586 nescientem
1471 1531 1558 1602 gratia
1568 1532 1713 1602 praeveuit:

60 1623 155 1679 dieat:
183 1624 301 1693 Semper
319 1619 430 1692 quidem
446 1619 515 1675 velle
538 1619 626 1684 adest,
649 1619 698 1674 sed
717 1619 864 1691 aliquando
917 1625 945 1671 et
960 1624 1087 1688 tauquam
1098 1634 1187 1693 genus
1202 1632 1342 1674 servorum
1357 1618 1488 1689 recipitur
1498 1619 1525 1673 in
1537 1634 1633 1675 mensa
1646 1617 1716 1675 filio·

59 1712 145 1778 jacet,
173 1710 227 1766 boe
249 1718 292 1764 est
318 1706 444 1764 inefficax
468 1714 530 1763 est:
551 1707 615 1779 quia
638 1706 772 1778 perficere
795 1723 864 1776 opus
879 1703 902 1780 Β
918 1721 987 1773 rum,
1004 1722 1064 1762 cnm
1080 1707 1154 1763 rudis
1178 1706 1266 1762 adbuc
1281 1717 1309 1762 et
1331 1707 1463 1778 incipiens
1486 1708 1591 1763 animus
1605 1709 1633 1762 iu
1653 1724 1715 1763 eum

59 1800 164 1855 bonum
180 1812 287 1870 quaero,
311 1797 436 1853 sednon
460 1796 581 1851 invenio.
603 1795 668 1850 llaeo
682 1803 725 1851 est
747 1795 865 1852 ebaritas
917 1794 1014 1852 orandi
1028 1795 1172 1851 assumitur
1196 1793 1335 1864 allectum,
1352 1795 1399 1867 qui
1412 1811 1464 1866 pro
1486 1794 1599 1866 praemio
1617 1796 1716 1852 saucti-

58 1903 120 1959 «με
133 1902 279 1960 nunquam
294 1884 394 1942 deficit.
415 1887 477 1959 lpsa
490 1891 533 1941 est
553 1884 625 1940 enirn
644 1884 702 1940 sine
727 1884 864 1940 intermis·
918 1884 980 1940 tatis
1004 1884 1082 1940 reddi
1111 1883 1181 1940 solet
1202 1883 1308 1940 meritis
1330 1881 1525 1954 perlectorum.
1551 1883 1630 1954 Quod
1653 1900 1716 1940 curn

59 1976 136 2033 uorsa
149 1975 253 2043 oratio,
268 1991 319 2031 seu
332 1973 481 2050 gratiarum
500 1974 583 2044 actio,
598 1973 633 2029 de
649 1988 703 2045 qua
717 1972 863 2045 Apostolus
916 1971 957 2045 fit,
971 1974 1061 2045 agitur
1084 1980 1113 2028 nt
1127 1971 1169 2028 vel
1184 1971 1212 2027 in
1226 1971 1355 2042 judicium
1380 1987 1458 2027 suurn
1483 1988 1537 2028 non
1552 1972 1632 2030 liceat
1645 1973 1716 2030 scire

59 2066 108 2120 sit:
129 2065 204 2122 Sine
228 2063 440 2121 intermissione
468 2068 593 2130 orontes,
618 2077 727 2134 semper
755 2064 865 2135 pretias
918 2062 1067 2137 negligenti
1076 2061 1142 2133 quid
1158 2059 1278 2135 negligat
1288 2060 1337 2133 [ul.
1354 2059 1552 2134 Quodcumque
1567 2061 1612 2128 sit,
1628 2063 1718 2136 agitur

60 2158 176 2228 scentes
190 2155 218 2223 (l
229 2153 320 2210 Thess.
330 2168 359 2219 v,
376 2151 419 2219 ll,
436 2152 490 2223 18).
502 2151 552 2207 Est
565 2150 639 2207 enirn
651 2150 724 2223 jugis
739 2151 864 2223 quaedam
918 2158 948 2207 ut
961 2151 1003 2206 vel
1023 2150 1051 2204 in
1073 2149 1203 2218 iudicium
1218 2164 1297 2204 suum
1321 2165 1376 2205 nou
1401 2147 1480 2205 liceat
1495 2150 1602 2207 nescire
1624 2151 1715 2222 negli-

60 2242 169 2300 bonitas
182 2242 285 2298 mentis
298 2250 326 2298 et
344 2241 415 2297 bene
432 2239 576 2311 compositi
598 2238 694 2305 animi,
710 2246 736 2295 et
760 2239 795 2294 ad
810 2240 863 2296 Ps-
917 2241 993 2315 genti
1016 2241 1081 2312 quid
1106 2239 1248 2314 negligatt,
1272 2239 1316 2296 vel
1339 2247 1369 2294 ut
1396 2240 1550 2310 provocatio
1576 2243 1717 2299 absumtis

61 2339 127 2389 trem
140 2330 236 2389 Deum
248 2330 277 2386 in
296 2329 360 2386 liliis
383 2328 434 2385 Dei
446 2327 577 2385 bonitatis
600 2330 661 2399 eius
684 2327 808 2401 quaedam
822 2327 863 2384 si-
917 2347 1037 2388 amorem
1057 2331 1085 2386 in
1099 2347 1132 2388 eo
1148 2332 1218 2386 ultro
1232 2345 1263 2385 se
1286 2328 1429 2386 oilerentis
1443 2331 1586 2388 accendat.
1605 2332 1635 2386 lu
1650 2347 1715 2405 quo,

63 2421 200 2486 militando,
224 2434 307 2476 orsus
336 2434 385 2490 pro
410 2416 537 2474 omuibus
565 2433 687 2489 semper,
710 2425 739 2473 et
762 2417 864 2491 gratias
916 2420 985 2492 prob
1000 2418 1095 2474 dolori
1121 2419 1229 2490 plurimi
1248 2417 1384 2482 falluntur,
1407 2419 1547 2489 quiscum
1567 2427 1716 2490 pascuntur

63 2523 148 2582 spons
163 2507 341 2571 inomuibus;
358 2513 398 2563 tot
411 2505 499 2562 modis
514 2506 543 2561 in
558 2505 693 2577 oratioue,
708 2505 751 2562 vei
765 2505 864 2578 gratia·
916 2523 987 2580 pane
1015 2506 1141 2570 tiliorum,
1168 2509 1223 2576 jam
1240 2522 1269 2562 se
1292 2522 1353 2561 esse
1378 2505 1449 2561 filios
1470 2507 1662 2562 arbitrantur:
1687 2516 1716 2562 et

62 2613 120 2655 roua
135 2596 249 2654 actione
262 2596 290 2653 iu
304 2597 391 2653 Deum
411 2612 441 2652 se
463 2594 566 2666 jugiter
581 2594 739 2663 refundens,
755 2600 821 2666 quot
835 2593 863 2649 in
917 2594 1077 2651 deficientes
1099 2595 1173 2651 uude
1196 2592 1330 2666 proficere
1359 2593 1507 2662 debebunt,
1534 2610 1568 2650 ex
1588 2594 1715 2651 visitante

64 2685 115 2743 suis
133 2686 348 2744 noeesdtatibus
370 2687 413 2742 vel
437 2684 677 2753 consolationibus,
702 2684 730 2738 in
750 2682 863 2755 proximi
916 2683 1003 2756 gratia
1017 2691 1186 2738 evanescunt
1207 2698 1224 2737 a
1247 2681 1416 2738 couscientia
1440 2698 1499 2750 sua,
1519 2683 1670 2739 arbitautes
1684 2700 1715 2740 se
1766 2688 1769 2693 '

64 2776 142 2832 etism
180 2776 226 2832 vel
257 2774 502 2845 compassionibus,
539 2774 584 2831 vel
621 2772 862 2846 congratulationi-
916 2771 1019 2846 aliquid
1037 2786 1108 2834 esse,
1125 2786 1186 2825 eum
1211 2770 1277 2825 nibil
1301 2770 1365 2841 sint,
1391 2771 1471 2825 etde
1494 2771 1573 2826 bonis
1596 2772 1715 2827 Deinou

64 2867 112 2922 bus
139 2863 265 2923 nauales
292 2864 321 2920 in
349 2865 401 2920 boc
426 2864 553 2920 materias
582 2863 685 2920 invenit
708 2862 772 2936 pius
791 2861 862 2919 ane-
917 2861 1108 2926 emendantur,
1132 2859 1181 2914 sed
1205 2858 1377 2922 indurantur.
1407 2867 1435 2915 et
1464 2858 1531 2914 irunt
1560 2860 1717 2931 dequibus

64 2964 130 3012 dus.
157 2954 225 3010 llaee
247 2962 339 3010 autem
359 2953 462 3026 jugiter
484 2955 513 3009 in
538 2953 686 3027 gratiarnm
710 2951 864 3008 actionibus
917 2951 1057 3007 Psalmista
1072 2947 1146 3017 dicit,
1164 2948 1280 3005 Inimici
1295 2947 1411 3004 Domini
1422 2949 1541 3004 mentiti
1556 2952 1623 3005 sunt
1638 2949 1675 3017 ei,
1687 2954 1716 3006 et

65 3054 124 3113 est;
141 3042 208 3116 qnia
221 3042 269 3116 qui
283 3042 323 3099 sic
336 3050 388 3108 est,
398 3059 509 3114 semper
519 3042 546 3097 in
561 3041 661 3116 gaudio
675 3040 760 3097 sancti
775 3040 863 3111 Spiri-
917 3040 976 3098 erit
996 3044 1105 3110 tempus
1120 3054 1217 3093 eornm
1233 3037 1265 3093 in
1285 3037 1399 3094 soecula.
1416 3039 1451 3094 nt
1465 3036 1572 3094 cibavit
1587 3038 1651 3097 titos
1665 3056 1715 3096 en·

65 3140 168 3189 tusest.
918 3129 1001 3200 adipe
1015 3127 1167 3198 immenti,
1192 3131 1220 3181 et
1245 3126 1278 3182 de
1296 3131 1378 3199 petru
1400 3126 1482 3182 niem
1504 3130 1647 3183 saturavit
1671 3142 1717 3184 eos

97 3225 141 3279 li.
159 3221 192 3276 lu
206 3220 434 3290 postulationibus
448 3235 517 3295 ergo
536 3220 582 3292 pie
602 3235 635 3276 sc
650 3218 770 3275 fideliter
783 3232 864 3275 oran·
917 3217 1004 3288 (Psal.
1022 3231 1112 3279 cxxx,
1129 3217 1173 3270 lb.
1191 3215 1245 3285 ll).
1264 3215 1415 3270 Pascuntur
1434 3214 1507 3270 euim
1520 3229 1537 3267 a
1552 3215 1632 3270 Patre
1646 3216 1714 3281 Deo,

67 3311 125 3367 duur
138 3316 196 3376 est,
212 3312 261 3366 sed
280 3325 336 3366 non
351 3316 393 3367 est
410 3309 438 3366 in
457 3309 509 3365 illis
534 3307 711 3381 pertinaciter
725 3308 864 3363 inhaeren-
918 3303 1062 3377 aliquando
1085 3303 1121 3359 de
1145 3302 1305 3373 pretiosiore
1332 3301 1427 3376 gratiae
1454 3301 1606 3359 substantia
1632 3303 1714 3369 servi,

68 3401 137 3466 dum,
160 3398 229 3472 quia
252 3414 305 3456 nos
325 3399 473 3469 nescimus,
497 3397 547 3455 sed
570 3400 649 3454 Pater
670 3395 791 3454 coelestis
814 3395 866 3451 scit
917 3402 948 3450 ut
962 3392 1094 3449 affectent
1118 3406 1178 3446 esse
1200 3384 1269 3443 tilii:
1296 3389 1348 3461 ipsi
1372 3403 1440 3445 vero
1464 3391 1552 3461 gratia
1576 3390 1626 3445 [tei
1649 3392 1717 3446 abu·

67 3489 126 3562 qnid
144 3489 176 3544 in
200 3486 397 3560 temporalibus
425 3486 484 3544 istis
507 3503 620 3544 neeesse
639 3485 719 3542 uobis
739 3485 783 3540 sit.
809 3482 864 3541 Ob·
919 3489 1009 3539 tentes
1023 3478 1178 3536 efficiuntur
1191 3476 1303 3532 inimici.
1326 3475 1360 3530 ur
1380 3476 1452 3532 enim
1467 3478 1613 3532 abutuntur
1633 3478 1716 3532 etiam
1768 3506 1772 3511 ·

67 3577 262 3636 missibus
285 3592 351 3634 vero
375 3575 556 3633 insistendum
586 3582 640 3646 est,
664 3573 715 3629 sed
738 3572 766 3627 in
790 3572 864 3627 omni
919 3567 1066 3641 seripturis
1084 3565 1184 3621 naeus
1207 3563 1380 3635 inpeccatis,
1400 3561 1444 3619 vel
1467 3564 1494 3618 in
1515 3563 1715 3636 coucupiscen-

66 3664 215 3723 tmitioss
228 3672 257 3722 et
275 3664 417 3738 patieutis,
440 3664 578 3738 quianon
602 3661 722 3719 alieruut
736 3661 862 3729 fructum,
919 3659 961 3716 tiis
985 3655 1051 3726 suis,
1077 3653 1225 3711 redeuntes
1251 3652 1285 3708 ad
1308 3668 1356 3708 eas
1375 3651 1595 3723 perorationes,
1618 3651 1712 3708 dicum

66 3754 114 3812 nisi
125 3756 157 3811 in
172 3755 315 3828 patieutis.
341 3755 542 3827 Nonnunquam
567 3753 639 3809 euim
663 3768 725 3808 curn
749 3749 864 3807 celerius
918 3747 968 3805 sibi
979 3745 1045 3802 illud
1063 3742 1156 3800 uxoris
1167 3745 1272 3798 nanae
1291 3761 1298 3797 ε
1316 3741 1347 3799 Si
1361 3741 1500 3800 Dominus
1513 3742 1649 3799 noluisset
1665 3757 1715 3799 nos

65 3843 148 3916 praua
163 3860 220 3900 uon
242 3842 381 3912 subvenit,
405 3841 436 3898 lit
450 3841 606 3900 obsecranti
629 3843 728 3899 coelum
742 3857 862 3906 aeneum,
917 3830 1660 3905 occidere‚ncnsrueepissetsucrificium&monitos
1669 3852 1716 3893 no·

48 3939 177 3990 -etterra
189 3949 240 3991 sua
260 3932 360 3990 ferrea.
382 3933 417 3990 Et
430 3949 492 3990 oum
517 3933 611 3989 relicta
626 3931 678 3988 sibi
692 3930 783 3988 cordis
807 3931 862 3986 tru-
917 3926 988 3984 stris
998 3922 1102 3996 (sitdiu
1118 3935 1179 3989 xrrr,
1196 3923 1253 3993 23).

568 4171 1209 4268 LIBERSECUNDUS.

385 4418 499 4476 CAPUT
516 4420 539 4474 l.
877 4431 900 4509 ss
916 4413 1049 4487 inquieta;
1065 4418 1094 4467 et
1107 4409 1191 4468 virilis
1208 4408 1359 4476 maturitas,
1376 4408 1463 4464 serius
1476 4409 1595 4475 animus,
1611 4416 1714 4476 castus,

65 4508 149 4566 ceto
162 4512 305 4566 secretum
320 4507 464 4564 tironibus
477 4511 505 4564 et
522 4509 658 4580 perfectis
677 4522 762 4582 quum
778 4505 859 4562 utile.

97 4602 123 4655 t.
138 4595 229 4665 Quam
252 4596 349 4654 dilecta
369 4596 542 4654 tabernacula
564 4601 619 4665 tua,
647 4594 762 4652 Domine
776 4594 862 4652 virtu·

65 4693 131 4755 mm,
145 4686 174 4743 iu
183 4685 284 4759 quibus
297 4702 396 4759 passer
406 4685 509 4743 invenit
524 4686 575 4743 sibi
590 4686 712 4756 domum,
728 4693 757 4741 et
775 4693 864 4741 turtur

66 4774 158 4831 nidum
166 4775 213 4832 ubi
227 4782 345 4847 reponat
359 4774 447 4847 pullos
460 4774 535 4832 suos!
547 4775 633 4847 (Psul.
647 4789 767 4842 cxxxrn,
783 4779 809 4842 2,
822 4774 862 4845 l.)

15 4900 25 4919 .
65 4862 173 4936 Passer,
194 4863 318 4938 iuquam,
341 4863 500 4920 naturaliter
520 4863 618 4920 animal
643 4863 780 4932 vitiosum,
801 4876 862 4918 mo·

37 4940 41 4945 ⁵
63 4952 128 5024 bile,
139 4951 211 5024 leve,
226 4952 423 5025 importunum,
437 4952 586 5023 garrulum,
602 4967 634 5008 ac
659 4967 774 5022 pronum
788 4949 816 5006 in
830 4949 862 5005 li-

63 5040 197 5098 bidinem.
222 5040 256 5096 lit
275 5046 365 5097 turtur
378 5039 467 5097 luctus
485 5041 581 5109 amica,
599 5056 692 5114 opacae
710 5040 863 5097 solitudinis

36 5118 43 5201 ζ
63 5128 207 5186 familiaris
219 5128 320 5198 incola,
334 5128 421 5187 forma
436 5129 629 5202 simplicitatis,
644 5129 799 5202 exemplum
814 5145 862 5186 ca·

63 5218 173 5276 sitatis.
188 5218 236 5276 llle
251 5218 302 5275 sibi
318 5219 421 5275 invenit
431 5219 458 5275 in
474 5219 515 5276 eis
533 5219 643 5275 domum
663 5217 763 5292 quietis
778 5228 806 5275 et
820 5234 864 5275 se·

64 5309 188 5365 odram
203 5325 210 5363 :
230 5307 276 5364 illa
290 5309 383 5365 nidum
408 5308 470 5380 sibi,
485 5308 532 5363 ubi
556 5314 670 5380 reponat
685 5305 773 5378 pullos
787 5321 861 5364 suos.

65 5391 131 5462 Qu»
159 5405 224 5455 sunt
245 5401 315 5465 baec,
339 5398 390 5455 uisi
412 5400 542 5470 juvenum
573 5395 733 5453 naturaliter
759 5395 863 5452 ealidrn

24 5492 31 5499 ·
65 5487 186 5559 asopus,
202 5496 231 5544 et
245 5486 365 5545 fervidus
383 5488 498 5555 animus,
516 5495 581 5542 setas
601 5484 699 5553 labilis,
720 5483 863 5543 annositas

916 4501 1033 4574 sobrius,
1044 4506 1177 4574 pertaesus
1191 4497 1357 4553 exteriorum
1368 4504 1496 4571 quantum
1511 4503 1613 4568 potest,
1630 4505 1659 4553 et
1673 4498 1715 4553 in·

915 4600 957 4647 tra
969 4588 1148 4660 semetipsum
1163 4587 1317 4642 recondens
1331 4584 1524 4655 semetipsum?
1538 4584 1660 4652 Quorum
1676 4583 1715 4643 al·

918 4687 1005 4735 terum
1019 4678 1046 4733 in
1062 4672 1244 4732 tabernaculis
1255 4673 1363 4729 Domini
1374 4674 1515 4744 virtutum,
1530 4673 1559 4730 iu
1569 4674 1715 4748 discrplina

917 4768 1045 4826 cellarum
1065 4764 1168 4822 invenit
1187 4763 1239 4820 sibi
1255 4764 1289 4819 ab
1304 4760 1390 4822 222
1409 4763 1535 4821 omuibus
1549 4763 1621 4822 vitiis
1635 4766 1715 4839 quie·

917 4865 983 4922 tem,
1004 4853 1206 4912 firmamentum
1221 4851 1386 4922 stabilitatis,
1408 4860 1435 4908 et
1449 4853 1618 4912 mansionem
1633 4870 1714 4911 secu·

917 4944 1023 5001 nitatis:
1040 4943 1156 5000 alterurn
1175 4957 1252 5013 vero,
1272 4941 1299 4997 in
1320 4948 1428 4998 secreto
1447 4942 1522 4999 cellae
1539 4940 1715 4999 secretiorem

917 5048 1057 5092 recessum
1071 5031 1256 5099 conscientiae,
1268 5030 1313 5087 ubi
1325 5038 1441 5102 reponat
1455 5037 1483 5086 et
1493 5032 1596 5088 nutriat
1610 5035 1716 5087 saucta-

917 5150 976 5190 rum
991 5130 1166 5189 affectionum
1181 5145 1290 5187 suarum
1315 5128 1429 5194 tructus,
1449 5135 1476 5183 et
1491 5125 1637 5200 spiritualis
1651 5143 1715 5185 sen-

917 5236 964 5276 sus
977 5217 1225 5291 contemplationis.
1246 5218 1343 5272 Passer
1358 5213 1494 5271 solitarius
1509 5216 1537 5270 in
1559 5221 1641 5283 tecto,
1664 5217 1716 5275 hoc

917 5315 960 5363 est
978 5307 1007 5362 iu
1018 5305 1160 5364 altitudine
1176 5301 1433 5375 comtemplationis,
1452 5301 1558 5360 calcme
1576 5311 1649 5360 amnt
1663 5307 1715 5362 lra-

906 5396 1077 5453 'bitatiouem
1096 5391 1212 5450 carnalis
1230 5389 1457 5447 conversationis.
1482 5391 1583 5449 Turtur
1597 5393 1625 5450 in
1641 5395 1714 5453 inie—

916 5484 1033 5543 rioribus
1043 5482 1213 5550 fecundetur,
1227 5487 1254 5537 ct
1267 5479 1369 5553 gaudet
1384 5480 1411 5536 in
1427 5480 1561 5540 fructibus
1575 5483 1715 5545 bumilita-
