3706 5962
688 246 772 309 titis
790 245 939 309 MYSTlCh.
1581 254 1635 317 682

77 368 149 427 caim
171 385 361 444 nonnunquam
383 370 513 444 cogitaris
541 380 567 429 te
583 373 617 429 ad
640 373 786 446 perfectam
802 387 826 467 g
842 387 902 428 rare
915 373 1069 431 nolentibus
1083 389 1187 431 summe
1202 375 1353 432 necessaria
1379 384 1428 432 est.
1455 375 1507 434 Sed
1522 377 1585 450 quia
1601 380 1636 436 do

73 473 123 516 sm
138 458 204 516 casti
228 459 276 514 lilii
300 468 346 516 ant
368 460 523 533 pervenisse
549 461 617 532 jam,
637 471 682 518 ant
709 462 787 520 facile
842 462 937 518 virtute
958 464 1164 534 perseuerantia
1187 480 1269 535 supra
1291 465 1319 519 in
1345 472 1457 520 tractatu
1485 466 1554 521 sexti
1579 467 1635 523 iolii

75 557 202 621 nturum3
219 557 314 605 excute
329 565 361 606 ac
375 549 479 622 depelle
493 551 581 606 abste
600 567 706 609 vermes
721 553 786 610 istos
840 548 966 607 diliuaius
979 551 1062 608 locati
1082 569 1186 620 sumus,
1204 553 1248 608 hic
1263 552 1373 609 breuius
1386 552 1488 624 aliquid
1502 555 1634 611 dicemus.

73 636 201 692 tstionum
229 636 384 708 noxiarum,
415 647 442 693 et
473 637 666 695 imminentium
691 648 786 697 trunco
839 638 952 695 Videtur
965 651 1053 697 autem
1069 641 1127 698 haec
1150 641 1235 699 virtus
1253 641 1401 714 plurimum
1427 644 1637 699 commendanda

74 739 98 780 tr
112 732 139 781 et
155 724 239 780 radici
258 725 298 780 tui
313 725 371 791 lilii,
388 724 494 797 tibique
510 741 559 798 per
581 728 786 802 suggestionem
839 724 866 780 iu
882 726 1043 801 uirginibus,
1060 730 1176 786 maxime
1199 746 1279 786 sexus
1303 730 1421 798 feminei,
1439 746 1553 804 quarum
1583 742 1636 789 tarn

73 813 140 869 tium
162 814 254 886 :Quid
269 815 352 887 ogisi
373 830 503 888 quorsum
519 815 672 875 deflecteris
684 818 698 876 l
711 819 787 874 Nun·
841 814 949 882 animis,
966 833 1047 888 quam
1064 818 1223 889 corporibus
1243 817 1367 891 quaedam
1382 819 1525 876 infirmitas
1543 828 1571 877 et
1585 820 1637 877 dc·

74 901 166 958 liorem
193 903 343 971 juventutis
367 910 421 959 tuae
436 905 477 959 ais
499 905 698 979 exstinguere?
716 924 787 963 nun·
841 903 929 959 bilitas
956 904 1151 980 longanimitati
1179 907 1236 963 siue
1264 906 1473 979 perseverantiae
1506 908 1638 965 contraria

76 990 251 1047 dulcedinem
267 992 399 1047 maritalis
414 993 520 1064 copnlae
534 1008 588 1049 non
604 994 788 1066 experieris?
842 992 997 1048 naturaliter
1010 1002 1052 1048 est
1074 993 1187 1050 inserte.
1217 995 1269 1051 Sed
1295 995 1452 1051 benedictus
1480 995 1563 1063 Deus,
1591 997 1638 1068 qui
1734 1031 1740 1041 ·

74 1079 114 1136 uid
128 1078 199 1135 filios
213 1080 388 1137 charissimos
402 1089 428 1137 et
442 1079 510 1137 filias
520 1082 606 1138 solarii
623 1082 671 1147 aui,
692 1092 719 1139 at
737 1101 787 1139 su·
842 1078 973 1135 hodierna
987 1079 1032 1135 die
1041 1081 1122 1136 etiam
1137 1081 1243 1137 infirma
1257 1085 1352 1138 mundi
1368 1082 1458 1156 elegit,
1479 1093 1509 1140 at
1522 1083 1638 1140 confun-

74 1168 118 1224 tter
137 1168 200 1223 vitan
215 1176 267 1224 tuae
282 1186 336 1223 nou
357 1170 468 1224 habebis
482 1169 630 1242 ‘l'nunquid
646 1169 787 1225 ministro·
842 1165 887 1221 dat
902 1165 991 1238 sertia,
1017 1176 1043 1223 et
1067 1167 1165 1225 animis
1187 1168 1405 1242 virguncularum
1433 1170 1637 1227 tenerrimarum

74 1256 190 1313 idelinm
205 1257 316 1313 seruitio
328 1258 431 1313 carebis
444 1257 459 1311 i
473 1257 590 1314 Stultum
601 1260 642 1313 est
656 1258 788 1330 iterquod
842 1270 871 1310 se
894 1255 982 1326 ipsum
1006 1256 1133 1327 proponit
1159 1257 1340 1326 defensorem,
1367 1265 1397 1314 nt
1421 1259 1492 1315 illius
1514 1259 1595 1331 primi
1613 1268 1640 1317 ot

74 1345 151 1402 aleris
168 1361 174 1401 ε
191 1345 296 1402 imitare
309 1354 435 1418 parentes
449 1356 510 1402 tuos
524 1345 571 1418 qui
585 1353 611 1402 te
625 1355 787 1421 genuerunt.
842 1342 983 1399 fortissimi
1000 1347 1177 1417 corruptoris,
1192 1347 1297 1419 antiqui
1317 1348 1451 1419 serpentis
1472 1349 1543 1416 dice,
1559 1358 1639 1421 eaput

74 1443 117 1491 tet
131 1443 159 1490 tu
174 1433 256 1502 filios,
271 1444 296 1489 et
312 1436 460 1490 secundum
479 1433 675 1491 institutionem
697 1435 788 1491 domi·
842 1432 936 1498 elidat,
950 1432 997 1506 qui
1024 1434 1183 1492 humillimis
1197 1436 1298 1492 Christi
1311 1437 1460 1510 uirginibus
1485 1437 1638 1493 insidiatur.

73 1543 79 1578 r
94 1523 223 1596 conjugio
238 1523 338 1593 irucre,
355 1523 401 1596 qui
415 1525 449 1581 de
463 1523 612 1597 virginibus
623 1532 788 1596 praeceptum
841 1520 911 1592 Quis
921 1536 995 1577 senae
1008 1523 1106 1579 mentis
1119 1539 1177 1597 prae
1190 1525 1291 1599 gaudio
1306 1540 1361 1582 non
1375 1525 1492 1596 exsiliat,
1509 1542 1570 1583 cum
1579 1529 1638 1597 jem

74 1612 146 1670 tedia.

87 1700 214 1757 lnsidiosi
238 1716 347 1756 vermes
362 1707 425 1756 sunt
443 1699 482 1766 hi,
498 1715 514 1755 o
532 1700 608 1774 uirgo
623 1699 734 1773 Christi,
762 1667 828 1758 inB

75 1807 108 1845 rm
122 1790 217 1846 faciem
232 1789 436 1862 conspuendum
459 1797 499 1845 cst
527 1788 586 1846 tihi.
602 1788 631 1846 Si
644 1789 695 1846 bos
709 1806 791 1848 cura·

91 1879 215 1950 evadere,
245 1879 402 1953 diligentius
433 1878 536 1934 intuere
563 1877 625 1950 quis
650 1878 685 1934 sit
711 1881 791 1937 lesus

75 1976 123 2032 tus,
139 1984 155 2022 o
170 1969 258 2023 anima
272 1968 429 2041 virginalis;
446 1943 534 2024 iridrn
550 1968 638 2041 virgo,
659 1966 700 2025 nel
721 1984 790 2026 aon-

75 2070 113 2120 us,
138 2054 182 2110 cui
203 2054 341 2126 Virginem
367 2062 478 2111 matrem
495 2055 683 2124 commiserit,
711 2074 791 2129 quem

75 2144 154 2199 ‚arius
167 2143 312 2200 dilexerit.
336 2143 404 2213 Quid
420 2159 489 2214 opus
503 2151 543 2200 εει
570 2145 692 2203 multis?
707 2146 790 2218 Virgo

75 2230 170 2286 hristus
184 2232 264 2286 lesus
289 2240 367 2286 natus
380 2232 415 2288 de
435 2231 570 2307 Virgine,
590 2248 669 2304 quem
693 2233 791 2307 uirgini

75 2320 194 2376 rendavit
221 2320 374 2391 purissimo,
403 2322 456 2376 hoc
484 2331 534 2387 est,
564 2322 643 2378 heato
668 2322 791 2394 loanni,

89 2409 214 2482 specialis
229 2410 407 2482 prerogativa
428 2409 559 2465 castitatis
578 2409 704 2482 ampliori
719 2411 791 2468 dile-

75 2496 200 2555 eiecorat
224 2498 347 2568 dignum.
371 2499 419 2554 llic
428 2499 507 2554 lesus
519 2498 645 2555 Christus
673 2515 791 2571 sponsus

75 2586 118 2644 dui
141 2588 295 2659 sequendus
324 2587 415 2658 potius
442 2602 522 2659 quam
550 2595 683 2659 parentes,
699 2590 723 2645 si
750 2592 792 2649 uis

76 2677 247 2747 njuuenilem
265 2677 362 2732 animae
384 2684 436 2732 tuae
453 2691 618 2733 conseruare
635 2719 642 2748 ,
657 2678 703 2751 qui
719 2695 791 2735 nnn·

76 2765 241 2825 retorserit.
253 2764 401 2837 Virginitas
416 2765 489 2821 enim
517 2782 653 2838 nunquam
668 2768 786 2827 decidet.

79 2866 130 2914 tem
145 2857 179 2910 de
198 2856 264 2911 llere
287 2854 422 2927 corporali
436 2855 477 2912 vis
491 2871 583 2930 agere,
598 2859 720 2930 nunquid
734 2875 789 2916 aon

842 1618 967 1682 ternpore
981 1619 1073 1667 nostra
1096 1617 1137 1667 tot
1157 1612 1248 1671 uideat
1274 1614 1410 1687 uirginum
1433 1614 1495 1670 litiis
1507 1615 1638 1686 redimiri,

844 1707 916 1754 tanta
927 1696 1084 1754 fortitudine
1099 1714 1153 1756 non
1169 1715 1229 1768 sna,
1244 1700 1293 1756 sed
1314 1700 1407 1775 sppnsi
1425 1702 1468 1757 sui
1482 1708 1580 1758 contra
1595 1705 1638 1759 iu·

845 1799 933 1842 rorarn
970 1787 1096 1841 draconis
1123 1786 1215 1842 intenti
1242 1786 1353 1842 viriliter
1384 1788 1582 1857 dimicantibus,
1612 1801 1638 1847 et

845 1872 973 1944 triumphi
987 1888 1117 1930 coronam
1131 1874 1323 1931 merentibus?

881 1965 926 2019 et.
941 1960 1053 2018 Gaudeo
1067 1978 1120 2036 ego
1139 1964 1228 2035 plane,
1243 1979 1303 2019 cunr
1322 1963 1378 2033 jam
1394 1979 1444 2022 nec
1467 1966 1493 2021 in
1508 1966 1574 2024 uicis
1590 1981 1642 2024 neo

845 2051 872 2105 in
885 2049 1047 2122 ciuitatibus,
1063 2067 1113 2108 nec
1126 2054 1153 2108 in
1168 2053 1291 2109 claustris
1315 2052 1370 2109 lilia
1387 2053 1438 2109 ista
1459 2055 1557 2123 desint,
1584 2056 1641 2112 imo

845 2150 905 2190 cuna
920 2144 947 2194 ει
960 2140 1044 2194 multa
1057 2139 1164 2197 deserta
1185 2149 1212 2196 ει
1227 2139 1297 2196 invia
1313 2140 1439 2196 claustris
1463 2142 1641 2217 virginalibus

845 2224 898 2280 sint
920 2228 1033 2298 repleta,
1061 2229 1098 2283 ita
1117 2236 1145 2284 ut
1171 2243 1235 2286 uere
1261 2226 1367 2285 dicatur
1388 2232 1461 2301 quod
1489 2232 1641 2304 germinent

845 2314 933 2385 campi
961 2315 1055 2383 eremi,
1094 2332 1206 2391 germen
1235 2319 1346 2373 odorem
1374 2319 1493 2378 Domini.
1537 2318 1640 2377 Etenim

846 2400 995 2459 ascendunt
1008 2404 1042 2459 de
1057 2402 1164 2462 deserto
1175 2405 1355 2478 virgunculae,
1381 2407 1507 2463 uirtutum
1536 2408 1641 2465 deliciis

845 2490 997 2564 affluentes,
1013 2492 1112 2550 innixae
1126 2510 1182 2551 non
1195 2511 1277 2567 super
1290 2510 1331 2567 se,
1351 2496 1398 2553 sed
1414 2512 1496 2568 super
1510 2495 1641 2553 dilectum

846 2596 935 2649 suum,
950 2587 976 2637 et
989 2581 1182 2654 longanimiter
1196 2593 1380 2655 exspectantes
1401 2599 1532 2655 sponsum
1551 2601 1641 2658 suum,

846 2669 956 2740 quando
968 2669 1076 2727 veniat:
1093 2680 1122 2728 ut
1135 2688 1196 2729 cuna
1213 2672 1316 2728 clamor
1330 2673 1415 2729 iactus
1434 2673 1527 2745 inerit,
1551 2685 1642 2747 aptent

846 2757 987 2830 lampades
1000 2775 1073 2826 suas,
1095 2769 1122 2816 et
1143 2760 1242 2817 intrent
1264 2778 1324 2818 cum
1343 2777 1376 2819 eo
1390 2764 1424 2818 ad
1447 2763 1555 2834 nuptias
1569 2779 1641 2820 sem·

843 2848 973 2919 piternas,
989 2849 1037 2905 ubi
1056 2849 1214 2918 jucunditas
1229 2860 1256 2907 et
1283 2851 1426 2908 exsultatio
1450 2851 1644 2909 thesaurizabit

76 2963 81 3003 t
99 2944 195 3003 florent
205 2945 325 3015 uirgines
340 2944 429 3001 animo
444 2945 523 3002 simul
537 2956 564 3002 et
574 2961 699 3019 corpore,
709 2965 789 3020 quam
804 2943 827 3022 c
841 2937 1015 3012 supefipw,
1035 2949 1064 2995 02
1077 2940 1185 2996 nomine
1199 2946 1301 2998 aeterao
1323 2940 1490 2999 haetedittbll
1513 2941 1571 2998 illes
1584 2944 1642 3000 Do·

76 3033 201 3106 orruptii
227 3036 284 3091 lmo
309 3033 509 3108 uerouirgines
536 3043 590 3092 tam
618 3036 791 3109 incorpore,

89 3124 116 3180 in
133 3126 222 3180 arnna
236 3140 300 3179 vere
315 3124 421 3192 ilorent,
436 3124 584 3198 singularia
597 3123 655 3182 lilia
670 3126 718 3181 lilii
732 3129 793 3183 sin·

76 3213 96 3268 is
112 3228 119 3266 :
135 3215 193 3285 qui,
204 3222 234 3268 ut
249 3212 359 3268 lrrmiter
374 3230 466 3284 spero,
478 3221 505 3270 et
520 3216 547 3268 in
562 3215 614 3271 hac
625 3217 795 3272 mortaliuita

76 3300 136 3359 liliis
152 3301 343 3358 abundantiam
366 3318 422 3357 suaa
451 3303 592 3358 suauitatis
615 3305 794 3362 abundantius

102 3391 210 3449 caeteris
241 3399 353 3460 eructat,
378 3391 441 3461 quie
465 3391 493 3446 in
521 3392 564 3447 his
590 3392 793 3452 similitudinem

90 3481 166 3537 uidet
182 3481 332 3537 distinctius
346 3494 502 3552 expressam
515 3520 522 3534 .
537 3479 707 3551 Quocunque
721 3487 793 3539 enim

77 3578 117 3627 tos
150 3573 248 3642 pergit,
275 3569 392 3641 virgines
425 3576 594 3639 sequuntur,
619 3571 793 3643 teeundieque

87 3659 122 3716 de
141 3661 239 3732 spiritu
254 3659 339 3730 ipsius
353 3659 539 3728 concipientes
554 3656 653 3715 bonurn
668 3661 793 3731 proposi·

91 3757 117 3806 et
133 3751 202 3805 bona
217 3764 298 3820 opera
313 3746 473 3820 parientes,
490 3762 550 3819 quae
573 3763 712 3819 nunquam
730 3765 793 3806 rno-

77 3855 120 3906 rr;
137 3838 204 3893 sicut
219 3839 357 3910 generatio
373 3844 480 3892 terrena
502 3834 529 3890 in
546 3844 657 3908 peccato
670 3838 793 3910 coneipi-

77 3928 103 3982 in
127 3927 237 3982 tristitia
257 3927 381 3997 paritur,
398 3934 425 3981 et
442 3925 576 3983 anxietate
589 3928 715 3997 nutritur,
731 3943 793 3986 cuna

77 4030 88 4070 e
118 4013 226 4069 tandem
247 4014 378 4068 amittitur
401 4015 442 4073 uel
470 4014 601 4072 descritur
616 4055 624 4072 .
641 4016 703 4073 Non
728 4017 794 4074 tales

91 4101 139 4156 filii
160 4103 207 4168 tui,
224 4116 240 4156 o
254 4102 331 4173 uirgo
345 4102 462 4170 Christi,
477 4118 533 4158 non
547 4105 596 4159 sic.
610 4105 706 4178 Neque
720 4106 791 4164 enirn

77 4206 118 4246 xm
138 4191 304 4258 morientur,
322 4205 441 4260 unquam
454 4193 610 4249 amittentur
625 4210 633 4264 ς
648 4195 704 4251 imo
718 4212 792 4255 sem·
808 4219 832 4299 n

77 4279 117 4337 ire
130 4278 291 4335 morientem
308 4318 316 4344 ,
331 4277 388 4333 sire
415 4279 548 4335 uiuentem
573 4287 723 4352 sequentur
740 4293 790 4354 te,

81 4379 141 4424 ntur
168 4377 203 4435 te,
233 4377 260 4423 et
276 4367 302 4421 in
325 4366 408 4423 uitam
430 4374 558 4423 aetcrnam
579 4369 727 4441 perducent
753 4381 790 4432 te.

85 4473 152 4530 ergo
167 4457 215 4512 filii
231 4498 238 4524 ‚
255 4464 282 4513 et
297 4457 382 4512 multo
397 4456 527 4513 meliores
548 4458 675 4526 desertae,
704 4459 731 4516 id
750 4472 792 4520 est

78 4563 119 4604 ses
144 4547 256 4615 Christi,
285 4547 331 4619 qui
353 4548 387 4601 ad
402 4563 521 4620 praesens
536 4549 634 4606 deserti
657 4549 789 4623 ridentur,

78 4651 179 4707 uquam
201 4637 262 4706 ejus
286 4652 345 4707 quae
373 4637 454 4692 babet
476 4638 565 4693 virum
592 4640 734 4696 carnalem.
764 4642 793 4698 Si

78 4731 96 4782 tt
111 4725 154 4780 bis
167 4725 264 4780 similia
288 4725 442 4797 frequenter
460 4727 495 4782 ad
520 4737 636 4785 mentem
651 4730 793 4788 reduxeris

78 4821 145 4870 intur
167 4818 260 4886 procul
276 4815 358 4872 dubio
372 4816 400 4870 in
415 4827 440 4874 te
456 4833 562 4874 uermes
577 4817 711 4876 malarum
724 4836 792 4895 sug·

78 4919 235 4970 tnurn,nee
264 4902 351 4960 459
374 4904 408 4960 ad
443 4908 640 4964 corrodendum
669 4916 793 4966 truncum

78 4993 206 5067 propositi
222 4993 270 5065 tui,
288 5002 413 5052 tuentete
427 5011 528 5068 sponso
539 5004 596 5069 tao,
609 4995 792 5074 aliquomodo

78 5083 192 5141 tlebunt.

278 5172 390 5230 CAPUT
407 5174 513 5230 XXIV.

79 5280 791 5356 optatissimusquedeutrtetetongautmttattr,

117 5358 145 5409 et
159 5357 372 5429 perseuerantia
384 5356 416 5410 in
427 5352 496 5410 horto
510 5357 666 5428 proposito.

89 5441 244 5519 longitudo
259 5443 345 5500 trunci
361 5444 386 5498 in
402 5443 469 5515 lilio,
480 5459 543 5517 ques
555 5443 585 5501 in
603 5446 687 5502 altum
704 5454 795 5505 erecta

79 5532 188 5592 intutem
201 5533 412 5609 longanimitatis
433 5533 560 5608 insinuat,
581 5551 642 5614 quae
664 5551 794 5611 perseve-

85 5633 209 5699 Ptrxor..
232 5634 404 5699 CLXXXIV.

847 3027 939 3085 minus
954 3029 1027 3086 Deus
1040 3038 1143 3087 noster.
1158 3030 1214 3087 Vos
1230 3031 1476 3106 igitur,ovirgines
1486 3031 1597 3104 Christi,
1609 3050 1643 3092 ne

847 3116 978 3175 deficiatis
993 3120 1021 3175 in
1039 3119 1241 3192 exspectatione
1256 3120 1468 3178 Christihderit
1482 3123 1554 3179 enim
1573 3124 1645 3180 citis·

847 3206 915 3262 sime
939 3223 1055 3279 sponsus
1086 3220 1182 3272 vester,
1196 3209 1242 3281 qui
1269 3209 1369 3266 idcirco
1392 3212 1535 3267 adventurn
1562 3228 1644 3270 suum

847 3295 949 3363 diliert,
964 3305 995 3352 ut
1008 3313 1069 3354 cum
1083 3297 1189 3353 ceeteris
1203 3298 1283 3355 bonis
1304 3297 1433 3369 operibus
1460 3302 1566 3365 restris,
1594 3316 1643 3358 te·

848 3392 911 3441 strae
937 3384 1017 3442 etiam
1053 3384 1136 3442 donet
1169 3388 1362 3457 exspectationi
1401 3403 1541 3446 coronam.
1568 3387 1641 3457 Scio,

847 3472 971 3544 quamuis
984 3481 1112 3544 expertus
1125 3489 1178 3531 non
1193 3491 1264 3545 sum,
1280 3478 1415 3547 quomodo
1430 3476 1554 3550 gematis,
1570 3493 1643 3551 quo·

848 3564 930 3618 niodo
944 3562 1167 3636 compungamini
1190 3563 1217 3618 in
1243 3563 1291 3618 illo
1315 3565 1461 3636 purissimo
1480 3566 1561 3621 cubili
1580 3581 1642 3625 tor-

847 3652 890 3708 dis
899 3652 993 3710 vestri.
1003 3651 1042 3708 Ne
1055 3649 1186 3709 deficiatis
1204 3652 1232 3707 in
1252 3655 1327 3709 bono
1341 3653 1480 3726 proposito
1494 3664 1596 3728 uestro,
1615 3666 1645 3713 nt

847 3740 881 3796 ad
900 3739 1161 3797 consummationem
1185 3740 1250 3798 honi
1267 3741 1357 3814 operis
1370 3749 1396 3798 et
1414 3745 1643 3814 perseuerantiam

846 3829 990 3901 pertenire
1008 3830 1130 3901 possitis,
1149 3845 1198 3903 per
1222 3846 1306 3904 qnam
1333 3846 1463 3890 coronam
1486 3834 1644 3890 mereamini

847 3917 1047 3991 sempiternam.

1131 4007 1244 4068 csPun
1266 4009 1357 4068 XXV.

847 4117 958 4188 Desolti
971 4115 1028 4176 lilii
1040 4118 1118 4173 circa
1132 4122 1278 4185 truncum,
1302 4116 1400 4187 idest,
1424 4117 1458 4177 de
1476 4117 1567 4178 verbis
1583 4120 1643 4194 plis

1058 4190 1255 4261 cistarciensis
1273 4190 1426 4261 uirginum.

880 4280 925 4334 82.
939 4277 999 4334 lam
1014 4278 1049 4332 de
1073 4276 1146 4334 loliis
1164 4293 1226 4350 queo
1240 4279 1313 4336 circa
1328 4289 1452 4337 truncum
1467 4288 1531 4338 sunt
1550 4279 1643 4337 uidea-

845 4381 917 4425 mus.
927 4365 1002 4425 Folia
1017 4365 1108 4441 igitur,
1124 4365 1194 4422 sicut
1208 4366 1425 4438 supradiximus
1443 4366 1478 4423 de
1492 4366 1565 4423 loliis
1580 4367 1643 4426 vitis

845 4456 920 4530 (cup.
934 4471 975 4525 m,
991 4473 1021 4511 n.
1038 4455 1095 4527 28),
1110 4456 1256 4513 verborum
1283 4456 1398 4527 liguram
1424 4457 1536 4514 hebent.
1563 4457 1643 4514 Circa

847 4559 907 4616 quae
925 4543 988 4600 iulia
1019 4542 1247 4599 considerandum
1271 4551 1322 4613 est,
1347 4547 1420 4615 quod
1443 4560 1554 4617 semper
1580 4558 1643 4605 sunt

845 4634 957 4693 uirentia
974 4633 1096 4704 inferius,
1125 4639 1152 4691 et
1172 4633 1243 4690 circa
1271 4645 1372 4691 terram
1399 4637 1503 4707 majora
1527 4647 1589 4695 sunt
1616 4649 1641 4696 et

846 4725 934 4796 plura,
962 4739 1043 4796 quarn
1070 4722 1097 4777 in
1129 4723 1263 4795 superiori
1286 4734 1381 4795 perto;
1396 4734 1423 4781 et
1453 4724 1527 4797 quod
1548 4742 1642 4798 super·

846 4815 936 4887 posita
948 4812 1169 4887 apostematibus,
1188 4821 1318 4885 rumpunt
1340 4822 1369 4870 et
1392 4815 1515 4890 mitigant
1533 4831 1576 4872 ea.
1591 4815 1641 4877 tti-

845 4904 944 4961 mirum
957 4903 1000 4960 his
1014 4903 1086 4961 loliis
1100 4902 1200 4960 similia
1209 4905 1310 4962 debent
1324 4921 1386 4963 esse
1395 4908 1479 4963 uerba
1494 4905 1639 4978 virginum.

846 4994 1067 5068 Viriditasigitur
1083 4992 1221 5062 loliorum,
1236 4995 1363 5052 uirtutem
1383 4996 1529 5054 uerborum
1552 4994 1641 5067 signi·

845 5082 926 5142 ficet:
941 5083 1067 5145 uidelicet
1080 5092 1110 5141 ut
1127 5085 1232 5141 nullum
1247 5087 1360 5142 uerbum
1374 5085 1529 5158 proteratur
1542 5086 1577 5140 ab
1594 5099 1642 5141 ore

845 5174 959 5247 uirginis
972 5175 1083 5244 Christi,
1094 5178 1168 5246 quod
1181 5174 1249 5229 nihil
1263 5175 1290 5229 in
1310 5189 1341 5230 se
1363 5175 1471 5232 virtutis
1493 5174 1639 5235 contineat.

847 5264 880 5321 Ut
888 5274 1042 5324 resecentur
1060 5265 1105 5321 hic
1122 5277 1177 5319 non
1202 5264 1289 5320 solum
1309 5265 1391 5320 uerba
1416 5262 1514 5334 turpia,
1539 5266 1640 5321 scarri-

845 5356 891 5425 lie,
904 5356 1009 5428 iocosa,
1024 5353 1171 5424 luxuriosa,
1196 5355 1324 5426 superba,
1345 5352 1486 5422 bacanda,
1509 5353 1641 5414 deusdo-

847 5447 898 5515 ria,
911 5444 1073 5510 adulatoria,
1087 5443 1136 5500 sed
1153 5444 1234 5500 etiarn
1257 5444 1338 5500 uerba
1360 5441 1505 5517 superflue.
1524 5443 1640 5503 Verbum

846 5536 920 5599 enim
932 5533 1110 5613 superfluum,
1126 5534 1153 5591 id
1166 5540 1206 5592 est
1218 5532 1345 5607 mosum,
1360 5532 1457 5596 talium
1466 5532 1570 5593 aridum
1587 5547 1641 5604 est.
