3706 5962
110 152 154 212 nr
713 141 745 200 nv
764 139 904 201 1111111
921 138 1029 202 senno
1047 102 1144 209 xxvu.
1346 202 1351 211 ,
1704 166 1712 222 ι
1722 166 1753 226 13

106 275 165 332 illud
179 279 233 342 est,
244 271 312 326 latet
327 270 512 325 intrinsecus:
529 267 578 322 scd
591 266 626 322 dc
641 266 752 323 latebris
766 267 824 323 istis
835 282 898 322 sua·
918 286 942 363 st
957 282 1135 340 compescunt
1147 288 1153 328 :
1165 275 1263 332 mediae
1277 294 1308 334 se
1322 280 1355 333 ad
1371 281 1397 335 id
1414 282 1488 354 quod
1501 284 1676 356 spiritualiter
1691 305 1755 348 con·

105 365 225 421 emimus
240 361 311 416 odor
334 358 447 430 aspirat.
464 356 563 413 Nescio
586 355 658 411 enim
674 373 727 427 quo
742 365 821 427 pacto
836 356 901 410 dum
958 360 1109 429 cupiscent,
1134 364 1223 421 adhuc
1245 379 1432 437 componunt:
1452 370 1566 439 ultimae,
1582 374 1636 430 imo
1651 377 1752 436 intimae

106 447 377 508 illudadmirabiliter
392 445 472 502 dulce
489 461 550 501 esse
565 445 693 515 conjicio,
704 444 902 499 admirabiliter
956 448 1055 519 optatis
1070 451 1149 507 avide
1163 455 1219 523 jam
1235 464 1355 511 utuntur.
1370 459 1443 513 Deus
1459 460 1546 526 bone,
1562 473 1692 534 quantum
1707 466 1751 522 lu·

104 542 175 598 dulce
188 542 250 608 jam
265 538 357 593 sentio
370 555 376 592 :
388 537 443 605 jam
456 534 523 589 illud
537 540 634 605 pensat
649 534 772 599 allectus,
785 534 817 588 ad
829 533 902 604 quod
956 537 994 590 cis
1009 546 1035 592 et
1050 539 1210 596 deliciarum
1226 544 1253 598 in
1269 545 1321 600 illis
1331 556 1372 601 est
1387 547 1512 602 latebrisl
1527 559 1643 620 quantus
1659 571 1752 612 exces-

103 647 151 687 1111
165 637 301 699 penetrat
321 623 513 698 intelligentia.
534 622 679 679 Conditum
694 631 736 678 cst
750 624 802 678 hoc
817 637 901 693 penes
955 641 1002 680 sns
1016 626 1043 681 in
1058 629 1214 685 recessibus
1230 631 1300 687 illis!
1320 634 1427 690 Utinam
1442 637 1509 692 tales
1527 655 1571 694 me
1586 641 1751 699 concludant

102 733 241 791 sponsam,
259 725 289 772 et
309 715 447 790 signatum
471 712 499 767 in
522 711 656 767 thesauris
678 711 778 783 ipsius;
796 710 845 766 soli
861 709 902 766 las
955 713 1078 781 latebrae,
1091 725 1119 771 ut
1131 717 1197 773 illud
1208 720 1242 776 de
1254 722 1358 778 Psalmo
1368 724 1461 781 dicere
1477 726 1579 797 possim
1597 743 1603 782 ε
1621 731 1751 789 iloahoee

102 817 138 865 est
152 807 258 864 dilecto
282 804 351 860 istos
369 801 489 890 ingredi,
506 809 534 856 et
557 801 653 873 gloriae
674 799 783 855 latentis
802 814 901 855 arcana
955 804 1205 865 illuminationem
1217 811 1748 892 indeliciismels(Psol.cxxxvur,lt).

101 896 255 954 evolvere.
990 895 1018 947 7.
1035 896 1108 951 Ecce
1132 914 1204 954 nunc
1220 899 1321 972 aliquid
1345 901 1431 958 latens
1447 905 1523 978 attigi
1538 906 1566 961 in
1589 908 1641 963 hoc
1656 908 1750 966 ultimo

136 984 192 1042 79
208 989 238 1042 5.
253 986 314 1040 Hoc
329 990 422 1039 autern
436 981 498 1037 dico
509 979 582 1051 quod
596 993 651 1034 non
667 977 744 1034 lacile
759 985 801 1033 est
815 977 901 1033 virtu-
954 981 1053 1053 gradu,
1068 992 1095 1038 et
1119 985 1188 1041 torte
1204 989 1246 1042 vel
1262 990 1311 1044 hoc
1327 998 1379 1056 est,
1397 992 1442 1047 vel
1456 993 1557 1061 alicuid
1573 995 1661 1051 simile
1676 999 1750 1068 quod

102 1083 152 1131 tem
167 1075 338 1145 cujusquam
347 1086 381 1126 ex
395 1067 634 1125 indiciisdehnire.
647 1067 813 1139 Frequenter
828 1066 901 1121 enim
955 1084 1071 1139 sponsus
1085 1073 1212 1145 signavit.
1227 1078 1293 1133 Volo
1305 1077 1340 1133 de
1355 1088 1453 1135 caetero
1469 1080 1577 1138 deterre
1593 1085 1748 1155 mysteriis:

100 1163 205 1236 exiguis
230 1160 404 1217 exstantibus
424 1157 523 1229 signis,
540 1156 641 1211 eximia
658 1164 721 1210 sunt
736 1172 797 1227 quen
816 1155 901 1209 latent
954 1173 1006 1212 nec
1026 1159 1098 1214 enim
1116 1162 1156 1215 las
1171 1171 1213 1217 est
1228 1165 1325 1220 audaci
1341 1183 1467 1224 sermone
1481 1171 1634 1227 orationum
1650 1188 1751 1229 arcana

100 1253 169 1308 intus
183 1259 309 1309 secreta.
326 1250 446 1321 ideoque
461 1246 619 1302 manifestas
638 1246 771 1301 debemus
784 1245 822 1299 sic
841 1243 899 1301 vir·
954 1247 1068 1313 nudare,
1081 1258 1108 1302 et
1123 1250 1213 1306 minus
1227 1255 1329 1309 sanctis
1340 1256 1464 1312 manibus
1474 1257 1575 1331 linguae
1590 1262 1750 1319 convolutas

100 1351 167 1397 tutes
181 1341 311 1406 laudare,
326 1346 355 1392 ut
369 1340 419 1392 hac
433 1338 460 1390 111
475 1335 588 1407 singulis
599 1333 754 1404 adjectione
770 1342 896 1388 utamur:
954 1336 1068 1392 delicate
1083 1339 1174 1394 Sancti
1189 1348 1345 1397 sanctorum
1365 1346 1505 1402 revolvere
1529 1349 1646 1418 species,
1663 1357 1690 1405 et
1705 1366 1750 1405 re·

100 1431 207 1503 absque
223 1446 255 1486 eo
281 1433 353 1500 qaod
376 1428 551 1482 intrinsecus
571 1425 651 1479 lutet.
668 1422 792 1494 Denique
812 1421 899 1493 ipsam
954 1425 1093 1479 conditum
1117 1444 1216 1483 manna
1240 1439 1420 1500 contrectare,
1438 1436 1509 1506 quod
1530 1451 1614 1492 aurea
1632 1445 1659 1493 et
1682 1454 1751 1494 urna

99 1519 232 1584 1800,ἀο
257 1532 312 1589 qua
337 1514 417 1571 uobis
445 1520 486 1569 esi
509 1527 616 1581 Sermo,
633 1512 852 1567 commendatam
872 1510 900 1563 in
954 1514 1084 1580 continet,
1102 1524 1128 1570 et
1143 1532 1207 1573 arca
1229 1519 1354 1574 recludit.
1370 1522 1404 1576 Et
1423 1522 1514 1592 ipsum
1528 1540 1636 1579 mannae
1651 1541 1751 1581 nomen

99 1623 201 1681 sponsa
224 1606 409 1663 columbinam
434 1603 559 1675 inspicite
583 1601 802 1673 simplicitatem,
819 1615 900 1673 quarn
917 1579 939 1656 Β
956 1603 1057 1675 aliquid
1080 1606 1200 1661 ostendit
1223 1622 1365 1673 arcannm,
1380 1617 1407 1665 et
1423 1610 1457 1666 de
1476 1627 1531 1683 quo
1552 1613 1640 1685 magis
1666 1613 1752 1683 possit

98 1696 238 1770 gratifica,
253 1710 335 1767 qnam
359 1701 401 1749 est
422 1693 450 1747 in
470 1708 500 1748 se
524 1692 583 1762 ipsa
604 1691 693 1746 suavis
713 1699 739 1745 et
763 1691 875 1761 placens
892 1703 898 1742 :
956 1692 1051 1762 qnaeri,
1063 1692 1133 1759 Quid
1150 1703 1191 1749 est
1207 1696 1373 1765 hoctenem
1388 1698 1440 1752 diei
1456 1699 1520 1767 qnid
1531 1699 1566 1754 sit
1581 1701 1641 1755 hoc.
1657 1702 1692 1754 Et
1707 1702 1751 1757 cui

99 1787 223 1855 majores
240 1792 332 1838 tamen
348 1782 376 1836 in
391 1797 421 1837 se
438 1778 592 1836 reconditos
606 1779 689 1833 habet
704 1780 856 1843 thesauros,
873 1785 901 1831 et
954 1779 1052 1835 melius
1074 1797 1156 1853 qnam
1178 1798 1285 1837 mannae
1309 1783 1397 1838 latens
1420 1785 1486 1839 illud
1511 1788 1753 1858 comparaverim?

99 1873 168 1929 dulci
184 1880 240 1939 ⁰52,
257 1880 287 1926 11¹
301 1870 340 1925 Sic
354 1870 453 1934 dicam,
469 1867 617 1922 medullam
633 1875 754 1923 secreto·
773 1865 900 1936 Quaeritis
954 1869 1045 1924 Dulcis
1060 1869 1171 1939 quidem
1186 1878 1213 1925 el
1228 1870 1347 1927 coelestis
1363 1879 1405 1926 est
1420 1889 1519 1928 manna
1534 1874 1611 1930 cibus
1629 1893 1635 1932 :
1652 1877 1700 1931 sed
1716 1877 1753 1932 vi-

99 1960 162 2034 quid
178 1960 216 2015 sit
240 1959 332 2014 illudi
347 1957 408 2011 Dixi
425 1959 490 2027 jam,
507 1963 534 2011 et
553 1955 577 2009 si
591 1955 681 2010 adhuc
699 1954 779 2010 vultis
793 1953 898 2020 andire,
954 1957 1024 2012 detis
1039 1972 1121 2029 quam
1137 1968 1243 2014 secrete
1267 1961 1423 2015 reconditus
1448 1961 1475 2016 in
1496 1979 1574 2031 urna,
1592 1962 1620 2017 in
1635 1979 1708 2030 arca,
1725 1965 1752 2020 ia

99 2050 228 2120 ignorare
246 2064 291 2102 me
312 2047 407 2101 iateor.
426 2047 538 2099 Possem
555 2043 628 2113 piam
643 2044 713 2098 hauc
728 2042 805 2098 vobis
820 2059 898 2098 com·
953 2045 1053 2101 sanctis
1068 2055 1237 2115 sanctorum,
1255 2057 1281 2103 ut
1297 2048 1421 2104 curiosus
1440 2059 1467 2104 et
1483 2051 1572 2105 minus
1587 2051 1703 2108 idoneus
1717 2054 1752 2109 ab

100 2138 231 2193 mendara
247 2134 459 2206 simplicitatem,
472 2142 499 2188 et
513 2133 546 2187 ad
558 2133 618 2202 ejus
634 2148 683 2188 vos
698 2131 897 2187 aemulationem
955 2134 1109 2204 hujusmodi
1124 2146 1248 2205 aspectus
1267 2146 1402 2203 arceatur,
1419 2138 1514 2194 oculus
1528 2139 1573 2195 ille
1588 2140 1634 2212 qni
1649 2142 1753 2196 colum·

99 2225 212 2289 hortari,
228 2242 292 2296 quae
315 2233 369 2278 tam
389 2221 581 2294 inexplicabile
600 2228 628 2276 et
642 2221 722 2275 dulce
737 2220 897 2290 mysterium
952 2224 1032 2278 binus
1047 2241 1107 2280 esse
1123 2242 1177 2280 non
1201 2227 1285 2293 novit,
1302 2245 1384 2298 quern
1399 2245 1453 2283 uon
1468 2229 1560 2300 dirigit
1576 2239 1603 2285 et
1628 2234 1674 2302 pia
1688 2247 1752 2286 cre-

101 2317 230 2381 centinet,
242 2314 359 2368 sortasse
371 2320 397 2367 et
407 2311 522 2367 conlert.
535 2309 563 2364 ld
575 2316 667 2364 autem
680 2309 768 2379 ipsum
784 2309 898 2364 siluero
953 2312 1062 2377 dulitas,
1079 2320 1107 2368 et
1132 2313 1246 2369 intentio
1261 2331 1338 2385 pura.
1355 2317 1492 2387 Rogamus
1508 2325 1598 2373 autem
1613 2334 1676 2386 vos,
1693 2319 1752 2374 lra-

101 2411 212 2459 conatus
240 2401 379 2469 evolvere,
395 2400 509 2454 forsitan
533 2399 568 2453 ed
592 2396 694 2470 aliquid
716 2398 851 2453 occultum
872 2404 899 2452 et
954 2407 1027 2463 tres,
1044 2401 1238 2471 amplectimini
1260 2411 1381 2458 sanctam
1405 2404 1613 2476 simplicitatem,
1631 2406 1753 2478 quietem

101 2493 187 2547 latens
211 2490 365 2562 pertingam
391 2488 434 2543 vel
456 2485 632 2558 experientia,
649 2484 692 2541 vel
716 2487 897 2555 conjectura:
954 2487 1064 2555 mentis,
1081 2489 1273 2544 meditationes
1287 2507 1378 2561 puras,
1395 2491 1495 2545 liheras
1510 2493 1664 2558 orationes;
1680 2509 1752 2566 quo-

103 2581 146 2636 sed
161 2579 298 2651 numquid
317 2578 383 2632 illud
406 2575 458 2632 crit
472 2577 550 2645 cujus
565 2582 620 2628 tarn
642 2573 762 2629 involute
777 2573 901 2628 meminit
954 2574 1027 2628 niam
1047 2575 1074 2628 iu
1090 2574 1187 2630 talibus
1202 2577 1283 2642 vasis,
1300 2585 1336 2642 et,
1354 2585 1383 2632 ut
1398 2578 1435 2631 ita
1449 2578 1548 2645 dicam,
1563 2580 1590 2633 in
1605 2596 1669 2635 arca
1684 2595 1749 2635 san·

104 2686 218 2741 sponsus
229 2670 259 2724 in
273 2668 354 2723 laude
370 2666 499 2722 dilectae?
512 2663 666 2733 Quamlibet
680 2672 796 2734 potuero
811 2663 901 2719 occul·
956 2672 1007 2719 ctae
1030 2663 1211 2719 meditationis
1234 2673 1261 2720 et
1284 2665 1405 2721 interiori
1420 2667 1549 2722 orationis
1564 2684 1642 2734 urna,
1659 2668 1751 2725 divina

104 2767 156 2814 tnm
171 2773 283 2823 eruere,
299 2755 401 2827 aliquid
416 2754 504 2809 adhuc
527 2752 622 2809 latebit
641 2751 814 2807 intrinsecus.
830 2750 900 2806 altis
957 2751 1035 2806 nobis
1058 2759 1101 2806 est
1124 2751 1210 2807 locata
1235 2752 1359 2818 relectio,
1377 2761 1404 2808 et
1418 2755 1508 2824 portio
1523 2755 1630 2829 gloriae,
1648 2752 1752 2827 deque

103 2847 164 2902 illud
180 2846 248 2901 latet
262 2846 289 2900 in
308 2844 431 2900 tenebris
448 2859 453 2897 :
472 2857 521 2898 nec
536 2849 630 2897 nostro
645 2841 770 2910 subjacet
784 2839 826 2895 vel
839 2847 900 2911 sty-
917 2878 939 2957 c
955 2839 1073 2912 legitur:
1089 2840 1218 2897 satiabor
1232 2844 1474 2914 cumeppnrnerit
1488 2844 1579 2914 glorie
1595 2848 1646 2900 tna
1660 2844 1750 2913 (Psal.

101 2934 134 3005 lo,
151 2935 196 2990 vel
210 2934 309 2990 studio.
328 2933 487 2988 venerabor
501 2932 591 3001 ipsum
607 2929 744 2986 silentium
760 2928 826 2983 tanti
841 2945 900 3000 my·
954 2929 1083 3001 111115).
1100 2930 1185 2998 Cuius
1198 2928 1338 3001 plenitudo
1353 2930 1434 2986 vitam
1449 2931 1528 2987 nobis
1542 2938 1674 2988 aeternam
1688 2949 1753 2989 con-

101 3023 186 3080 sterii.
202 3023 275 3077 Nam
290 3020 414 3093 quamvis
428 3036 483 3076 non
503 3028 545 3076 est
566 3019 659 3074 datum
683 3017 794 3074 definite
818 3032 899 3074 nosse
954 3018 1024 3072 terat
1047 3034 1096 3088 per
1118 3020 1211 3073 Jesnm
1233 3018 1384 3085 Christum,
1401 3020 1445 3075 cni
1460 3029 1500 3075 est
1520 3021 1607 3076 honor
1622 3029 1649 3077 et
1663 3022 1751 3096 gloria

101 3113 165 3184 quid
181 3112 228 3178 sit,
252 3127 285 3167 eo
301 3110 373 3182 quod
389 3110 495 3174 siletur,
511 3107 576 3164 satis
592 3107 717 3164 relictum
731 3115 772 3162 est
786 3106 900 3162 credere
953 3107 1109 3177 peremnia
1124 3107 1409 3165 saeculasaeculorum.
1425 3110 1522 3164 Amen.

100 3201 173 3273 quod
188 3199 292 3272 aliquid
301 3197 478 3272 singulariter
487 3197 566 3254 dulee
580 3205 608 3252 et
617 3211 719 3264 sponso
729 3203 837 3269 gratnm
853 3194 897 3251 sit.
1198 3212 1253 3270 73
1272 3215 1390 3272 sgpgo
1407 3216 1507 3274 χχιιι,

97 3290 162 3344 N⁰¹¹
178 3296 267 3360 P⁰l⁰⁵²
281 3287 440 3359 lnl'ffiliga‘i
455 3286 535 3358 quale
550 3285 594 3351 ψ’
607 3285 656 3340 sed
666 3291 756 3355 p⁰²e⁸²
769 3283 899 3340 mmm
955 3319 1060 3392 Capilli
1075 3320 1121 3377 lcl
1134 3321 1210 3377 sicul
1223 3337 1316 3393 greges
1327 3338 1480 3393 capraram
1490 3341 1552 3395 qaoe
1561 3325 1749 3381 ascenderant

98 3393 183 3449 ‘lulm
198 3393 330 3450 madnum
354 3376 398 3442 ⁸5¹1
417 3375 456 3431 '⁰¹
481 3390 514 3430 00
538 3373 683 3446 11501111οᾱ
707 3374 820 3429 lesbum
844 3383 898 3428 ¹⁸¹⁰
988 3392 1021 3447 de
1035 3396 1130 3449 monte
1147 3392 1262 3448 cauere.
1278 3394 1381 3449 Dentes
1397 3393 1441 3446 lui
1456 3394 1532 3448 sicul
1545 3410 1639 3466 preces
1654 3401 1749 3452 tonsa-

96 3465 298 3522 111111111ᾱί11
313 3480 368 3520 uon
382 3464 466 3520 licuit.
988 3478 1064 3526 carie,
1080 3470 1132 3516 etc.
1149 3463 1245 3533 (Cant.
1262 3477 1298 3529 vv,
1316 3465 1340 3526 t,
1358 3466 1396 3530 2.)

132 3559 164 3609 6.
180 3555 216 3609 Ut
230 3562 318 3609 tamen
329 3553 431 3625 aliquid
447 3551 548 3608 dixisse
561 3550 665 3618 videar,
683 3557 779 3605 elnon
793 3566 826 3605 ex
842 3558 898 3606 toto
989 3553 1015 3603 l.
1036 3549 1176 3613 Ecclesiae,
1193 3557 1221 3602 ut
1236 3549 1306 3603 bene
1322 3548 1416 3617 nostis,
1434 3550 1492 3606 haec
1507 3549 1691 3607 blandimenta
1704 3551 1749 3606 di-

96 3642 210 3698 siluisse
226 3643 271 3711 (ad
293 3643 345 3697 hoc
369 3641 442 3695 enim
466 3639 593 3710 instatis),
608 3637 721 3709 accipite
736 3639 809 3706 quod
832 3639 898 3695 mihi
953 3646 1062 3705 cuntur,
1085 3645 1111 3693 et
1136 3637 1170 3693 de
1194 3636 1377 3708 spiritualibus
1396 3640 1455 3708 ejus
1478 3638 1565 3695 oculis
1583 3640 1750 3711 precedenti

95 3732 206 3787 ridetur
222 3730 249 3785 111
264 3730 315 3786 bac
330 3738 406 3802 parte
421 3745 485 3785 vere
500 3728 554 3783 dici
569 3743 669 3798 posse:
686 3735 777 3781 utrum
787 3741 897 3783 accom-

95 3819 209 3875 modate
225 3820 260 3874 ad
271 3817 557 3890 praesenscapitulum,
569 3832 618 3872 vos
632 3815 761 3871 videritis.
779 3815 897 3873 Virtutes

96 3909 165 3982 ipsae
182 3917 280 3980 suapte
301 3916 398 3964 natura
412 3909 485 3964 intus
499 3906 527 3961 in
542 3905 631 3961 animo
645 3905 741 3960 toeatae
757 3913 830 3976 sunt,
847 3906 897 3961 sed

96 4016 163 4053 usus
187 3997 368 4070 quarumdam
390 3997 418 4051 in
443 3994 624 4051 exterioribus
647 3992 744 4063 viget:
770 3994 895 4065 quaedam

96 4102 160 4142 vero
175 4101 254 4141 suam
265 4085 293 4139 in
307 4084 481 4140 interioribus
493 4090 624 4139 exercent
637 4081 796 4153 potentiam.
808 4083 842 4137 Et
851 4083 895 4138 1111

952 3727 1117 3798 disputatum
1133 3733 1175 3781 est
1194 3742 1331 3782 sermone.
1348 3726 1401 3782 Sed
1422 3727 1485 3799 quia
1499 3727 1567 3783 tales
1583 3737 1654 3794 snut,
1672 3746 1749 3784 nurn-

952 3815 1016 3887 quid
1036 3815 1092 3870 rari
1115 3816 1203 3872 sunt?
1218 3815 1286 3871 Vide
1311 3823 1397 3871 totum
1411 3832 1511 3889 corpus
1533 3818 1593 3888 ejus
1613 3818 1748 3890 quomodo

951 3905 1061 3978 plenum
1072 3905 1106 3959 sit
1119 3905 1204 3960 oculis
1214 3912 1277 3959 ante
1291 3913 1318 3960 et
1333 3913 1416 3963 retro.
1429 3905 1506 3962 Oculi
1517 3907 1577 3976 ejus
1592 3908 1747 3978 Prophetae,

950 3993 1022 4050 oculi
1041 3995 1101 4063 ejus
1128 3993 1260 4064 Apostoli,
1276 3993 1323 4065 qui
1347 3995 1389 4050 vel
1414 3993 1502 4050 lutura
1527 3995 1687 4067 predicunt,
1702 3996 1747 4053 rel

948 4083 1004 4152 jam
1027 4081 1097 4138 facta
1125 4082 1284 4154 praedicant.
1301 4082 1378 4138 Oculi
1402 4084 1463 4152 ejus
1484 4092 1546 4140 sunt
1570 4092 1747 4156 utrorumque

94 4175 206 4247 quidem
223 4174 345 4230 carnales
359 4173 478 4230 declinat
493 4172 647 4239 illecebras,
663 4170 714 4225 ista
730 4186 794 4227 vero
810 4171 893 4241 spiri·
910 4183 933 4260 ῃ
950 4171 1113 4243 interpretes
1134 4179 1162 4225 et
1184 4173 1311 4229 doctores
1321 4172 1486 4250 populorum
1504 4191 1509 4227 :
1525 4189 1642 4246 quornm
1656 4173 1747 4230 olsicio

94 4264 209 4320 1111111111
220 4263 381 4320 deliciarum
395 4262 514 4319 latebras
524 4260 702 4332 amplexatur.
718 4260 767 4314 illa
779 4261 821 4316 vel
835 4262 892 4316 sol-

92 4352 229 4409 licitantes
243 4351 405 4408 occasiones
419 4349 530 4424 reiugit‚
542 4348 586 4405 vel
600 4349 751 4404 insolentes
766 4348 893 4406 allectio-

94 4457 145 4498 nes
157 4440 330 4512 compescit3
346 4448 373 4496 et
388 4439 513 4512 quamvis
527 4439 638 4495 interim
654 4438 819 4503 necessario,
836 4454 894 4494 nro·

93 4525 163 4581 leste
187 4534 280 4581 tamen
304 4525 434 4581 exercitio
458 4524 563 4580 laborat
580 4541 585 4579 :
604 4527 654 4581 ista
675 4524 723 4579 tali
742 4525 894 4580 delectatur

91 4614 221 4680 materia,
232 4631 293 4686 quae
303 4629 358 4669 non
367 4613 535 4683 jucunditate
544 4614 642 4688 magis,
654 4630 734 4685 qnam
751 4614 893 4668 honestate

93 4703 238 4773 precellat.
256 4703 305 4757 Illa
327 4702 444 4775 simplici
468 4703 566 4758 intuitu
587 4711 613 4758 et
636 4702 713 4759 oculo
737 4701 893 4757 columbino

96 4793 245 4849 exteriores
259 4793 325 4848 dum
339 4792 476 4864 percurrit
491 4793 606 4865 species,
618 4791 661 4848 vel
676 4791 732 4847 odit
747 4792 789 4847 vel
805 4791 893 4861 despi-

94 4880 130 4936 cit
151 4901 157 4939 :
179 4882 231 4936 ista
255 4880 405 4939 curiosiore
427 4889 573 4953 prospectu
596 4881 721 4937 coelestes
744 4881 893 4952 perlustrat

94 4970 218 5042 species,
242 4969 396 5042 perspectis
418 4970 535 5042 amplius
560 4969 717 5025 inardescit.
745 4970 892 5025 Possumus

94 5057 174 5115 talem
190 5058 340 5132 qnamdam
364 5056 565 5115 distinctionem
580 5057 709 5124 iormare,
728 5068 756 5114 ut
771 5059 892 5114 dicamus

91 5148 159 5203 alias
173 5149 322 5206 exteriores
337 5163 408 5213 esse,
431 5149 498 5203 alias
514 5149 676 5217 interiores,
692 5147 757 5203 alias
772 5148 890 5203 intimas.

92 5237 157 5296 iliae
174 5239 249 5295 enirn
263 5253 295 5294 se
309 5253 326 5292 a
345 5237 501 5294 carnalibus
520 5238 674 5306 retrahunt,
689 5235 748 5293 aliae
763 5237 891 5309 spiritua-

91 5328 160 5385 libus
173 5326 332 5394 intendunt,
347 5326 407 5383 alive
420 5328 553 5400 quasdam
566 5328 623 5399 jam
638 5333 733 5384 tenent
747 5326 890 5398 primitias.

92 5418 189 5477 Prima
213 5415 401 5476 ocemund
430 5416 571 5487 illecebra,
596 5431 679 5489 quam
702 5419 890 5484 contemnunt,

950 4260 1099 4331 spiritualia
1119 4259 1218 4316 animae
1242 4260 1285 4316 vel
1313 4261 1471 4328 commoda,
1487 4262 1531 4318 vel
1555 4262 1694 4332 scandala,
1719 4271 1746 4318 et

950 4349 1095 4414 ceruimus,
1112 4357 1139 4404 et
1153 4347 1345 4405 discernimus.
1362 4349 1417 4406 Sed
1433 4349 1535 4416 nescio,
1552 4350 1575 4405 si
1588 4365 1685 4406 omnes
1699 4352 1745 4423 qui

949 4438 1020 4494 oculi
1034 4439 1135 4493 habent
1145 4435 1274 4501 officium,
1290 4445 1401 4493 teneant
1415 4445 1443 4492 et
1456 4454 1546 4491 usum.
1563 4439 1653 4494 Duces
1668 4438 1743 4506 caeci,

949 4542 999 4583 uec
1019 4534 1122 4581 tanturn
1142 4540 1288 4591 caecorum,
1305 4525 1365 4591 sed,
1390 4525 1461 4595 quod
1486 4524 1625 4597 indignius
1647 4534 1699 4590 est,
1717 4534 1745 4582 et

947 4615 1107 4681 videntium,
1123 4628 1214 4668 nonne
1229 4613 1354 4668 videntur
1368 4613 1439 4669 oculi
1454 4613 1556 4668 habere
1572 4621 1599 4668 et
1614 4612 1702 4669 locum
1717 4625 1745 4672 et

951 4703 1082 4775 speeiem,
1098 4702 1147 4756 sed
1161 4705 1258 4758 virtute
1272 4703 1390 4760 carere?
1404 4701 1512 4759 Utinam
1528 4702 1571 4759 vel
1594 4702 1622 4758 id
1635 4704 1744 4762 suffice-

947 4798 1000 4859 ret,
1016 4799 1044 4846 et
1059 4789 1157 4846 virtute
1173 4791 1332 4862 providendi
1349 4792 1421 4846 bona
1446 4800 1582 4859 carerent,
1597 4799 1744 4863 essentque

948 4879 981 4936 ad
1005 4894 1164 4935 communes
1179 4879 1307 4935 utilitates
1322 4879 1398 4949 caeci,
1415 4880 1480 4935 dum
1494 4897 1549 4936 non
1566 4881 1600 4935 ad
1624 4879 1744 4951 privatas

947 4970 1037 5042 arguti
1053 4969 1271 5026 commoditates.
1287 4970 1365 5025 Nunc
1384 4978 1477 5025 autern
1496 4978 1524 5025 et
1548 4968 1614 5026 caeci
1628 4975 1700 5030 suut,
1717 4974 1745 5021 et

947 5059 1037 5116 callidi
1049 5077 1056 5124 ;
1073 5059 1185 5114 hebetes
1200 5059 1235 5112 ad
1249 5058 1378 5116 Ecclesia
1392 5058 1479 5126 lucra,
1491 5058 1525 5112 ad
1539 5055 1650 5128 propria
1660 5053 1742 5112 acuti.

947 5149 1000 5205 Sed
1011 5147 1148 5220 quomodo
1163 5147 1257 5203 oculus
1271 5156 1313 5202 est
1323 5147 1469 5212 columbae,
1480 5145 1526 5218 qui
1541 5142 1674 5199 columbae
1689 5159 1745 5199 uon

947 5236 1069 5306 inservit,
1080 5237 1214 5292 columbae
1225 5252 1279 5292 non
1290 5235 1375 5304 videt,
1387 5235 1520 5291 columbae
1534 5247 1588 5288 non
1601 5232 1743 5304 providet:

947 5325 993 5399 qui
1008 5325 1162 5382 columbam
1182 5339 1237 5380 uon
1252 5323 1338 5388 ducit,
1353 5321 1403 5379 sed
1418 5322 1506 5395 magis
1520 5321 1631 5379 abducit
1646 5321 1745 5380 Eccle-

947 5415 1026 5483 siam,
1052 5421 1080 5470 et
1108 5420 1238 5486 quantum
1266 5428 1294 5467 111
1322 5411 1380 5483 ipso
1408 5418 1460 5476 est,
1480 5411 1569 5485 pravis
1597 5411 1747 5485 precipitat
