3706 5962
801 213 905 297 mita
926 210 1185 287 uuausrasurun.
1764 213 1819 273 seo

487 347 600 404 CAPUT
612 346 645 404 V.
980 348 1162 445 geneneris
1174 346 1282 412 littere,
1296 343 1348 401 nisi
1357 344 1476 420 glossam
1490 347 1518 397 et
1531 339 1689 395 interiorem
1705 352 1816 394 sensura

366 433 496 505 Officium
508 438 769 510 contemplationis.
1020 447 1109 495 sumat
1125 454 1158 495 ex
1178 436 1271 493 corde.

203 527 231 581 6.
248 522 293 579 llis
307 530 335 579 et
349 525 502 590 hujusmodi
522 525 615 598 ignitis
635 526 749 599 eloquiis
767 542 844 583 suum
859 528 966 583 iniiam·
1322 518 1432 576 CAPUT
1450 517 1510 574 Vll·

168 605 226 668 mat
249 611 434 668 desiderium:
458 613 496 668 sic
516 615 637 670 ostendit
653 631 731 671 suum
756 615 895 671 allectum.
920 617 967 672 liis
1229 615 1267 669 llo
1289 611 1391 683 proiice
1409 605 1613 666 occultatione.

168 699 400 757 incantationibus
421 699 536 758 aduocat
548 718 689 775 sponsum.
714 703 847 761 Dominus
865 712 965 771 annm,
1055 708 1081 761 8.
1103 701 1239 771 Oanime,
1265 700 1312 755 diu
1333 696 1516 769 protraximus
1533 707 1698 751 sermonem.
1716 695 1818 749 Bonum

167 789 246 859 cujus
259 787 331 845 oculi
345 790 534 860 superjustos,
550 798 577 846 et
592 807 673 849 aures
691 778 752 861 eius
765 809 820 848 non
835 793 966 850 solumad
1020 791 1092 847 enim
1109 798 1167 846 erat
1180 804 1231 846 nos
1245 788 1289 845 iric
1304 801 1375 851 esse,
1392 800 1454 841 cum
1470 785 1552 838 Petro
1579 787 1608 839 et
1621 783 1729 838 loanne
1751 797 1818 837 con·

168 891 265 948 preces
284 877 376 950 (Paul.
400 892 495 947 xxxiii,
515 881 569 950 16),
592 881 641 936 sed
656 880 730 951 ipsas
753 897 850 953 preces
870 897 966 939 eorum
1020 878 1144 950 templari
1167 877 1285 950 gloriam
1308 873 1412 947 sponsi,
1438 880 1466 927 et
1489 871 1536 927 diu
1550 885 1665 927 manere
1679 885 1741 948 cum
1757 870 1815 935 illo,

168 979 223 1021 non
238 972 387 1037 exspectat.
403 966 495 1023 donec
509 982 666 1023 sermonem
683 967 818 1035 finierint;
846 970 894 1025 sed
909 985 967 1027 me·
1018 968 1042 1022 si
1061 966 1143 1022 uellet
1157 966 1200 1022 bio
1222 964 1292 1030 lieri,
1318 977 1372 1019 non
1395 962 1462 1029 duo,
1486 975 1542 1016 non
1558 959 1611 1015 tria
1644 957 1818 1015 tabernacula

168 1051 242 1109 dium
257 1053 386 1110 orationis
400 1070 508 1110 cursum
530 1055 744 1127 interrumpens,
760 1056 874 1113 tostinus
887 1058 966 1132 inge·
1017 1054 1098 1126 (oto.
1115 1070 1186 1122 xvir,
1205 1059 1231 1111 l.
1248 1055 1287 1121 l),
1308 1050 1357 1107 sed
1376 1066 1470 1114 unum,
1487 1049 1515 1105 in
1530 1064 1585 1120 quo
1601 1063 1724 1104 essemus
1737 1047 1819 1105 simul

168 1139 204 1197 rit
218 1156 257 1207 se,
284 1148 311 1196 et
326 1141 425 1197 anima
444 1141 608 1198 desideranti
622 1143 736 1200 iesdnus
750 1146 867 1201 occurrit
881 1147 964 1202 coele-
1018 1150 1045 1198 et
1061 1143 1140 1197 simul
1155 1142 1362 1197 delectaremur.
1379 1137 1433 1193 Sed
1446 1139 1503 1207 jam
1518 1135 1584 1192 dicit
1608 1149 1723 1207 sponsus
1740 1149 1746 1188 :
1763 1137 1818 1189 lii-

168 1228 217 1284 stis
230 1243 292 1286 rore
313 1229 466 1286 dulcedinis
489 1230 676 1298 circumtusus,
692 1234 839 1307 unguentis
853 1234 964 1305 optimis
1017 1231 1163 1296 millenae,
1171 1233 1235 1303 jons
1242 1226 1459 1286 animoteondit
1470 1242 1585 1295 ouroro,
1593 1225 1818 1298 jamlumeugra·

168 1315 328 1373 delibutus:
362 1318 480 1373 animam
503 1318 640 1392 fatigatam
664 1330 780 1391 recreat,
799 1323 963 1379 esurientem
1017 1319 1061 1375 tiae
1094 1327 1120 1374 et
1152 1319 1332 1376 visitationem
1358 1331 1440 1389 quam
1469 1313 1646 1370 desiderabas
1677 1311 1817 1382 accepisti.

173 1403 273 1473 reiicit,
291 1404 395 1461 aridam
413 1407 578 1481 impinguat;
595 1416 624 1464 et
641 1408 778 1466 faciteam
793 1419 964 1467 terrenorum
1016 1407 1084 1463 Data
1099 1423 1166 1480 ergo
1180 1406 1380 1470 benedictione,
1401 1403 1563 1471 mortificato
1587 1416 1673 1459 neruo
1696 1400 1820 1459 femena.

168 1493 300 1563 obliuisci,
322 1497 454 1553 memoria
472 1496 513 1552 sui
535 1512 596 1553 eam
610 1497 769 1555 mirabiliter
782 1499 962 1568 lordicando,
1017 1505 1044 1552 et
1054 1502 1156 1553 mutato
1166 1496 1277 1551 nomine
1287 1494 1415 1549 delacob
1429 1493 1458 1547 iu
1473 1493 1556 1548 lsrael
1572 1491 1653 1563 (Gen.
1664 1505 1759 1554 xxxo,
1774 1493 1819 1550 25.

168 1581 341 1651 vivificando,
357 1591 386 1640 et
398 1585 570 1651 inebriando,
582 1601 614 1643 ec
625 1587 744 1643 sobriam
766 1588 917 1645 reddendo.
928 1589 965 1645 to
1017 1586 1073 1657 ot),
1101 1582 1240 1656 paulisper
1259 1582 1363 1640 secedit
1376 1597 1493 1654 sponsus
1504 1581 1555 1636 diu
1570 1579 1753 1643 desideratus,
1768 1579 1820 1634 cito

167 1669 236 1727 deut
259 1670 286 1726 in
307 1671 470 1745 quibusdam
493 1675 646 1730 carnalibus
669 1675 766 1731 ciliciis
787 1677 878 1733 anime
892 1678 962 1734 adeo
980 1667 1001 1744 B
1017 1674 1134 1744 elapsus.
1155 1672 1293 1729 subtrahit
1308 1687 1338 1727 se
1350 1678 1405 1725 tam
1420 1687 1435 1726 a
1449 1668 1787 1743 predictavisionequam
1805 1683 1821 1722 a

168 1757 285 1814 vincitur
297 1760 398 1815 carnali
414 1762 645 1834 masupiscentia,
670 1764 742 1835 quod
761 1779 870 1821 omnem
885 1780 962 1821 usum
1016 1761 1160 1818 dulcedine
1185 1759 1443 1831 contemplationis:
1468 1766 1560 1814 manet
1587 1765 1678 1813 tamen
1697 1770 1822 1827 praescns

169 1845 279 1901 rationis
302 1846 408 1914 amittit,
433 1856 461 1906 et
476 1849 505 1904 lit
528 1850 610 1906 homo
631 1851 709 1922 quasi
734 1853 807 1908 lotus
827 1851 960 1908 carnalis:
1018 1858 1148 1924 quantum
1162 1850 1195 1904 ab
1211 1848 1447 1922 gubernationem.

167 1929 206 2008 ita
219 1933 316 1991 merito
331 1936 360 1990 in
374 1936 425 1993 hac
438 1953 558 2009 superna
572 1938 803 2009 contemplatione
818 1940 856 1995 ita
870 1956 966 1997 consu·
1320 1935 1431 1992 CAPUT
1446 1935 1516 1992 Vlll.

165 2021 278 2078 muntur
299 2028 328 2078 et
350 2025 533 2082 absorbentur
555 2025 679 2083 carnales
702 2035 792 2085 motus
815 2029 849 2084 ab
864 2028 965 2095 anima,
1020 2024 1096 2095 Quod
1109 2026 1212 2098 proiice
1226 2024 1380 2082 occultatio
1390 2023 1428 2079 od
1439 2027 1549 2095 tempos
1560 2021 1641 2077 nolis
1652 2024 1821 2092 cooperetur

158 2116 200 2195 'ut
214 2109 242 2164 in
257 2111 333 2169 nullo
357 2128 420 2169 caro
435 2114 541 2185 spiritui
556 2116 739 2185 contradicat;
765 2125 793 2174 et
816 2117 863 2173 tint
884 2117 965 2173 homo
1364 2112 1478 2170 ionum·

170 2196 248 2268 qussi
263 2204 336 2254 tolus
349 2201 506 2272 spiritualis.
1055 2208 1081 2260 9.
1099 2202 1153 2260 Sed
1168 2218 1203 2259 ne
1219 2202 1326 2271 timeas,
1341 2216 1358 2258 o
1373 2215 1484 2272 sponsa,
1499 2216 1534 2256 ne
1552 2199 1693 2270 desperes,
1715 2213 1751 2253 ne
1763 2198 1820 2252 exi·

433 2286 519 2349 815
539 2286 651 2349 carot
670 2291 715 2349 Vl.
987 2342 990 2346 ,
1019 2292 1116 2348 stimes
1131 2297 1159 2346 te
1174 2289 1325 2357 contemni,
1341 2291 1363 2344 si
1379 2289 1519 2361 paulisper
1533 2287 1581 2342 tibi
1590 2285 1723 2342 subtrabit
1736 2300 1821 2357 spon-

232 2373 904 2450 sionuSpiritussonciiodonimomoenicntis.
1018 2395 1065 2435 sus
1092 2378 1187 2436 taciem
1210 2394 1296 2435 suam.
1321 2377 1493 2434 Omnia‘ista
1516 2382 1699 2447 cooperantur
1718 2373 1767 2429 libi
1792 2375 1820 2430 in

203 2462 231 2515 7.
242 2461 307 2533 Sed,
322 2479 339 2520 o
355 2465 478 2535 Domine,
495 2467 842 2540 quomodocomperiemus
856 2469 966 2541 qnando
1020 2467 1132 2536 bonum,
1157 2475 1184 2523 et
1202 2467 1237 2523 de
1257 2482 1368 2523 accessu
1388 2475 1416 2522 et
1438 2481 1547 2521 recessu
1565 2463 1670 2520 lucrum
1687 2462 1819 2535 acquiris.

165 2549 227 2610 haec
242 2553 319 2620 iacis,
343 2562 371 2609 et
394 2556 467 2625 quod
483 2555 590 2627 siguum
614 2555 746 2612 adventus
771 2557 827 2612 tuit
842 2556 968 2628 Nunquid
1021 2557 1080 2613 Tibi
1094 2556 1177 2621 venit,
1195 2555 1245 2610 tibi
1268 2561 1296 2610 et
1318 2555 1431 2611 recedit.
1447 2554 1529 2610 Venit
1554 2553 1588 2608 ad
1608 2552 1821 2609 consolationem

169 2640 250 2712 buius
263 2641 456 2698 consolationis
471 2650 498 2699 et
511 2643 612 2699 laetitiee
635 2653 720 2701 testes
741 2652 769 2700 et
783 2644 870 2700 nuntii
904 2652 968 2699 sunt
1021 2645 1125 2702 recedit
1146 2643 1180 2697 ad
1203 2644 1346 2707 cautelam,
1362 2659 1397 2697 ne
1426 2641 1585 2713 magnitudo
1616 2640 1818 2698 consolationis.

169 2729 284 2799 suspiria
300 2738 328 2784 et
342 2729 488 2800 lacrymat
507 2731 535 2785 Si
550 2731 585 2786 ita
602 2743 652 2800 est,
665 2748 734 2788 nora
749 2741 790 2787 est
806 2734 969 2803 antiphrasis
1020 2732 1180 2796 extollatte;
1193 2746 1238 2797 ne,
1253 2731 1275 2786 si
1285 2745 1394 2801 semper
1403 2731 1472 2802 apud
1484 2738 1510 2785 te
1521 2728 1555 2785 sit
1567 2743 1692 2800 sponsus.
1704 2728 1821 2799 incipias

168 2816 230 2882 ista,
255 2823 282 2871 et
310 2815 474 2889 significatio
494 2819 631 2874 inusitata.
653 2819 720 2889 Quae
735 2822 807 2877 enim
823 2822 967 2877 conventio
1021 2825 1198 2876 contemnere
1232 2818 1352 2883 sodales,
1376 2826 1405 2873 et
1430 2816 1499 2872 banc
1522 2816 1678 2873 continuam
1689 2805 1820 2872 visitatio-

167 2899 366 2959 'consolationis
384 2904 417 2957 ed
432 2905 565 2976 suspiria3
590 2906 690 2962 laetitiae
714 2908 746 2963 ad
771 2907 925 2978 lacrymas?
945 2908 968 2964 si
1028 2922 1090 2961 nem
1107 2922 1160 2961 non
1178 2907 1234 2975 jam
1252 2905 1346 2976 gratiae
1377 2904 1517 2974 attribuas,
1542 2904 1590 2959 sed
1614 2911 1725 2960 naturas.
1743 2904 1822 2959 Hanc

170 2998 260 3047 tamen
275 2992 333 3047 istae
353 2992 483 3066 ⁸dicendae
506 3004 569 3049 sunt
591 2994 728 3066 lacrymae,
752 3003 780 3051 et
808 3011 862 3052 nou
878 2997 968 3069 potius
982 2956 1005 3035 c
1020 2994 1239 3065 autemgratiem
1252 2995 1296 3049 cui
1310 2995 1375 3058 vult,
1392 3001 1420 3048 et
1434 2993 1542 3063 qnando
1556 2991 1613 3048 vult
1632 3007 1751 3063 sponsus
1768 2992 1820 3047 tri-

172 3080 242 3135 roris
254 3078 392 3135 interioris
407 3079 528 3152 desuper
540 3079 622 3136 inlusi
637 3083 809 3154 superfluens
823 3086 965 3139 abundan-
1025 3081 1099 3153 buit3
1116 3096 1170 3136 non
1195 3081 1272 3152 quasi
1292 3083 1353 3150 jure
1370 3078 1542 3136 banniario
1567 3080 1732 3151 possidetur.
1758 3079 1822 3135 Vul-

174 3169 223 3233 tis,
245 3176 271 3224 et
287 3169 320 3223 ad
345 3170 481 3226 interioris
504 3169 650 3227 ablutionis
673 3171 804 3228 iodicium
822 3174 967 3230 exterioris
1021 3184 1088 3242 gere
1102 3168 1274 3240 proverbium
1296 3169 1433 3240 estquod
1455 3168 1539 3223 nimia
1562 3168 1729 3223 familiaritas
1749 3169 1821 3239 parit

172 3255 289 3312 hominis
314 3265 541 3327 purgamentum:
572 3267 602 3314 ut
625 3258 695 3315 sicut
709 3258 736 3315 in
752 3261 891 3332 Baptismo
905 3277 970 3331 pue-
1024 3267 1219 3330 contemptum.
1235 3258 1349 3315 Recedil
1362 3273 1439 3330 ergo,
1456 3272 1491 3312 ne
1511 3257 1582 3313 sorte
1600 3257 1680 3313 nimis
1693 3258 1820 3313 assiduus

174 3360 266 3401 rorum
297 3361 347 3415 per
370 3346 533 3402 exteriorem
560 3345 726 3402 ablutionem
751 3348 918 3420 significatur
942 3357 970 3404 et
1023 3353 1224 3413 contemnatur,
1249 3355 1277 3402 et
1309 3346 1409 3401 absens
1429 3344 1515 3419 magis
1542 3345 1722 3414 desideretur,
1745 3345 1821 3400 desi-

173 3431 307 3506 tiguratur
320 3433 437 3490 interior
459 3434 556 3491 animae
579 3435 695 3506 ablutio;
722 3435 758 3491 ita
777 3436 821 3492 hic
841 3452 856 3492 e
876 3445 970 3492 contra
1024 3434 1245 3490 deratusavidius
1261 3440 1409 3506 quaeretur,
1424 3432 1470 3488 diu
1484 3433 1612 3505 quaesitus
1626 3434 1736 3490 tandem
1754 3448 1819 3508 gra-

173 3521 337 3579 exteriorem
355 3522 523 3582 ablutionem
546 3523 660 3580 interior
682 3526 819 3596 praecedat
833 3525 967 3597 purgatio.
1025 3523 1077 3579 tius
1096 3522 1254 3578 inveniatur.
1281 3524 1416 3578 Praeterea
1435 3521 1458 3577 si
1481 3537 1619 3595 nunquam
1642 3523 1755 3578 deesset
1773 3523 1820 3578 bic

168 3606 197 3665 ’0
214 3608 307 3666 felices
322 3609 459 3682 lacrymae,
471 3628 521 3681 per
530 3627 598 3685 quas
613 3611 727 3668 maculae
741 3613 886 3670 interiores
901 3629 967 3683 pur·
1026 3612 1174 3669 consolatio
1193 3613 1266 3684 (quae
1290 3618 1415 3684 respectu
1430 3611 1526 3667 suturae
1541 3611 1646 3683 gloriae,
1661 3627 1722 3682 quae
1737 3627 1819 3667 rere-

173 3705 282 3770 gantur,
310 3714 361 3768 per
372 3715 440 3772 quas
453 3709 627 3771 peccatorum
642 3700 768 3757 incendia
784 3702 966 3775 exstinguun-
1022 3701 1122 3759 labitur
1145 3703 1172 3757 in
1187 3703 1275 3766 nobis,
1295 3701 1465 3774 aenigmatica
1481 3708 1557 3756 estet
1572 3716 1605 3756 ex
1620 3703 1721 3772 perte),
1736 3706 1818 3773 put‘a·

171 3784 230 3840 torl
241 3785 315 3840 Beati
330 3787 377 3858 qui
392 3786 551 3858 siolngetis,
561 3789 625 3861 quia
639 3787 966 3862 ridebitislllotilr.v,5).
1023 3807 1114 3848 remus
1128 3790 1197 3848 iorte
1217 3792 1260 3848 laio
1277 3792 1379 3847 habere
1393 3791 1527 3847 civitatem
1547 3797 1712 3857 manantem,
1729 3787 1819 3848 8¹0

175 3872 205 3927 ln
220 3873 263 3928 his
283 3872 411 3944 lacrymis
432 3891 560 3945 agnosce,
581 3878 715 3941 oanima,
737 3894 865 3948 sponsum
882 3885 968 3946 tuum,
1023 3887 1052 3936 et
1071 3880 1159 3935 miuus
1178 3879 1378 3951 inquireremus
1402 3878 1529 3934 loturam.
1550 3879 1590 3934 Ne
1609 3894 1676 3950 ergo
1695 3878 1818 3935 exsilium

172 3960 338 4032 amplectere
360 3962 554 4020 desideratum.
571 3966 650 4020 Nunc
663 3973 783 4022 torrente
799 3976 825 4023 te
844 3967 969 4038 volupta—
1024 3968 1184 4036 deputemus
1206 3982 1255 4036 pro
1275 3969 1370 4037 patria,
1390 3968 1498 4021 arrham
1523 3981 1572 4038 pro
1596 3967 1677 4036 pretii
1701 3973 1816 4022 summa.

167 4040 209 4104 ‘tie
222 4046 338 4118 inebria,
354 4066 422 4125 suge
437 4050 471 4105 ab
489 4053 575 4107 ubere
591 4050 786 4109 consolationis
800 4055 860 4123 ejus
884 4055 926 4110 lac
942 4063 970 4112 et
1026 4055 1106 4111 Venit
1118 4070 1245 4124 sponsus,
1260 4062 1288 4110 et
1311 4055 1414 4110 recedit
1433 4053 1573 4111 vicissim:
1595 4069 1669 4110 nunc
1691 4054 1817 4110 console-

174 4136 238 4192 mel.
253 4137 317 4195 llaec
338 4147 401 4195 sunt
415 4139 538 4195 miranda
558 4139 718 4196 munuscula
740 4149 766 4197 et
791 4141 886 4197 solatia
909 4158 970 4216 quae
1024 4141 1125 4199 tionem
1145 4141 1274 4208 afferens,
1292 4157 1363 4197 nunc
1383 4140 1536 4199 universum
1566 4148 1680 4198 stratum
1696 4151 1817 4199 nostrum

153 4301 157 4307 Δ
175 4220 251 4281 dedit
264 4225 311 4281 tibi
320 4242 438 4297 sponsus
453 4235 522 4294 tuus,
535 4227 655 4302 gemitus
669 4226 773 4284 scilicet
789 4236 816 4285 et
831 4228 968 4301 lacrymae.
1025 4232 1054 4285 in
1069 4229 1253 4286 infirmitatem
1266 4237 1447 4286 commutans.
1469 4228 1608 4302 Paulisper
1622 4246 1674 4286 nos
1686 4230 1818 4302 permittit

176 4312 295 4394 Adducit
312 4315 360 4371 tibi
379 4321 473 4388 potum
487 4316 515 4371 in
531 4317 572 4372 his
585 4316 714 4388 lacrymis
726 4316 753 4371 in
768 4333 907 4376 mensura.
922 4319 970 4374 ilas
1025 4328 1135 4389 gustare
1163 4333 1244 4391 quam
1266 4318 1356 4373 suavis
1381 4323 1434 4385 est,
1458 4324 1486 4373 et
1500 4325 1645 4389 aanuam
1660 4319 1742 4391 plene
1757 4334 1819 4374 sen·

175 4399 301 4472 lacrymae
315 4411 377 4458 sunt
392 4402 439 4457 tibi
453 4418 538 4474 panes
554 4403 599 4460 die
614 4418 646 4459 ec
660 4411 753 4473 nocte;
771 4419 856 4475 panes
876 4404 970 4477 utique
1025 4409 1131 4474 tiamne,
1147 4423 1185 4463 se·
1199 4406 1347 4463 subtrahit:
1367 4407 1446 4463 etita
1460 4405 1539 4479 quasi
1553 4406 1602 4461 alis
1626 4407 1754 4478 expansis
1774 4424 1820 4462 su-

175 4486 368 4547 condrmantes
387 4505 434 4547 cor
447 4489 573 4557 hominis,
589 4498 617 4548 et
635 4490 770 4547 dulciores
780 4506 862 4563 super
875 4492 928 4547 mel
943 4501 971 4550 et
1024 4510 1074 4568 pra
1089 4511 1139 4551 nos
1153 4495 1278 4558 volitans,
1295 4503 1423 4565 provocat
1439 4510 1488 4550 nos
1508 4495 1542 4549 ad
1562 4495 1720 4550 volandum.
1736 4495 1819 4565 Quasi

175 4576 277 4631 t'avum.
291 4576 444 4634 ODomine
458 4580 533 4646 lesu,
549 4580 573 4634 si
587 4580 657 4636 adeo
672 4588 734 4634 sunt
748 4579 841 4635 dulces
855 4580 914 4637 istae
929 4582 969 4636 la·
1023 4585 1104 4642 dicat.
1129 4583 1201 4640 Ecce
1230 4599 1324 4654 perum
1347 4584 1462 4658 gustatis
1482 4600 1563 4657 quam
1587 4584 1678 4640 suauis
1704 4601 1767 4641 sum
1794 4593 1820 4641 et

176 4673 276 4732 asyma
291 4679 351 4735 quse
366 4681 399 4720 ex
413 4667 544 4722 memoria
559 4675 587 4722 et
601 4665 737 4723 desiderio
752 4666 790 4723 tui
805 4669 968 4735 excitantur,
1024 4671 1221 4744 dulcis3sedsi
1243 4671 1324 4728 uultis
1338 4672 1420 4744 plene
1444 4672 1559 4727 saturari
1589 4674 1640 4728 bac
1658 4671 1816 4739 dulcedine,

176 4761 256 4818 quam
284 4750 362 4808 dulce
390 4754 443 4808 erit
465 4755 591 4824 gaudium
616 4757 688 4826 quod
713 4770 750 4812 ex
771 4756 917 4814 manifesta
931 4758 970 4814 tui
1024 4760 1125 4817 currite
1140 4769 1202 4832 post
1217 4776 1259 4816 me
1276 4760 1302 4814 in
1318 4761 1402 4818 odore
1416 4768 1615 4833 unguentorum
1631 4776 1765 4830 meorum,
1777 4764 1821 4817 ba·

174 4834 420 4910 uisionecapieturl
433 4842 461 4897 Si
471 4842 541 4898 adeo
551 4841 630 4898 dulce
641 4853 682 4898 est
693 4845 760 4900 llere
775 4860 826 4915 pro
840 4855 878 4913 te,
888 4862 969 4918 quam
1024 4849 1119 4904 bootes
1133 4863 1239 4902 sursum
1264 4849 1358 4918 corda,
1384 4849 1428 4904 ubi
1443 4865 1495 4920 ego
1513 4864 1572 4904 enm
1586 4848 1614 4903 in
1636 4848 1751 4905 dextere
1772 4851 1820 4905 Dei

175 4922 254 4982 dulce
266 4927 448 4999 eritgsndere
462 4930 545 4987 delei
559 4930 613 4986 Sed
623 4930 688 5003 quid
698 4931 969 5002 hujusmodisccreta
1025 4937 1120 4992 Patris.
1146 4936 1186 4990 lbi
1201 4938 1324 4992 videbitis
1344 4954 1397 5006 rue,
1422 4953 1475 4993 non
1490 4955 1538 5009 per
1553 4939 1694 5007 speculum
1708 4940 1736 4993 in
1750 4940 1821 4994 ani-

174 5011 307 5088 oolloquia
329 5016 493 5088 proferimus
514 5019 541 5074 in
564 5018 728 5090 publicum?
751 5036 800 5076 cur
814 5021 967 5080 inedabiles
1022 5032 1123 5098 gnate,
1148 5025 1197 5078 sed
1221 5023 1290 5080 iaoie
1305 5024 1339 5079 ad
1364 5025 1476 5081 faciem:
1493 5035 1520 5082 et
1535 5027 1615 5097 plene
1629 5027 1760 5097 gaudebit
1774 5044 1823 5086 cor

173 5108 203 5159 et
216 5103 415 5164 inenarrabiles
437 5105 651 5164 affectusverbis
669 5108 858 5164 communibus
882 5126 967 5167 cona·
1021 5121 1150 5176 vestrum,
1164 5120 1192 5167 et
1206 5112 1335 5185 gaudium
1351 5119 1470 5169 vestrum
1492 5129 1573 5170 nemo
1594 5113 1668 5170 tollet
1683 5130 1698 5169 a
1715 5117 1802 5172 uobis.

173 5206 235 5247 mor
249 5193 421 5266 exprimeret
435 5195 572 5270 lnexperti
587 5195 651 5251 talia
665 5211 720 5252 non
734 5195 899 5269 intelligunt,
913 5197 966 5254 uisi
1331 5201 1445 5258 CAPUT
1467 5200 1515 5255 tx.

164 5284 208 5334 *ea
222 5284 379 5353 expressius
393 5285 484 5357 legant
496 5285 524 5341 in
539 5286 609 5341 libro
625 5284 812 5356 experientia,
827 5299 895 5356 quos
908 5286 966 5357 ipsa
1024 5292 1113 5359 Qrtorn
1126 5293 1207 5347 caute
1230 5305 1259 5346 sc
1283 5290 1379 5346 dotem
1401 5291 1501 5348 bolom
1516 5292 1615 5347 animo
1629 5297 1692 5364 post
1715 5294 1821 5363 pratici·

174 5359 272 5426 domat
285 5373 388 5429 unctio.
403 5372 489 5431 Aliter
499 5381 588 5431 autem
599 5372 685 5429 littera
702 5372 821 5429 exterior
836 5387 891 5430 non
905 5389 966 5446 pro·
1318 5378 1525 5437 visitationem.

174 5453 234 5513 dest
255 5457 403 5534 quidquam
432 5461 545 5534 legenti.
562 5461 698 5517 Modicum
711 5461 806 5532 sapida
822 5469 864 5518 est
882 5460 963 5520 lectio
1059 5465 1251 5524 insedente
1275 5467 1336 5535 tibi,
1358 5482 1505 5541 ospousa:
1521 5467 1631 5540 quando
1649 5470 1776 5532 absentat
1793 5488 1823 5527 ec
