3706 5962
94 184 164 244 ¹255
647 175 744 239 LIBER
763 178 805 238 DE
824 181 914 243 hono
932 184 1017 247 BENE
1036 181 1182 244 llvshhl.
1678 173 1744 235 tiss

93 308 175 365 reiert
198 304 391 363 conscientiam
412 302 547 372 hominis;
568 301 656 375 qualis
683 319 772 361 sermo
796 313 891 364 osten-
1159 307 1279 365 xxxii.
1294 335 1329 348 -
1342 305 1526 379 Deperjorio.

94 398 176 462 ulitur,
208 395 269 451 talis
296 394 401 449 animus
420 393 635 463 comprobatur:
669 408 702 448 ex
729 394 891 452 abundantia
981 403 1027 454 99.
1042 398 1177 455 Dominus
1191 395 1256 452 dicit
1270 395 1296 450 in
1325 391 1491 467 Evangelio:
1517 391 1577 449 Non
1593 393 1681 464 jures
1699 407 1746 464 par

95 487 166 542 enim
182 484 271 540 cordis
286 498 317 538 os
332 482 458 554 loquitor.
475 482 516 536 Ab
531 481 619 537 otioso
629 496 695 554 ergo
710 497 835 541 sermone
849 500 893 541 re·
946 490 1058 555 caelum,
1070 491 1136 562 quio
1151 486 1228 543 redes
1243 484 1294 541 oet
1308 489 1364 551 est,-
1379 496 1469 555 oeque
1479 497 1533 555 per
1548 485 1672 546 terrum,
1684 482 1747 553 quio

95 575 173 633 lrena
192 574 310 645 linguam
335 581 406 627 tuam
430 585 436 624 :
456 571 589 644 restringe
612 571 731 647 linquam
758 579 831 628 tuam
857 574 892 629 ab
947 577 1098 636 scabellum
1113 575 1288 650 pedumejus
1302 577 1359 639 esl,·
1375 587 1462 643 neque
1475 586 1525 645 per
1547 573 1746 642 caputiatum,

97 664 185 722 otioso
196 665 291 719 verbo.
306 661 411 730 Turpes
426 658 530 716 fabulas
544 676 599 715 non
615 660 745 733 loquaris,
760 677 813 717 non
828 679 893 736 par·
947 667 1012 739 quia
1023 681 1079 722 non
1089 670 1167 738 potes
1182 665 1213 721 in
1229 677 1259 722 eo
1271 677 1362 719 unum
1380 658 1522 732 capillum
1542 659 1641 727 [acere
1655 655 1749 712 album

96 754 152 809 rias
165 766 234 808 vana
247 750 341 806 uerba.
362 748 460 804 Sermo
475 748 578 806 otiosus
597 764 651 804 non
667 748 719 804 erit
733 750 838 821 absque
848 752 892 822 ju·

96 842 178 898 dicio.
194 838 386 910 Unusquisque
399 837 528 893 rationem
543 837 698 894 redditurus
722 846 763 894 est
789 855 893 896 sermo·

99 945 165 985 num
193 943 303 984 suorum
328 925 440 996 lllolth.
468 941 517 993 ιιι,
548 926 649 991 atr-373
675 928 740 984 hue.
767 942 806 991 vr,
838 928 892 999 lh).

102 1021 174 1074 Ante
194 1015 404 1085 uniuscujusque
429 1013 523 1068 faciem
546 1013 629 1067 verba
653 1029 704 1069 sua
732 1014 841 1071 stabunt
868 1017 895 1072 in

99 1107 145 1163 die
157 1105 263 1178 judicii.
281 1106 387 1175 anuae
397 1102 528 1175 loqueris,
544 1102 680 1174 gravitate
694 1111 777 1175 atque
790 1104 895 1160 doctri-

100 1213 134 1252 na
149 1197 230 1269 digna
245 1194 320 1248 liant.
332 1192 371 1248 Sit
385 1206 475 1247 sermo
485 1198 548 1246 tuus
562 1187 828 1260 irreprehensibilis,
843 1191 896 1246 lin·

101 1299 157 1360 qua
173 1293 287 1339 tuanen
303 1290 329 1338 te
344 1282 452 1353 perdat,
469 1280 557 1353 linqua
572 1288 618 1334 tua
633 1295 685 1335 non
711 1289 737 1336 te
759 1281 868 1335 damnet
889 1293 895 1331 :

104 1389 158 1428 non
182 1371 302 1443 loquaris
322 1371 394 1443 qnod
415 1366 528 1441 indigne
551 1369 682 1440 suscipiat
703 1368 895 1425 adversarius:

947 757 1001 810 out
1014 756 1138 826 nimum.
1155 753 1198 809 Sil
1211 753 1308 808 cutem
1322 764 1412 805 sermo
1423 749 1501 809 lues,
1514 744 1574 806 Est.
1584 744 1660 802 Non.
1676 741 1749 812 Quod

949 843 1071 915 emplius
1083 847 1160 908 esl‚o
1169 828 1245 898 molo
1259 842 1300 896 est
1310 835 1572 908 (balthassar).
1581 832 1665 888 Sicut
1679 848 1749 887 men·

949 930 993 986 tiri
1004 946 1056 986 non
1071 928 1215 1002 potestqui
1232 943 1285 984 non
1301 924 1430 998 loquitur,
1442 924 1481 980 sio
1496 925 1693 995 pejerarenon
1703 936 1751 991 po·

950 1019 1019 1087 terit,
1034 1019 1079 1092 qui
1093 1019 1184 1089 jurare
1196 1033 1252 1073 non
1267 1013 1379 1087 appetit.
1394 1011 1562 1085 Quocunque
1577 1019 1640 1067 arte
1655 1009 1752 1066 verbo·

950 1124 1009 1164 rum
1024 1109 1139 1181 quisque
1151 1107 1236 1176 juret,
1250 1104 1325 1159 Deus
1348 1110 1435 1157 tamen
1457 1100 1504 1172 qui
1527 1107 1569 1157 est
1594 1099 1677 1156 testis
1693 1113 1755 1156 oon·

949 1196 1080 1266 scienliae,
1096 1197 1147 1251 hoc
1165 1194 1203 1249 ita
1217 1192 1324 1261 accipit,
1340 1190 1412 1246 sicut
1429 1190 1473 1246 ille
1492 1188 1536 1246 cui
1548 1191 1664 1259 iuratur
1674 1186 1754 1243 intel·

950 1285 1018 1359 liqit.
1033 1285 1131 1341 illalum
1147 1284 1218 1356 quod
1226 1282 1352 1352 juramus
1368 1279 1468 1346 lacere,
1484 1293 1539 1333 non
1555 1277 1696 1333 debemus
1709 1277 1757 1330 im·

951 1375 1034 1448 plere.
1055 1374 1139 1430 Soror
1162 1370 1338 1434 venerabilis,
1354 1368 1394 1423 tis
1408 1376 1439 1424 ut
1452 1368 1541 1423 <licam
1567 1366 1620 1422 tibi
1641 1363 1758 1435 qualiter

101 1461 220 1516 amicum
236 1467 312 1515 tuum
325 1460 360 1513 sit
375 1457 521 1513 silentium.
537 1457 609 1513 Pone
618 1456 768 1513 custodiam
783 1457 825 1512 ori
839 1465 896 1527 tuo,
946 1459 1090 1533 'nunquam
1106 1455 1359 1530 §obpejenbist
1374 1455 1620 1529 Nunquamjures.
1650 1453 1680 1510 Si
1706 1468 1757 1509 non

103 1551 129 1605 in
146 1548 226 1606 labiis
244 1548 299 1603 tuis
327 1562 398 1618 pone
425 1545 606 1620 signaculum,
626 1562 693 1618 pone
722 1547 820 1622 linguae
845 1555 897 1600 tuae
947 1549 1092 1621 juraveris,
1109 1562 1248 1618 nunquam
1275 1543 1434 1617 pejerabis:
1461 1544 1484 1599 si
1511 1543 1644 1613 pejerare
1672 1543 1757 1606 times,

104 1640 220 1695 claustra
235 1635 346 1692 silentii.
361 1634 435 1690 Scito
449 1650 505 1707 quo
516 1646 639 1707 tempore
655 1635 743 1704 dicas,
758 1618 1087 1711 consideraEnnnqnom
1109 1637 1199 1705 jures;
1234 1632 1348 1705 prohibe
1378 1632 1460 1687 etiam
1479 1629 1528 1685 tibi
1554 1630 1758 1700 iuramentum,

103 1741 156 1800 qna
170 1727 238 1782 hora
251 1723 386 1795 loquaris,
403 1732 525 1794 tempore
543 1739 664 1797 congruo
685 1724 807 1796 loquere,
829 1731 899 1778 tem·
953 1728 1016 1784 tolle
1032 1741 1110 1780 nsum
1128 1721 1249 1793 jurandi.
1268 1720 1455 1776 Periculosam
1481 1718 1554 1776 enim
1576 1727 1625 1774 est
1645 1719 1757 1787 jurare:

104 1830 170 1886 pore
190 1826 313 1886 congruo
328 1822 396 1869 tace.
411 1813 480 1869 Tace
494 1827 637 1886 usquequo
651 1812 837 1885 interrogeris,
859 1812 900 1867 in·
954 1833 1020 1872 usus
1032 1813 1139 1886 jurandi
1156 1811 1220 1866 iacit
1233 1807 1454 1866 consuetudinem
1469 1806 1596 1878 periurii,
1626 1821 1696 1862 usus
1716 1806 1759 1875 jn·

105 1902 249 1976 terrogatio
264 1917 296 1957 os
311 1909 388 1955 tuum
410 1900 511 1971 aperiat
527 1914 534 1953 :
549 1900 603 1954 sint
632 1899 713 1956 verba
731 1909 778 1957 tua
804 1915 899 1972 pauco,
956 1904 1031 1959 randi
1045 1903 1119 1958 ducit
1138 1899 1277 1956 hominem
1298 1898 1330 1954 ad
1346 1897 1507 1968 perjurium.
1523 1894 1566 1951 Sit
1580 1895 1613 1951 in
1628 1910 1680 1951 ore
1705 1903 1760 1964 tuo,

103 2006 158 2048 non
173 1999 294 2045 transeas
317 2004 473 2044 mensuram
503 1989 640 2060 loquendi.
665 1987 831 2061 Multiloquia
847 2003 901 2044 non
955 1995 1015 2058 Est,
1033 1995 1067 2047 sit
1077 1992 1104 2045 in
1118 2005 1166 2045 ore
1178 1995 1237 2060 tuo,
1253 1989 1315 2046 Non
1329 1991 1383 2045 est.
1397 1985 1504 2044 Veritas
1518 1999 1574 2040 non
1590 1984 1702 2058 indiget
1715 1985 1761 2054 ju·

103 2079 237 2152 ellhgiunt
251 2079 370 2150 eulpam,
385 2077 589 2149 multiloquium
603 2092 657 2133 non
671 2078 787 2134 declinat
805 2092 901 2148 pecca·
955 2089 1098 2146 ramento,
1113 2077 1199 2133 tidelis
1213 2093 1305 2132 sermo
1328 2074 1425 2132 retinet
1448 2076 1539 2130 locum
1566 2072 1735 2130 sacramenti
1754 2091 1759 2128 :

105 2169 265 2239 lulanrvv·
278 2182 310 2231 Χ,
327 2165 383 2238 19).
399 2165 484 2239 Virgo
499 2164 623 2240 linguosa
647 2164 729 2221 stulta
753 2172 803 2236 est,
825 2167 901 2238 virqo
956 2170 1032 2226 firma
1055 2167 1137 2224 etiam
1169 2166 1204 2220 sit
1233 2166 1394 2221 sacramenti
1409 2164 1447 2220 tui
1468 2162 1545 2218 fides.
1567 2162 1762 2219 Amantissimo

104 2256 211 2327 septiens
226 2254 319 2326 paucis
331 2255 416 2310 ulitur
428 2252 528 2310 verbis.
552 2254 689 2324 Sapientia
712 2256 819 2311 brevem
849 2269 903 2310 ser·
956 2273 1045 2326 soror,
1063 2254 1179 2328 Spiritus
1194 2262 1308 2310 sanctus
1322 2253 1371 2326 qni
1395 2256 1422 2309 in
1443 2261 1490 2308 luo
1504 2250 1637 2324 uirgineo
1651 2266 1763 2322 corpore

104 2360 215 2400 marnam
227 2343 299 2409 iacit,
316 2343 390 2415 loqui
406 2342 520 2398 mullum
536 2341 648 2397 stultitia
662 2349 702 2398 est
718 2357 724 2396 :
741 2341 777 2396 sit
790 2356 857 2414 ergo
873 2343 902 2397 in
956 2347 1008 2402 sihi
1019 2346 1080 2402 lecit
1092 2343 1234 2415 templum,
1253 2352 1338 2415 ponat
1352 2341 1379 2397 in
1394 2357 1440 2398 nra
1450 2348 1496 2396 tuo
1512 2340 1716 2397 moderationis
1730 2339 1763 2394 ιι.

104 2433 192 2489 verbo
208 2439 255 2489 tuo
270 2447 407 2498 mensura,
430 2431 464 2486 sit
479 2430 505 2485 in
519 2446 646 2487 sannone
661 2440 708 2486 tuo
723 2439 831 2486 statera.
846 2430 904 2485 hlo-
956 2437 1115 2509 graeculum.
1131 2435 1227 2489 Amen.

107 2524 171 2577 dum
188 2521 318 2595 loquendi
332 2537 387 2578 non
408 2528 542 2577 transeas.
558 2520 728 2577 Venerabilis
741 2534 830 2592 soror,
859 2518 904 2575 ille
1132 2520 1263 2577 xxxiii.
1282 2550 1318 2560 -
1337 2521 1376 2575 De
1394 2518 1580 2576 detractione.

105 2612 235 2685 dignetur
249 2611 287 2666 ori
304 2618 352 2666 tuo
362 2623 462 2681 ponere
475 2609 637 2677 custodiam,
655 2607 702 2680 qui
716 2615 743 2663 te
760 2607 812 2663 sibi
823 2607 904 2680 elegit
994 2615 1040 2668 93.
1055 2612 1137 2669 Soror
1151 2609 1217 2665 mihi
1232 2609 1259 2664 in
1271 2607 1378 2665 Christo
1392 2607 1499 2675 dilecta,
1521 2609 1586 2665 audi
1607 2625 1672 2684 quae
1691 2610 1760 2674 dieo,

106 2701 134 2754 in
150 2714 288 2771 sponsam.
958 2701 1080 2758 ausculta
1100 2715 1161 2772 quae
1174 2713 1284 2766 moneo,
1304 2699 1412 2753 attende
1425 2713 1486 2769 quae
1502 2697 1612 2770 loquor.
1628 2700 1763 2755 Detraeuo

318 2787 423 2844 XXXl.
439 2818 473 2827 -
488 2786 696 2844 Demendooio.
959 2805 1042 2863 grave
1073 2788 1168 2846 vitium
1192 2796 1241 2855 est,
1276 2785 1409 2843 detractio
1437 2801 1519 2859 grave
1548 2794 1693 2860 peceatum
1713 2796 1762 2856 est,

143 2882 188 2935 91.
205 2878 350 2934 ilendaees
369 2876 470 2934 iaciunt
484 2885 514 2932 ut
535 2893 585 2933 nec
599 2893 661 2933 vera
675 2876 827 2933 dicentibus
851 2891 907 2932 ore
922 2894 944 2973 p
961 2877 1090 2935 detractio
1120 2875 1212 2952 grauis
1249 2874 1386 2930 damnatio
1415 2883 1466 2941 est,
1495 2874 1628 2932 detractio
1654 2874 1764 2947 prande

108 2967 197 3024 datur.
214 2967 328 3022 Summo
357 2965 447 3023 studio
467 2967 620 3022 cavendnm
644 2973 684 3022 est
711 2980 791 3022 omne
820 2980 907 3039 genus
962 2967 1063 3024 crimen
1078 2973 1129 3022 est.
1151 2964 1254 3022 Omnes
1268 2963 1468 3034 reprehendunt
1481 2963 1667 3033 detractorem,
1695 2979 1761 3018 om-

108 3056 261 3111 mendacii:
282 3054 405 3127 quamvis
433 3055 468 3109 sit
496 3055 629 3126 quoddam
657 3071 746 3129 genus
774 3054 906 3110 mendacii
962 3072 1012 3112 nes
1025 3056 1182 3126 vituperant
1195 3054 1392 3121 detrahentem,
1407 3067 1501 3109 omnes
1521 3053 1705 3108 dehonestant
1726 3051 1762 3107 il-

87 3133 91 3139 *
109 3143 219 3201 levioris
233 3144 335 3213 culpae,
352 3142 425 3197 velut
438 3141 461 3195 si
476 3141 588 3214 quisque
602 3157 652 3211 pro
666 3143 752 3198 salute
767 3142 907 3197 hominum
962 3145 1017 3199 lum
1027 3145 1073 3216 qui
1086 3143 1215 3198 detrahit.
1236 3141 1272 3197 Et
1285 3141 1370 3198 David
1387 3143 1516 3212 propheta
1531 3157 1538 3195 ι
1559 3140 1762 3198 Detrabertlem

109 3232 265 3288 merntiatur.
278 3229 331 3284 Sed
346 3229 410 3299 quia
423 3228 618 3300 scriptumest,
632 3228 744 3302 Otltwd
753 3231 906 3297 lumiliter,
962 3237 1069 3292 secreto
1077 3233 1210 3308 proximo
1220 3248 1280 3298 suo,
1290 3231 1763 3305 booepersequeboturlProl.e‚b).

111 3319 215 3380 occidit
232 3319 363 3389 unimam
385 3318 465 3391 (Sap.
484 3333 503 3387 ι,
522 3320 579 3387 ιι);
600 3319 653 3375 hoc
665 3335 755 3394 genus
774 3319 908 3376 mendacii
963 3324 1020 3379 Hoc
1039 3338 1152 3378 summe
1167 3319 1341 3392 turpitudinis
1363 3329 1415 3389 est,
1431 3321 1484 3377 hoo
1497 3319 1560 3376 nihil
1588 3319 1689 3377 loedius
1714 3328 1762 3376 eet.

111 3408 226 3482 perlecti
244 3407 295 3465 uiri
310 3421 417 3463 summo
432 3405 521 3463 studio
535 3404 651 3478 lugiunt,
667 3414 698 3464 ut
714 3422 766 3464 nee
780 3408 843 3465 vitia
857 3422 908 3465 ou·
963 3412 1144 3469 Detrahentes
1157 3411 1256 3467 latrant
1270 3409 1349 3482 quasi
1362 3425 1462 3476 canes;
1479 3409 1548 3467 deut
1572 3426 1657 3466 canes
1667 3409 1762 3467 rodunt

109 3497 224 3568 inslibet
252 3511 300 3567 per
321 3510 412 3552 eorum
437 3493 569 3550 fallaciam
598 3494 754 3569 defendant,
777 3512 826 3553 nec
852 3512 909 3552 sua
964 3501 1047 3574 pedes
1069 3498 1276 3567 transeuntium,
1299 3498 1336 3554 ita
1362 3497 1533 3556 detrahentes
1554 3499 1657 3556 rodunt
1684 3499 1764 3555 sitam

112 3587 209 3641 anirnae
219 3591 345 3652 noceant,
359 3584 423 3639 dum
445 3591 572 3655 praestare
596 3583 691 3640 ahenas
708 3586 782 3642 carni
806 3586 908 3642 uolunt.
964 3589 1161 3663 proximorum.
1183 3588 1270 3644 Canes
1310 3586 1397 3644 solent
1417 3587 1541 3645 mordere
1574 3586 1712 3655 homines,
1740 3594 1764 3643 el

112 3674 217 3730 Tanren
232 3675 284 3729 hoc
295 3686 384 3744 genus
406 3671 538 3729 mendacii
553 3670 632 3730 facile
650 3674 787 3730 credimus
801 3672 908 3730 dimitti.
965 3679 1047 3735 dente
1062 3677 1204 3735 mortifero
1220 3678 1340 3734 lacerare
1354 3684 1535 3733 transeuntes.
1551 3674 1640 3734 Soror
1654 3692 1764 3733 uenera-

113 3763 198 3820 Soror
212 3761 381 3831 charissima,
395 3777 495 3820 moneo
520 3771 545 3820 te
568 3771 598 3819 nt
624 3778 796 3836 summopere
822 3763 910 3837 fugias
966 3768 1039 3834 bilis,
1062 3782 1128 3842 erqo
1139 3766 1291 3823 abscindes
1306 3766 1399 3839 lingua
1415 3776 1460 3822 tua
1475 3766 1573 3821 vitium
1588 3764 1761 3823 detrahendi:

115 3868 194 3907 omne
209 3867 295 3925 genus
310 3851 453 3918 mendacii,
463 3866 515 3908 nec
528 3867 575 3923 per
593 3852 774 3923 occasionem,
797 3867 848 3909 nec
863 3867 911 3923 per
967 3856 1085 3913 alienam
1096 3856 1177 3913 iilam
1190 3871 1244 3911 non
1260 3855 1349 3924 rodas,
1365 3857 1446 3913 vitam
1460 3854 1580 3910 alienam
1593 3870 1650 3911 non
1674 3870 1763 3926 repre·

114 3937 504 4009 studiuml0t1118ri⁸5⁸¹⁵1¹ml
520 3951 575 3994 11⁰⁰
595 3940 704 3995 studeat
719 3940 838 4006 mentiri,
863 3955 913 3995 nee
967 3947 1082 4012 heodem,
1097 3945 1179 4002 vitam
1195 3946 1309 4000 alienam
1324 3958 1378 4001 non
1402 3945 1511 4012 laceres,
1532 3943 1569 4000 de
1587 3943 1679 4001 alieno
1697 3942 1764 3998 malo

114 4028 196 4084 eriam
211 4033 241 4080 ιιι
254 4032 367 4098 praestes
381 4024 472 4083 alicui.
486 4026 546 4080 Non
560 4026 673 4082 alienam
683 4026 766 4084 vitam
780 4045 828 4100 per
837 4043 913 4084 men·
967 4050 1020 4091 non
1036 4036 1161 4106 inquines
1177 4049 1208 4090 os
1221 4043 1313 4102 tunm;
1330 4049 1384 4091 non
1404 4033 1531 4090 detrahas
1551 4035 1705 4106 peccatori,
1721 4032 1766 4088 ted

115 4115 224 4172 dacium
253 4112 380 4170 defend&
406 4131 413 4169 ³
445 4112 551 4170 nullum
584 4114 689 4184 iustum
726 4116 912 4184 mendatium
967 4124 1090 4182 condole.
1106 4121 1185 4192 Quod
1194 4122 1222 4178 in
1233 4122 1287 4179 alio
1300 4123 1431 4202 detrahis,
1448 4123 1474 4178 in
1487 4132 1514 4178 te
1527 4122 1621 4194 potius
1636 4122 1765 4193 pertime-

115 4217 196 4260 omne
210 4201 384 4259 memmium
399 4202 426 4258 1¹¹
442 4201 566 4259 Omniblffl
592 4209 634 4258 0⁸l
656 4214 812 4276 hevellum
832 4217 912 4259 omne
967 4230 1012 4271 see
1024 4231 1031 4268 ι
1044 4214 1116 4285 quod
1127 4213 1154 4266 in
1169 4211 1231 4267 aliis
1245 4211 1434 4284 reprehendis,
1450 4211 1477 4267 in
1488 4211 1649 4269 tesmenda.
1664 4210 1767 4282 Quanto

116 4293 219 4364 990919
233 4292 345 4348 ιθῐῑῑὸῑθ
359 4290 643 4369 (Ῑὶῡθθῐᾰθῑιῑΰῑίῐΰῇῑὸῦ
657 4291 912 4367 0⁸²·1108988ae0ufl
967 4301 1057 4359 studio
1089 4300 1268 4374 reprehendis
1295 4301 1411 4357 alienam
1444 4299 1538 4366 sitam,
1574 4305 1652 4357 tanto
1681 4298 1768 4356 modio

114 4383 242 4438 cannam
256 4381 388 4448 falsarios.
406 4383 480 4454 teges
501 4381 592 4439 menti
614 4383 730 4453 puniunt
757 4384 910 4440 menoare.
967 4391 1274 4463 emendatemeupsnn.
1293 4387 1408 4458 Quanuo
1421 4389 1497 4446 alten
1519 4388 1655 4459 uenas,
1671 4388 1768 4445 teau

116 4472 145 4528 Si
159 4472 329 4530 mendacium
340 4472 413 4543 apud
437 4471 560 4527 homines
583 4471 738 4539 damnatur,
767 4472 789 4527 si
809 4471 912 4530 falsitas
967 4489 1044 4548 ente3
1063 4481 1171 4555 qnando
1185 4478 1265 4535 alium
1283 4478 1401 4545 mordes,
1418 4486 1463 4534 tua
1489 4485 1601 4548 peccata
1624 4478 1769 4552 redargue.

116 4563 235 4618 humano
247 4560 351 4631 judicio
366 4560 498 4633 punitur;
513 4569 613 4634 quanto
635 4562 722 4635 magis
737 4572 799 4618 ante
812 4563 909 4631 Deum,
965 4570 994 4627 Si
1008 4570 1049 4628 vis
1067 4570 1216 4634 detrahere,
1234 4568 1285 4622 tuis
1300 4567 1417 4639 peeoaus
1438 4565 1561 4623 detrahe.
1587 4565 1652 4623 Non
1667 4565 1772 4640 perspi·

117 4649 163 4722 qui
175 4660 216 4705 ast
226 4649 302 4706 testis
318 4653 461 4705 verborum
472 4650 643 4722 etoperuml
657 4661 719 4707 ante
733 4666 816 4723 quens
830 4651 911 4707 etiam
967 4660 1023 4717 cias
1040 4658 1127 4714 aliena
1140 4664 1261 4730 peccata,
1277 4656 1325 4712 sed
1340 4664 1386 4712 tua
1412 4655 1533 4729 propria.
1559 4656 1623 4710 Non
1648 4656 1773 4713 intendas

119 4736 154 4792 de
169 4737 257 4793 otioso
271 4737 354 4793 uerbo
380 4738 566 4810 unusquisque
595 4737 727 4794 rationem
758 4739 912 4796 redditurus
968 4749 1066 4807 alienis
1079 4746 1162 4816 viriis,
1181 4747 1228 4802 sed
1254 4745 1308 4802 tuis
1330 4744 1456 4818 propriis.
1481 4744 1630 4815 Nunquam
1646 4744 1774 4801 aliisde-

118 4834 246 4893 9899910
261 4842 342 4899 (luem
361 4832 389 4883 θῑ
403 4843 452 4898 990
466 4827 555 4883 0li0⁸⁰
584 4842 708 4884 89919099
729 4843 824 4901 poessfls
840 4829 913 4901 <1¹11ss-
969 4839 1071 4904 trahes,
1086 4837 1110 4893 si
1123 4843 1149 4892 te
1163 4838 1235 4892 beno
1250 4835 1413 4908 prospicias.
1428 4834 1467 4889 De
1482 4841 1529 4889 tua
1542 4848 1612 4907 ergo
1639 4836 1775 4892 emenda·

117 4917 691 4991 quesustinebit‘llllotlh.1n‚36,3'l.)Et
703 4921 801 4992 perdes
811 4937 855 4979 eos
865 4921 914 4993 qul
969 4929 1041 4984 tione
1055 4933 1114 4982 esto
1129 4923 1306 4982 sollicitabo
1321 4931 1366 4979 tua
1380 4923 1548 4981 correctione
1563 4934 1591 4978 et
1605 4924 1704 4983 salnlo
1718 4932 1776 4982 esto

119 5008 277 5082 loquantur
291 5008 473 5066 mendacium
492 5008 809 5081 (protestamus
828 5009 913 5066 falsus
969 5023 1081 5073 attenta.
1096 5014 1276 5070 Detrahentes
1296 5029 1351 5069 non
1375 5013 1478 5071 audias.
1498 5000 1719 5071 susurrantibus
1728 5030 1777 5070 au·

116 5112 172 5154 non
189 5098 239 5154 erit
259 5097 416 5169 impunitus.
442 5098 526 5154 Soror
537 5098 709 5165 venerabilis,
725 5099 831 5155 declina
845 5113 913 5173 erqo
969 5104 1056 5161 airum
1069 5103 1271 5174 nnnpraebeas.
1282 5102 1342 5158 Pari
1357 5109 1430 5158 reatu
1440 5101 1614 5159 detrabentes
1624 5109 1655 5158 et
1665 5103 1780 5161 andien-

117 5191 299 5257 menrlacinm,
324 5189 473 5246 falsumne
497 5188 623 5264 loquaris.
651 5189 729 5260 Quod
753 5204 847 5247 verum
873 5198 914 5244 est
970 5204 1009 5252 sea
1023 5200 1170 5264 tenentur3
1199 5191 1322 5248 similiter
1345 5200 1387 5249 est
1406 5189 1547 5263 culpabilis
1570 5192 1619 5263 qui
1649 5194 1780 5263 detrahit,

117 5281 239 5353 loquere,
256 5297 395 5354 nunquam
411 5278 561 5336 mentiaris.
577 5279 644 5336 Esto
664 5295 756 5351 verax,
775 5278 912 5336 neminem
969 5291 995 5340 et
1009 5283 1055 5356 qui
1069 5283 1253 5339 detrahentem
1273 5279 1356 5338 audit.
1372 5279 1493 5336 hlaledici
1521 5295 1645 5351 regnum
1661 5282 1713 5340 Dei
1727 5298 1780 5339 noa

117 5369 273 5426 mentiendo
287 5369 424 5444 decipias:
443 5385 496 5428 non
506 5370 578 5425 alind
591 5368 679 5443 dieas,
689 5380 717 5426 et
730 5368 804 5426 aliud
818 5366 912 5425 lanias.
974 5372 1166 5446 possidebunt.
1182 5370 1336 5444 virgoquae
1351 5370 1385 5425 ad
1398 5370 1534 5427 coelesrem
1549 5370 1710 5428 thalamum
1733 5373 1780 5427 de·

116 5453 202 5517 soror
220 5458 327 5528 dilecta,
343 5459 470 5517 Deusdet
485 5458 532 5516 tibi
548 5475 612 5517 vera
624 5459 708 5533 loqui.
720 5462 817 5516 Arnen.
970 5459 1073 5518 siderat
1088 5458 1238 5533 pervenire,
1252 5472 1308 5515 non
1321 5458 1400 5515 debet
1418 5455 1573 5515 hominibus
1584 5456 1781 5521 nemmem
