3706 5962
152 191 205 254 539
702 186 893 250 munands
913 186 954 245 llll
974 184 1143 247 tlntttttott
1157 185 1259 248 DOMO.
1743 194 1800 256 540

153 317 307 377 titillatione
321 331 384 374 earo
402 314 594 382 inflammatum
610 331 684 373 nnnc
697 331 762 374 roro
777 315 850 373 66666
865 313 944 389 cogi·
962 331 985 409 g
1001 328 1083 386 super
1105 313 1260 385 hujusmodi
1283 311 1370 372 inutili
1397 314 1507 389 negotio
1535 317 1703 376 eonsumitur
1726 336 1800 395 sepe

153 407 254 464 tatione
264 396 370 462 animus
384 405 538 462 sordidatur
553 420 559 461 :
574 414 601 462 et
615 421 677 462 oum
698 403 863 464 confusionis
876 419 945 460 meae
1002 404 1070 460 bore
1084 418 1148 462 una.

153 495 298 571 caliginem
326 494 548 573 6661666666666,
565 510 619 552 666
633 494 718 554 valeo.
736 494 790 561 Sic,
812 494 851 551 sic
882 493 948 550 dnm
1037 496 1083 549 65.
1101 490 1154 561 Qui
1167 493 1255 550 carnis
1269 509 1327 550 666
1341 491 1552 553 desideriianon
1566 496 1679 566 resistit,
1691 507 1718 556 66
1740 514 1801 558 mo·

154 602 198 644 me
209 585 358 661 diligenter
380 585 504 656 inspicio,
519 585 636 642 tolemre
649 601 693 642 me
706 586 795 658 ipsum
813 601 867 641 666
881 598 947 658 pos·
1001 588 1046 640 tus
1058 581 1147 638 cordis
1161 584 1203 639 sni
1232 583 1368 641 custodire
1381 584 1514 658 negligit3
1535 585 1573 641 ita
1588 586 1699 644 tandem
1714 605 1800 661 prava

155 692 225 734 sum.
250 675 362 731 Nouest
381 675 451 731 enim
467 675 533 730 hora
545 673 610 742 diei,
624 691 674 732 nec
694 679 858 731 momentum
881 680 947 729 tem-
1001 671 1195 730 consuetudine
1221 670 1351 745 illigatur,
1374 673 1587 745 utpostmodnm
1601 675 1684 732 etiarn
1703 677 1802 736 rolens

154 763 240 839 poris,
266 777 319 835 quo
347 762 502 819 Creatorem
530 778 622 818 meum
640 762 668 818 iu
681 763 770 836 aliquo
785 778 838 819 666
853 761 946 819 offen·
1002 758 1042 818 eis
1068 759 1192 817 resistere
1211 776 1264 818 non
1283 761 1376 833 possit.
1403 763 1550 836 Propterea
1572 765 1680 839 quoties
1702 768 1800 838 buius-

156 853 230 923 dam,
250 861 277 910 et
290 852 435 927 imaginem
463 868 538 908 suam
557 852 586 907 in
614 868 657 909 me
672 851 764 926 aliquo
789 853 871 909 modo
893 866 948 908 uon
1001 848 1076 906 modi
1089 847 1413 923 consiliariosimprobos
1428 859 1454 908 et
1466 851 1576 923 iniquos
1588 852 1617 909 in
1630 869 1717 910 unum
1738 871 1802 913 con

156 942 306 1001 obfuseem.
330 942 417 1000 Vitam
446 957 532 998 meam
560 957 621 998 cum
654 941 799 1015 diligenter
825 940 947 1013 exploro,
1004 937 1099 996 venire
1113 938 1209 1008 sentim
1226 954 1281 994 666
1297 939 1335 995 eis
1350 939 1513 1007 consentias,
1540 943 1588 999 sod
1606 941 1679 1000 illico
1704 953 1802 1002 excute

155 1031 313 1105 quotidiana
325 1029 496 1088 confessione
510 1029 632 1088 confiteri
650 1046 704 1086 666
720 1045 830 1100 possum
859 1028 949 1102 pessi·
983 1012 991 1025 ’
1004 1034 1040 1097 66,
1057 1043 1129 1083 nnnc
1140 1028 1174 1084 ad
1189 1027 1446 1096 orationem,modo
1466 1029 1501 1085 ad
1515 1031 1713 1103 operationem,
1724 1049 1801 1106 saepe

156 1120 343 1176 malitiarum
361 1119 494 1191 germine,
510 1135 572 1191 quae
587 1119 614 1174 iu
633 1135 676 1175 me
689 1117 810 1188 quotidie
827 1117 950 1189 repullu·
1003 1122 1094 1171 666666
1117 1115 1152 1170 66
1176 1114 1393 1185 meditationem
1419 1133 1471 1174 nec
1494 1119 1570 1189 prius
1593 1135 1695 1192 cesses,
1711 1121 1800 1179 donee

156 1207 222 1267 lant.
237 1209 308 1266 Ecce
321 1207 432 1273 audisti,
450 1216 543 1278 pater,
559 1207 775 1264 abominationes
792 1221 867 1263 mens
888 1221 949 1262 ma·
1004 1202 1042 1258 illi
1064 1211 1232 1262 evanescant.
1257 1205 1363 1262 latuere
1385 1208 1523 1279 quomodo
1538 1207 1661 1266 Christus
1675 1210 1750 1266 stetit
1772 1212 1800 1266 in

156 1297 199 1354 las
231 1303 259 1354 et
282 1296 429 1369 pessimam
445 1304 473 1354 et
498 1298 586 1353 adbuc
606 1296 677 1354 scias
689 1294 778 1354 annito
803 1296 896 1369 pejora
923 1301 951 1352 et
1003 1307 1097 1363 cruce,
1117 1292 1260 1351 considera
1283 1293 1422 1367 quomodo
1450 1295 1587 1364 morieris,
1608 1297 1652 1354 vel
1674 1296 1801 1370 ubi,⁷rel

156 1385 293 1460 iniquiora
326 1386 355 1443 iu
382 1385 489 1460 angulis
515 1385 604 1443 cordis
630 1387 684 1443 mei
710 1386 804 1455 latere,
830 1400 890 1458 666
914 1385 948 1441 66
967 1381 1113 1498 Β(666666
1130 1398 1137 1437 :
1153 1390 1277 1439 statuere
1291 1392 1353 1439 ante
1370 1382 1518 1441 terrificum
1535 1383 1651 1443 tribunal
1666 1386 1802 1445 tremendi

155 1474 247 1532 lucem
260 1490 332 1532 6666
355 1474 533 1532 confessionis
560 1474 653 1532 666666
673 1475 815 1532 erubeseo.
831 1475 950 1531 Verum·
1007 1469 1125 1539 ludicia3
1141 1471 1279 1528 descende
1292 1472 1424 1545 usquead
1438 1472 1578 1530 infemnm
1591 1473 1759 1546 inferiorern,
1775 1483 1803 1532 et

158 1573 248 1621 tamen
264 1564 288 1621 66
302 1563 351 1621 Dei
364 1565 508 1623 consilium
535 1565 629 1638 babes,
650 1564 762 1623 consule
782 1563 846 1636 quid
862 1579 951 1639 agen·
1008 1558 1047 1615 ibi
1060 1574 1142 1616 cerne
1156 1560 1295 1632 quomodo
1314 1577 1364 1633 pro
1378 1562 1498 1634 peccatis
1512 1563 1675 1620 suisanimae
1685 1565 1803 1635 puniun-

158 1655 223 1711 dnm
237 1654 283 1713 sit.
1007 1653 1062 1708 tur.
1074 1648 1148 1705 Telis
1158 1650 1254 1706 etenim
1270 1650 1399 1724 cogitatio
1414 1651 1634 1722 probatissimum
1651 1652 1803 1710 remedium

196 1746 241 1799 63.
256 1742 324 1799 Cum
343 1758 393 1814 per
407 1756 506 1814 pravas
519 1740 679 1814 ineptasque
693 1741 870 1817 cogitationes
887 1757 955 1813 vaga
1008 1749 1050 1796 est
1064 1749 1159 1796 contra
1172 1745 1265 1812 turpes
1278 1740 1466 1813 cogitationes.

159 1837 248 1887 mente
262 1830 401 1898 discurris,
418 1830 584 1902 deceptoriis
598 1830 736 1902 spiritibus
756 1829 874 1887 tentandi
893 1828 953 1885 adi-
1284 1828 1397 1886 CAPUT
1415 1829 1528 1889 XXXI.

159 1926 218 1977 tum
236 1920 264 1974 in
278 1926 306 1975 te
319 1918 419 1992 aperis.
438 1920 472 1975 Et
488 1919 525 1975 ita
537 1928 565 1976 te
578 1934 593 1974 a
608 1919 666 1977 Deo
682 1934 808 1993 separas,
824 1919 953 1992 quoniam
1009 1916 1150 1988 Confessio
1163 1919 1329 1990 poent'fcnfa’s
1343 1917 1377 1976 de
1386 1934 1457 1976 carn
1470 1920 1577 1990 comis,
1590 1923 1618 1975 et
1628 1919 1707 1977 vitiis
1716 1923 1803 1993 pato.

159 2023 298 2080 perversas
320 2009 502 2082 cogitationes
527 2017 653 2081 separant
678 2009 776 2076 6666,
796 2017 824 2065 66
837 2008 954 2082 Spiritus
1043 2007 1088 2062 66.
1116 2004 1252 2078 Quoniam
1279 2007 1362 2063 verba
1376 2006 1535 2065 delictorum
1558 2022 1684 2066 meorum
1706 2009 1804 2067 audire

159 2109 271 2157 sanetus
285 2099 433 2170 disciptinae
459 2097 572 2170 effugiet
596 2097 699 2167 fictum,
724 2106 751 2153 et
764 2097 868 2154 auferet
888 2113 918 2154 se
939 2113 956 2153 a
1008 2108 1063 2151 non
1076 2093 1241 2170 dedignaris,
1257 2095 1306 2151 sed
1320 2096 1455 2169 patienter
1468 2096 1615 2165 auscultas,
1631 2096 1710 2154 fateri
1723 2113 1806 2170 opor·

159 2186 369 2262 cogitationibus
384 2203 444 2262 quae
454 2193 517 2244 snut
531 2187 589 2244 sine
604 2187 740 2244 intellectu
754 2187 832 2260 (Sap.
841 2203 860 2255 r,
876 2191 903 2256 3,
915 2187 953 2258 a).
1008 2189 1045 2239 tet
1058 2184 1131 2256 qnod
1144 2182 1232 2239 adbuc
1246 2182 1385 2240 fatendum
1410 2191 1462 2242 est.
1476 2185 1544 2241 Cum
1559 2183 1722 2256 supradictis
1741 2200 1806 2243 eou-

160 2277 240 2334 Meus
250 2291 313 2335 vero
328 2275 460 2333 instabilis
475 2283 502 2332 66
516 2275 646 2349 inquieta,
662 2275 727 2331 dum
742 2291 851 2347 semper
864 2275 957 2331 nititur
1009 2273 1116 2331 siliariis
1130 2272 1229 2346 iniquis
1254 2282 1282 2330 et
1312 2273 1405 2346 iniqua
1432 2275 1636 2334 consulentibus
1646 2275 1803 2349 acquiesco,

159 2366 362 2437 apprehendere
376 2365 448 2438 quod
464 2365 579 2436 appetit,
594 2364 738 2421 desideriis
761 2365 818 2421 suis
840 2364 956 2421 circum·
1009 2369 1145 2420 eteorum
1171 2362 1282 2419 consilia
1307 2361 1421 2420 libenter
1444 2361 1560 2435 recipi03
1586 2363 1685 2421 adsunt
1714 2364 1806 2420 subito

160 2455 259 2528 agitata
273 2470 414 2525 nunquam
437 2454 592 2526 requiescit.
608 2453 711 2510 idcirco
734 2453 762 2509 in
776 2469 830 2509 uno
846 2453 955 2511 aeterni·
1009 2452 1192 2525 cogitationes
1208 2467 1308 2525 pratea,
1321 2461 1467 2527 asstargnnt
1484 2452 1643 2510 affectiones
1657 2467 1804 2527 perverse,

161 2543 224 2599 tatis
237 2542 375 2600 desiderio
391 2542 566 2599 immobiliter
579 2541 660 2598 debet
674 2542 730 2617 figi.
741 2542 854 2599 Peccata
865 2550 955 2598 autem
970 2582 992 2662 e
1010 2539 1124 2597 multum
1153 2540 1283 2611 sollicitae,
1310 2540 1357 2598 666
1382 2556 1479 2612 perum
1504 2541 1637 2610 discretae,
1668 2542 1805 2618 quomodo

161 2639 208 2690 tna
223 2630 347 2690 confiteri
360 2632 573 2689 nonerubescas
588 2633 736 2705 :qnoniam
749 2631 876 2689 omniain
890 2647 956 2690 eon·
1010 2646 1117 2688 6666666
1145 2645 1233 2686 meam
1261 2629 1452 2686 delicatissime
1474 2630 1601 2699 foveam;
1632 2646 1694 2703 quaa
1720 2646 1806 2704 quan-

160 2720 281 2778 fesaiono
310 2721 449 2790 faventum
464 2728 490 2777 et
513 2719 617 2778 nullum
641 2730 781 2794 peceatum
803 2720 955 2790 dimittitur,
1011 2729 1184 2790 tuancnmquc
1198 2718 1357 2775 suavissime
1375 2719 1518 2787 nutriatur,
1548 2735 1654 2792 semper
1667 2734 1732 2776 caro
1751 2726 1803 2779 666,

161 2809 215 2868 nisi
231 2811 306 2886 prius
319 2809 490 2868 confiteatur.
514 2811 681 2883 Proseqnero
707 2809 799 2885 igitur,
828 2819 855 2867 et
876 2811 901 2866 si
924 2809 958 2865 66
1011 2807 1136 2866 06666666
1155 2807 1220 2863 mibi
1234 2806 1448 2877 infirmitorium
1463 2809 1512 2864 666
1526 2808 1655 2880 quoniam
1668 2816 1746 2880 turpe
1763 2817 1807 2865 est

163 2899 312 2975 perfectam
325 2902 466 2958 6666666666
489 2901 631 2974 pertenire
656 2899 803 2971 desideras,
826 2899 958 2972 quidquid
1010 2899 1040 2954 in
1061 2897 1109 2954 illo
1128 2897 1174 2953 diu
1202 2912 1372 2970 permanere,
1386 2897 1524 2971 equitandi
1539 2897 1710 2956 occasionem
1727 2914 1806 2970 qnae-

163 2989 339 3049 conscientie
352 2991 525 3048 stomachum
538 2997 643 3064 gravat,
659 2996 745 3048 toturn
759 2987 862 3046 uomitu
884 3004 959 3059 purae
1012 2994 1074 3042 runt
1094 2996 1122 3042 66
1146 2984 1299 3042 inveniunt.
1323 2986 1380 3042 Nec
1404 3001 1491 3054 mora,
1505 2986 1568 3059 equi
1595 2993 1733 3058 parantur,
1748 2985 1808 3042 cadi

161 3079 342 3138 confessionis
356 3095 480 3140 evomere
493 3096 548 3137 uon
574 3077 694 3137 differas.
711 3078 795 3135 Virus
821 3075 893 3134 enim
915 3076 958 3134 vi·
1011 3076 1167 3148 implentur,
1182 3074 1302 3148 bospitio
1316 3075 1468 3150 eliguntur,
1485 3083 1512 3132 et
1526 3092 1587 3149 quae
1603 3083 1666 3132 snut
1679 3089 1809 3133 necessa·

163 3169 272 3242 tiorum,
300 3168 364 3240 uisi,
393 3168 550 3228 festinanter
577 3167 709 3239 eiiciatur,
735 3167 810 3239 prins
831 3164 960 3223 interiora
1012 3165 1051 3222 ria
1064 3164 1091 3221 in
1106 3165 1159 3237 uia,
1175 3164 1293 3242 figantur
1320 3174 1348 3221 ot
1375 3172 1514 3236 parantur.
1529 3166 1627 3234 Vocor,
1644 3171 1671 3220 66
1697 3172 1808 3222 vocatus

163 3259 311 3331 corrumpit
330 3277 338 3327 ;
360 3257 458 3317 deinde
478 3251 513 3316 ed
548 3257 680 3316 exteriora
701 3257 843 3324 66666666,
871 3262 959 3312 totum
1011 3254 1101 3312 uenio.
1111 3253 1265 3328 injungitur
1282 3253 1347 3309 mibi
1362 3253 1516 3311 obedientia
1530 3253 1595 3309 illa:
1610 3268 1662 3328 ego
1677 3268 1739 3310 vero
1747 3268 1809 3310 rue·

163 3361 263 3420 corpus
277 3358 392 3422 occupat
407 3358 433 3405 et
448 3347 573 3406 macarias.
1013 3351 1092 3399 tuens
1113 3357 1146 3399 ex
1165 3356 1226 3399 meo
1239 3341 1373 3400 desiderio
1386 3341 1525 3408 vilescere,
1553 3357 1651 3400 recuso
1666 3357 1724 3410 ore,
1736 3341 1808 3415 qnod

449 3437 564 3495 capnt·
577 3437 671 3492 XXX.
1013 3432 1094 3489 corde
1109 3431 1249 3499 desidero,
1266 3431 1410 3505 acquiesco
1424 3438 1555 3506 tanquam
1569 3440 1688 3498 coactus,
1705 3442 1732 3487 et
1745 3432 1811 3488 ideo

163 3528 260 3600 Pergit
283 3528 423 3601 paenitens
441 3527 552 3600 aperire
570 3526 774 3582 conscientiam
795 3528 823 3581 et
848 3525 959 3579 statem
1012 3521 1090 3576 latus
1105 3521 1233 3589 ascendo,
1248 3525 1275 3577 66
1296 3520 1346 3577 iter
1373 3523 1485 3592 arripio.
1509 3522 1580 3578 Proh
1600 3519 1694 3577 dolori
1710 3520 1811 3593 religio

278 3616 384 3672 animae
403 3632 463 3674 anoe
476 3631 572 3672 eorum
584 3619 669 3687 petre
682 3615 843 3686 spirituali.
1013 3609 1182 3681 relinquitur,
1206 3617 1233 3665 et
1251 3608 1390 3665 silentium
1405 3611 1537 3681 rumpitur
1559 3610 1645 3667 :binc
1667 3610 1730 3668 iude
1758 3626 1811 3667 vo·

200 3707 246 3761 66.
272 3704 408 3774 Quoniam
426 3704 581 3775 AEgyptinm
610 3709 684 3758 tuum
712 3717 767 3758 666
786 3699 958 3768 abominaris,
1013 3696 1164 3755 lantrerba
1187 3713 1255 3756 vena
1269 3709 1297 3755 et
1320 3698 1438 3768 inutilia,
1453 3699 1564 3756 forsitan
1587 3707 1613 3756 et
1636 3700 1811 3758 detractoria.

165 3791 347 3850 6666666666
373 3792 498 3862 iustruis;
515 3789 690 3846 manifestabo
713 3789 772 3860 tibi,
787 3803 842 3845 666
870 3790 960 3846 solum
1016 3786 1061 3842 stc
1073 3787 1271 3845 confabulando
1282 3791 1532 3861 saepeoonsumitur
1552 3789 1610 3846 dies
1623 3789 1737 3864 integra.
1755 3791 1813 3846 lle-

165 3887 277 3955 paccata
298 3878 443 3947 actionum,
468 3877 654 3936 verumetiam
672 3877 875 3951 cogitationum.
891 3878 964 3936 6666
1018 3875 1063 3932 nio
1089 3876 1122 3932 ad
1155 3875 1312 3948 hospitium,
1328 3877 1435 3935 assideo
1455 3879 1489 3933 ad
1517 3893 1649 3945 66666666,
1670 3878 1815 3950 apponitur

166 3982 230 4039 ergo
263 3966 400 4023 naiseriam
419 3981 516 4022 meam.
546 3966 624 4037 Saepe
641 3965 753 4024 6666666
775 3966 808 4021 66
840 3968 961 4023 mentem
977 3977 1000 4055 ῃ
1014 3965 1093 4038 panis
1107 3966 1184 4022 albns
1203 3972 1229 4021 ot
1244 3965 1337 4022 vinnm
1348 3967 1460 4033 bonum,
1481 3968 1561 4040 piscis
1579 3975 1606 4024 66
1626 3983 1735 4037 caseus,
1751 3984 1813 4038 666,

166 4071 256 4113 meam
269 4055 450 4128 cogitationes
464 4056 610 4112 innumerae
624 4063 780 4128 etsurgunt
803 4054 961 4112 affectiones
1014 4063 1067 4110 etc.
1096 4054 1203 4111 luteres
1224 4055 1339 4113 recurrit
1366 4057 1473 4113 animus
1494 4057 1526 4112 ad
1554 4055 1653 4114 fratres
1677 4056 1726 4129 qni
1753 4065 1817 4114 snut

167 4146 270 4214 multae,
282 4153 310 4202 66
323 4143 470 4201 sollicitant
484 4162 528 4202 666
542 4145 575 4202 66
590 4160 655 4203 6666
668 4143 800 4216 corporis,
815 4151 841 4200 66
865 4160 962 4216 sugge—
1015 4141 1042 4196 in
1056 4152 1199 4213 conventu,
1214 4151 1241 4199 et
1259 4159 1341 4217 grase
1354 4155 1395 4202 est
1408 4145 1475 4199 mibi
1498 4152 1528 4199 nt
1541 4143 1709 4201 dissimiliter
1722 4144 1757 4200 ab
1776 4145 1817 4202 eis

167 4244 230 4292 rnut
244 4233 330 4292 multa
344 4234 378 4290 66
391 4232 480 4292 6669
494 4236 589 4292 usibus
602 4233 779 4292 necessitatis.
792 4233 961 4293 Conveniunt
1015 4231 1138 4304 reficiar3
1154 4240 1180 4289 et
1199 4233 1294 4306 epuler
1315 4234 1466 4306 splendide,
1493 4233 1547 4291 illis
1567 4233 1642 4290 aride
1670 4233 1817 4292 reficienti-

168 4324 700 4393 ibindconsulendum,vereciterantem
712 4322 959 4395 addecipiendum:
1014 4320 1084 4378 bus:
1101 4330 1128 4378 et
1145 4324 1280 4380 remordet
1302 4339 1346 4381 me
1359 4323 1524 4380 conscientia
1546 4337 1617 4393 mea,
1638 4322 1662 4378 si
1685 4337 1735 4396 pro
1755 4321 1817 4380 faba

168 4423 196 4473 et
209 4422 412 4489 congregantur
438 4414 582 4473 consiliarii
610 4413 704 4485 multi,
728 4421 754 4471 et
779 4413 963 4471 consiliatores
1015 4411 1126 4483 piscem,
1141 4414 1164 4470 si
1186 4429 1235 4483 pro
1255 4429 1322 4486 cepe
1337 4428 1387 4469 seu
1402 4413 1477 4470 milio
1491 4428 1611 4485 caseum,
1627 4412 1651 4470 si
1679 4426 1728 4484 pro
1742 4411 1817 4469 mica

137 4504 140 4509 '
167 4504 240 4572 rani,
253 4503 308 4562 imo
318 4505 476 4576 deceptores
491 4504 556 4560 seri.
568 4502 963 4577 congreganturautemquasi
1015 4502 1160 4573 gastellnm
1176 4503 1209 4559 ad
1225 4502 1398 4561 refectionem
1416 4519 1539 4571 sumam3
1564 4501 1692 4559 sisinum
1711 4500 1813 4573 bibam,

168 4592 197 4649 in
210 4593 354 4649 eonsilium
379 4608 471 4661 unum,
487 4599 514 4649 et
532 4594 608 4665 quasi
628 4593 853 4666 adquaerendam
872 4592 962 4649 consi·
1015 4599 1042 4646 et
1056 4591 1151 4647 fratres
1165 4606 1274 4663 equam.

168 4680 237 4737 lium
247 4682 367 4750 bonum,
383 4689 410 4739 et
425 4681 559 4739 danturiu
574 4696 717 4739 commune
731 4682 844 4740 consilia
860 4682 960 4752 multa,
1051 4682 1097 4739 66.
1117 4679 1187 4737 Gula
1204 4697 1270 4738 6666
1284 4679 1491 4754 exspectationis
1506 4681 1660 4754 impatiens,
1677 4675 1775 4736 inritet
1788 4688 1817 4736 et

169 4770 218 4828 sed
231 4769 334 4826 inutilia
361 4777 388 4828 et
409 4787 496 4838 6666;
521 4771 583 4845 qnia
596 4771 739 4830 consilium
765 4772 892 4831 vanitatis
906 4779 963 4838 est,
1016 4766 1134 4840 instigat,
1148 4778 1179 4825 ut
1192 4769 1331 4826 comedam
1340 4777 1366 4826 et
1379 4769 1479 4826 bibam.
1491 4770 1564 4826 Dicit
1581 4767 1652 4826 enim
1664 4784 1672 4823 :
1683 4767 1745 4825 Non
1765 4768 1817 4824 de·

169 4867 198 4918 et
211 4867 296 4918 totum
323 4876 418 4918 eornm
440 4861 584 4919 consilium
598 4862 631 4918 66
645 4862 761 4919 66666666
773 4869 825 4919 est.
845 4863 966 4921 Suadam
1017 4856 1316 4916 besessemolestnsei
1333 4860 1420 4931 quite
1438 4858 1597 4916 charitative
1620 4859 1751 4929 suscepit,
1769 4857 1817 4914 sed

169 4950 236 5008 mibi
259 4951 417 5026 sanguinem
444 4951 577 5021 minnere,
606 4959 637 5008 ut
662 4952 765 5025 possim
794 4968 916 5024 pausare,
939 4960 967 5010 et
1018 4947 1053 5003 66
1069 4955 1163 5005 nutum
1189 4946 1264 5003 illius
1278 4955 1366 5020 teper
1381 4947 1472 5005 omnia
1485 4947 1571 5006 debes
1585 4946 1694 5018 babere,
1709 4954 1737 5003 et
1760 4961 1820 5004 666·

168 5041 300 5100 lautiores
313 5041 389 5099 cibos
407 5056 529 5115 sumere3
545 5057 685 5100 remanere
699 5044 733 5099 de
747 5040 858 5118 vigiliis,
873 5049 904 5100 ut
926 5057 966 5098 sa·
1018 5037 1081 5094 uitis
1101 5036 1176 5095 illins
1201 5038 1316 5095 libenter
1339 5037 1459 5106 obedire,
1482 5046 1510 5095 et
1535 5038 1659 5111 impense
1687 5035 1820 5094 beneficia

171 5131 206 5189 tis
224 5131 326 5205 possim
347 5129 467 5189 dormire
490 5130 642 5191 consulunt
663 5147 763 5204 corpus
786 5147 910 5189 recreare
930 5148 966 5189 ne
1019 5143 1082 5183 cnm
1108 5127 1257 5199 gratiarum
1285 5125 1391 5185 aedom
1409 5127 1559 5201 percipere,
1594 5126 1725 5199 qnoniam
1752 5124 1820 5180 nibil

170 5222 286 5293 deficiat,
314 5237 423 5280 carnem
446 5221 538 5283 forero
566 5239 601 5281 ne
627 5222 758 5288 tabescet,
778 5220 965 5279 abstinentiam
1020 5216 1199 5287 respuendum
1212 5223 1254 5274 666
1267 5217 1343 5291 quod
1357 5233 1420 5274 cum
1434 5217 1565 5275 charitate
1584 5214 1709 5274 offertur.
1726 5213 1820 5272 66666-
1842 5274 1844 5278 ⁴

170 5313 367 5386 aliquantulum
382 5314 512 5383 relaxare,
536 5311 621 5387 quieti
633 5326 780 5385 parumper
798 5311 963 5384 indulgere:
1020 5305 1081 5362 taus
1096 5308 1138 5363 666
1155 5314 1185 5362 66
1200 5307 1272 5379 quod
1287 5305 1332 5363 ille
1351 5305 1398 5362 tibi
1413 5305 1536 5378 apponit,
1557 5320 1618 5363 cunr
1638 5304 1700 5377 ipso
1720 5303 1823 5375 pariter

173 5409 200 5459 66
222 5401 250 5459 in
273 5404 345 5461 bunc
359 5403 470 5461 modurn
485 5403 576 5480 agitur
596 5403 630 5459 de
656 5417 720 5460 cura
743 5400 875 5474 eorporis,
903 5416 969 5459 cura
1021 5394 1055 5450 de
1085 5396 1181 5453 eodem
1214 5411 1306 5453 sumas
1331 5412 1366 5453 ne
1387 5395 1584 5453 scandalizetur
1609 5393 1636 5456 tsi
1671 5391 1772 5453 riderit
1796 5399 1824 5448 te

174 5491 319 5568 superbus,
337 5502 367 5554 et
382 5494 418 5552 66
430 5492 550 5553 multato
563 5490 707 5554 6666666666
720 5489 835 5564 uusado
847 5506 929 5561 vans,
939 5499 969 5552 66
1022 5484 1095 5542 alind
1117 5499 1200 5558 quana
1217 5499 1249 5544 ae
1261 5486 1413 5544 comedere.
1435 5487 1476 5541 lta
1489 5499 1556 5558 ergo
1579 5483 1623 5544 fae
1635 5490 1665 5542 66
1677 5477 1824 5553 mussan,
