3706 5962
53 247 107 311 953
552 248 662 312 SRRMO
681 247 725 309 ott
743 246 822 307 vlit
842 241 881 303 ΕΤ
898 243 1058 308 PhSSioilii
1075 248 1200 313 DOMINI.
1645 253 1698 313 sit

53 395 106 452 pro
121 377 199 435 uobis
214 391 261 448 per
274 376 357 448 huius
370 375 432 434 vite
447 376 561 450 pelagus
573 378 606 431 ad
624 376 737 449 patriam
750 374 783 429 de
799 387 849 428 ex·
864 383 888 462 Α
903 371 1030 428 traditum
1044 382 1094 444 est,
1110 375 1199 434 Mil
1212 375 1240 432 id
1256 383 1297 433 est
1311 375 1408 433 debitae
1422 376 1530 448 pietatis
1543 376 1651 447 aflectu,
1671 385 1700 435 et

53 469 115 523 silio
127 466 330 533 transferendis,
339 465 482 537 rapacibus
497 466 592 537 piratis
606 465 717 523 naulum
732 461 849 536 propriae
903 467 1002 516 sancta
1019 462 1178 521 imitationis
1192 465 1292 523 effectu
1312 479 1403 536 agere,
1421 477 1535 522 tractare
1549 476 1575 524 et
1589 483 1699 524 suutere

53 557 151 612 mortis
167 556 291 612 exsolvit.
304 555 355 610 Sed
367 555 628 627 necpratermittam
640 555 786 628 myrrham,
797 566 851 623 qua
903 546 930 602 iu
945 551 1060 607 salutem
1087 554 1192 610 cunetis
1216 553 1342 610 fidelibus
1365 554 1392 609 io
1413 563 1540 625 promptu
1554 565 1604 612 est.
1630 555 1699 611 Nam

55 643 83 699 in
99 660 178 700 cruce
193 652 300 715 potatus
324 652 365 698 est
377 659 384 698 :
396 644 445 698 sed
469 658 555 715 neque
574 643 661 710 illam,
682 658 736 714 qua
754 649 851 698 unctos
904 646 931 693 et
945 638 1146 698 Sacramentum
1170 645 1240 700 sicut
1261 642 1358 714 accipit
1372 644 1407 699 ad
1421 644 1500 702 vitam
1516 644 1632 716 dignus:
1660 646 1699 701 sic

55 733 140 788 estin
167 734 344 804 sepulturam.
368 731 489 800 Quarum
511 733 537 786 io
554 734 639 804 prima
653 731 705 789 sibl
719 729 851 801 applicuit
902 727 1082 797 adjudicium
1107 739 1134 788 ει
1149 743 1264 789 mortem
1280 733 1414 804 propriam
1441 733 1580 807 indignus,
1605 733 1700 789 Sacra·

55 836 177 876 meorum
203 819 411 877 amaritudinem
438 827 614 893 peccatorum
638 839 645 879 :
671 821 697 876 in
730 819 851 876 secunda
905 826 1024 872 mentum
1040 819 1111 876 enim
1124 820 1221 877 sinere
1236 821 1497 891 sacramenti,mors
1512 828 1552 877 est
1567 820 1696 877 sumenti:

56 909 176 967 loturam
195 910 247 964 mei
261 909 384 980 corporis
397 909 625 981 incorruptionem
640 908 784 966 dedicavit.
796 908 853 963 llnc
906 921 950 962 res
975 921 1039 962 vero
1058 908 1223 965 Sacramenti
1251 910 1335 966 etiam
1361 917 1460 981 praeter
1483 910 1698 976 Sacramentum,

56 1009 98 1055 est
121 997 326 1053 celeberrimum
341 1008 367 1052 et
381 996 474 1069 regale
486 994 651 1066 convitium,
674 998 702 1053 in
716 1012 771 1070 quo
783 994 849 1066 iusti
906 1005 967 1050 vate
980 1005 1079 1052 aeterna
1089 1006 1132 1053 est
1140 998 1295 1070 accipienti.
1306 998 1419 1069 Quoties
1428 999 1455 1054 iu
1469 998 1704 1056 commemoratio·

56 1086 212 1157 epulantur,
228 1093 255 1140 et
269 1085 405 1141 exsultant
419 1085 447 1140 iu
464 1095 609 1158 conspectu
623 1085 683 1158 Dei,
700 1096 745 1143 ant
759 1085 852 1141 delec-
907 1097 970 1136 nem
979 1084 1039 1152 ejus
1053 1083 1101 1155 qui
1113 1100 1163 1156 pro
1177 1094 1203 1142 te
1214 1101 1313 1156 passus
1327 1096 1378 1152 est,
1394 1085 1478 1156 pieac
1491 1086 1607 1142 fideliter
1622 1085 1702 1143 Chri-

58 1183 152 1232 tantnr
166 1175 193 1229 in
208 1174 310 1229 laetitia.
907 1179 979 1225 stum
996 1171 1123 1229 imitando
1141 1172 1225 1229 lucris
1235 1173 1348 1231 affectus
1358 1173 1626 1244 etdevctus,corpus
1645 1175 1705 1243 ejus

65 1296 68 1302 -
93 1266 122 1319 7.
137 1265 238 1319 Praeter
252 1264 312 1319 hac
330 1263 420 1318 omnia
435 1263 512 1320 dulce
524 1263 693 1336 pigmentum
708 1260 854 1336 apponitur
907 1262 1062 1329 manducas,
1077 1269 1104 1318 et
1118 1262 1276 1333 samninam
1299 1262 1360 1332 ejus
1377 1260 1457 1328 bibis,
1478 1271 1506 1318 et
1533 1261 1661 1333 quamdiu
1679 1261 1708 1319 in

57 1350 176 1406 invitatis
186 1351 220 1405 ad
235 1349 427 1408 laetificandum
437 1353 471 1406 de
486 1351 587 1423 Cyprio
597 1351 672 1423 vino,
686 1357 714 1409 et
725 1350 854 1423 pretiosis
908 1363 941 1405 eo
956 1364 1047 1404 manes
1053 1365 1104 1421 per
1118 1366 1248 1418 amorem,
1263 1351 1322 1422 ipse
1337 1350 1444 1407 veroin
1459 1360 1485 1406 to
1496 1366 1542 1419 per
1555 1349 1666 1419 iustitiae
1678 1359 1708 1408 et

58 1439 256 1509 etpereprinis,
273 1440 336 1511 qnia
351 1439 525 1497 nobisadhuc
535 1440 695 1511 inexpertis,
711 1440 855 1509 speciebus
908 1438 1055 1494 sanctitatis
1069 1439 1265 1510 operationem,
1281 1439 1308 1494 in
1324 1440 1384 1508 eius
1397 1453 1511 1511 corpore
1532 1447 1560 1495 et
1574 1438 1601 1495 in
1619 1454 1704 1495 mem·

58 1527 209 1584 conditum.
220 1529 332 1592 botrax,
340 1527 436 1599 inquit,
450 1528 669 1601 Cypri,dilectax
681 1529 854 1587 meaxmilri.
908 1524 965 1581 bris
977 1528 1038 1597 eius
1047 1526 1291 1599 computaberis.Et
1300 1527 1361 1584 ideo
1374 1527 1397 1582 si
1409 1542 1482 1581 amas
1492 1527 1608 1583 animam
1616 1533 1702 1595 tuam,

60 1615 233 1672 Praemissum
244 1624 301 1672 crat
316 1615 343 1669 in
357 1615 522 1688 proximiore
530 1617 675 1684 versiculo,
689 1616 853 1674 Fasciculus
873 1606 895 1683 Β
911 1623 1019 1685 propter
1028 1615 1165 1673 Christum
1176 1616 1290 1686 perdere
1301 1615 1383 1673 debes
1392 1630 1463 1681 eam,
1473 1615 1529 1672 sire
1541 1616 1664 1686 ponendo
1673 1621 1705 1671 ut

59 1704 857 1777 mprrhoedileclasmeasmihi,scilicetClrristussecun·

61 1792 125 1847 dum
141 1807 247 1848 carnem
261 1810 267 1849 :
281 1795 374 1848 botrus
384 1808 449 1850 vero
460 1792 540 1864 Cypri
556 1793 682 1850 Christus
701 1800 745 1850 est
760 1809 857 1850 secun·

62 1882 128 1937 dum
142 1881 269 1937 deitatem
283 1922 290 1936 .
306 1883 463 1938 Fasciculus
475 1882 601 1953 myrrhae,
618 1882 739 1938 Christus
752 1881 781 1936 in
794 1898 858 1954 pas·

61 1969 157 2025 sione:
172 1971 266 2025 botrus
280 1970 373 2042 Cypri,
387 1970 512 2027 Christus
524 1970 551 2025 in
565 1971 771 2028 resurrectione.
790 1971 857 2026 Fas-

60 2058 165 2114 ciculus
186 2060 313 2130 myrrhae,
329 2058 433 2130 grando
447 2068 474 2114 et
489 2058 605 2115 tonitrua
617 2059 736 2116 ludaicae
752 2068 857 2129 tempe·

61 2147 160 2203 statis:
178 2148 271 2203 botrus
298 2146 390 2218 Cypri,
423 2147 570 2203 destructio
601 2147 681 2204 totius
695 2148 857 2204 adversariae

61 2233 212 2305 potestatis.
232 2234 386 2290 Fasciculus
413 2234 540 2307 myrrhae,
556 2234 699 2292 multitudo
730 2235 856 2293 alllictio·

61 2339 142 2387 num;
159 2323 252 2378 botrus
280 2323 371 2395 Cypri,
402 2322 565 2379 abundantia
588 2322 747 2398 gaudiorum
764 2341 770 2378 :
786 2324 858 2381 illinc

910 1714 1020 1777 martyr,
1045 1704 1066 1759 si
1085 1706 1231 1762 necessitas
1251 1707 1391 1780 exegerit3
1408 1704 1466 1759 siva
1480 1703 1628 1775 affligendo
1650 1703 1705 1758 dis·

909 1792 1016 1848 trictius
1032 1801 1061 1849 ut
1072 1795 1210 1866 poenitens
1227 1808 1234 1847 ε
1251 1808 1402 1864 quanquam
1433 1799 1461 1847 et
1472 1808 1561 1864 genus
1581 1791 1705 1864 martyrii

909 1881 954 1947 ait,
979 1881 1076 1952 spiritu
1106 1881 1175 1937 laeta
1197 1881 1285 1938 carnis
1312 1879 1485 1950 mortificare,
1510 1879 1556 1935 illo
1579 1879 1708 1935 nimirum

909 1984 965 2039 quo
980 1969 1104 2026 membra
1113 1973 1254 2026 caeduntur
1268 1969 1472 2034 ferro,horrore
1485 1968 1594 2041 quidem
1606 1969 1709 2037 mitius,

910 2057 1089 2113 diuturnitate
1102 2068 1191 2115 autem
1205 2058 1355 2114 molestius.
1369 2058 1522 2114 Habeamus
1534 2072 1601 2129 ergo
1611 2071 1709 2113 eorum

911 2162 972 2218 qnae
995 2146 1208 2217 contemptibilia
1221 2147 1331 2203 Christo
1358 2155 1419 2202 sunt
1447 2145 1533 2211 illata,
1553 2143 1709 2201 continuam

911 2244 939 2290 et
961 2233 1159 2291 indesinentem
1183 2233 1340 2291 memoriam
1357 2251 1364 2289 :
1381 2248 1436 2290 non
1464 2232 1556 2302 utique
1577 2231 1706 2296 otiosam,

912 2338 966 2379 non
977 2323 1105 2394 tepidam,
1126 2339 1180 2377 non
1194 2330 1358 2394 torpentem,
1382 2323 1429 2376 sed
1446 2318 1645 2392 compassionis
1658 2334 1706 2374 ar-

60 2411 224 2475 maricam,
238 2410 322 2467 istinc
336 2411 484 2470 inebrians.
912 2411 977 2467 dore
992 2411 1179 2481 superomnia
1197 2410 1343 2482 plurimam
1357 2409 1545 2475 delectantem,
1566 2417 1594 2465 et
1611 2408 1706 2464 imita·

96 2484 125 2554 i.
142 2500 196 2556 Sed
214 2511 320 2555 nonest
333 2501 553 2574 praetereundum
563 2499 636 2572 quod
650 2499 757 2566 dicitur,
771 2503 860 2559 Faeci-
912 2499 995 2556 tionis
1009 2498 1150 2572 privilegio
1166 2498 1256 2555 omnia
1272 2498 1471 2571 impetrantem.
1492 2496 1570 2554 Unde
1595 2495 1712 2568 prophe·

62 2590 145 2646 celas
158 2606 263 2662 mprroe
278 2590 399 2646 delectae
409 2589 574 2647 menrmilta'
588 2590 764 2649 interulam
781 2607 859 2649 com·
914 2597 950 2644 ta.
965 2589 1112 2647 Delectare
1127 2587 1161 2643 ia
1183 2588 1312 2652 Domino,
1339 2585 1435 2658 inquit,
1459 2593 1488 2640 ut
1508 2593 1598 2655 spreta
1621 2582 1714 2640 mundi

62 2679 363 2747 morabitur(Ccot.1,
376 2681 419 2744 lo,
432 2681 490 2748 la).
505 2679 544 2734 lbi
559 2678 630 2733 enim
644 2687 687 2734 est
701 2695 759 2736 cor.
771 2681 801 2734 Et
811 2680 860 2736 ubi
888 2668 891 2673 ’
915 2676 1040 2733 vitiorum
1051 2676 1170 2733 omnium
1184 2675 1355 2746 jucunditate
1370 2673 1479 2731 suavior
1489 2674 1550 2744 ejus
1565 2671 1715 2730 recordatio

61 2776 103 2822 est
117 2784 173 2835 cor,
183 2767 221 2822 ibi
236 2766 358 2832 dilectio;
375 2766 637 2834 etubidilectio,ibi
650 2767 854 2825 attaminando
870 2772 892 2851 c
909 2767 961 2833 sit3
973 2769 1002 2826 et
1016 2764 1093 2823 dolo
1108 2764 1162 2820 tibi
1167 2765 1324 2838 petitiones
1333 2762 1427 2820 cordis
1449 2762 1494 2820 tui
1505 2761 1597 2833 (Psoi.
1613 2776 1711 2831 xxxvi,

60 2856 132 2926 (57).
147 2856 228 2912 Novit
241 2865 328 2911 autem
355 2856 517 2928 quicumque
536 2865 608 2911 recte
629 2854 709 2926 sapit,
725 2866 857 2926 quantum
911 2853 950 2924 d),
970 2869 1025 2909 non
1038 2853 1138 2908 carnis.

61 2944 216 3000 christianae
250 2943 341 3013 pietati
362 2945 498 3014 expediat,
522 2951 652 3016 quantum
675 2944 726 3000 Dei
749 2961 858 3001 servum
947 2937 975 2998 9ss
989 2942 1072 2997 Porro
1089 2953 1144 2997 tres
1165 2947 1229 2996 sunt
1243 2942 1359 3009 species,
1384 2939 1418 2994 de
1442 2939 1541 3010 quibus
1566 2936 1708 2995 conficitur

60 3034 155 3089 deceat
168 3041 346 3089 sacrosanctae
367 3033 501 3103 passionis
515 3033 602 3104 ipsius
615 3031 722 3089 fidelius
737 3034 857 3090 recolere
912 3033 1086 3103 pigmentam,
1106 3029 1178 3102 quod
1193 3028 1227 3084 ad
1242 3027 1342 3101 regalis
1356 3027 1472 3084 convivii
1486 3025 1614 3082 festivam
1633 3025 1711 3081 exhi·

61 3120 206 3191 beneficia,
222 3121 256 3176 ad
284 3122 433 3181 fruenlum
455 3121 574 3178 suaaiter
588 3121 616 3176 iu
631 3122 806 3191 couscientia,
822 3123 857 3179 ad
911 3117 1241 3190 laxationemapponitur3
1258 3115 1429 3188 triumphalis
1439 3115 1543 3172 reditus
1552 3115 1588 3169 ab
1604 3111 1706 3180 inferis,

61 3210 266 3266 recondendum
283 3211 389 3281 plenius
403 3225 452 3280 per
465 3209 643 3265 imitationem
656 3210 683 3265 in
702 3211 855 3268 memoria:
912 3207 996 3280 gloria
1024 3207 1242 3275 resurrections,
1269 3220 1414 3261 consessus
1441 3204 1475 3259 ad
1497 3204 1637 3259 dexteram
1660 3200 1709 3259 Dei

60 3299 133 3371 qnod
149 3306 192 3355 ast
206 3297 381 3369 spiritualiter
401 3297 562 3354 manducare
578 3313 676 3368 corpus
689 3299 810 3367 Domini,
831 3305 859 3354 et
912 3295 1009 3352 Patris.
1024 3295 1082 3351 Cibi
1096 3294 1220 3366 praedieti
1234 3293 1386 3349 contortam
1406 3308 1413 3345 :
1430 3291 1480 3346 ista
1495 3306 1560 3347 vero
1576 3290 1626 3347 tria
1639 3289 1711 3345 laeti-

61 3387 221 3460 sanquinem
249 3387 308 3457 ejus
331 3386 436 3452 bibere,
465 3388 501 3441 ob
528 3401 648 3442 amorem
675 3397 703 3442 et
731 3402 858 3442 reveren·
911 3381 1003 3438 licant.
1033 3381 1212 3439 Convivamus
1250 3387 1277 3435 et
1298 3377 1403 3434 invitati
1418 3378 1444 3433 in
1475 3387 1595 3447 tempore
1618 3377 1712 3450 gratiae
1751 3372 1754 3376 ’

60 3479 126 3535 tiam
149 3478 220 3546 eius,
244 3473 478 3548 quieredentibus
498 3472 571 3529 inse
599 3473 722 3545 praeeipit
750 3473 855 3543 dicens,
913 3468 1089 3542 praecaeteris
1118 3466 1243 3539 Apostoli
1265 3474 1292 3520 et
1306 3479 1442 3538 martyres
1465 3481 1528 3521 esse
1554 3465 1711 3532 creduntur,

67 3570 118 3627 lloc
132 3567 264 3639 facilem
278 3561 711 3629 meamcommemoratianemll
733 3562 794 3619 Cor.
815 3579 855 3629 xi,
914 3557 1008 3630 quiin
1027 3554 1299 3612 fortitudinecoelesti
1328 3564 1355 3611 ct
1377 3553 1507 3624 spirituali
1535 3553 1711 3609 exsultatione

64 3655 121 3726 25).
141 3656 172 3710 ln
196 3669 251 3726 quo
288 3654 369 3709 etiam
406 3669 487 3721 quam
513 3649 627 3723 impium
657 3649 692 3706 sit
721 3650 859 3707 hominem
914 3661 970 3703 non
984 3645 1081 3717 ingrati
1096 3645 1138 3702 vel
1153 3644 1328 3699 immemores
1347 3642 1458 3698 exhibiti
1481 3658 1498 3696 a
1522 3641 1630 3698 Christo
1644 3655 1711 3697 con·

63 3747 144 3797 mutae
159 3741 266 3813 pietatis
280 3739 331 3798 Dei
340 3756 400 3796 esse
409 3741 606 3809 immemorem,
618 3739 707 3811 palam
721 3746 765 3794 est
777 3734 861 3795 ombi-
915 3734 979 3792 vivii
994 3733 1145 3790 retribuunt
1155 3742 1183 3790 ct
1193 3731 1313 3789 oileruut
1328 3731 1361 3788 de
1376 3747 1406 3788 se
1415 3730 1483 3802 ipsis
1495 3729 1585 3803 qualia
1598 3743 1711 3800 accepe-

64 3833 131 3896 hus;
148 3847 208 3888 cum
228 3832 308 3888 amici
325 3829 465 3887 morientis
476 3828 518 3885 rel
534 3843 652 3902 peregre
666 3827 861 3898 proficiscentis
915 3832 987 3881 runt.
1002 3824 1032 3878 ln
1047 3821 1180 3879 desiderio
1194 3828 1222 3878 ει
1245 3823 1271 3875 in
1283 3836 1371 3892 agone
1399 3819 1451 3875 isto
1465 3820 1574 3886 sudent,
1602 3825 1716 3875 currunt

62 3919 276 3975 commendatam
293 3920 344 3974 sibi
358 3919 408 3974 sub
418 3919 509 3988 aliquo
522 3917 600 3991 siguo
613 3917 768 3973 memoriam
783 3917 861 3973 nefas
916 3921 943 3968 et
956 3913 1097 3979 laboraut;
1113 3926 1182 3983 qnos
1197 3909 1273 3984 eligit
1289 3911 1373 3980 Deus,
1394 3916 1422 3964 ut
1440 3924 1471 3963 se
1494 3908 1569 3979 ipsos
1598 3904 1714 3962 hostiam

63 4007 99 4061 sit
112 4006 246 4063 oblivisci.
263 4006 402 4079 Siquidem
430 4007 513 4076 hujus
527 4005 683 4063 reserendae
697 4019 862 4062 commemo·
917 4001 1007 4057 vivam
1018 4007 1043 4056 et
1053 4001 1109 4057 Deo
1120 4006 1257 4072 acceptam
1267 3998 1422 4057 exhibeant.
1435 3997 1469 4053 Et
1480 3996 1580 4052 uanam
1592 3995 1715 4051 Christus

64 4095 176 4150 rationis
190 4094 346 4165 mysterium
363 4111 412 4150 suo
428 4094 520 4162 modo,
532 4110 581 4151 suo
593 4102 726 4166 tempore,
739 4110 789 4150 suo
799 4094 861 4152 loco
915 4089 993 4145 nobis
1008 4089 1150 4164 indulgeat
1166 4087 1412 4163 quantulacumque
1437 4086 1572 4141 bonorum
1600 4097 1713 4155 operum

63 4179 201 4236 celebrare
217 4179 279 4236 licet
293 4180 385 4251 paucis
399 4181 565 4249 hominibus,
578 4182 677 4253 quibus
690 4191 716 4238 et
730 4183 782 4239 hoc
804 4192 861 4239 tra·
914 4179 1099 4247 exsecutione,
1126 4178 1239 4235 illorum
1271 4175 1387 4248 vestigia
1413 4173 1550 4229 humiliter
1577 4173 1709 4236 adorare;

64 4270 150 4325 ditum
165 4278 206 4325 est
222 4268 388 4338 mysterium.
400 4270 467 4326 Rem
481 4283 546 4326 aero
560 4269 681 4341 mysterii
695 4271 771 4326 omni
787 4277 861 4327 tem-
914 4265 959 4337 qui
974 4276 1015 4324 est
1029 4268 1100 4324 Deus
1112 4265 1273 4323 benedictus
1288 4264 1315 4319 in
1330 4263 1440 4320 saecula.
1452 4263 1551 4316 Amen.

65 4375 132 4431 pore
147 4369 175 4414 et
206 4357 321 4414 inomni
348 4359 407 4416 loco
427 4356 621 4415 dominationis
647 4357 697 4414 Dei
712 4358 861 4431 modoque
984 4355 992 4361 “

100 4467 168 4538 (57).
193 4467 260 4538 Quae
279 4473 429 4538 sequnntur
442 4464 574 4536 usquead
595 4463 672 4533 illud,
689 4466 726 4520 at
747 4463 807 4522 ideo
821 4463 861 4521 si·
914 4476 1008 4533 snpra,
1023 4461 1052 4517 in
1065 4457 1187 4532 Epistola
1201 4456 1235 4512 ad
1249 4455 1357 4512 Fratres
1379 4456 1413 4510 de
1432 4451 1605 4521 hiante-Dei,
1626 4449 1712 4519 tib.1,

65 4554 145 4595 amar
168 4540 296 4595 animam
322 4541 416 4608 taam,
432 4537 528 4594 iisdem
543 4534 601 4593 fere
615 4535 705 4593 verbis
724 4535 858 4590 habentur
915 4550 944 4589 n.
961 4535 1007 4589 30.

69 4678 1711 4714 --,,.,,..,,,.,......-.......---------

350 4861 544 4958 SERMO
567 4863 640 4954 DE
669 4860 799 4955 vttt
831 4858 902 4951 at
929 4851 1195 4948 Passtortr:
1222 4851 1438 4944 DOMINI.

102 5055 312 5115 astisinate
329 5053 459 5110 Aoselmo
482 5052 652 5110 trihrlitora
670 5050 834 5115 Teithemic,
851 5046 1034 5109 bellarmino,
1050 5047 1079 5100 ct
1097 5043 1174 5108 aliis,
1196 5039 1358 5123 subtituto,
1377 5039 1547 5126 &sumini
1562 5036 1680 5095 amoris.
1698 5057 1710 5088 r

66 5129 148 5259 ’cazze
162 5125 586 5256 ξῧπέοιξιιὲὲίιέέινεηειειὲἱεαρέι,
596 5139 652 5179 ⁴occ
666 5122 812 5196 reperitur
825 5122 857 5176 in
871 5116 996 5190 antiquis
1011 5114 1228 5187 manuscriptis,
1245 5126 1296 5167 nec
1310 5128 1343 5167 ao
1353 5127 1451 5184 mama
1464 5111 1590 5166 edattooc
1604 5107 1713 5181 bopda·

54 5396 57 5401 .
104 5435 129 5486 l.
158 5427 250 5483 lesum
272 5424 452 5492 Nazarenum,
474 5423 774 5482 atudaisinnocenter
792 5436 861 5479 con·
921 5419 965 5477 nis
978 5419 1144 5476 honoremus
1171 5409 1323 5487 obsequiis,
1352 5405 1501 5466 salvatoris
1520 5405 1628 5508 infirma
1653 5421 1714 5475 nos,

66 5518 233 5595 demnatum,
249 5531 266 5573 a
284 5514 418 5599 Gentibus
441 5512 609 5601 crucifixum,
629 5508 776 5572 Christiani
789 5508 860 5576 diyi-
911 5508 965 5587 ¹qni
980 5505 1124 5606 Christiani
1139 5517 1244 5571 sumus,
1256 5505 1412 5560 revomutcr
1429 5511 1576 5568 renerarq.
1590 5503 1713 5597 amanter
