3706 5962
52 219 88 280 dl
203 211 206 218 ’
688 218 723 279 ΙΝ
739 217 876 280 multat
894 217 1003 280 SllllllO
1021 219 1092 281 xvl.
1675 222 1714 284 82

49 343 131 417 ,plina
145 339 228 414 pacis
244 343 347 396 nostre
362 354 446 412 super
464 353 527 396 eum
547 340 625 410 (lsai.
641 358 700 412 ιιιι,
715 343 753 416 5).
770 343 859 401 Disci-
877 358 902 439 Α
918 344 986 410 Deo,
1001 349 1028 400 et
1041 343 1188 400 confinium
1203 358 1266 400 oum
1284 345 1401 411 mundo;
1418 341 1565 401 confinium
1579 361 1642 403 cum
1660 346 1714 420 spi-

56 432 164 504 plinam
177 428 280 485 debitia
294 427 374 517 nobis
387 443 477 500 poense
489 428 626 497 sustinuit,
642 438 673 486 ut
686 431 766 487 nobis
779 431 862 503 justi·
917 433 981 499 ritu,
996 440 1026 489 et
1042 432 1189 490 confinium
1208 448 1272 490 cum
1288 448 1383 491 came.
1399 435 1434 489 Et
1453 433 1476 489 si
1495 435 1657 506 quibusdam
1671 435 1713 492 di-

45 519 100 574 tiae
119 533 224 590 pacem
245 516 414 574 refunderet.
430 519 491 591 lpse
514 518 633 589 punitus,
651 527 679 575 tu
703 521 863 593 repropitis-
916 528 991 578 ctum
1000 530 1052 591 est,
1065 525 1111 580 Vos
1121 538 1180 578 non
1190 525 1258 580 estis
1268 522 1401 593 incarne,
1411 524 1497 580 sedin
1506 523 1710 596 spiritefflom.

57 618 101 664 tus
116 625 124 665 ε
142 615 173 665 ει
186 616 217 663 ut
232 607 352 679 punitus,
369 606 420 662 scd
439 622 521 678 prena
535 614 581 663 tua
595 623 691 681 pacem
705 609 754 664 tibi
767 617 863 682 pertu-
916 626 975 676 vru,
991 612 1035 682 9);
1052 610 1174 667 rmntines
1189 619 1281 668 ιειιιειι
1296 619 1360 667 sunt
1373 612 1449 669 carni
1461 611 1506 668 vel
1521 621 1632 684 propter
1646 615 1711 668 sub-

54 699 111 754 rire
126 713 187 754 non
201 696 299 768 potuit.
315 695 410 751 llostia
424 695 565 752 immunda
574 698 773 755 contaminatos
787 715 864 755 mun·
916 700 1023 756 emutire
1044 709 1180 766 naturam,
1196 700 1241 757 vel
1260 709 1371 773 propter
1389 701 1480 758 carnis
1499 717 1602 759 curam.
1620 701 1711 757 llcstis

53 787 120 844 dore
135 802 196 843 non
212 793 332 858 poterat,
348 801 405 841 non
419 784 501 840 modo
520 784 597 852 alios,
613 786 664 842 sed
678 802 713 843 ne
728 787 861 868 seipsam
916 804 983 861 ergo
997 805 1078 845 carne
1097 798 1191 845 nostro
1205 790 1283 861 quasi
1302 797 1393 847 castro
1408 799 1498 856 utens,
1515 789 1642 863 regiones
1656 788 1713 861 spi·

56 876 182 948 qrxidem.
194 874 345 945 Disciplina
359 890 426 946 ergo
441 888 596 944 supernos,
609 874 659 929 sed
671 891 728 930 non
741 882 801 931 erat
814 876 862 932 ille
916 877 982 933 ritus
999 877 1034 933 de
1052 878 1142 935 vicino
1161 877 1282 945 infestat,
1298 886 1325 934 et
1343 878 1378 934 de
1397 878 1564 935 contermino
1583 877 1711 950 prresidio

56 965 139 1022 nobis
153 963 192 1020 ad
207 978 305 1036 pacem
323 961 478 1033 disciplina.
494 962 559 1017 Erut
577 962 605 1016 in
620 978 671 1018 nos
689 964 860 1020 mortalitatis
901 965 1029 1022 insidias
1048 967 1229 1023 machinatur.
1245 968 1300 1023 Sed
1320 968 1371 1023 erit
1389 966 1451 1035 iste,
1467 967 1496 1022 id
1519 974 1562 1023 est
1576 966 1710 1033 Christus,

58 1062 85 1110 et
98 1051 258 1109 afflictionis
272 1050 347 1107 illata
364 1051 514 1119 sententia;
526 1051 575 1107 sed
590 1067 646 1107 non
655 1059 715 1108 erat
727 1052 862 1122 iniustitia
915 1069 977 1124 pax,
993 1070 1056 1110 cum
1070 1054 1198 1127 Assyrius
1213 1055 1361 1113 calcaverit
1376 1054 1444 1111 lines
1459 1063 1579 1111 nostms.
1595 1054 1642 1111 llle
1656 1055 1711 1111 Sa-

58 1150 196 1200 revomta
221 1142 261 1197 Tu
285 1140 395 1213 quidem
422 1139 566 1211 judiciario
589 1141 722 1197 sententia
747 1141 858 1213 ligatus,
910 1142 1008 1198 lomon
1031 1150 1134 1208 noster,
1150 1142 1280 1215 pacificus
1302 1152 1410 1210 noster;
1427 1144 1473 1218 qui
1496 1152 1608 1216 prestat
1631 1143 1711 1200 nobis

58 1232 106 1289 sed
120 1240 187 1288 tuus
200 1247 259 1286 non
277 1236 338 1286 erat
351 1229 457 1286 solutus
474 1236 568 1284 reatus
583 1244 589 1283 :
606 1237 633 1285 et
652 1245 734 1301 poeua
749 1238 816 1297 crat,
832 1238 861 1287 ει
913 1246 1009 1302 pacem
1028 1247 1112 1302 super
1130 1246 1241 1302 pacem3
1257 1248 1353 1304 pacem
1371 1249 1434 1289 cum
1454 1235 1544 1303 Patre,
1560 1249 1656 1305 pacem
1675 1233 1712 1288 ab

59 1338 112 1394 pax
126 1336 185 1377 non
198 1327 268 1376 ειιι.
280 1319 305 1376 0
319 1318 421 1375 misera
433 1326 461 1374 et
473 1318 565 1393 gravis
579 1318 723 1391 disciplina
735 1335 817 1391 super
831 1319 860 1374 fi·
913 1320 1077 1393 boste;,ipse
1090 1330 1173 1393 ponet
1187 1321 1256 1378 fines
1271 1331 1380 1379 nostms
1394 1338 1492 1396 pacem
1507 1323 1710 1395 (Psal.cx1.vu,

60 1410 111 1466 lios
129 1408 234 1464 Adoml
250 1408 369 1464 conteris
386 1414 414 1463 et
434 1422 489 1463 nou
510 1407 646 1480 protegis3
663 1407 744 1479 punis
762 1415 790 1464 et
804 1423 859 1465 non
915 1410 969 1482 rt).
985 1408 1171 1467 Ooonfinium
1187 1419 1214 1468 ει
1232 1412 1389 1480 confinium,
1407 1419 1538 1485 quantum
1552 1411 1713 1484 discrepatis

61 1514 176 1570 purgas:
191 1496 341 1563 consumis,
358 1503 387 1553 et
410 1510 464 1551 non
487 1495 632 1562 concilias;
647 1495 795 1562 consumis,
811 1497 860 1553 sed
913 1499 948 1554 ab
967 1498 1096 1555 invicem!
1112 1500 1221 1572 quantis
1240 1508 1268 1555 tu
1283 1501 1408 1556 abundes
1427 1501 1545 1573 gaudiis,
1562 1508 1589 1556 et
1604 1500 1713 1573 quentis

62 1588 153 1645 munis
166 1585 358 1652 mundam,
374 1601 429 1641 non
447 1585 567 1657 culpam.
582 1585 653 1657 Quid
671 1584 719 1642 tibi
734 1593 761 1642 et
778 1585 859 1658 pecii
914 1593 942 1643 tu
960 1604 991 1643 es
1003 1587 1120 1644 vicinum
1139 1597 1166 1644 et
1180 1587 1327 1644 obnoxium
1346 1586 1496 1645 scandalis!
1514 1588 1538 1645 0
1553 1588 1615 1644 linis
1634 1595 1661 1643 et
1676 1587 1711 1642 n-

61 1674 180 1744 Quaudc
192 1691 288 1748 pacem
301 1673 441 1743 conteres,
457 1675 500 1730 cui
515 1682 557 1730 est
574 1689 638 1731 cum
651 1681 766 1747 peccato
780 1690 859 1730 cum-
914 1676 969 1732 nial
988 1684 1015 1731 tu
1040 1693 1120 1750 quam
1143 1678 1205 1733 laete
1228 1677 1341 1741 teneris,
1363 1687 1391 1732 et
1415 1683 1444 1731 tu
1467 1692 1550 1748 quam
1573 1676 1711 1732 laboriose

61 1764 332 1837 merciumiqunndo
343 1763 477 1829 conseres,
490 1762 618 1837 gratiam,
629 1779 690 1836 quise
699 1779 754 1819 non
769 1762 860 1820 autera
875 1746 900 1827 Β
914 1762 1191 1837 regerislUtrcbique
1201 1764 1325 1819 Christus
1334 1764 1413 1819 limes
1423 1770 1468 1820 eat
1476 1763 1583 1820 medius
1595 1779 1601 1817 :
1612 1764 1713 1820 isthinc

62 1854 190 1926 ctrlpaml
202 1853 312 1909 lustitia
332 1852 407 1908 euim
426 1859 455 1908 et
474 1868 528 1924 pax
547 1853 677 1909 οεειιιειε
695 1853 858 1924 sunt-(Pscl.
913 1866 1055 1924 separans,
1071 1850 1146 1908 illinc
1170 1851 1306 1907 loederans
1329 1867 1335 1906 :
1356 1851 1456 1907 isthinc
1478 1851 1621 1917 inchoans,
1637 1850 1713 1909 illinc

62 1957 182 2007 cxxxiv,
194 1943 250 2010 tt).
265 1941 416 2012 Disciplina
430 1939 506 2013 pacis
517 1949 619 1997 nostrae
632 1957 716 2014 super
729 1957 803 2013 eum,
814 1940 860 2015 qui
914 1956 1116 1997 consummans.
1134 1940 1272 2012 Sapientia
1297 1941 1370 1997 enim
1392 1940 1503 2014 attingit
1524 1942 1560 1996 ab
1583 1941 1636 1996 hoc
1658 1940 1713 1997 tine

61 2031 140 2088 nobis
154 2031 245 2086 ahulit
262 2029 368 2085 huntus
386 2037 499 2102 pacatos
511 2029 632 2099 iustitias.
649 2030 744 2087 Dictura
757 2039 800 2086 εει
814 2031 860 2088 ille
913 2029 1019 2086 fortiter
1033 2029 1168 2102 usquead
1184 2029 1267 2086 linem
1287 2030 1374 2095 illum,
1390 2029 1540 2102 disponens
1554 2029 1583 2085 in
1596 2028 1644 2089 illc
1657 2030 1713 2089 fine

62 2120 134 2175 solas
147 2118 281 2175 Snlcmw
300 2125 392 2174 noster
408 2134 490 2174 verus
507 2118 650 2189 pacificus,
666 2120 738 2190 quud
756 2119 784 2173 in
798 2118 859 2174 die·
914 2125 1012 2174 cuncta
1027 2117 1148 2175 suaviter
1162 2119 1239 2191 (Sep.
1251 2134 1312 2186 vru,
1326 2118 1364 2191 ι).
1381 2119 1455 2174 Finis
1469 2118 1515 2175 ille
1529 2118 1646 2175 lectulus
1659 2126 1712 2178 est.

61 2209 111 2263 bus
123 2209 186 2279 ejus
200 2213 263 2263 orta
280 2207 361 2263 nobis
375 2206 411 2261 sit
428 2205 543 2277 justitia,
557 2213 585 2262 ει
603 2206 770 2262 abundantia
782 2207 858 2278 pacis
912 2206 975 2262 ldeo
985 2205 1020 2262 de
1031 2206 1145 2263 muliere
1156 2206 1220 2263 lorti
1230 2207 1329 2264 dicitur
1346 2208 1466 2265 :Procul
1476 2213 1504 2263 et
1515 2207 1670 2286 decideris
1679 2208 1715 2278 fi·

62 2297 144 2367 (Psoi
157 2311 240 2364 aur,
254 2297 295 2367 Ἰ).
305 2295 458 2351 Abundans
471 2310 537 2351 vere
551 2311 614 2366 ρει,
630 2311 693 2367 quse
706 2311 761 2352 nou
776 2295 859 2352 modo
913 2295 997 2352 nibus
1010 2296 1142 2369 pretium
1156 2299 1218 2369 ejas
1233 2297 1325 2368 (Pron
1339 2311 1421 2362 xxxv,
1434 2296 1490 2368 ιθ).
1505 2296 1638 2353 Pretium
1651 2299 1713 2369 ejas

61 2385 196 2457 preterita
220 2382 360 2441 suffecerit
377 2382 555 2455 repropitiare
577 2383 687 2450 delicta,
704 2384 754 2440 sed
777 2399 859 2440 omne
913 2394 968 2452 est;
981 2385 1174 2459 propterquod
1185 2386 1244 2457 ipse
1256 2401 1286 2441 so
1296 2385 1439 2456 impendit,
1451 2386 1524 2458 quod
1535 2384 1633 2458 ipsese
1643 2386 1714 2443 sesti-

62 2473 141 2529 eh‘am
164 2472 289 2529 ebundet
310 2471 340 2528 in
361 2472 502 2529 soeculum.
522 2472 652 2527 Abundat
675 2472 749 2528 enim
772 2473 860 2530 donec
912 2483 978 2541 mat,
994 2491 1049 2547 quo
1068 2476 1128 2544 ejus
1146 2475 1273 2545 expletur
1290 2474 1416 2530 aviditas.
1433 2474 1504 2543 Quid
1526 2474 1554 2529 id
1574 2474 1645 2530 aliud
1660 2483 1713 2545 εει,

64 2562 204 2618 emeretur
215 2560 297 2618 labor
308 2561 498 2617 mutabilitatis
512 2568 623 2626 nostre,
639 2558 720 2616 lsbcr
732 2559 859 2617 monali-
913 2562 966 2617 nisi
981 2562 1075 2634 sponsi
1094 2560 1237 2633 amplexus
1252 2568 1280 2616 et
1295 2562 1432 2617 lectulus?
1446 2561 1565 2618 Ultimus
1582 2560 1645 2617 finis
1658 2572 1713 2632 est,

62 2651 123 2707 tatis
143 2657 259 2717 nostrae,
282 2650 476 2706 alternantium
499 2649 579 2706 leber
601 2649 767 2706 defectuum.
788 2649 859 2706 Vere
913 2649 984 2705 ultra
999 2664 1081 2721 quem
1094 2664 1124 2704 ae
1137 2664 1194 2704 uon
1203 2655 1294 2720 potest
1304 2648 1422 2704 aviditas
1437 2649 1598 2719 extendere,
1609 2664 1661 2706 nec
1674 2649 1715 2707 ta·

60 2739 203 2796 mundans
217 2755 282 2811 pax,
299 2755 361 2812 que
374 2754 430 2795 non
444 2744 487 2795 est
500 2738 563 2795 data
577 2737 613 2794 ad
626 2754 784 2794 mansuram
799 2752 859 2794 me·
896 2738 1000 2794 ‘cultos
1019 2736 1254 2808 comprehendere
1272 2735 1383 2793 sufficit.
1399 2735 1473 2792 Finis
1491 2743 1541 2802 est,
1558 2736 1605 2792 ubi
1624 2736 1717 2809 ipses

60 2829 112 2886 riti.
126 2829 192 2885 Non
208 2827 282 2885 enim
300 2828 430 2884 meritum
448 2827 558 2897 invenit,
574 2828 622 2884 sed
642 2827 766 2884 contulit.
782 2827 859 2899 Quo·
914 2834 941 2883 te
956 2824 1060 2892 deiicis,
1075 2825 1122 2881 ubi
1140 2824 1302 2890 exhauriris,
1318 2824 1364 2880 ubi
1378 2824 1447 2879 alius
1466 2839 1528 2881 esse
1542 2824 1652 2898 incipis,
1668 2832 1713 2881 to-

58 2918 140 2976 medo
155 2933 214 2974 non
227 2917 371 2974 abundans
384 2933 449 2990 pax,
464 2933 526 2989 quse
540 2925 568 2973 ει
581 2916 685 2973 remisit
699 2915 754 2974 no
769 2916 859 2973 olien-
915 2922 958 2972 tus
971 2914 999 2969 in
1018 2913 1137 2980 Christo,
1152 2920 1180 2970 et
1198 2914 1272 2969 solus
1287 2912 1315 2967 in
1335 2921 1361 2968 te
1380 2911 1514 2971 Christus.
1530 2912 1554 2969 0
1569 2928 1635 2970 vara
1649 2929 1713 2985 pax,

57 3024 125 3074 mm,
145 3017 178 3065 ει
201 3006 320 3079 priorem
342 3006 491 3063 cumulavit
513 3005 650 3081 gratiam?
669 3006 735 3061 Erat
758 3004 860 3061 homini
914 3012 941 3061 et
953 3004 1035 3076 plena
1054 3019 1115 3074 pax,
1130 3003 1240 3076 quando
1259 3001 1294 3059 de
1309 3018 1395 3076 regno
1416 3003 1467 3059 Dei
1486 3002 1616 3060 tollentur
1629 3020 1713 3061 seau-

58 3098 147 3171 primo
163 3095 331 3168 inparadiso
340 3110 405 3168 ρει,
416 3103 445 3151 ut
459 3111 513 3151 non
523 3100 617 3168 posset
627 3095 727 3152 invitus
742 3093 859 3151 abduci:
877 3103 900 3183 Β
915 3093 992 3157 dala;
1008 3090 1119 3163 quando
1146 3106 1201 3145 non
1229 3089 1281 3146 erit
1310 3090 1392 3146 timor
1419 3088 1566 3147 infinibus
1595 3090 1711 3160 uostris;

59 3187 107 3242 sed
126 3202 187 3242 non
206 3192 267 3241 erat
286 3184 381 3250 virtus,
396 3200 447 3256 per
466 3199 547 3256 quam
567 3193 662 3255 postea
680 3192 782 3256 posset,
797 3200 861 3241 cum
916 3180 1024 3255 quando
1038 3197 1093 3236 nou
1108 3179 1160 3235 erit
1174 3178 1233 3234 linis
1247 3187 1275 3234 ει
1288 3178 1359 3243 linis,
1371 3178 1420 3235 sed
1434 3195 1506 3234 uuus
1520 3185 1624 3234 tantum
1640 3179 1711 3247 finis,

57 3276 151 3341 ιειιει,
167 3273 275 3330 reduci.
291 3273 358 3329 Erat
372 3273 470 3348 gratis,
486 3279 516 3328 ut
529 3279 623 3345 posset
637 3288 692 3328 non
706 3273 793 3339 exire3
811 3273 861 3330 sed
915 3278 943 3328 et
957 3269 1128 3342 supradictus
1142 3267 1214 3326 finis
1230 3267 1305 3324 Finis
1324 3269 1381 3324 Dec
1395 3267 1544 3334 soederaus,
1561 3277 1589 3324 et
1603 3269 1712 3326 coufor-

56 3380 118 3421 ncn
139 3371 199 3420 erat
221 3370 252 3418 ut
273 3370 378 3434 posset,
394 3376 457 3418 cum
479 3361 571 3428 vellet,
587 3361 689 3417 redire.
704 3362 784 3418 ldodc
808 3378 861 3434 pax
914 3376 994 3415 mans
1007 3366 1112 3415 tantum
1126 3373 1132 3413 :
1148 3357 1211 3414 finis
1227 3357 1321 3414 lectuli
1342 3357 1448 3431 gaudiia
1462 3357 1565 3423 fruens,
1581 3373 1635 3413 nou
1651 3358 1712 3430 gla-

57 3451 172 3509 ubericr
184 3452 214 3506 iu
228 3450 317 3526 gretia
331 3450 440 3517 Christi,
452 3466 514 3523 quo
526 3457 589 3521 post
603 3449 715 3505 iteratos
729 3466 860 3507 excessus
915 3449 967 3504 diis
980 3462 1077 3519 agens.

54 3542 133 3599 ultro
152 3540 279 3607 offertur,
296 3547 325 3596 et
343 3539 506 3612 poenitentes
525 3554 581 3594 nun
600 3538 734 3610 repudiat,
751 3538 801 3595 aed
816 3555 861 3595 re-
951 3541 978 3594 3.
993 3537 1072 3593 Nunc
1086 3549 1150 3590 vero
1168 3541 1198 3588 ut
1219 3533 1311 3605 quieta
1325 3532 1378 3589 sint
1395 3533 1635 3606 quantulacunque
1650 3540 1713 3591 sunt

42 3640 155 3689 ¹socrat.
169 3629 242 3687 Bene
253 3645 308 3702 ρει
322 3628 478 3696 abundans,
494 3645 555 3700 quse
568 3627 644 3683 nulla
658 3634 748 3698 potest
762 3629 862 3684 exhau-
915 3624 1009 3682 lectuli
1026 3623 1136 3697 gaudie,
1152 3621 1309 3679 necessaria
1328 3621 1438 3695 quidem
1457 3630 1499 3679 est
1518 3622 1641 3679 custodia
1660 3623 1714 3678 lor·

42 3720 109 3776 riri
119 3717 233 3789 injuria,
248 3717 372 3789 paratior
385 3716 420 3771 ad
434 3715 541 3773 venium
555 3732 638 3788 quam
654 3716 690 3771 ad
705 3715 860 3773 vindictam.
918 3715 962 3771 tis.
974 3714 1039 3769 ldeo
1051 3714 1190 3770 lectulum
1202 3712 1361 3769 Solomonis
1370 3712 1522 3785 seocpinto
1533 3711 1665 3770 ambierat
1676 3729 1712 3770 ee

42 3810 113 3865 -l’nx
127 3808 222 3863 baeca
240 3804 403 3861 remissione
418 3810 594 3876 peccatorum
613 3800 758 3874 ihcipiens,
774 3821 862 3876 usque
917 3802 1084 3877 fortissimis
1095 3800 1231 3859 lsrael.lit
1240 3800 1268 3855 in
1277 3800 1425 3873 Evangelio
1435 3801 1516 3856 habet
1529 3820 1535 3858 ε
1550 3802 1618 3858 uum
1627 3801 1712 3872 [ortis

56 3898 91 3953 ad
108 3896 214 3952 divinae
233 3893 408 3967 participium
425 3892 573 3949 abundavit
590 3901 706 3949 naturae.
722 3892 775 3964 Qui
788 3893 862 3951 enim
917 3889 1641 3963 emotuscostoditotriomsuem,iopocesurttcc
1652 3907 1713 3963 pere

56 3986 185 4043 maeret
197 3985 265 4049 Dec,
282 3999 353 4039 uuus
368 3982 479 4055 spiritus
493 3991 537 4039 εει
551 3983 579 4053 (l
593 3984 653 4039 dor.
668 3997 707 4048 vr,
726 3983 781 4053 ιι).
916 3981 1040 4058 possidet
1057 3981 1135 4053 (luc.
1151 3994 1192 4045 xx,
1210 3979 1266 4051 ιι).
1286 3979 1402 4035 Uberior
1420 3978 1465 4036 hic
1482 3986 1715 4036 commemoratur

90 4080 120 4132 ι.
142 4072 232 4130 Vides
255 4079 358 4144 quante
381 4070 616 4143 repropitiationis
640 4071 817 4141 abundantia,
834 4077 864 4126 ιιι
918 4070 1050 4137 custodia,
1067 4068 1130 4142 quia
1144 4067 1254 4124 uberior
1268 4076 1310 4123 est
1323 4068 1413 4141 gratia
1427 4066 1521 4125 lectuli
1541 4084 1620 4140 quam
1635 4067 1711 4137 atrii;

42 4179 113 4219 ‘non
124 4165 187 4235 jam
200 4175 256 4233 pax
265 4175 329 4218 cum
345 4160 413 4225 Dec,
425 4159 473 4215 scd
483 4159 572 4234 magis
586 4157 677 4215 unitas
691 4174 754 4215 cum
765 4175 799 4216 eo
810 4159 863 4217 dici
919 4171 947 4222 et
964 4175 1073 4234 spousae
1095 4156 1247 4215 sollicitudo
1265 4158 1352 4227 major
1370 4172 1452 4229 quam
1472 4156 1663 4228 possessionis.
1679 4157 1715 4212 Et

57 4251 156 4325 possit.
171 4250 324 4309 Obeatum
343 4246 499 4315 confinium,
515 4247 562 4304 ubi
579 4247 703 4304 sublatus
717 4256 759 4304 est
774 4249 863 4304 inimi·
919 4252 953 4307 ad
972 4257 1076 4322 portam
1100 4246 1220 4319 peradisi
1239 4246 1390 4320 angelicam
1409 4245 1560 4302 custodiam
1579 4261 1640 4303 cum
1655 4246 1716 4317 gle-

57 4341 188 4400 ritisrnm
200 4339 295 4412 parics
307 4335 426 4394 mediusl
444 4337 558 4394 Beatum
578 4336 687 4409 quidem
702 4336 861 4405 confinium,
919 4340 965 4397 dio
987 4340 1113 4395 flammeo
1137 4335 1255 4408 positam
1278 4335 1341 4409 lego
1364 4336 1444 4404 (ders.
1461 4351 1502 4400 ιιι,
1515 4337 1573 4406 ιι).
1588 4337 1630 4390 ln
1658 4351 1716 4391 non

56 4430 108 4489 sed
121 4429 249 4487 mudum
266 4435 364 4484 tutum.
379 4426 474 4483 Adhuc¹
493 4426 576 4482 hostia
597 4434 691 4483 noster
709 4429 760 4482 hos
777 4436 863 4484 tentat
919 4430 1030 4504 quidem
1044 4425 1187 4500 paradisus
1201 4426 1318 4481 lectulus
1331 4423 1503 4481 Salomonis?
1518 4425 1656 4491 metatus,
1672 4423 1715 4477 in·

55 4519 217 4594 pervadere
237 4517 376 4584 terminos,
393 4514 462 4572 fines
484 4515 649 4572 convellere.
664 4517 714 4573 Est
736 4517 816 4572 nobis
834 4518 864 4575 in
875 4474 902 4583 n
919 4521 987 4594 quit,
999 4523 1094 4576 noster
1104 4513 1222 4585 derides
1232 4514 1356 4585 (dontio.
1367 4528 1389 4577 ι,
1399 4512 1453 4581 th).
1465 4511 1588 4582 Denique
1598 4511 1717 4582 ipsellcs

39 4608 175 4666 -Christo
197 4620 253 4679 ρει
276 4621 339 4663 cum
358 4605 416 4660 Dec
434 4605 523 4671 Patre,
539 4604 588 4661 sed
610 4597 735 4662 nondum
757 4623 809 4678 pax
828 4608 863 4663 ab
919 4607 1019 4680 campi,
1035 4605 1212 4677 ipselignum
1226 4601 1384 4658 vomuere
1398 4599 1543 4671 paradisus
1556 4598 1715 4657 deliciarum

40 4701 139 4757 boote
164 4695 316 4753 communi.
332 4694 490 4750 Abundabit
511 4700 601 4750 autem
619 4710 672 4766 ρει
691 4696 760 4761 bac,
776 4696 865 4754 donec
919 4694 1034 4753 lectulus
1055 4691 1125 4746 talis.
1140 4689 1223 4746 Vides
1247 4689 1383 4761 quomodo
1403 4690 1501 4762 amplae
1520 4689 1623 4748 deliciae
1643 4700 1719 4748 oreta

61 4787 223 4844 domnam
246 4784 411 4841 novissimus
429 4783 565 4853 inimicus,
582 4800 667 4839 mors.
684 4784 797 4841 luterim
815 4784 866 4842 etsi
920 4786 1065 4859 cinguntur
1084 4779 1226 4838 custodia?
1240 4779 1380 4836 lectulum
1398 4779 1471 4836 enim
1490 4780 1644 4838 Salomonis
1658 4798 1717 4837 am·

59 4893 117 4934 noa
140 4882 189 4933 est
211 4889 267 4947 pax
289 4874 325 4929 ab
348 4873 419 4945 ipsc,
437 4873 571 4946 protectio
594 4882 686 4930 tamen
709 4881 750 4930 est
773 4883 867 4930 contre
920 4876 998 4931 biunt
1022 4871 1165 4945 sexaginta
1192 4870 1278 4927 lortes
1300 4887 1333 4926 ex
1361 4869 1517 4927 fortissimis
1541 4870 1635 4927 lsrael.
1655 4871 1718 4927 Non

54 4967 164 5040 ipsum
182 4963 243 5020 Erit
259 4963 320 5036 ipse
339 4979 391 5034 pax
411 4970 515 5028 nostra,
531 4977 593 5019 cum
619 4962 749 5035 Assyrius
762 4964 868 5021 venerit
921 4964 1037 5021 multum
1051 4976 1123 5018 nunc
1138 4960 1174 5016 de
1184 4960 1291 5016 numeri
1300 4960 1381 5030 hujus
1395 4959 1503 5030 disputo
1514 4960 1618 5016 ratione
1635 4973 1641 5012 :
1657 4958 1719 5015 illos

56 5057 87 5112 in
100 5064 213 5112 terram
231 5061 364 5120 nostram,
380 5060 408 5109 ει
426 5051 572 5108 calcaverit
592 5051 621 5107 in
641 5051 740 5108 tinibus
754 5054 865 5110 nostris.
921 5060 1015 5109 tamen
1028 5051 1137 5108 videtur
1147 5049 1265 5121 signare,
1278 5048 1322 5121 qui
1334 5056 1490 5121 prerogant
1503 5056 1529 5104 et
1538 5047 1641 5116 justitia
1655 5063 1719 5119 ope·

56 5146 206 5203 Proximos
224 5142 277 5198 sibi
296 5150 385 5214 potest
406 5141 534 5213 Assyrius
551 5139 620 5198 fines
639 5141 769 5199 infestare
791 5143 869 5216 spiri·
923 5142 970 5211 ris,
986 5148 1013 5198 et
1027 5139 1124 5196 notitia
1138 5139 1217 5211 legis.
1234 5139 1275 5194 De
1290 5137 1405 5193 fortibus
1418 5137 1501 5193 lsrael
1515 5143 1587 5205 sunt,
1604 5136 1650 5207 qui
1665 5136 1718 5194 fide

54 5235 164 5301 mata,
183 5232 330 5289 ulteriores
353 5247 408 5289 non
432 5239 551 5304 potest:
576 5232 682 5288 culcaro
705 5240 805 5304 potest,
820 5232 869 5289 sed
923 5233 1007 5288 furtes
1020 5237 1092 5295 sunt,
1109 5228 1156 5301 qui
1170 5235 1242 5283 stant
1256 5226 1285 5280 io
1303 5224 1367 5292 tide,
1384 5234 1412 5281 et
1430 5226 1543 5282 viriliter
1557 5234 1659 5298 agunta
1673 5227 1721 5299 qui

56 5332 135 5381 aare
150 5338 212 5379 non
231 5327 323 5394 potest
337 5319 366 5376 in
386 5319 486 5376 linibus
500 5321 612 5381 nostris.
629 5321 689 5376 Erit
701 5321 774 5377 enim
788 5321 869 5378 Chri·
923 5320 1016 5378 omnia
1030 5326 1156 5393 possunt,
1169 5315 1215 5371 sed
1228 5315 1255 5369 in
1269 5331 1302 5370 eo
1318 5314 1365 5385 qni
1375 5330 1423 5370 eos
1437 5313 1573 5373 confortat
1585 5316 1719 5374 Christus.

56 5420 119 5469 stus
132 5426 202 5486 pax,
218 5425 281 5467 cum
294 5409 439 5467 calcaverit
449 5409 478 5465 in
493 5408 594 5466 linibus
608 5408 711 5466 nostris
726 5410 867 5482 Assyrius.
923 5412 995 5469 liele
1017 5408 1075 5466 49
1096 5407 1173 5464 fortis
1186 5412 1237 5470 εει,
1254 5403 1302 5476 qui
1321 5403 1451 5460 adversus
1469 5405 1612 5463 scientiam
1625 5406 1675 5464 Dei
1689 5422 1719 5463 εε

58 5504 207 5563 mna
225 5498 421 5558 condninrnat
441 5499 590 5558 confinium
611 5513 618 5556 ε
639 5497 787 5558 confinium
805 5516 869 5559 cum
923 5499 1040 5566 extollit;
1064 5497 1111 5572 qui
1135 5494 1267 5551 adversus
1292 5492 1368 5553 illam
1391 5493 1544 5554 inflexibilia
1566 5502 1594 5554 ει
1616 5496 1720 5572 ualdus
