3706 5962
61 228 107 293 fif

684 231 718 290 lli
737 228 875 291 canuti
893 227 1001 292 stulto
1018 233 1098 294 xlv.

1661 239 1718 302 238

61 358 97 414 lbi
122 366 184 414 vota
210 358 315 414 anhela
339 356 473 425 laborant,
497 355 539 411 bic
564 356 695 410 exhausta
715 354 864 427 deliquium
879 366 903 445 fl
919 355 1169 428 jamspoliatasum
1183 374 1226 415 me
1239 358 1308 430 ipsa,
1320 360 1376 430 jam
1388 358 1594 419 idoneadilecto
1609 365 1713 423 vestiri.

60 448 207 517 mutantur.
226 446 328 503 Ofelix
343 459 429 512 amor,
445 443 492 516 qui
507 442 637 499 continua
651 441 767 515 quadam
787 442 864 498 vicis
918 444 1040 515 Spoliata
1055 454 1083 500 et
1102 457 1268 518 exoccupata
1287 463 1366 503 mens
1382 447 1493 521 languet
1511 465 1615 515 amore,
1631 455 1713 511 Nun·

61 536 178 591 situdine
193 544 242 591 ant
267 533 395 607 liquescit
409 532 435 588 iu
462 533 532 603 ipso,
548 538 594 586 aut
615 547 742 603 quaereus
756 530 862 586 anhelat
917 535 989 593 ficte
998 537 1099 596 dilecto
1109 540 1175 611 quta
1184 555 1280 596 autore
1294 538 1421 611 tuoqueo.
1442 538 1558 608 Fratres,
1572 540 1595 594 si
1611 557 1659 597 vos
1673 540 1714 596 in.

58 625 217 694 adipsum!
239 624 372 694 Questut,
388 628 417 679 et
443 638 499 678 nora
515 622 613 678 inveni
633 621 726 689 ittum,
748 620 835 691 inquit
853 635 859 674 :

57 716 159 782 socam,
172 719 203 771 et
214 730 275 770 nost
285 711 521 786 responditmttt.
533 710 742 781 Alibiscriptum
751 710 858 775 estimo,

56 806 99 857 lac
113 803 205 860 modo
227 822 234 859 t
257 805 392 872 Quoereat
408 818 453 858 me
472 800 555 869 miili,
571 805 599 855 et
614 817 671 857 non
686 799 834 856 investient
851 816 857 852 :

55 891 210 959 mmfvuut,
227 896 254 947 et
273 908 332 946 uon
346 889 498 945 exaudium
512 891 601 960 tl’rou
621 905 640 954 t,
658 891 713 957 28).
724 887 858 954 Quidnam

54 988 89 1035 est
101 981 160 1037 boe
174 980 252 1053 quod
277 981 330 1036 boc
350 980 439 1052 ipsum
455 985 508 1033 tarn
525 993 670 1034 commune
683 985 725 1033 est
739 977 818 1033 bonis
832 986 860 1032 et

55 1069 156 1125 nafis?
167 1069 226 1125 Cur
236 1068 427 1126 indifferenter
441 1066 564 1138 utrisque
573 1075 610 1135 te,
621 1068 686 1121 issu
701 1067 784 1133 boue,
795 1066 859 1122 sub-

53 1159 154 1215 ducis?
171 1159 278 1215 Verum
291 1157 405 1232 quidem
424 1172 478 1212 uon
502 1155 701 1226 indifferenter,
723 1155 772 1212 sed
794 1154 861 1210 mul·

53 1255 112 1302 trnn
126 1247 305 1304 differenter.
321 1245 451 1302 Damalis
467 1245 585 1301 dicitur:
600 1246 744 1313 Quoereut,
760 1249 788 1300 et
803 1259 860 1300 uon

52 1339 216 1394 invement.
231 1337 338 1408 Sponsa
358 1351 423 1392 vero
446 1349 501 1390 non
515 1351 545 1390 sc
561 1333 732 1392 inventuram
752 1333 860 1403 diffidit,

56 1425 108 1481 sed
123 1441 181 1482 uon
195 1426 336 1483 invenisse
350 1432 485 1481 causatur.
506 1423 635 1493 Questus,
651 1429 679 1482 et
692 1440 751 1480 non
766 1423 860 1478 fouent

57 1514 145 1574 &fem
160 1535 171 1571 .·
185 1515 294 1582 vocavi,
305 1520 335 1571 et
350 1531 408 1573 non
422 1512 568 1584 respondit
582 1513 664 1570 miti.

90 1651 121 1704 2.
138 1646 168 1704 Ο
182 1647 289 1719 quoties
304 1647 419 1720 quaesivi
433 1647 580 1703 Dominum
591 1647 684 1701 lesum
692 1645 860 1710 meditando,

54 1735 187 1794 mvocavi
202 1735 306 1793 omndo
322 1752 330 1792 ε
346 1735 396 1792 sed
412 1751 462 1791 uec
476 1734 616 1791 meditatio
632 1735 731 1791 effecta
746 1743 787 1790 est
802 1734 860 1789 dul-

55 1825 105 1891 cis,
121 1840 179 1882 nec
204 1823 314 1898 pinguis
327 1823 430 1880 oratio!
447 1822 512 1878 ldeo
527 1838 582 1879 non
597 1822 688 1878 inveni
708 1821 793 1887 illum,
810 1836 861 1879 nec

54 1914 204 1987 respondit
225 1913 303 1970 mibi.
319 1912 377 1969 Nec
399 1911 490 1969 inveni
513 1912 588 1967 illum
611 1912 710 1982 ipsum,
725 1928 777 1968 neu
792 1929 859 1977 sua;

55 2005 106 2060 sed
120 2019 210 2076 supra
224 2003 336 2059 modum
357 2000 447 2057 dulcia
461 2008 524 2057 sunt
538 2016 600 2072 quae
623 2000 763 2073 respondit
784 2000 860 2055 milri.

56 2095 92 2146 At
104 2092 215 2149 utinam
230 2091 296 2147 mibi
305 2091 466 2163 frequenter
483 2089 649 2161 respondeat
659 2106 721 2146 cum
731 2089 774 2146 nel
788 2089 860 2160 lego,

57 2182 101 2239 vel
114 2181 183 2238 oro!
204 2182 256 2248 lta,
266 2180 333 2236 lesu
346 2180 429 2245 bone,
447 2177 581 2251 responde
596 2176 662 2232 milri
678 2189 794 2249 quantas
815 2179 863 2232 ba-

58 2272 113 2327 beo
138 2269 302 2342 iniquitates
325 2275 354 2325 et
378 2276 503 2339 peccata,
516 2267 621 2323 scelera
640 2282 702 2322 mea
720 2274 748 2321 et
767 2266 864 2322 delicta

59 2375 122 2415 mea
137 2358 256 2416 ostende
271 2357 348 2412 milri.
364 2354 510 2412 annnam
525 2354 664 2426 paulisper
677 2354 775 2411 faciem
791 2363 864 2410 tuam

59 2449 132 2522 (fob.
148 2463 212 2519 xus,
228 2448 337 2515 att-at),
351 2452 380 2500 ut
390 2460 452 2500 mea
468 2443 535 2499 mibi
547 2443 657 2499 foeditas
671 2442 814 2499 salubriter
827 2443 865 2496 in·

61 2546 187 2595 notescat
201 2535 246 2592 vel
263 2533 291 2589 in
306 2531 485 2590 meditatione
499 2548 571 2599 mea,
592 2531 636 2587 vel
651 2531 679 2586 in
694 2530 811 2587 lectione
825 2547 866 2587 sa·

61 2642 172 2684 orarum
190 2624 408 2696 scripturarum.
425 2621 500 2677 'lunc
510 2620 582 2678 enim
595 2636 640 2677 ma
655 2620 864 2677 inveniuntcus·

63 2715 143 2770 tudes
153 2711 280 2781 nutatim
298 2711 427 2768 doctores
441 2708 537 2780 sancti
555 2724 617 2765 cum
631 2706 709 2765 meos
727 2708 756 2764 in
770 2725 864 2765 eorum

63 2803 173 2874 scriptis
202 2815 295 2857 mores
314 2798 435 2857 invenio.
455 2797 531 2854 Tunc
558 2813 603 2853 me
631 2797 780 2864 inveniunt,
803 2813 864 2853 cum

66 2907 143 2947 meos
158 2905 250 2945 morea
260 2896 289 2944 et
300 2886 367 2945 vitia
378 2884 544 2958 depingunt3
556 2885 720 2956 percutiunt,
733 2901 795 2941 cum
809 2886 865 2940 dis·

65 2978 187 3047 entinnt;
202 2977 357 3046 vulneram,
369 2990 432 3031 cum
445 2974 599 3045 increpant.
614 2973 691 3030 Sacri
705 2973 863 3046 scriptores,

67 3068 135 3123 acsi
156 3066 267 3140 quidam
288 3063 418 3121 custodes
441 3061 556 3120 civitatis
581 3069 682 3119 sanctae
702 3061 863 3130 Jerusalem,

67 3169 128 3226 quae
139 3163 182 3210 est
191 3152 327 3223 Ecclesia,
339 3152 430 3209 varios
444 3151 598 3206 animorum
606 3150 771 3223 investigant
781 3150 865 3207 affec·
880 3144 902 3224 c

69 3253 118 3309 tus,
129 3242 310 3299 etinveniunt
319 3240 487 3314 singulorum
498 3240 652 3310 passiones,
665 3240 753 3295 bonos
763 3254 863 3306 mores,

71 3340 96 3386 et
112 3332 237 3389 morbum
252 3347 308 3404 quo
329 3329 445 3403 quisquc
460 3329 567 3385 laborat
584 3345 590 3386 :
607 3326 707 3384 nullius
725 3327 767 3384 vel
788 3327 865 3400 cogi·

71 3420 131 3476 tario
145 3436 202 3479 non
216 3418 352 3476 invenitur
375 3418 411 3473 ab
433 3416 496 3473 illis.
513 3416 625 3486 Quoties
645 3416 690 3471 illa
704 3417 774 3490 lego,
789 3417 866 3491 quasi

73 3510 208 3566 inventum
222 3525 267 3565 me
291 3518 320 3565 et
334 3508 537 3580 deprehensum
551 3515 625 3578 puto.
643 3506 693 3561 llla
705 3522 750 3561 me
765 3508 865 3562 exlror-

74 3598 202 3655 manum
214 3596 314 3670 jaculis
328 3595 441 3665 feriunt,
467 3593 514 3651 illa
537 3595 693 3661 vulnerant,
708 3594 774 3649 dum
793 3593 867 3667 quod

73 3689 204 3764 integrum
227 3686 389 3754 arbitrabar,
405 3683 528 3741 saucium
552 3700 613 3740 esse
628 3682 803 3740 convincunt.
819 3683 866 3739 llla

74 3774 248 3833 simulationis
264 3773 362 3831 todunt
375 3775 510 3846 velamen,
524 3772 687 3847 ignorantiae
697 3772 740 3830 vel
749 3771 865 3829 oblivio-

75 3864 111 3921 nis
124 3864 310 3934 involucrum,
321 3862 394 3919 falsae
410 3861 522 3935 pallium
531 3861 636 3935 gloriae.
647 3861 697 3918 llla
707 3877 738 3917 ac
752 3861 775 3916 si
784 3861 866 3933 pallio

76 3954 200 4028 quodam,
216 3953 257 4010 sic
272 3949 496 4010 dissimulationis
515 3951 632 4022 spoliant
645 3949 823 4024 operimento,
839 3958 867 4007 ct

75 4042 193 4099 dationb
205 4050 377 4100 ornamento.
389 4041 436 4096 llla
446 4056 491 4096 me
500 4042 619 4112 quodam
629 4048 803 4112 praesumptae
811 4039 866 4095 fal-

75 4129 163 4187 lacitas
175 4129 276 4204 gloriae
293 4128 375 4200 pallio
394 4126 520 4200 spoliant,
543 4128 607 4182 dum
622 4126 796 4183 conscientiae
815 4127 864 4184 de-

77 4218 173 4274 nudant
196 4217 318 4275 infirma.
337 4215 445 4275 Utiliter
459 4231 526 4289 ergo
544 4231 560 4270 a
579 4215 737 4272 custodibus
753 4216 780 4271 in
796 4219 866 4273 bunc

76 4308 180 4364 ιιιοιιιιιιι
193 4305 331 4378 invenior,
347 4305 472 4380 quamvis
490 4302 572 4361 Ιῦὖ
585 4304 710 4362 dilectum
725 4305 759 4360 ad
773 4313 866 4363 votum

75 4395 189 4452 mrenire
205 4410 261 4452 non
276 4409 387 4468 queam.
404 4394 530 4467 Denique
543 4394 600 4465 jam
624 4394 715 4450 minus
733 4393 761 4449 in
779 4410 823 4450 me
838 4396 865 4450 iu

77 4500 126 4554 quo
150 4484 273 4558 glorier,
297 4477 387 4541 miuus
413 4482 519 4556 inquo
545 4482 685 4555 quiescam
712 4482 863 4555 inveniens,

77 4575 174 4632 amoris
183 4575 212 4630 in
231 4573 360 4631 dilectum
375 4573 480 4630 lacibus
492 4573 646 4629 inardesco.

10 4704 13 4733 ²
105 4712 131 4764 3.
145 4711 228 4768 l'ila'oe
241 4711 409 4778 Jerusalem,
425 4709 560 4767 nuntiate
575 4706 677 4763 dilecto
691 4707 757 4779 putu
770 4722 865 4765 umore

77 4798 197 4870 maman.
210 4798 263 4855 Per
273 4813 318 4854 mc
327 4813 384 4853 non
393 4797 481 4853 audeo
491 4794 632 4862 accedere,
645 4809 700 4849 non
709 4792 864 4849 bancfami-

75 4884 211 4944 &nutem
220 4886 443 4960 mihipraesumo,
458 4901 516 4942 non
528 4884 570 4940 sni
584 4883 690 4956 copiam
699 4882 766 4938 mibi
776 4882 865 4939 adlruo

73 4974 145 5033 lesos
153 4976 280 5052 ιιιιιιιιςοι
295 4974 387 5042 :ideo,
399 4974 460 5030 frliae
473 4973 635 5042 Jerusalem,
647 4973 681 5028 ad
693 4989 742 5030 vos
752 4973 863 5040 accedo,

10 5078 13 5095 ¹
72 5079 114 5121 vos
130 5066 235 5134 ambio,
250 5065 329 5123 vobis
345 5079 455 5121 cansam
470 5063 641 5130 commendo,
658 5063 798 5120 committo
812 5077 863 5118 ne·

70 5157 184 5227 gotium,
200 5157 324 5214 nondate
339 5155 447 5212 dilecto.
461 5153 546 5225 Quasi
565 5154 681 5226 ignorat,
698 5152 762 5209 dum
781 5152 864 5209 disei-

12 5266 15 5271 ·
72 5246 164 5302 mutat.
183 5245 319 5302 Custodes
347 5244 476 5317 spolient,
501 5242 564 5298 tiliae
586 5241 720 5312 nuntient,
737 5241 865 5298 doctores

11 5314 16 5361 ²
72 5340 257 5406 annonantur,
266 5341 380 5392 exorent
389 5334 550 5393 fifiaentttae
558 5331 867 5399 fermentaceorum

73 5425 172 5486 tincto
183 5427 255 5502 putu
264 5439 361 5485 umore
371 5427 501 5499 langueo.
515 5423 655 5492 Nuntiate,
667 5419 783 5492 ingerite
795 5438 801 5476 :
813 5420 867 5475 fre·

76 5532 159 5588 quens
174 5515 320 5590 wggestio
333 5515 464 5572 dilectum
476 5513 606 5572 inflectet.
621 5512 681 5568 fam
696 5517 776 5567 exuta
794 5526 864 5577 sum,

914 625 1083 695 crepatorius
1097 626 1218 683 doctoris
1233 642 1324 684 sermo
1340 635 1455 700 tangere
1465 628 1620 700 specialiter
1634 629 1712 686 vide-

914 719 966 782 tur,
990 721 1096 770 vestros
1120 732 1248 786 expresse
1272 714 1353 771 ferire
1369 730 1469 785 morea,
1493 716 1593 772 mentis
1615 724 1714 773 vestrae

912 800 1016 857 nudare
1040 802 1161 871 vulnera,
1187 803 1229 860 vel
1249 804 1399 869 occultatae,
1423 803 1465 861 vel
1480 814 1626 861 excmatoe
1649 820 1716 861 con·

912 890 1032 946 scientiae
1047 893 1142 949 tollere
1157 892 1284 964 pellitium
1301 893 1335 948 ad
1350 893 1516 950 incentivum
1529 895 1640 962 amoris,
1656 911 1711 951 nou

912 979 946 1034 ad
960 980 1013 1036 odii
1036 981 1102 1037 illud
1122 982 1248 1040 invertite
1264 983 1396 1040 fomitem.
1417 985 1471 1039 Cur
1485 983 1612 1055 privitam
1628 985 1712 1042 trabis

912 1070 946 1123 ad
962 1069 1100 1138 injuriam,
1123 1071 1196 1143 qnod
1208 1072 1237 1126 in
1247 1085 1390 1127 commune
1401 1071 1538 1143 profertur
1547 1073 1581 1126 ud
1596 1075 1713 1129 omnes?

913 1157 1036 1212 Forsitan
1047 1159 1081 1213 ad
1097 1166 1123 1214 te
1138 1159 1212 1231 quod
1226 1159 1324 1216 dicitur
1336 1160 1457 1231 respicit,
1475 1169 1500 1215 te
1516 1167 1608 1216 tamen
1624 1162 1712 1217 nomi-

912 1244 996 1299 natim
1022 1261 1077 1302 non
1101 1247 1238 1317 exprimit.
1265 1249 1372 1304 auroris
1396 1248 1556 1320 languorem
1576 1249 1714 1321 generalis

913 1332 961 1387 tibi
986 1333 1120 1391 ministret
1147 1336 1289 1401 correctio,
1307 1353 1361 1393 non
1384 1337 1531 1394 murmuris
1546 1339 1710 1409 passionem.

913 1422 949 1477 Et
967 1422 991 1477 si
1005 1424 1126 1479 nondum
1137 1423 1221 1480 dulcis
1237 1424 1307 1480 illius
1321 1425 1421 1482 arnonis
1436 1425 1573 1482 desiderio
1589 1427 1713 1500 langues.

914 1511 1015 1567 bonnm
1035 1521 1077 1568 cst
1106 1513 1128 1568 si
1157 1513 1267 1570 interim
1290 1514 1406 1588 langues
1429 1514 1534 1587 pudore
1558 1515 1665 1586 delicfi;
1691 1513 1715 1571 si

913 1598 1027 1672 langues
1047 1601 1219 1674 poenitentia,
1245 1603 1266 1657 si
1297 1602 1392 1658 timore
1419 1602 1514 1673 judicii
1539 1602 1713 1677 configuntur

914 1705 1010 1744 carnes
1025 1696 1087 1746 tuae.
1109 1691 1275 1747 Convertere
1294 1691 1323 1746 in
1342 1706 1472 1760 aerumna,
1489 1699 1535 1746 tua
1556 1692 1621 1748 dum
1644 1707 1711 1749 con=

876 1757 898 1835 Β
914 1776 1005 1849 figitur
1018 1778 1097 1850 spina
1114 1777 1261 1835 :delictum
1275 1778 1417 1846 confitere,
1433 1788 1461 1834 et
1475 1780 1638 1851 operimenti
1653 1770 1713 1850 pal·

914 1867 990 1936 lium,
1006 1883 1060 1941 quo
1088 1868 1235 1939 injustitias
1257 1869 1460 1925 dissimulanter
1475 1869 1632 1936 abscondis,
1652 1869 1712 1926 sine

915 1964 944 2012 ut
958 1957 1007 2013 tibi
1031 1957 1120 2024 tollat,
1140 1957 1194 2014 nuli
1216 1957 1394 2030 pertinacius,
1410 1957 1465 2015 noli
1481 1958 1600 2016 strictius
1622 1959 1712 2032 bypo·

915 2045 992 2102 crisis
1016 2055 1042 2104 te
1058 2046 1141 2119 pallio
1164 2047 1284 2120 operire,
1309 2047 1446 2106 involvere
1463 2055 1632 2124 tegumento.
1652 2047 1715 2107 Non

916 2142 1090 2193 convertetur
1103 2137 1138 2192 ad
1151 2144 1179 2192 te
1193 2137 1282 2203 lesus,
1299 2136 1351 2193 nisi
1366 2136 1547 2195 simulationis
1558 2147 1586 2195 et
1600 2136 1714 2194 falaciae

917 2240 932 2278 a
956 2232 983 2279 te
1007 2223 1089 2281 fuerit
1111 2224 1233 2283 ablatum
1262 2225 1397 2292 velamen,
1421 2226 1493 2299 qnod
1517 2226 1566 2282 tibi
1592 2225 1717 2285 confusio

917 2313 1043 2384 quaedam
1054 2322 1082 2370 et
1091 2313 1252 2386 displicendi
1262 2324 1351 2371 metus
1361 2314 1513 2387 praetexuit.
1526 2316 1641 2388 Operuit
1650 2331 1717 2373 cou-

918 2400 986 2457 fusio
1001 2401 1101 2459 faciem
1120 2402 1295 2460 consuenda
1311 2411 1363 2460 tuae
1381 2418 1387 2458 :
1412 2403 1490 2460 aufer
1504 2404 1629 2463 velamen
1647 2420 1715 2462 con-

917 2488 1041 2561 fusionis,
1066 2491 1247 2549 confessionis
1274 2491 1400 2548 induere.
1427 2492 1496 2546 Nam
1523 2500 1551 2549 et
1583 2493 1716 2551 Dominus

918 2578 1120 2636 confessionem
1144 2580 1241 2652 induit,
1262 2579 1460 2638 confessionem
1484 2596 1645 2649 nauscam,
1666 2579 1718 2638 aed

919 2676 1001 2722 tuam.
1019 2670 1073 2725 iloc
1086 2685 1117 2725 ae
1132 2676 1258 2725 ornatum
1269 2669 1350 2740 pallio
1361 2677 1478 2742 reputat,
1490 2670 1541 2727 hoc
1549 2687 1564 2725 a
1573 2677 1600 2727 le
1610 2677 1718 2726 mutua·

919 2766 983 2812 tur:
1011 2757 1062 2813 hoc
1082 2756 1120 2812 illi
1146 2756 1258 2830 pallium
1275 2757 1362 2828 trade,
1383 2759 1457 2829 quud
1477 2757 1628 2816 affectuose
1651 2757 1719 2816 tollit

917 2845 996 2916 quasi
1021 2845 1120 2918 pignus
1144 2845 1253 2913 amoris,
1283 2854 1310 2904 et
1337 2846 1569 2905 reconciliationis
1596 2847 1715 2920 signnm.

918 2933 992 2989 Tunc
1011 2934 1125 3007 incipies
1139 2950 1233 2992 amore
1252 2934 1396 3007 languere,
1412 2951 1474 2993 curn
1489 2937 1565 3008 prius
1579 2937 1716 3008 poeuiten·

919 3022 963 3077 tiae
976 3021 1060 3079 fueris
1074 3023 1217 3080 aflectibus
1231 3024 1368 3096 languida.
1379 3025 1455 3082 'lunc
1469 3034 1495 3082 te
1509 3025 1641 3100 incipient
1656 3023 1718 3083 liliae

916 3113 1068 3169 Jerusalem
1083 3114 1278 3171 commendare
1299 3115 1399 3173 dilecto
1416 3131 1421 3171 :
1439 3122 1504 3172 tunc
1517 3117 1645 3173 coelestes
1658 3117 1717 3190 api·

918 3201 986 3257 ritus
998 3209 1026 3257 et
1040 3203 1139 3259 auimae
1152 3202 1306 3276 spirituales
1319 3205 1543 3278 congratulantes
1555 3206 1717 3279 languorem

918 3288 1082 3346 nuntiabunt
1093 3291 1206 3347 amoris.

953 3379 980 3433 l.
1001 3378 1056 3434 Sed
1077 3396 1128 3436 noa
1142 3396 1175 3435 ex
1194 3380 1345 3435 abundanti
1364 3395 1447 3451 super
1461 3381 1629 3452 poenitentiae
1647 3389 1719 3439 statu

919 3483 1060 3525 versamus
1073 3470 1145 3525 launo
1159 3468 1260 3535 locum,
1276 3485 1308 3524 cu
1311 3469 1355 3537 jus
1380 3476 1437 3523 tota
1451 3468 1535 3524 facies
1555 3469 1720 3541 perfectiora

919 3557 1043 3628 quaedam
1053 3556 1160 3613 videtur
1170 3557 1284 3628 spirare,
1298 3563 1326 3612 et
1342 3557 1530 3627 ejusconsona
1541 3557 1647 3628 gratiae,
1659 3573 1720 3629 qnae

919 3661 1028 3716 sponsae
1038 3654 1158 3702 merctur
1172 3645 1329 3702 conditione
1342 3647 1459 3703 censeri.
1477 3647 1608 3715 meatui,
1621 3647 1719 3720 inquit,

918 3738 946 3790 ct
957 3749 1015 3789 nou
1025 3734 1232 3801 transmittam·
1244 3737 1350 3801 uocaui,
1362 3738 1390 3792 et
1400 3750 1458 3791 uon
1469 3735 1616 3807 respoudit
1625 3736 1719 3792 mitt:

919 3824 1144 3881 inveneruntme
1154 3824 1284 3881 custodes
1294 3823 1434 3880 ciuitatis.
1446 3822 1601 3881 lleditando
1611 3824 1720 3896 quaerit,

919 3919 997 3967 vocat
1012 3911 1117 3968 orando
1135 3932 1141 3968 :
1158 3912 1295 3968 audiendo
1316 3913 1445 3969 doctores
1459 3912 1605 3982 invenitur,
1621 3929 1720 3985 percu-

921 4000 993 4070 titur,
1019 4001 1188 4068 vulneratur,
1211 4003 1330 4059 exuilur.
1345 4003 1380 4057 Et
1403 4003 1517 4076 nequid
1533 4004 1604 4058 desit
1617 4003 1651 4060 ad
1666 4020 1717 4060 cu-

919 4089 1033 4160 mulum,
1054 4090 1171 4147 filiarum
1197 4092 1359 4157 Jerusalem,
1384 4091 1503 4148 fidelium
1527 4090 1634 4149 scilicet
1656 4093 1719 4147 ani·
1765 4143 1767 4149 ,

920 4196 1037 4247 marum,
1066 4181 1304 4238 commendatione
1339 4181 1491 4253 adjuvatur.
1527 4182 1648 4248 Quatuur
1675 4182 1719 4238 hic

918 4268 1043 4341 quaedam
1058 4269 1180 4337 adverte,
1198 4270 1242 4326 vel
1256 4270 1283 4324 iu
1304 4269 1360 4336 illa,
1383 4269 1425 4326 vel
1439 4269 1512 4326 circa
1531 4268 1603 4324 illam
1618 4287 1626 4326 z
1642 4270 1719 4326 inve·

918 4357 1085 4429 stigationes,
1114 4366 1187 4428 vota,
1208 4365 1356 4430 praecepta,
1380 4367 1407 4414 et
1430 4374 1536 4430 preces.
1566 4357 1718 4431 Investiga-

919 4446 1007 4503 tiones
1023 4446 1215 4512 meditationis,
1237 4446 1367 4502 desiderii
1382 4455 1454 4512 vota,
1470 4453 1608 4517 praecepta
1623 4444 1718 4501 docto

880 4541 904 4618 ῃ
919 4552 988 4601 rum,
1006 4544 1033 4591 el
1047 4545 1204 4591 sanctorum
1219 4534 1269 4606 [ol.
1296 4533 1443 4606 sociorum]
1459 4534 1604 4589 orationes.
1618 4536 1716 4591 Annon

918 4623 1060 4680 doctorum
1070 4633 1208 4696 praecepta
1217 4631 1244 4678 et
1259 4623 1462 4680 exhortationes
1476 4624 1636 4697 frequenter
1644 4638 1718 4680 com-

919 4713 999 4769 mode
1014 4713 1168 4769 sentiuntur
1182 4715 1216 4768 ab
1241 4713 1283 4769 his
1297 4730 1366 4786 quos
1387 4694 1416 4770 es
1427 4714 1507 4770 anxia
1531 4714 1717 4790 investigatio,
1798 4741 1804 4748 ·

918 4812 946 4859 et
960 4802 1067 4859 sincera
1082 4803 1169 4859 oratio
1179 4812 1287 4876 poterat
1302 4804 1425 4861 lassaret
1441 4806 1538 4860 Nonne
1550 4805 1629 4880 pigra
1643 4813 1717 4869 vota,

918 4891 1063 4947 verborum
1077 4890 1176 4964 saepius
1195 4892 1310 4948 stimulis
1324 4893 1502 4949 excitantur?
1516 4894 1641 4965 Denique
1657 4907 1717 4963 quae

918 4979 1021 5036 fervida
1047 4987 1119 5051 suut,
1148 4980 1190 5036 bis
1205 4980 1343 5038 fomitibus
1362 4981 1519 5038 efficiuntur
1540 4980 1713 5039 ferventiora.

920 5072 1093 5127 freoeneruot
1105 5087 1149 5128 me
1160 5071 1287 5127 custodes
1298 5070 1436 5127 ciuitatis.
1448 5071 1551 5127 boniet
1566 5068 1716 5141 prudentes

920 5158 1041 5231 magistri
1070 5175 1140 5234 vago
1161 5159 1277 5233 quodam
1303 5169 1331 5215 et
1358 5159 1437 5231 quasi
1462 5159 1585 5215 venatico
1612 5173 1717 5229 genere

919 5247 1025 5304 dicendi
1047 5255 1168 5315 utuntur,
1185 5256 1212 5325 et
1226 5248 1315 5304 varios
1339 5248 1373 5302 ad
1397 5247 1529 5303 mentium
1552 5253 1638 5304 status
1651 5264 1716 5306 ver-

920 5344 979 5392 tunt
994 5353 1161 5408 sermonem,
1186 5337 1209 5391 si
1233 5336 1302 5392 forte
1327 5335 1467 5392 inveniant
1486 5353 1570 5409 quem
1594 5344 1717 5413 tangant,

921 5443 1003 5498 quern
1019 5427 1166 5492 stimulent,
1183 5441 1264 5498 quem
1277 5432 1464 5497 permoveant,
1482 5426 1505 5481 si
1527 5426 1588 5500 quis
1600 5427 1716 5484 audien·
1782 5439 1788 5449 ·

920 5515 985 5571 tium
1007 5515 1149 5590 glorietur,
1159 5522 1187 5570 et
1200 5515 1288 5570 dicat:
1306 5517 1666 5575 lnuerteruntmecustodes
1675 5520 1718 5573 ci-
