3706 5962
175 233 225 296 tlt
832 217 1025 281 dlleiBllll'll
1042 213 1177 280 tastris
1692 168 1694 176 v
1761 215 1813 278 lli

171 357 249 432 quasi
265 367 374 426 semper
391 363 463 406 nova
484 354 512 404 et
535 359 682 405 renascens
704 342 852 402 consolatio
873 345 961 415 verbi,
977 362 1001 441 Α
1017 352 1109 400 tamen
1128 343 1184 398 bae
1200 340 1300 398 umbra
1322 355 1353 398 se
1377 338 1451 408 dicit,
1475 346 1578 396 tontum
1602 338 1631 394 in
1652 339 1763 413 speculo
1787 351 1815 399 ει

171 455 198 504 ει
213 444 342 501 doctrinae
356 438 453 495 alacris
471 437 559 508 eopia.
579 437 672 495 Ubera
685 436 744 491 baec
766 435 907 492 vetustatis
925 434 963 489 nil
1016 433 1161 511 aenigmate
1175 430 1270 486 videns
1283 431 1310 503 (l
1323 433 1388 488 Cor.
1401 445 1465 501 xrrr,
1483 431 1536 500 ta).
1552 430 1667 502 Magnus
1680 445 1769 499 mous,
1785 440 1814 488 et

170 537 281 598 liabent,
298 531 360 587 ideo
378 527 490 583 meliora
509 533 572 581 sunt
585 525 647 582 vino
662 524 758 595 (Cant.
771 539 792 593 r,
810 526 845 596 ι),
863 523 912 580 sed
927 523 963 578 si·
1015 527 1106 576 tamen
1121 518 1199 575 facile
1214 526 1308 590 raptus
1322 517 1350 573 in
1364 518 1473 574 tertium
1489 517 1599 574 coelum.
1616 516 1691 573 Felix
1705 527 1810 589 raptus,

170 624 243 680 milia
257 627 355 675 musto.
373 618 468 681 Ubera,
479 614 576 686 inquit,
590 619 641 670 too
657 613 730 670 botri
744 613 839 683 (Cant.
857 628 906 681 vn,
921 615 961 682 7),
1015 617 1043 665 ει
1057 608 1140 664 multo
1164 606 1269 662 felicior
1284 606 1339 672 illo,
1356 623 1411 678 quo
1425 622 1504 663 mons
1523 605 1567 661 ille
1583 606 1760 679 evangelicus
1774 607 1808 661 ad

170 730 224 770 non
245 707 374 766 habentia
393 703 496 761 scilicet
520 702 706 758 austeritatem
720 701 786 767 vini,
811 700 861 756 sed
881 699 962 755 musti
1015 697 1197 768 apostolorum
1223 695 1366 766 imperium
1389 696 1418 749 in
1445 711 1521 751 mare
1549 694 1678 750 mittitur.
1708 696 1811 766 Raptus

169 815 268 858 novam
291 793 473 851 dulcedinem.
489 791 580 847 Ubera
603 790 656 844 alia
675 797 809 859 pascunt;
830 789 882 843 ista
900 789 961 843 ine·
1015 792 1066 850 εει,
1091 784 1154 856 quia
1181 783 1310 854 sapientia
1334 782 1384 839 Dei
1410 783 1561 839 immutavit
1590 799 1700 838 sensum
1725 783 1808 841 illius.

167 888 270 944 briant.
286 884 359 939 liene
378 895 445 952 ergo
467 879 554 933 ubera
573 877 644 932 sicut
667 875 782 942 hinnuli,
803 875 866 948 quia
890 874 962 929 nulla
1014 872 1079 927 ideo
1093 880 1185 942 raptus
1200 871 1228 926 iu
1244 872 1351 927 tertium
1365 872 1474 940 ooelum,
1490 872 1519 926 iu
1533 870 1631 927 coelum
1647 870 1808 943 intelligen-
1843 903 1847 913 ·

169 981 303 1034 vetustate
324 970 448 1025 infracta.
464 968 592 1038 Magnum
612 979 721 1036 sponsae
738 964 858 1035 pectoris
875 977 961 1017 orna·
1015 958 1059 1014 tiae
1073 976 1157 1032 purae,
1168 959 1241 1015 undo
1256 962 1360 1015 umbrae
1375 969 1402 1016 et
1416 960 1562 1032 aenigmata
1576 961 1671 1030 procul
1685 959 1811 1033 ablegata

168 1071 300 1126 mentum,
316 1058 340 1115 si
357 1059 445 1112 ubera
465 1054 572 1129 integra
597 1055 714 1121 babeat,
739 1068 793 1107 non
815 1052 885 1117 laxa,
906 1065 962 1106 non
1015 1057 1087 1103 sunt.
1110 1048 1256 1104 lul'eriores
1278 1056 1340 1104 sunt
1354 1050 1469 1117 umbrae,
1486 1056 1513 1103 ει
1532 1047 1670 1104 reclinatae
1691 1049 1810 1120 quodam

168 1150 268 1205 troctas
282 1158 413 1199 mammas
423 1142 450 1196 in
465 1143 547 1210 liujus
560 1141 675 1211 AEgypto
686 1138 789 1194 saeculi.
800 1137 864 1194 ideo
874 1137 959 1192 dixit:
1014 1137 1094 1193 modo
1109 1138 1169 1205 eius
1190 1145 1325 1207 respectu,
1341 1137 1388 1208 qui
1407 1137 1434 1192 in
1458 1137 1557 1192 coelum
1574 1137 1686 1207 rapitur.
1704 1137 1808 1208 Raptus

172 1238 257 1298 Ubera
271 1251 334 1290 orreo
359 1233 448 1288 turris
472 1229 566 1300 (Cant.
584 1243 644 1295 vrri,
669 1228 723 1297 ιθ).
739 1224 961 1297 lnexpugnabilia
1014 1223 1041 1278 in
1056 1225 1154 1279 coelum
1177 1231 1228 1291 est,
1245 1231 1337 1296 raptus
1361 1232 1389 1280 ει
1407 1225 1434 1279 in
1460 1223 1630 1296 paradisum.
1651 1225 1810 1281 Serenitatis

168 1327 256 1381 ubera
270 1324 338 1390 baec,
354 1326 381 1376 ει
395 1317 472 1374 lactis
486 1318 612 1373 ubertate
627 1314 768 1380 tumentia,
785 1330 847 1386 quae
860 1313 888 1368 in
903 1321 961 1368 tur·
1013 1311 1088 1367 locus
1111 1316 1154 1367 est
1166 1311 1276 1382 coelom,
1291 1312 1433 1383 paradisus
1447 1313 1625 1382 voluptatum.
1647 1311 1761 1368 Pulchro
1781 1313 1808 1367 in

168 1414 205 1469 ris
229 1415 409 1468 excreverunt
423 1405 546 1460 modum.
565 1404 640 1458 Bona
655 1418 722 1475 ergo
736 1403 822 1457 ubera
845 1409 900 1456 tam
919 1401 960 1456 di·
1013 1407 1159 1470 utrumque
1180 1399 1294 1470 rapitur,
1315 1415 1348 1456 eo
1364 1401 1437 1472 qnod
1460 1399 1611 1471 semiplena
1633 1402 1668 1455 sit
1682 1408 1809 1457 coutem-

168 1508 268 1565 stenta,
282 1498 367 1552 ubera
376 1494 494 1567 pietatis,
512 1492 597 1547 ubero
607 1490 728 1565 gemina,
740 1507 775 1546 eo
790 1490 960 1563 quodpictas
1012 1486 1106 1559 platin,
1124 1504 1184 1559 quae
1196 1487 1327 1543 alterutro
1337 1495 1425 1555 earet.
1442 1487 1566 1559 Denique
1581 1488 1609 1542 in
1625 1487 1742 1559 quodam
1756 1504 1809 1560 pa-

168 1583 382 1644 consolationem
397 1581 494 1635 lrabeat
504 1578 565 1633 vitae
575 1594 637 1655 quae
651 1593 725 1633 nunc
741 1585 793 1645 est,
809 1586 836 1632 et
851 1576 958 1632 futurae.
1013 1576 1104 1632 radiso
1121 1575 1279 1631 deliciarum
1290 1585 1318 1631 ει
1332 1576 1500 1647 voluptatum
1514 1575 1601 1631 locata
1616 1575 1732 1643 videtur,
1748 1593 1808 1649 quae

170 1674 299 1739 Gaudete,
312 1667 407 1741 inquit,
419 1665 642 1738 qoudr'omoqno,
655 1669 687 1719 ut
700 1666 959 1739 poteminiolocte,
1015 1663 1133 1734 pascitur
1155 1663 1225 1719 inter
1246 1663 1312 1727 lilia,
1331 1665 1418 1720 donec
1442 1664 1545 1735 aspiret
1568 1663 1636 1719 dies.
1653 1667 1808 1737 Antequam

168 1766 196 1818 et
211 1758 356 1814 satiemini
366 1756 399 1811 ob
413 1753 542 1808 uberibus
552 1753 752 1809 corrsolotionis
766 1753 835 1822 ejus.
849 1753 882 1806 rt
896 1767 961 1807 earn
1014 1751 1115 1822 aspiret
1129 1750 1196 1816 dies,
1213 1766 1267 1807 nox
1281 1759 1332 1806 est.
1349 1751 1403 1807 Sed
1419 1767 1472 1806 nox
1485 1751 1538 1808 ista
1551 1751 1645 1806 nescio
1656 1750 1720 1821 quid
1735 1751 1809 1807 vide·

168 1847 260 1904 avolsi
273 1843 390 1915 scaritis
401 1858 418 1897 o
429 1843 512 1904 locta,
524 1839 680 1910 epulemini
690 1839 723 1894 ob
734 1840 856 1895 introitu
865 1838 962 1909 plenior
1014 1846 1058 1893 tur
1081 1838 1181 1895 babere
1200 1838 1277 1894 dici:
1293 1840 1362 1904 Non,
1379 1839 1475 1910 inquit,
1492 1840 1669 1896 illuminatio
1693 1855 1756 1894 meo
1775 1841 1808 1894 io

168 1933 314 2008 ejusllsoi,
331 1944 408 1995 uxvr,
426 1931 469 1994 lb,
488 1926 656 1999 ll).Videtis
672 1942 725 1998 quo
740 1926 895 1982 lactisusus
909 1926 961 1982 ad·
1014 1926 1122 1983 deliciis
1149 1928 1217 1982 mets
1239 1926 1326 1997 (Psoi.
1357 1943 1485 1993 cxrrvrrr,
1513 1928 1569 1997 ll).
1598 1926 1807 1983 illuminationis

169 2022 270 2079 ducati
287 2023 319 2079 Ut
330 2017 496 2090 epulemini,
509 2015 607 2087 iuquit,
621 2015 654 2070 ob
665 2016 789 2072 introita
798 2016 904 2087 plorate.
921 2017 962 2069 An
1014 2014 1116 2070 etenim
1129 2014 1215 2070 vicem
1229 2021 1322 2070 tenent
1336 2030 1368 2070 ex
1382 2022 1460 2086 parte
1476 2015 1589 2071 deliciae.
1606 2014 1807 2071 Pulcherrimus

167 2128 224 2169 non
238 2109 288 2165 tibi
309 2108 434 2163 videntur
453 2104 540 2159 ubera
559 2102 652 2175 sponsi
673 2103 779 2175 epulari
797 2105 832 2157 ab
851 2102 961 2160 introitu
1014 2101 1247 2175 contemplationis
1269 2103 1343 2158 locus
1363 2111 1414 2170 est,
1429 2103 1475 2158 ubi
1494 2103 1609 2175 simplex
1624 2103 1806 2160 consideratio

168 2200 273 2275 gloriae,
289 2213 350 2270 quae
374 2194 443 2250 sicut
458 2191 562 2248 hinnuli
576 2198 724 2263 pascuntur
738 2192 766 2247 in
785 2191 856 2257 liliis,
874 2190 962 2247 donec
1014 2190 1078 2247 lidci
1092 2193 1215 2247 coelestes
1229 2199 1256 2248 et
1270 2207 1353 2248 suare
1372 2193 1478 2248 olentes
1497 2193 1618 2267 aspergit
1632 2192 1757 2259 affectus,
1778 2192 1808 2250 et

168 2289 270 2359 aspiret
287 2286 355 2353 dies,
371 2291 399 2338 ει
419 2281 584 2337 inclinentur
598 2279 725 2335 umbrae?
742 2281 830 2350 Quam
844 2279 961 2336 dulciter
1014 2280 1109 2336 aetcrni
1123 2279 1232 2335 luminis
1242 2279 1355 2353 gratiam
1367 2280 1460 2353 spirat.
1476 2283 1537 2337 Non
1552 2288 1615 2336 sunt
1629 2282 1688 2338 istae
1702 2281 1807 2338 deliciae

167 2383 301 2449 suguntur
319 2374 406 2428 ubera
422 2387 483 2442 quae
502 2368 542 2423 sic
558 2375 716 2437 pascuntur,
736 2367 823 2422 ubera
842 2369 876 2423 de
892 2369 960 2425 coelo
1015 2382 1082 2439 quas
1104 2368 1200 2423 beatus
1217 2370 1268 2424 tob
1283 2384 1501 2425 commemorans
1519 2370 1554 2426 de
1578 2371 1714 2443 sapientia
1729 2372 1805 2442 dicit,

166 2464 257 2534 plena,
275 2458 337 2531 quia
347 2455 503 2512 coelestibus
518 2453 621 2510 reiecta
635 2452 753 2510 inliliis!
769 2455 831 2526 ipsa
843 2455 961 2511 liliorum
1014 2454 1079 2525 quia
1089 2470 1146 2511 noo
1155 2457 1302 2512 inuenitur
1311 2458 1343 2511 in
1354 2461 1432 2514 torro
1441 2459 1805 2529 saroniteroirentr'um(bob‚

166 2547 314 2621 fragrantia
333 2544 430 2617 pascit.
451 2542 525 2598 Odor
548 2558 643 2597 eorum
663 2542 717 2597 cibi
733 2539 851 2613 'gratiam
875 2551 959 2599 tenet.
1014 2559 1107 2608 xrvrrr,
1130 2547 1185 2614 ts).
1209 2543 1340 2610 Quaedam
1362 2545 1504 2616 sapientiae
1525 2546 1614 2618 portio
1638 2555 1679 2603 εει
1702 2548 1729 2602 in
1749 2547 1810 2603 istis

166 2637 241 2695 Odor
255 2635 329 2690 euim
347 2632 458 2703 quidam
478 2629 582 2684 iructus
597 2637 639 2684 εει
659 2643 666 2682 :
687 2632 749 2701 Epo,
767 2629 863 2701 inquit,
879 2633 961 2703 quasi
1013 2631 1128 2687 deliciis.
1144 2632 1285 2700 Quomodo
1301 2648 1355 2687 non
1370 2633 1510 2704 sapientiae
1522 2637 1609 2706 portio
1625 2644 1675 2707 est,
1690 2636 1736 2691 ubi
1746 2636 1808 2707 ipsa

165 2717 801 2794 citissractificooisaooitatemodoristb'ecli.
813 2733 890 2786 xxiv,
903 2719 958 2790 23).
1012 2719 1112 2777 veritas
1132 2720 1251 2775 nondum
1266 2720 1410 2787 intellecto,
1426 2723 1475 2778 sed
1497 2725 1553 2793 jam
1572 2723 1674 2779 credita
1692 2723 1808 2781 dulciter

165 2813 233 2869 vide
249 2806 385 2882 quomodo
400 2804 540 2876 Sapientia
559 2803 670 2859 odorem
686 2805 808 2858 suumin
829 2805 959 2862 fructibus
1013 2807 1106 2878 sapit?
1120 2809 1189 2879 lpsae
1203 2809 1358 2879 spirituales
1373 2810 1477 2866 deliciae
1493 2812 1662 2883 experientia
1681 2813 1723 2868 sui
1738 2813 1808 2868 satis

110 2949 114 2957 .
165 2906 281 2971 reputat.
298 2891 451 2966 Spiritualis
466 2891 518 2945 isto
533 2890 610 2946 cibus
620 2897 672 2959 est,
686 2890 724 2945 nil
739 2891 844 2948 habens
859 2908 958 2966 corpu-
1015 2897 1139 2962 edocent,
1156 2904 1182 2951 et
1197 2905 1326 2968 quantum
1344 2899 1527 2969 expetendum
1543 2901 1577 2956 sit
1591 2902 1665 2973 quod
1685 2903 1719 2957 de
1738 2901 1807 2971 ipsis

164 2988 265 3053 lentiae,
285 2999 338 3039 nee
356 2982 438 3037 deute
461 2986 559 3045 tactus,
581 2994 633 3034 nec
650 2979 743 3035 labore
762 2997 885 3050 mansus,
909 2983 958 3039 sed
975 3017 997 3096 c
1012 2985 1144 3057 restat‚1et
1155 2993 1284 3057 quantum
1299 2987 1484 3057 respuendum
1495 2988 1626 3061 quidquid
1636 2989 1689 3045 illis
1703 2991 1805 3048 obstat.

164 3077 278 3132 haustus
300 3071 405 3142 spiritu,
426 3066 493 3139 ipsis
515 3066 605 3121 statim
628 3067 760 3123 uberibus
782 3069 908 3138 indueus,
929 3079 956 3126 ει
1046 3076 1073 3129 7.
1084 3073 1146 3128 Tria
1159 3073 1203 3130 bic
1217 3075 1389 3131 observanda
1403 3085 1550 3132 occurrunt
1565 3091 1572 3130 ε
1589 3085 1705 3151 tempus,
1723 3093 1803 3150 opus,

162 3166 249 3222 ubera
264 3158 431 3216 distendens.
447 3154 525 3211 Unde
540 3154 642 3211 etenim
655 3157 956 3228 sroqrontiodicuntur
1010 3169 1038 3219 et
1060 3162 1146 3217 locus.
1170 3162 1298 3233 Tempus,
1323 3163 1411 3219 idest
1438 3181 1501 3235 nox,
1523 3173 1632 3237 tempus
1655 3168 1753 3239 quietis
1777 3176 1806 3223 et

163 3252 314 3326 caecantia
328 3247 442 3320 optimis
456 3245 553 3315 (Cant.
564 3258 583 3311 r,
596 3247 636 3314 2),
651 3243 704 3298 nisi
719 3246 791 3316 quod
800 3245 828 3300 in
843 3247 908 3319 ipsis
921 3249 956 3304 de
1009 3250 1157 3308 vacationis
1172 3260 1222 3306 est.
1234 3252 1309 3323 Opus
1323 3253 1481 3309 relectionis
1496 3261 1547 3323 est,
1564 3255 1629 3326 quia
1641 3266 1803 3327 pascuntur.

161 3340 259 3399 vicinis
274 3341 387 3394 haustus
400 3332 464 3388 liliis
483 3331 593 3403 spiritus
612 3331 726 3401 redolet,
745 3333 833 3391 donec
853 3335 956 3407 aspiret
1008 3338 1094 3394 Locus
1117 3338 1305 3395 delectationis
1328 3348 1379 3408 est,
1402 3357 1435 3397 eo
1458 3342 1531 3413 quod
1554 3342 1626 3399 inter
1648 3343 1715 3400 lilia.
1738 3345 1804 3401 lure

160 3430 230 3498 dies,
247 3436 274 3486 et
287 3425 450 3482 inclinentur
463 3420 590 3477 umbrae?
1008 3426 1127 3482 distenta
1142 3426 1177 3481 ad
1195 3427 1323 3497 parvulos
1341 3436 1465 3498 reportat
1479 3431 1573 3497 ubera,
1595 3431 1642 3502 qui
1663 3432 1702 3487 sic
1715 3431 1805 3503 pasci-

196 3522 223 3574 6.
246 3517 331 3572 ltuloe
350 3511 461 3584 quidem
484 3508 627 3565 interlitis
650 3517 808 3580 exspectare
830 3529 955 3569 auroram
1008 3521 1060 3581 tur,
1077 3515 1165 3587 quiin
1183 3515 1403 3571 meditationibus
1423 3517 1542 3588 pascitur
1560 3517 1633 3585 fidei,
1649 3518 1801 3591 liberrime,

161 3614 320 3680 surgentem
337 3619 344 3657 ε
362 3609 389 3656 ει
412 3600 482 3654 lorte
500 3597 606 3654 vicinus
621 3606 663 3653 εει
681 3598 741 3654 dica
760 3600 819 3655 istis
840 3601 912 3671 liliis,
927 3611 955 3658 ει
1006 3603 1153 3670 uberrime,
1169 3603 1341 3676 voluptuose.
1357 3605 1437 3660 Putas
1452 3606 1525 3678 quod
1540 3606 1670 3665 Salomon
1685 3609 1803 3666 inomni

159 3696 231 3752 inter
244 3691 301 3747 lilia
319 3690 380 3757 eius
402 3686 561 3756 frequenter
581 3700 648 3740 aura
670 3686 796 3757 quadani
819 3697 847 3744 ει
869 3705 954 3762 vapor
1006 3691 1094 3764 gloria
1109 3707 1160 3748 sua
1173 3693 1288 3749 vestitus
1304 3701 1344 3748 εει
1362 3694 1430 3749 sicut
1448 3709 1558 3766 sponsa,
1579 3713 1641 3768 quae
1659 3698 1731 3754 inter
1744 3697 1802 3755 lilia

159 3781 300 3846 hauritum
316 3784 345 3832 et
364 3775 422 3846 ipse
437 3788 555 3843 sponsus
570 3772 598 3826 in
611 3772 674 3826 liliis
687 3773 817 3844 pascitur,
834 3778 880 3847 qui
892 3778 953 3850 ipse
1005 3780 1143 3850 pasettnrt
1172 3780 1313 3849 Quomodo
1344 3798 1398 3839 uon
1420 3783 1542 3855 gloriose
1569 3785 1675 3851 vestita,
1702 3786 1803 3843 vallata

159 3880 187 3928 at
209 3870 294 3925 lilium
312 3872 355 3922 est
373 3859 546 3926 convallium,
564 3868 591 3916 ct
613 3859 706 3916 lumen
727 3862 792 3918 diei.
807 3864 892 3921 Dulce
911 3876 953 3923 εει
1005 3868 1089 3923 liliis?
1103 3868 1181 3935 Nam,
1200 3871 1250 3925 etsi
1263 3872 1361 3925 umbra
1375 3871 1501 3928 obseurat
1516 3873 1646 3943 speeiem,
1662 3875 1745 3931 sentit
1760 3883 1801 3930 ta·

159 3972 226 4032 orgo
240 3951 441 4026 compascendo
455 3964 517 4004 cum
531 3948 591 4019 ipso
606 3950 755 4020 praestolari
769 3951 867 4024 ipsum,
883 3971 953 4027 prae·
1005 3973 1068 4014 men
1082 3957 1206 4029 odorem,
1221 3958 1303 4014 sentit
1317 3959 1540 4017 vestimentorum
1555 3961 1732 4037 fragrantiam
1748 3982 1756 4021 ε
1773 3972 1801 4021 ει

157 4045 251 4104 stolati
270 4044 341 4097 inter
363 4038 429 4109 lilia,
454 4037 543 4093 donec
560 4035 616 4092 diei
639 4038 733 4094 lumen
760 4039 871 4111 aspiret.
892 4041 952 4099 91)
1005 4044 1034 4099 in
1049 4045 1090 4100 his
1104 4045 1245 4115 sapientiae
1259 4047 1338 4119 quasi
1353 4047 1453 4102 lamam
1468 4047 1608 4116 odoratur,
1624 4050 1712 4108 donec
1725 4051 1801 4124 aspi-

156 4138 277 4206 Tempus
286 4128 352 4186 illud
363 4127 495 4196 declarat,
506 4125 540 4181 de
551 4140 605 4197 quo
618 4125 717 4181 dicitur
729 4141 735 4180 ι
746 4126 877 4188 Sotiobor
886 4149 950 4189 cum
1005 4141 1048 4190 ret
1061 4134 1130 4203 dies,
1143 4140 1170 4189 et
1179 4133 1341 4191 inclinentur
1354 4137 1475 4203 umbrae3
1487 4137 1514 4192 id
1528 4146 1581 4205 est,
1594 4134 1681 4197 donec
1696 4141 1800 4213 aspiret

157 4221 324 4300 apparuerit
333 4219 424 4291 clorio
439 4220 489 4273 tao
499 4215 586 4285 (Ptol.
602 4230 664 4281 xvi,
682 4219 736 4286 lb).
749 4216 824 4273 Tunc
835 4234 914 4276 verus
924 4231 951 4277 et
1004 4221 1071 4288 dies,
1087 4230 1116 4277 et
1130 4223 1311 4296 sempiternus
1321 4225 1389 4282 dies.
1402 4226 1604 4294 Quarndiudies
1619 4237 1646 4285 ει
1660 4244 1714 4286 nox
1724 4231 1798 4287 vices

156 4322 275 4371 aeternus
289 4305 420 4379 aspirabit
437 4304 505 4372 dies,
527 4319 590 4360 curn
608 4303 783 4375 aenigmatum
803 4305 831 4361 in
850 4309 949 4379 quibus
964 4350 987 4427 ss
1004 4311 1147 4377 alemant,
1168 4328 1223 4368 non
1244 4313 1370 4369 videntur
1390 4314 1494 4372 umbrae
1510 4317 1645 4373 reclinatae
1667 4333 1703 4374 cx
1726 4325 1795 4387 toto,

155 4405 245 4461 adbuc
266 4399 401 4465 videmus,
421 4396 527 4449 umbras
548 4392 760 4451 inclinabuntur.
788 4396 881 4451 Plures
904 4399 949 4458 bic
1002 4399 1067 4456 dom
1082 4408 1179 4457 statum
1193 4402 1304 4459 babent.
1321 4403 1374 4459 Ubi
1387 4419 1455 4477 ergo
1468 4405 1606 4462 reclinatae
1620 4408 1797 4478 suntidpud

156 4492 261 4549 umbrae
288 4492 351 4541 sunt
377 4497 383 4537 :
411 4481 507 4537 umbra
531 4479 656 4548 fallaciae,
683 4482 780 4535 umbra
800 4482 945 4555 refrigerii,
1001 4491 1109 4546 Patrem
1130 4491 1222 4563 utique
1236 4493 1355 4562 luminis,
1370 4495 1442 4565 apud
1458 4510 1539 4565 quem
1554 4510 1608 4551 non
1630 4503 1672 4551 εει
1685 4496 1795 4553 vicissi-

154 4580 254 4636 ombra
266 4575 370 4646 sigurae.
386 4572 417 4626 ln
429 4569 518 4642 prima
528 4582 643 4639 serpens
654 4567 754 4623 dormit
766 4585 773 4634 ;
784 4568 812 4622 iu
825 4573 947 4628 secunda
1000 4578 1102 4634 tudinis
1115 4579 1288 4636 obumbratio
1302 4581 1404 4651 (Jacob,
1420 4597 1440 4648 r,
1459 4582 1513 4654 ll).
1526 4582 1622 4638 Omnis
1636 4583 1795 4643 vicissitudo

154 4679 254 4739 sponsa
264 4656 524 4734 quiescit3intertia
533 4671 649 4727 sponsus
657 4655 800 4714 delitescit.
811 4658 850 4714 De
860 4661 947 4732 prima
999 4665 1214 4722 obumbrationis
1236 4668 1322 4724 instar
1343 4669 1433 4735 babet,
1450 4675 1478 4724 ει
1492 4669 1556 4725 dum
1572 4671 1617 4725 alii
1640 4671 1712 4727 aliud
1727 4688 1793 4730 suo-

154 4755 252 4812 dicitur
263 4770 269 4806 :
282 4751 314 4805 ln
328 4746 543 4806 onrbrodormt't
554 4746 621 4814 (lob.
634 4759 681 4814 ιιι,
694 4746 738 4815 lb)
751 4760 757 4799 :
770 4747 944 4819 desecanda,
999 4755 1080 4821 cedit,
1106 4757 1306 4828 quodammodo
1334 4756 1476 4813 abscondit
1499 4767 1526 4815 ct
1550 4760 1695 4816 obumbrat
1718 4762 1793 4834 quod

154 4833 944 4911 incorrectosqnemdesideraveramaedttbmt.n,3).
998 4845 1137 4915 praecedit.
1149 4846 1205 4901 lloc
1214 4861 1281 4917 ergo
1291 4845 1412 4919 estquod
1422 4848 1496 4919 dicit,
1505 4849 1591 4906 donec
1602 4852 1711 4923 aspiret
1721 4851 1790 4920 dics,

152 4934 187 4992 de
210 4929 301 4994 tertia,
316 4925 379 4998 quia
394 4922 538 4995 sapientia
560 4922 591 4976 in
610 4924 742 4993 mysterio
763 4923 945 4985 absconditor
997 4937 1025 4991 et
1035 4935 1214 4990 inclinentur
1227 4934 1351 5004 umbr·oe,·
1361 4937 1389 4990 id
1399 4944 1441 4992 est
1455 4937 1544 4995 donec
1561 4938 1663 5010 aspiret
1677 4939 1747 5007 dies,
1763 4949 1792 4997 et

151 5024 177 5097 (ι
189 5023 251 5080 eor,
268 5033 298 5086 ιι,
314 5018 353 5088 7).
369 5013 472 5069 Omnes
482 5009 541 5066 istae
551 5008 757 5066 reclinabuntur
766 5015 870 5071 umbrae
880 5032 943 5073 cum
995 5021 1092 5092 plenus
1113 5021 1294 5093 sempiternus
1319 5024 1458 5092 meridies,
1486 5025 1533 5099 qui
1557 5027 1669 5082 umbras
1692 5041 1789 5084 omnes

149 5108 309 5184 aspiraverit
323 5103 392 5171 dies,
408 5100 504 5156 umbra
519 5097 630 5166 fraudis,
643 5101 741 5154 umbra
754 5099 826 5170 fidei,
843 5104 943 5160 umbra
996 5108 1134 5165 annihilet.
1149 5112 1201 5179 Qui
1210 5116 1379 5184 poscuntur,
1389 5113 1486 5187 inquit,
1498 5117 1530 5171 io
1541 5117 1611 5172 titiis
1620 5116 1706 5174 donee
1716 5117 1790 5189 ospi-

148 5196 282 5272 mysterii.
297 5194 372 5249 Tunc
386 5189 439 5245 erit
456 5189 552 5244 umbra
567 5189 649 5257 nulla,
666 5188 729 5259 quia
744 5188 843 5245 veritas
856 5190 939 5248 nuda.
994 5202 1037 5253 ret
1051 5197 1118 5264 dies,
1129 5202 1158 5254 et
1167 5200 1347 5258 inclinentur
1357 5201 1484 5269 ambrae;
1496 5204 1547 5260 boc
1557 5213 1607 5270 εει,
1620 5203 1667 5276 qui
1678 5202 1788 5276 sapien-

147 5289 223 5346 Tune
246 5298 314 5356 ergo
328 5279 541 5344 reclinabuntur,
557 5293 618 5349 quae
632 5276 713 5332 modo
728 5283 792 5332 suut
805 5277 937 5336 exdate.
993 5283 1037 5341 tiae
1050 5285 1220 5344 oblectantur
1233 5296 1260 5344 ει
1273 5298 1421 5361 pascuntur
1435 5292 1530 5361 odore,
1547 5291 1637 5348 donec
1647 5292 1706 5363 ipse
1717 5291 1786 5349 lucis

146 5375 233 5435 Vultis
242 5385 325 5427 nosse
335 5385 417 5442 quam
427 5367 509 5423 altae‘l
522 5366 637 5439 Operuit
646 5368 754 5422 anantes
763 5363 864 5422 ambro
874 5369 938 5439 ejus
991 5383 1100 5431 aetcrnae
1120 5377 1224 5435 candor
1241 5377 1391 5437 illucescat.
1410 5381 1560 5454 Utrumque
1578 5380 1787 5438 commendatur

146 5466 234 5545 (Prot.
259 5475 350 5534 aaut,
367 5459 422 5532 tt).
444 5458 571 5535 Magnus,
580 5468 660 5513 mant
673 5452 772 5515 Paulus
788 5468 795 5512 :
810 5463 936 5530 opertum
989 5461 1017 5545 in
1030 5463 1103 5538 liliis,
1118 5467 1230 5541 candor,
1244 5475 1273 5530 et
1285 5469 1364 5533 odor.
1373 5469 1411 5530 Ει
1424 5469 1493 5530 odor
1502 5470 1614 5545 quidem
1629 5469 1695 5537 quid
1709 5468 1787 5532 aliod
