3706 5962
158 221 210 281 tte

154 341 232 418 quasi
245 343 390 400 terminum
411 358 494 417 quem
516 358 572 400 non
590 341 806 416 transgrediatur
819 343 945 419 praeliglt,

153 433 196 489 cui
209 432 531 506 precipiturseptuagies
541 431 644 503 septies
658 431 687 487 in
701 432 745 488 die
759 431 858 488 delicta
867 431 948 489 toties

153 519 293 577 confitenti
308 520 410 577 donare
425 518 541 592 (xatttt
554 535 634 587 xvxix,
652 522 708 593 ιι).

189 613 216 664 3.
231 607 300 664 vids
320 624 401 681 quam
423 623 523 681 magua
539 608 682 664 multitudo
697 607 849 665 dulcedinis
861 609 891 664 iu
913 607 951 663 la·

152 697 204 753 biis
217 712 334 769 sponsae,
349 714 411 768 quae
425 697 531 769 quoties
553 697 612 767 ipse
627 697 765 769 perellluis
786 698 814 753 in
838 697 948 764 malurn,

153 787 243 854 toties,
259 786 282 841 si
297 785 476 855 convertaris,
490 785 550 858 ipsa
567 785 614 841 tibi
628 785 742 842 distillat
752 786 780 841 in
795 787 907 855 bonum,
923 793 950 840 et

44 905 49 911 -
151 874 307 946 praebendae
321 875 409 931 veniae
430 875 535 932 vicibus
559 890 614 930 non
637 875 803 931 exhauritur.
824 875 949 947 Denique

150 963 237 1019 instar
250 964 411 1035 angelorum
424 964 476 1019 Dei
491 979 546 1020 non
569 963 689 1034 insultat,
705 965 754 1020 sed
773 964 888 1020 exsultat
903 980 948 1018 su·

151 1069 201 1123 per
228 1061 373 1124 peccatore
397 1052 586 1123 poenitentiam
609 1060 709 1127 agente
734 1053 813 1119 (luc.
830 1068 878 1119 xx,
895 1053 947 1120 lo).

150 1142 255 1197 Βοιιιιιιι
265 1157 333 1214 ergo
345 1150 388 1197 est
403 1141 481 1196 labiis
492 1143 552 1210 eJus
566 1142 687 1196 auditum
699 1143 830 1212 praebere.
842 1141 912 1195 Nam
922 1145 948 1195 et

149 1231 282 1286 Dominus
301 1231 426 1300 precibus
448 1231 508 1300 ejus
528 1246 624 1286 aurem
647 1228 949 1301 accommodatumque

152 1326 227 1373 tuum
238 1327 369 1389 provocat
382 1326 410 1374 et
419 1318 514 1374 invitat
523 1317 663 1384 allectum,
674 1326 704 1374 ot
715 1318 813 1390 prodat
822 1324 850 1371 et
858 1333 947 1372 suum.

150 1406 285 1477 Loquere,
298 1421 410 1476 sponsa,
428 1407 501 1479 quod
516 1407 647 1478 loqueris,
659 1407 723 1478 quia
737 1406 812 1461 audit
826 1420 887 1462 cum
902 1405 950 1462 de·

149 1492 251 1548 siderio
272 1492 387 1549 dilectus
406 1502 467 1550 tuus
491 1495 549 1551 sire
573 1496 758 1566 disputantem
778 1495 813 1550 de
836 1511 876 1561 se,
892 1496 949 1551 sive

804 217 999 279 ulttttttttttt
1017 215 1152 277 stultis

1752 213 1805 274 18⁰

1007 344 1062 402 mel
1077 347 1105 401 et
1120 344 1164 399 lac
1176 341 1227 398 rub
1243 340 1340 412 liupuo
1355 343 1415 397 tua.
1429 338 1494 395 ldeo
1508 344 1614 395 eructat
1628 338 1743 394 verbum
1757 339 1804 396 bo·

1006 448 1071 486 num
1088 445 1094 485 ε
1110 430 1223 486 verbum
1238 435 1293 483 tam
1309 426 1434 483 melleum
1450 443 1532 500 quarn
1549 427 1677 495 lacteum,
1691 437 1805 500 propter

1004 518 1090 576 nti
1109 517 1222 574 Deitatis
1236 517 1417 587 majestatem,
1434 523 1461 572 et
1477 525 1591 588 propter
1605 516 1804 573 lucarnationis

1003 607 1172 680 mysterium.
1188 606 1292 678 Lingua
1306 613 1335 662 et
1354 605 1425 660 labia
1439 620 1471 661 ac
1490 605 1512 659 sl
1532 604 1641 676 quidam
1656 613 1804 676 argenteus

1003 694 1104 752 canaba
1122 703 1196 758 sunt,
1211 709 1357 766 perquem
1376 694 1410 748 de
1432 692 1523 749 cordis
1543 691 1618 747 lonte
1634 692 1712 748 rivuli
1726 694 1803 750 lactis
1834 754 1836 759 ,

1004 793 1032 839 et
1053 783 1141 838 mellis
1164 789 1319 854 erumpunt.
1337 783 1489 854 Utrumque
1503 779 1594 848 dulce,
1611 780 1661 836 sed
1675 782 1804 838 distincta

1003 870 1128 927 dulcedo.
1154 871 1207 926 an
1229 869 1405 943 parvulorum
1430 878 1482 935 est,
1506 874 1536 923 ut
1559 867 1658 924 Paulus
1682 868 1804 942 lequltur

1003 961 1028 1035 (l
1042 963 1103 1019 Cor.
1119 976 1160 1026 xxx,
1182 965 1207 1028 l,
1224 962 1262 1030 ι).
1278 960 1311 1014 Et
1325 958 1398 1014 idern
1414 956 1485 1013 inter
1499 956 1638 1028 perlectos
1652 957 1760 1015 dulcem
1776 967 1805 1015 et

1003 1047 1123 1104 divium
1141 1055 1170 1104 et
1189 1046 1268 1121 quasi
1292 1046 1418 1103 melleam
1438 1044 1601 1117 sapientiam
1624 1045 1705 1104 docet
1718 1049 1804 1118 (idem

1002 1153 1033 1204 ιι,
1054 1138 1092 1207 6).

1038 1230 1065 1281 5.
1081 1225 1135 1280 xlii
1149 1226 1201 1281 mel
1216 1232 1321 1279 tantum
1336 1224 1438 1279 liabent
1449 1224 1501 1278 sub
1515 1223 1619 1297 lingua,
1629 1231 1657 1281 et
1669 1241 1725 1280 non
1740 1225 1800 1281 lac:

1002 1314 1048 1370 alii
1063 1320 1168 1370 tautum
1177 1313 1232 1378 lac,
1242 1320 1268 1367 et
1283 1328 1339 1367 non
1352 1311 1416 1369 mel.
1428 1312 1481 1367 illel
1490 1320 1583 1368 autern
1594 1321 1621 1369 et
1635 1313 1678 1368 lac
1688 1321 1804 1385 utraque

1002 1402 1104 1476 parite'r
1117 1402 1169 1459 sub
1192 1401 1285 1474 lingua
1305 1408 1368 1456 sunt
1382 1416 1500 1472 sponsae.
1517 1401 1575 1457 Nec
1594 1399 1650 1456 mel
1666 1400 1739 1469 lluit,
1755 1401 1804 1457 sed

1002 1491 1088 1568 magis
1103 1490 1226 1547 distillat.
1241 1490 1300 1547 Nec
1322 1489 1397 1546 enirn
1420 1490 1521 1561 passim
1544 1497 1573 1546 et
1591 1488 1805 1560 intemperanter

149 1579 352 1652 colloquentem
367 1581 429 1637 sibi.
451 1582 507 1637 Sed
529 1597 591 1638 eum
604 1582 655 1653 ipsi
670 1582 776 1653 Sponso
794 1597 896 1653 sponsa
909 1582 949 1639 lo·
998 1580 1143 1654 profundit
1155 1580 1287 1636 sublimes
1302 1578 1364 1636 illos
1379 1585 1407 1634 et
1425 1578 1580 1635 reconditos
1593 1594 1692 1634 seusus
1707 1595 1803 1635 secre-

149 1669 250 1741 quitur,
272 1676 337 1726 tunc
355 1669 475 1743 loquitur
497 1669 525 1725 in
549 1670 658 1741 loquela
681 1671 809 1726 dulcioris
832 1670 905 1738 labii,
922 1679 949 1726 et
965 1692 987 1770 Β
1002 1675 1093 1729 torum
1102 1668 1255 1727 coelestium
1265 1672 1293 1726 et
1303 1667 1416 1724 Deitatis
1424 1683 1535 1734 amana,
1548 1683 1600 1725 nec
1616 1667 1694 1723 lactis
1709 1680 1804 1739 potum
1836 1745 1837 1748 Ἴ

148 1758 243 1832 lingua
258 1759 355 1815 altera.
370 1761 447 1815 Tunc
460 1758 552 1816 cordis
564 1759 636 1815 labia
650 1776 715 1816 vere
730 1759 812 1816 mella
826 1759 949 1817 delecta·
1002 1760 1061 1815 sine
1076 1758 1184 1816 delectu
1198 1758 1333 1829 propinat.
1348 1757 1409 1829 llel,
1426 1756 1523 1829 inquit,
1538 1763 1566 1814 et
1582 1759 1626 1813 lac
1639 1756 1690 1814 aab
1706 1759 1806 1830 liopuc

149 1847 231 1904 tioms
249 1849 352 1904 stillant
366 1848 482 1915 divinae;
503 1848 558 1904 imo
573 1863 628 1904 non
653 1857 706 1903 tam
721 1848 853 1904 distillant
867 1865 949 1921 quarn

150 1935 246 1999 lluunt,
259 1935 386 2007 quoniam
397 1936 463 1992 hora
474 1936 519 1991 illa
529 1936 557 1992 ln
567 1936 681 1993 melleas
690 1937 851 1993 allectiones
860 1937 950 1991 anima

151 2030 206 2079 tota
225 2023 400 2081 convertitur.
417 2025 499 2080 Beata
513 2024 682 2091 vicissitudo,
698 2026 807 2098 quaudo
821 2025 856 2081 de
866 2026 949 2082 corde

149 2127 259 2184 sponsae
272 2112 396 2185 quasdam
407 2113 509 2169 lluenta
523 2114 612 2170 mellis
627 2123 755 2170 emanant
766 2114 794 2169 in
808 2114 947 2182 dilectum,

150 2208 179 2256 et
200 2201 235 2255 ab
253 2199 313 2269 ipso
338 2199 490 2257 redundant
504 2201 532 2255 in
555 2217 694 2272 sponsam.
710 2203 753 2258 Ad
771 2203 861 2259 locum
877 2203 949 2259 enim

150 2288 224 2344 uude
239 2294 340 2342 exeunt
359 2289 417 2344 lxaec
429 2290 518 2345 mellis
533 2290 655 2356 llumina,
672 2299 844 2348 revertuntur
858 2301 887 2347 ut
901 2292 951 2349 ite·

151 2391 209 2432 rum
225 2375 320 2431 fluant.
331 2376 398 2433 Boni
414 2378 466 2432 lavi
481 2378 509 2434 in
523 2379 602 2434 labiis
616 2379 709 2451 sponsi
723 2388 751 2436 et
763 2396 873 2452 sponsae
887 2397 950 2437 eru-

151 2473 259 2522 ctantes
275 2480 308 2520 ex
322 2466 375 2521 boc
390 2465 418 2519 ln
436 2465 513 2534 illud,
530 2475 558 2523 et
571 2467 689 2524 invicem
709 2476 835 2525 rorantes
849 2470 950 2526 amoris

151 2553 336 2611 dulcedinem.
353 2552 401 2610 llle
424 2554 544 2625 desuper
565 2555 667 2612 irrorat
688 2557 826 2628 gratiam:
850 2558 950 2614 illude

151 2644 279 2700 deorsum
303 2642 440 2698 actionem
465 2645 624 2717 gratiarum.
640 2646 701 2716 lpse
715 2647 795 2701 lesus
816 2645 845 2699 in
860 2647 951 2702 anima

152 2731 252 2786 dilecta
262 2729 332 2784 roris
351 2731 433 2801 hujus
447 2731 540 2785 mellei
555 2731 641 2785 stillas
655 2732 759 2802 genuit.
776 2733 875 2790 Dulces
888 2750 951 2789 orn·

151 2818 217 2875 nino
231 2817 309 2873 stillae
322 2817 401 2878 roris.
412 2817 574 2874 allectiones
584 2818 637 2874 illae
648 2819 729 2874 divini
740 2822 849 2892 amoris,
862 2838 950 2894 quan-

151 2904 188 2961 do
203 2920 303 2977 sponsa
321 2902 466 2976 liquefacta
483 2913 538 2960 tota
553 2906 695 2962 distillata
710 2907 779 2965 lucie
795 2911 855 2980 ejus
869 2927 950 2981 quem

1004 1853 1064 1905 lua.
1080 1848 1142 1904 Non
1159 1847 1233 1903 enim
1248 1861 1339 1902 sermo
1355 1853 1397 1901 est
1415 1845 1457 1901 rel
1473 1845 1581 1901 interna
1596 1845 1741 1902 dulcedine
1755 1863 1805 1903 va-

1003 1952 1080 2003 cuus,
1097 1936 1140 1992 vel
1162 1936 1279 1991 luteruae
1294 1932 1432 1989 dulcedini
1445 1942 1613 2006 ooaequatus.
1630 1935 1660 1988 lu
1677 1943 1806 2006 promptu

1003 2032 1045 2080 est
1069 2023 1108 2079 illi
1129 2024 1219 2080 dulcia
1241 2021 1327 2095 loqui,
1344 2023 1394 2077 sub
1414 2025 1493 2094 cujus
1517 2022 1609 2094 lingua
1630 2023 1685 2078 mel
1703 2027 1733 2080 et
1752 2023 1805 2080 lac.

1003 2112 1086 2168 Beata
1101 2112 1206 2187 lingua,
1218 2128 1279 2183 quae
1289 2111 1364 2167 velut
1379 2110 1456 2167 larus
1466 2111 1589 2181 distillat,
1602 2119 1631 2169 et
1640 2112 1713 2169 velut
1721 2113 1807 2169 ubera

1004 2200 1128 2273 quaedam
1143 2200 1319 2272 parvulorum
1332 2199 1404 2254 lacte
1417 2198 1601 2271 distenditur;
1616 2215 1677 2272 quas
1691 2199 1744 2255 mel
1759 2200 1805 2255 di-

1004 2288 1101 2354 stillat,
1118 2295 1145 2344 et
1166 2286 1209 2344 lac
1233 2287 1300 2342 lluit.
1322 2286 1417 2344 Omnis
1435 2286 1538 2343 elamor
1559 2296 1586 2342 et
1604 2288 1756 2344 amaritudo
1776 2297 1805 2345 et

1003 2376 1172 2450 blasphemia
1195 2376 1277 2448 longe
1299 2377 1334 2430 ab
1357 2359 1417 2431 istis
1430 2375 1607 2446 proscribitur
1622 2377 1717 2448 labiis,
1732 2376 1803 2434 sicut

992 2463 1128 2537 'Apostoli
1152 2465 1248 2521 suadet
1271 2465 1394 2521 hortatus
1413 2463 1526 2538 (dplex
1542 2481 1581 2535 tr,
1597 2466 1655 2535 all.
1670 2465 1725 2524 Nec
1748 2473 1802 2533 est,

1002 2558 1078 2627 juxta
1088 2553 1235 2624 Psalmum,
1245 2553 1297 2611 snb
1307 2554 1407 2626 linpuu
1417 2557 1478 2627 ejus
1494 2553 1608 2613 laboret
1624 2554 1703 2612 dolor
1713 2556 1801 2623 (Psul.

1004 2658 1044 2708 rx,
1055 2645 1102 2711 7):
1116 2640 1165 2697 sed
1175 2642 1232 2699 mel
1242 2647 1269 2697 et
1282 2642 1333 2708 loc,
1345 2641 1442 2712 inquit,
1454 2642 1504 2698 sul
1521 2644 1620 2713 linpuc
1634 2645 1696 2698 lua.
1709 2646 1802 2699 Funus

1005 2730 1150 2787 distillans
1168 2729 1244 2786 lubio
1261 2730 1432 2797 meretricis,
1449 2735 1477 2786 et
1491 2729 1612 2786 nitidius
1621 2731 1679 2789 oleo
1698 2736 1803 2804 cattas·

1005 2822 1079 2890 eiua.
1089 2819 1151 2875 Nou
1161 2826 1254 2875 tamen
1268 2820 1322 2874 mel
1339 2826 1367 2874 et
1381 2819 1422 2876 lac
1437 2820 1488 2874 sub
1502 2818 1594 2892 lingua
1608 2820 1687 2890 ejus;
1704 2837 1759 2876 non
1775 2821 1803 2876 in
1820 2885 1830 2900 ὓ

1004 2905 1107 2962 intimis
1121 2907 1191 2977 ojus,
1203 2924 1259 2963 non
1269 2907 1297 2962 in
1312 2908 1414 2965 ultimis
1428 2909 1488 2979 ejus
1500 2922 1506 2962 ι
1518 2907 1729 2966 sedcouissimu
1743 2913 1803 2980 ejvs

153 2993 250 3064 diligit,
271 2992 372 3048 alacie
390 2993 440 3048 Dei
460 2992 511 3047 sui.
537 2993 602 3048 ldeo
618 2995 696 3066 quasi
720 2996 797 3051 larus
816 2996 988 3077 distillasse
1006 2997 1190 3053 amarcsicul
1204 2996 1390 3062 absinthium,
1402 3000 1430 3053 el
1440 3001 1525 3055 ocula
1537 3002 1570 3053 stt
1585 2998 1695 3069 plcdiua
1709 2998 1803 3073 biceps

151 3083 224 3141 labia
233 3083 303 3152 eius,
317 3081 433 3154 eoquod
449 3081 626 3139 vehementer
637 3084 725 3142 dulcis
738 3094 779 3142 est
793 3085 832 3141 sic
845 3087 951 3145 all'ectae

152 3169 252 3226 mentis
275 3170 434 3238 succensio,
450 3169 500 3226 sed
514 3170 593 3227 velox
608 3172 733 3241 succisio,
750 3182 862 3246 propter
875 3176 951 3232 illum

152 3259 261 3316 dulcem
273 3258 300 3313 in
321 3275 463 3316 excessum
487 3261 586 3316 mentis
610 3269 727 3334 raptum,
744 3271 771 3319 ot
789 3272 900 3336 propter
913 3265 952 3321 cl·

137 3353 207 3428 ίιιιιι
223 3347 459 3419 interruptionem.

190 3437 216 3492 l.
227 3439 319 3493 Fruar
327 3437 474 3496 distillant
484 3437 559 3494 labin
572 3442 632 3495 luc.
645 3440 764 3515 Purgata
772 3441 884 3497 omnino
893 3442 951 3499 baec

153 3540 206 3598 epo
221 3524 387 3582 crediderim
402 3525 536 3591 labia,.ds
551 3526 650 3595 quibus
664 3527 724 3599 ipse
736 3531 815 3585 lesus
829 3530 951 3587 dulcedi-

152 3629 217 3670 uom
232 3612 359 3669 ruelleam
374 3615 484 3668 haurire
499 3629 529 3669 se
541 3623 656 3685 reputat.
673 3616 749 3673 lsaiae
763 3618 834 3673 labia
849 3619 950 3692 forcipe

152 3708 181 3756 et
195 3700 315 3755 carbone
331 3699 366 3755 tle
385 3698 464 3753 altari
479 3707 550 3756 tacta
563 3709 714 3775 purgantur
729 3703 796 3774 (lto.
812 3722 851 3776 ιιι,
867 3710 893 3774 6,
910 3708 950 3777 7).

152 3788 239 3854 llicit,
252 3786 341 3860 inquit
351 3786 428 3854 alius,
440 3803 561 3844 menum
570 3804 652 3846 setam
661 3792 808 3859 Dominus,
818 3797 846 3848 st
856 3796 951 3865 tctipr't

152 3894 183 3936 or
192 3893 287 3934 rosum
298 3879 365 3947 (lor.
378 3892 399 3944 ι,
416 3881 454 3946 9).
466 3877 534 3947 Quae
548 3894 647 3949 sponsa
657 3886 708 3946 est,
724 3896 779 3938 non
790 3885 948 3951 carbonem,

152 3982 208 4022 non
231 3965 345 4038 digitum
370 3973 455 4037 optat,
471 3966 519 4022 sed
541 3967 599 4023 oris
619 3975 784 4026 contactum.
802 3973 950 4031 Osculelstr

152 4071 207 4121 me,
224 4053 319 4127 iuquit,
336 4057 429 4112 osculo
444 4055 559 4113 osbrat
573 4059 668 4127 (cnut.
682 4075 702 4125 1,
719 4061 746 4127 l)
764 4074 770 4112 :
788 4058 858 4115 labia
871 4061 949 4118 labiis

1008 3085 1098 3154 (Pron.
1118 3100 1145 3150 r,
1163 3089 1189 3150 3,
1209 3087 1246 3150 l).
1262 3086 1302 3141 De
1324 3085 1437 3141 muliere
1450 3101 1516 3141 sero
1536 3086 1599 3141 lorti
1622 3088 1675 3143 hoc
1687 3087 1759 3143 idem
1776 3088 1804 3142 in

1005 3172 1159 3230 Proverbiis
1175 3173 1262 3244 inquit
1279 3188 1285 3227 :
1302 3174 1448 3231 Fortitudo
1463 3180 1491 3230 el
1505 3174 1586 3232 dcem
1598 3177 1803 3233 indumentum

1006 3263 1077 3333 ejus,
1089 3270 1114 3318 et
1123 3261 1225 3320 ridebit
1237 3265 1268 3318 iu
1279 3261 1324 3319 dte
1334 3265 1486 3321 novissimo
1495 3264 1546 3332 (id.
1558 3279 1640 3332 xxxx,
1653 3266 1709 3337 25).
1721 3265 1806 3337 Spiri-

1006 3350 1106 3406 tnalem
1124 3350 1201 3406 illum
1224 3359 1251 3408 et
1265 3367 1329 3408 vere
1354 3353 1462 3408 beatum
1483 3352 1567 3407 risum
1583 3354 1641 3424 jam
1654 3369 1727 3409 nuuc
1741 3369 1804 3424 pcr-

1006 3438 1071 3493 turit
1084 3453 1116 3494 os
1130 3442 1200 3510 ejus,
1216 3448 1244 3496 et
1265 3440 1340 3512 quasi
1355 3439 1472 3495 dulcedo
1487 3440 1547 3510 ejus
1568 3441 1619 3496 sub
1634 3441 1725 3513 lingua
1739 3441 1805 3497 lati-

1006 3535 1053 3585 tat.
1068 3530 1206 3587 Ebullient
1219 3538 1309 3586 autem
1328 3547 1390 3602 quae
1414 3545 1486 3587 nunc
1501 3530 1620 3587 subsunt
1641 3532 1695 3586 mel
1709 3535 1736 3587 el
1749 3531 1801 3601 lac,

1005 3617 1032 3672 iu
1047 3619 1154 3690 plenam
1169 3618 1290 3674 laetitiam
1311 3619 1398 3675 indie
1414 3619 1571 3674 novissimo.
1589 3620 1666 3675 Tunc
1681 3620 1753 3676 nulla
1769 3637 1803 3676 ex

1004 3716 1081 3777 parte
1095 3708 1172 3781 quasi
1186 3711 1238 3764 sub
1261 3709 1354 3782 lingua
1370 3718 1511 3779 premetur
1525 3709 1642 3778 silentio,
1659 3710 1708 3766 sed
1722 3727 1803 3781 pres-

1004 3811 1063 3851 sum
1078 3797 1124 3853 diu
1148 3806 1306 3870 prorumpet
1321 3798 1462 3871 gaudium,
1479 3807 1507 3853 et
1522 3797 1676 3870 implebitur
1690 3813 1721 3854 os
1742 3801 1804 3869 ejus

1004 3883 1060 3938 risu
1078 3898 1084 3937 :
1099 3899 1139 3952 os,
1155 3885 1277 3957 inquam,
1288 3884 1418 3953 mulieris,
1431 3887 1509 3955 cujus
1523 3886 1664 3956 fortitudo
1678 3890 1708 3941 el
1722 3886 1805 3944 dcem

1002 3972 1203 4030 indumentum
1213 3975 1283 4045 ejus.
1294 3972 1360 4028 Vide
1372 3973 1508 4044 quomodo
1518 3988 1573 4028 nou
1583 3980 1690 4045 oportet
1700 3973 1803 4030 nudam

1003 4060 1130 4127 inveniri,
1147 4077 1208 4132 quae
1223 4061 1356 4132 promissa
1373 4061 1424 4115 sibi
1439 4068 1578 4131 exspectat
1596 4059 1697 4132 gaudia
1712 4060 1800 4118 reddi.

42 4163 51 4186 ι
152 4143 297 4201 debentur.
308 4143 367 4200 Nec
381 4143 453 4200 enim
467 4144 502 4200 de
518 4159 627 4216 sponsae
640 4144 719 4201 labiis
733 4148 950 4219 exprimerentur
1039 4152 1065 4205 6.
1080 4149 1148 4217 Quis
1164 4148 1216 4205 scit
1231 4149 1254 4204 si
1270 4165 1325 4205 uon
1339 4150 1398 4205 lraec
1421 4149 1480 4220 ipsa
1499 4156 1563 4204 sunt
1579 4148 1753 4217 indumenta,
1767 4148 1803 4205 de

152 4234 327 4302 dulcedines,
351 4234 374 4290 si
401 4248 457 4290 non
484 4234 562 4290 labiis
595 4235 819 4306 imprimerentur
847 4238 947 4296 dilecti.
1003 4238 1101 4309 quibus
1116 4238 1143 4293 in
1159 4239 1210 4294 lroe
1223 4238 1320 4295 codem
1335 4237 1437 4294 Canusi
1452 4237 1511 4294 loco
1523 4238 1716 4311 subsequitur:
1731 4240 1803 4309 Quia

152 4321 224 4392 Quid
248 4330 339 4379 autern
366 4323 418 4379 nisi
437 4323 523 4380 osculi
551 4324 698 4393 suavitate,
722 4326 795 4396 quod
813 4325 848 4382 de
871 4327 949 4385 labiis
965 4345 989 4424 n
1003 4329 1070 4387 odor
1078 4331 1312 4388 vestimentorum
1322 4335 1436 4386 tuorum
1445 4331 1598 4386 siculodor
1608 4327 1721 4386 llum?
1733 4329 1802 4403 Ope-

150 4428 258 4484 sponsae
274 4413 354 4486 rapit,
365 4429 395 4469 se
411 4412 575 4469 delectatum
584 4415 687 4487 gaudet
701 4430 763 4471 cum
772 4414 847 4482 dicit,
859 4419 949 4475 Foras

150 4504 294 4561 distillans
311 4505 386 4562 labia
402 4504 476 4561 tuo?
491 4505 607 4576 Propter
621 4492 777 4578 utrumque,
795 4513 822 4562 et
836 4515 948 4579 propter

149 4591 271 4646 osculum
299 4590 448 4659 charitatis,
465 4598 493 4645 et
515 4599 628 4663 propter
652 4593 792 4649 oraculum
814 4594 946 4651 veritatis.

149 4681 250 4743 Ferus,
267 4679 364 4750 inquit,
381 4680 524 4736 distillans
540 4682 615 4738 labia
638 4686 705 4748 lua,·
723 4684 779 4740 utel
794 4688 823 4739 cl
839 4685 882 4741 luc
896 4685 947 4743 aab
967 4728 971 4737 .

149 4768 249 4840 linqua
265 4772 324 4823 tuo.
340 4767 416 4822 lstud
426 4770 482 4837 jam
492 4769 603 4840 proprie
617 4770 652 4824 ad
662 4770 763 4842 eloquii
776 4774 892 4843 gratiam
905 4791 948 4831 re·

146 4855 235 4928 spicit.
252 4855 321 4911 Nam
343 4855 477 4911 labiorum
500 4873 565 4911 usus
589 4857 671 4912 etiam
694 4859 728 4913 ad
742 4865 865 4917 osculum
879 4871 944 4918 est:

1004 4414 1799 4491 rul,inquitl’salmista,injejunioaaimcmmenmll’scl.

1003 4506 1799 4580 uxrxxx,ll):itcm,llumils'ttboinjejuuiocnimammecm,

1003 4602 1030 4653 et
1044 4597 1137 4656 oratio
1147 4614 1209 4655 mea
1219 4599 1250 4654 in
1264 4598 1331 4655 sinu
1343 4611 1402 4655 meo
1412 4600 1590 4653 convertetur
1600 4595 1686 4668 (Paul.
1698 4610 1798 4663 xxxxv,

1004 4685 1057 4758 ll).
1069 4687 1141 4742 Bona
1157 4686 1240 4744 vestis
1253 4685 1396 4756 ieiunium,
1412 4684 1440 4739 in
1453 4687 1530 4756 cujus
1544 4683 1605 4739 sinu
1622 4683 1738 4755 quodam
1753 4700 1798 4739 se·

1001 4784 1076 4831 creto
1095 4775 1181 4831 oratio
1196 4783 1389 4831 commoratur.
1406 4774 1497 4830 Vestis
1510 4780 1551 4829 est
1566 4789 1628 4844 quae
1642 4772 1730 4827 sinunt
1745 4773 1797 4826 ha-

1001 4864 1047 4918 bet
1062 4881 1069 4918 :
1087 4865 1181 4921 Oratio
1189 4879 1251 4919 mea
1259 4865 1291 4918 t'n
1302 4865 1366 4919 mnu
1380 4879 1442 4921 meo
1452 4865 1642 4920 corsosrtetur.
1653 4861 1744 4916 Habes
1754 4860 1797 4917 lxlc

145 4943 246 5021 linguae
261 4960 336 5013 vero,
352 4944 388 5001 ad
402 4945 539 5017 eloquium
555 4953 667 5003 tantum.
684 4949 745 5004 Non
765 4957 870 5007 tuntum
884 4950 945 5007 dul·

145 5037 215 5093 codo
229 5037 256 5091 iu
270 5035 363 5108 lingua
378 5043 464 5098 sonat.
476 5034 526 5091 sed
536 5037 593 5093 orel
609 5042 639 5093 et
648 5039 692 5094 lac
701 5039 752 5096 sub
765 5040 865 5111 linqua
880 5046 941 5097 tuo.

144 5124 275 5182 Simulata
289 5124 408 5182 dulcedo
423 5134 472 5194 est,
486 5141 548 5198 quse
570 5132 674 5181 tantum
694 5134 773 5183 sonat
796 5128 824 5183 in
838 5127 940 5200 lingua,
995 5129 1093 5202 inquit,
1110 5147 1174 5187 meu
1187 5131 1218 5187 in
1233 5132 1299 5187 sicu
1314 5147 1374 5187 oreo
1389 5136 1580 5189 convertetur.
1597 5131 1651 5186 Cur
1664 5144 1731 5185 vero
1746 5129 1793 5192 ait,

143 5220 240 5270 elnon
264 5214 380 5270 sentitur
393 5213 445 5270 sub
463 5213 535 5286 ipsa.
551 5214 658 5287 Exigua
672 5223 724 5283 est,
740 5229 801 5286 quse
821 5222 876 5271 tota
899 5226 942 5272 est
995 5219 1171 5276 iarinullu
1182 5219 1250 5277 lorte
1261 5219 1398 5276 delectum
1408 5220 1540 5277 orationis
1551 5219 1649 5290 tepidae
1659 5226 1686 5273 et
1696 5215 1793 5274 infrae-

141 5300 171 5358 ln
193 5301 273 5359 labiis
294 5310 323 5359 et
341 5304 368 5359 in
385 5303 486 5378 ungue,
503 5313 531 5361 et
548 5320 604 5361 non
618 5320 685 5377 pars
708 5305 768 5376 ojus
786 5303 875 5378 major
887 5307 939 5362 sub
995 5317 1029 5366 tte
1042 5309 1116 5366 dedit
1129 5309 1253 5384 intelligi,
1267 5309 1294 5365 in
1309 5308 1369 5383 ipso
1383 5309 1472 5382 primo
1483 5309 1672 5366 evanescentis
1681 5323 1792 5380 proces-

140 5388 243 5462 lingua.
265 5392 325 5446 Nou
340 5399 382 5447 est
396 5392 512 5450 dulcedo
531 5401 635 5449 tanturn
649 5393 677 5448 in
692 5395 753 5466 ejus
766 5392 870 5467 lingua,
886 5410 938 5452 uec
991 5415 1038 5466 su;
1054 5399 1172 5474 ideoque
1186 5399 1320 5456 diciturin
1330 5399 1450 5455 sinnsuo
1461 5397 1592 5466 converti,
1604 5397 1707 5454 ibidem
1718 5396 1791 5454 scili·

140 5486 197 5537 tota
211 5487 250 5537 est
266 5478 292 5534 in
307 5479 410 5552 lingna,
425 5482 474 5538 sed
488 5481 631 5554 sicutipse
646 5482 691 5556 qni
706 5482 783 5539 norit
796 5490 912 5540 testatur
927 5500 934 5540 :
989 5487 1221 5545 cetoocidensnbi
1231 5486 1610 5560 exhauriturlSedquomodo
1620 5483 1790 5543 convertitur

999 4959 1155 5023 utrumque,
1171 4952 1194 5006 si
1218 4951 1355 5018 advertas,
1379 4951 1456 5006 etin
1477 4950 1583 5025 jejunio
1607 4950 1795 5005 indumentum

999 5041 1173 5106 tortitudinis,
1190 5048 1218 5096 et
1240 5042 1267 5096 in
1292 5041 1416 5097 oratione
1440 5042 1554 5097 odorem
1572 5040 1669 5096 thuris.
1687 5041 1793 5105 Oratio,
