3706 5962
146 200 209 261 923'
316 192 319 197 ’
892 194 1004 256 butun
1335 238 1338 245 .
1733 182 1789 243 ml

147 323 325 396 tiqloejusii
335 325 415 381 Petr.
431 337 463 389 tr,
479 321 526 391 sl)
537 321 570 376 lit
582 320 615 376 ad
630 321 700 377 bano
714 321 871 378 charitatem
886 320 935 377 eli·
953 335 976 413 Α
991 328 1047 378 tum
1064 321 1151 380 tribus
1164 322 1261 378 dicbus
1291 329 1318 376 et
1344 319 1433 374 tribus
1459 314 1580 372 noctibus
1594 328 1642 371 ero
1657 311 1688 367 in
1701 310 1792 368 corde

146 411 173 466 bi
191 413 322 480 bortatur,
336 412 380 467 ubi
399 412 457 468 ait:
480 410 591 466 Christo
601 409 634 466 in
647 427 735 467 come
749 426 839 483 passo,
850 416 876 468 et
891 426 937 468 uos
991 416 1089 467 terrm:
1105 419 1198 482 postea
1213 412 1256 466 die
1266 410 1343 466 tertia
1357 423 1497 480 resurgam
1508 411 1647 476 perempto
1663 399 1790 473 principe

148 501 245 559 eadem
254 500 426 573 cogitatione
434 498 592 557 armemini
601 498 678 567 (ibid.
695 515 731 570 rr,
744 499 783 569 i).
800 500 873 554 lianc
887 513 938 570 pa-
993 501 1095 568 mundi,
1121 509 1148 557 et
1161 499 1286 557 ridebitis
1305 514 1360 562 mc,
1388 505 1416 553 et
1435 493 1565 571 gaudebit
1591 507 1638 547 cor
1651 496 1789 546 restrum.

59 642 62 647 .
149 603 205 644 cem
221 588 301 644 nobis
327 588 468 645 moriendo
483 585 610 657 relinquit
625 603 633 642 ε
649 587 726 642 aliam
745 603 839 657 pacem
861 586 939 644 nobis
991 587 1208 662 Quadrngesimo
1222 587 1266 642 die
1282 587 1425 642 ascendam
1441 583 1468 638 in
1482 581 1591 649 coelum,
1607 592 1738 634 sessurus
1753 575 1789 630 ad

149 677 315 750 resurgendo
328 676 446 734 donavit.
478 676 568 732 Prima
584 691 635 731 nos
648 674 743 731 liberat
761 691 778 730 n
803 685 915 748 peccato
931 697 938 733 :
993 677 1130 732 dexteram
1145 675 1242 741 earnm
1259 683 1286 731 et
1300 674 1364 730 illuc
1378 673 1481 728 traham
1505 684 1554 726 vos
1569 669 1600 724 ad
1621 683 1667 724 me
1681 666 1789 738 ipsum,

146 766 264 821 secunda
278 779 329 822 nos
340 762 496 821 reconciliat
505 763 631 820 Domino.
643 763 731 819 Prima
746 763 941 835 nobispeccau
994 781 1096 821 mecum
1110 763 1222 821 feliciter
1247 770 1405 835 regnaturos
1424 767 1470 826 ;ct
1482 758 1547 815 ideo
1561 771 1638 828 rogo,
1658 756 1789 828 gaudete.

145 851 258 908 dimittit
278 870 284 910 :
298 853 415 908 secunda
435 867 485 908 nos
509 850 542 905 ad
564 851 661 925 gandia
675 851 791 924 paradisi
806 853 939 925 perducit.
1027 855 1055 908 t.
1070 852 1094 910 0
1107 855 1178 909 bone
1190 854 1265 923 Jesu,
1275 852 1390 907 Domine
1403 849 1488 914 Deus,
1500 847 1555 903 rita
1569 860 1638 910 mes,
1655 852 1710 900 tota
1723 857 1790 914 spes

147 940 261 996 Primam
281 940 361 996 nobis
374 938 450 995 dedit
472 938 619 994 moriturus
630 937 657 993 in
673 954 754 995 cruce
772 958 778 998 :
794 942 939 998 secundem
994 957 1063 1007 mea,
1083 956 1163 998 omne
1176 941 1339 996 desiderium
1360 946 1493 1005 nostrum,
1522 935 1587 1006 quid
1615 931 1694 989 nobis
1724 930 1790 987 ais?

146 1027 226 1085 nobis
240 1027 316 1084 dabit
330 1027 358 1083 in
372 1027 523 1084 aeternitate
537 1041 653 1100 regnans
670 1042 733 1084 cum
744 1029 830 1085 Patra.
849 1029 941 1085 Prima
992 1030 1057 1102 quid
1072 1030 1152 1085 nobis
1166 1045 1215 1101 pro
1235 1039 1261 1085 te
1288 1027 1458 1099 gementibus
1484 1034 1510 1081 et
1525 1021 1683 1097 lugentibus
1694 1019 1790 1076 dicis?

147 1114 238 1172 luitin
256 1115 331 1173 luctu
349 1124 376 1174 et
390 1116 505 1172 dolore:
534 1115 652 1171 secundo
674 1115 726 1172 erit
757 1116 784 1171 in
798 1116 898 1190 gaudio
913 1125 940 1172 et
993 1119 1053 1175 Scis
1073 1119 1156 1183 enim,
1172 1118 1299 1188 uitaque
1314 1133 1450 1188 nunquam
1464 1112 1597 1177 morieris,
1611 1112 1685 1184 quod
1703 1117 1735 1165 tu
1759 1125 1790 1165 es

148 1204 335 1263 exsultatione.
351 1206 441 1261 Prima
465 1204 613 1274 lacrymosa
633 1221 640 1257 :
664 1204 783 1260 secunda
808 1206 939 1278 gloriosa.
994 1216 1075 1264 tutum
1091 1206 1253 1277 desiderium
1264 1211 1395 1270 nostrum,
1407 1204 1470 1259 ideo
1480 1201 1612 1274 gemimus
1620 1206 1648 1256 et
1661 1197 1789 1254 dolemus

148 1293 237 1350 Prima
249 1300 292 1350 ast
302 1293 330 1349 in
344 1293 454 1350 miseria
469 1310 477 1349 ε
493 1292 611 1348 secunda
625 1291 677 1349 erit
690 1292 719 1349 in
732 1294 830 1367 gloria.
845 1296 875 1351 In
888 1295 941 1367 pri-
992 1296 1081 1364 valde,
1092 1294 1154 1367 quia
1169 1304 1195 1351 te
1209 1294 1279 1352 sicut
1292 1310 1332 1363 es,
1348 1294 1440 1348 ridere
1454 1307 1509 1347 non
1523 1304 1681 1363 possumus.
1697 1286 1789 1344 Valde

148 1395 192 1435 ma
205 1395 300 1438 sumus
321 1382 417 1439 dentes
430 1397 481 1453 pro
505 1379 637 1437 Christo:
653 1381 680 1436 in
704 1382 821 1438 secunda
839 1383 940 1441 erimus
993 1385 1076 1450 enim,
1091 1383 1207 1440 Domine
1220 1385 1294 1449 lesu,
1311 1383 1387 1439 unica
1410 1396 1473 1452 spes
1488 1387 1586 1435 nostre
1600 1376 1711 1445 salutis,
1726 1384 1789 1430 tur·

148 1468 295 1542 gaudentes
312 1487 373 1528 cum
393 1469 510 1527 Christo.
992 1476 1070 1531 batur
1083 1490 1130 1530 cor
1142 1482 1275 1542 nostrum,
1289 1466 1354 1544 quia'
1367 1472 1454 1527 adbuc
1467 1484 1520 1525 non
1533 1465 1684 1525 meruimus
1695 1463 1791 1521 videre

183 1558 210 1612 d.
231 1554 308 1613 Unde
321 1573 377 1616 non
391 1560 524 1622 immerito
539 1569 645 1639 plorant
662 1563 789 1638 discipuli
817 1577 867 1635 pro
882 1562 939 1618 tla-
956 1567 1020 1678 Βία
1034 1562 1178 1619 Dominum
1192 1568 1323 1618 nostrum.
1334 1559 1474 1616 Geminius
1488 1565 1516 1612 et
1530 1555 1664 1616 dolemus,
1679 1549 1790 1606 etmul-

148 1641 244 1715 ΜΝ),
258 1646 330 1703 mvi
343 1663 394 1720 pro
412 1651 538 1717 Domino,
563 1655 663 1711 abillis
676 1651 879 1727 quodammodo
893 1665 941 1721 per
994 1659 1048 1708 tum
1063 1652 1248 1706 turbatnrcor
1270 1656 1408 1714 nostrum,
1438 1645 1486 1702 sed
1514 1644 1604 1699 adhuc
1632 1640 1790 1696 allomino

118 1771 120 1775 <
151 1737 265 1787 mamm
279 1748 428 1793 recessuro.
447 1740 504 1796 Nec
517 1741 624 1797 mirum.
644 1741 779 1799 videbant
806 1738 878 1796 unde
892 1739 942 1792 do·
995 1746 1088 1795 nostro
1101 1752 1154 1792 non
1168 1737 1315 1793 meruimus
1325 1735 1421 1793 audire
1436 1753 1443 1790 :
1459 1735 1524 1790 Non
1539 1732 1672 1788 turbetur
1684 1743 1735 1784 cor
1743 1743 1792 1785 oe·

151 1814 207 1872 lere
221 1827 359 1890 poterant;
374 1827 422 1880 sed
442 1841 495 1882 non
509 1830 656 1886 credebant
670 1828 742 1886 unde
756 1826 876 1902 gaudere
890 1825 937 1879 de·
993 1825 1131 1883 straneO
1146 1824 1235 1881 felices
1250 1822 1384 1894 Apostoli,
1405 1820 1505 1879 obeati
1519 1816 1646 1888 discipuli
1662 1815 1787 1871 bomioil

148 1902 257 1963 hebent.
271 1907 424 1981 Lugebant,
450 1914 513 1985 quia
532 1917 669 1974 christum
697 1917 857 1973 moriturum
871 1913 941 1970 scie·
994 1914 1128 1971 Vosenim
1141 1912 1275 1968 meruistis
1288 1911 1364 1968 illum
1378 1911 1495 1966 incarne
1509 1907 1789 1975 videropraesentem,

148 1992 230 2060 bent;
246 1995 292 2052 scd
321 1997 396 2054 illum
415 2013 628 2061 resurrectumm
646 2004 732 2064 628
756 2014 784 2060 at
809 2004 844 2058 ad
856 2002 941 2057 scelos
994 2005 1139 2057 docentem
1155 2000 1181 2054 in
1196 2000 1297 2067 verbis,
1314 2007 1451 2071 potentem
1464 1996 1492 2052 in
1502 1994 1592 2062 lactis,
1606 1991 1733 2050 infirmos
1741 2006 1790 2047 cu·

148 2095 321 2141 ascensurum
335 2087 423 2147 adbuc
436 2106 490 2147 non
518 2094 638 2165 perfecte
655 2094 811 2152 credebant.
836 2093 941 2147 Poterat
994 2101 1108 2158 rentem,
1123 2099 1245 2147 mortuos
1274 2090 1463 2152 suseitantem
1493 2101 1555 2143 cnm
1576 2083 1624 2141 illo
1638 2082 1787 2148 ambulare.

149 2174 335 2248 unusquisque
348 2175 457 2235 illomm
473 2181 605 2240 veraciter
619 2184 719 2249 dicere,
735 2182 758 2238 si
779 2189 869 2237 tamen
885 2192 941 2247 prae
994 2194 1056 2234 cum
1070 2178 1114 2236 illo
1124 2180 1228 2246 sedare,
1244 2193 1298 2234 unt
1320 2193 1382 2233 cnm
1398 2176 1444 2232 illo
1463 2188 1575 2232 sumere
1589 2171 1690 2242 cibum,
1707 2167 1786 2224 illum

147 2258 242 2317 dolore
254 2262 329 2335 loqui
345 2266 469 2324 valebant
489 2286 496 2324 :
513 2271 617 2328 Idcirco
632 2286 685 2344 ego
699 2269 788 2342 ploro,
804 2278 832 2325 et
845 2269 942 2327 oculus
993 2282 1009 2320 a
1042 2268 1155 2323 mortuis
1178 2273 1373 2338 resurgentem,
1393 2266 1428 2321 ad
1454 2263 1540 2320 coelos
1568 2259 1760 2317 ascendentem
1771 2275 1784 2315 ,ε

149 2360 227 2404 meus
245 2350 354 2410 deducit
371 2370 478 2428 squam,
499 2359 562 2432 quia
590 2376 634 2417 me
662 2360 760 2416 deserit
786 2358 942 2416 consolator
994 2371 1066 2412 nunc
1080 2356 1175 2412 videtis
1189 2356 1264 2411 illum
1276 2356 1303 2410 in
1318 2355 1378 2409 sinu
1394 2353 1478 2409 Patris
1492 2353 1534 2407 sui
1544 2350 1706 2424 fulgentem.
1717 2346 1789 2416 Quid

149 2451 227 2494 meus
240 2442 383 2499 consolans
406 2446 524 2503 animam
551 2464 649 2505 meam.
678 2448 754 2518 Quos
767 2455 798 2506 ut
811 2448 943 2504 Dominus
994 2444 1065 2499 enim
1078 2444 1193 2512 felicius,
1215 2445 1314 2516 quidve
1334 2443 1449 2509 beatius,
1462 2457 1545 2513 qnam
1559 2438 1665 2511 perfrui
1678 2436 1787 2493 visione

148 2528 314 2586 amarissime
331 2532 397 2591 llere
410 2537 539 2607 respexit,
556 2537 636 2595 credo
654 2540 727 2610 quod
742 2538 875 2609 lacrymas
896 2554 942 2593 se·
994 2532 1066 2591 Dei?
1083 2535 1173 2605 Quam
1192 2535 1291 2593 dilecta
1312 2534 1357 2590 illa
1383 2540 1427 2587 tua
1454 2531 1533 2599 risio,
1562 2527 1678 2586 Domine
1693 2523 1786 2582 Deus!

83 2652 87 2659 -
148 2615 266 2672 crtndum
280 2619 416 2679 bominem
430 2625 567 2683 continere
588 2643 641 2684 non
668 2628 767 2699 potuit,
790 2627 839 2683 sed
856 2627 942 2682 modis
996 2622 1244 2681 Hancanimamea
1254 2623 1389 2696 peccatrix
1407 2619 1588 2690 concupiscit;
1604 2626 1632 2674 et
1649 2615 1790 2689 quiaeam

148 2703 248 2775 quibus
266 2707 352 2763 ualuit
374 2725 422 2767 cos
436 2713 582 2784 consolari,
606 2730 660 2771 nou
676 2714 791 2783 distulit,
824 2713 917 2769 dicens
934 2729 940 2768 ε
996 2711 1085 2768 adbuc
1098 2729 1151 2769 non
1175 2715 1265 2779 babet,
1280 2711 1481 2783 quodammodo
1507 2709 1616 2780 languet
1628 2714 1656 2761 et
1671 2703 1788 2765 deficitt

150 2791 544 2870 liontorltcturcoroestrom,
556 2803 715 2874 quiaaosin
731 2818 795 2875 pace
805 2802 942 2872 relinquo;
996 2800 1042 2854 sed
1057 2816 1136 2871 spero
1156 2802 1182 2857 in
1204 2803 1319 2857 Domino
1333 2801 1396 2855 lesu
1412 2798 1527 2864 Chri-sto,
1557 2795 1630 2869 quod
1654 2794 1683 2848 in
1709 2805 1791 2848 carne

59 2886 86 2903 ’·
149 2879 240 2953 Neque
249 2884 395 2955 formidet,
417 2889 494 2961 quasi
507 2905 557 2945 ros
580 2890 659 2963 lupus
672 2891 782 2945 invadat
796 2905 843 2960 per
857 2897 943 2958 pasto·
959 2869 980 2947 Β
995 2902 1057 2943 mea
1070 2891 1168 2945 ridebo
1181 2891 1267 2946 Deum
1297 2888 1462 2943 Salvatorem
1487 2901 1585 2941 meum.
1601 2882 1788 2954 Repositaest

149 2966 369 3038 risabsentiam:
399 2976 462 3046 quia
489 2978 558 3033 sicut
581 2979 663 3035 bomo
694 2978 775 3050 vado,
801 2976 848 3033 sed
873 2977 942 3033 sicut
996 2975 1054 3032 baec
1076 2993 1139 3050 spes
1162 2994 1221 3033 mea
1237 2978 1264 3033 in
1279 2985 1369 3033 mentc
1383 2991 1451 3031 mer.
1468 2975 1526 3048 ligo
1540 2972 1647 3029 interim
1665 2967 1792 3044 gaudens

150 3053 223 3110 Deus
232 3065 494 3131 sumpraesens.lion
503 3065 637 3123 turbetur
649 3083 697 3125 eor
709 3070 941 3137 vestrum,neqee
996 3067 1133 3139 gaudebo,
1148 3072 1175 3122 et
1189 3081 1297 3138 semper
1310 3065 1401 3120 anima
1424 3078 1485 3119 mea
1513 3059 1656 3117 exsultabit
1670 3057 1705 3112 do
1719 3056 1789 3111 leon

148 3145 284 3219 semidei
299 3150 333 3206 de
346 3159 433 3209 morte
452 3169 521 3221 mea,
544 3155 608 3229 qnia
621 3167 682 3227 post
704 3164 759 3213 tres
773 3156 830 3211 dies
853 3171 942 3213 resur·
996 3154 1133 3211 Salvatore
1156 3169 1216 3210 meo
1239 3153 1285 3225 qui
1313 3166 1493 3227 resurgensa
1521 3149 1645 3215 mortuis,
1667 3143 1793 3202 ascendit

150 3250 224 3306 gam,
239 3239 389 3296 streniam
412 3243 445 3298 ad
472 3259 529 3311 ros,
559 3253 586 3300 et
599 3243 726 3302 videbitis
741 3260 782 3300 me
801 3244 894 3316 vitam,
915 3246 940 3301 in
995 3242 1030 3298 ad
1052 3243 1146 3315 caelos,
1175 3253 1203 3299 et
1231 3242 1305 3299 sedet
1333 3243 1428 3297 beatus
1456 3239 1488 3295 ad
1516 3238 1653 3293 dexteram
1689 3231 1793 3288 Patris.

150 3339 233 3395 quem
251 3328 407 3403 quicunque
420 3333 576 3403 crediderit,
596 3332 692 3391 mortis
720 3333 833 3402 imperio
847 3335 941 3403 subju·
996 3330 1047 3402 Qui
1068 3346 1229 3387 ascensurus
1259 3332 1293 3386 ad
1330 3332 1436 3385 Patrem
1461 3326 1615 3383 dolentibus
1647 3321 1794 3393 discipulis

150 3428 212 3469 cere
226 3429 279 3472 non
294 3417 401 3489 poterit.
414 3421 549 3487 isdercii
563 3423 669 3479 iterum
683 3420 796 3480 veniam
806 3422 842 3479 od
853 3427 942 3489 uomet
997 3420 1066 3476 dixit
1088 3438 1095 3473 ι
1116 3419 1147 3474 st
1168 3419 1324 3493 diligeretis
1342 3434 1396 3483 me,
1421 3415 1580 3489 ponderetis
1594 3413 1706 3486 utique,
1722 3409 1794 3484 quio

148 3503 560 3584 occipiomvosodmeiprum,
572 3511 945 3584 utubisumego,etuor,ri-
998 3510 1066 3571 vodo
1084 3509 1121 3567 od
1137 3512 1260 3576 Patrem,
1290 3508 1357 3582 quia
1379 3511 1467 3565 Peter
1481 3508 1574 3578 major
1593 3520 1636 3560 me
1665 3506 1719 3558 ert.
1738 3500 1793 3556 Ss-

150 3593 197 3648 tir.
208 3593 268 3649 Non
284 3595 385 3652 debetis
401 3599 513 3665 turbari,
537 3612 591 3654 non
605 3600 709 3654 debetis
738 3599 890 3656 contristari
909 3601 944 3655 dc
998 3599 1091 3671 quitur
1107 3614 1113 3653 :

148 3681 274 3736 abscessu
289 3697 362 3750 mco,
383 3684 454 3740 unde
472 3686 537 3741 mibi
552 3692 642 3743 tantus
657 3687 780 3758 provenit
809 3689 895 3744 honor
918 3696 944 3744 et
1034 3682 1794 3758 &Etnunodisioobtspriuequa·mfiut,utcontractum

148 3766 235 3838 gloria
253 3775 345 3826 tanta:
363 3772 455 3841 potius
470 3772 533 3828 inde
546 3773 665 3846 gaudere
679 3772 793 3830 debetis.
819 3775 880 3830 Non
899 3792 942 3833 me
996 3774 1299 3847 sueritcredetis.lcm
1310 3772 1450 3831 nuncdico
1462 3772 1549 3837 robis,
1561 3771 1722 3845 priusquam
1732 3766 1791 3836 liat,

147 3855 272 3930 diligitis.
289 3858 318 3915 Si
338 3858 494 3933 dlliperetie
513 3879 568 3930 me,
583 3862 744 3935 gauderetis
753 3866 861 3937 utique,
877 3868 942 3939 quin
996 3866 1065 3920 vado
1084 3864 1116 3919 ad
1135 3865 1248 3934 Patrem,
1263 3870 1292 3919 ut
1313 3872 1456 3935 postquam
1483 3861 1640 3929 ascendero,
1671 3856 1793 3931 perfecte

149 3940 217 4002 uodo
230 3944 266 4000 od
275 3945 406 4014 Patrem,
420 3949 489 4021 quio
497 3951 585 4006 Pater
593 3953 687 4023 major
700 3968 744 4006 me
755 3958 807 4010 est.
817 3953 877 4009 lam
891 3954 941 4008 im·
995 3953 1111 4012 credatis
1121 3953 1185 4024 quia
1195 3967 1247 4024 ego
1258 3969 1317 4008 sum
1331 3952 1415 4006 Filius
1428 3950 1491 4005 Dei.
1504 3946 1790 4016 correctoremque

151 4032 246 4102 perate
260 4031 395 4105 lacrymis,
410 4036 473 4108 quia
487 4037 520 4092 de
534 4051 595 4092 meo
609 4037 738 4094 abscessu
758 4041 875 4114 gaudere
888 4042 940 4098 de·
996 4041 1127 4111 Credatis,
1145 4039 1235 4098 699
1245 4055 1299 4097 non
1320 4040 1393 4111 quud
1413 4038 1511 4095 iactum
1526 4038 1641 4100 vidistis,
1653 4036 1718 4109 quis
1734 4037 1793 4091 baec

149 4118 229 4175 betis.
245 4120 334 4178 Nolite
348 4122 456 4180 lletibus
470 4123 623 4198 indulgere,
640 4127 703 4199 quia
716 4129 750 4182 ad
764 4129 870 4185 Patrem
894 4146 942 4186 va·
959 4124 1050 4204 nnon
1065 4139 1104 4186 est
1120 4130 1178 4185 laus
1188 4128 1231 4185 vel
1246 4131 1371 4184 meritum
1386 4128 1465 4193 lidei3
1480 4127 1535 4183 imo
1548 4141 1602 4182 non
1617 4133 1660 4183 est
1676 4125 1747 4180 fides
1761 4127 1800 4185 ile,

149 4207 194 4276 do,
206 4224 256 4265 nec
284 4225 334 4267 ros
361 4210 493 4286 relinquo.
510 4213 553 4271 Ad
578 4216 686 4272 Patrem
705 4216 775 4273 rado
789 4218 941 4275 seeundum
995 4236 1028 4277 eo
1042 4219 1113 4293 quod
1142 4218 1258 4276 ridetur.
1282 4218 1334 4274 Sed
1349 4218 1465 4275 credatis
1482 4233 1524 4272 me
1540 4215 1639 4270 Filium
1656 4216 1719 4280 Dei,
1737 4229 1791 4270 non

149 4311 259 4354 carnem
274 4316 281 4354 :
297 4315 346 4356 nec
372 4316 420 4358 vos
439 4302 563 4376 relinquo
581 4304 731 4362 secundum
758 4304 937 4363 divinitatem.
994 4322 1066 4365 nova
1081 4306 1148 4372 lide,
1163 4304 1227 4378 quia
1242 4312 1270 4360 et
1284 4305 1360 4377 prius
1373 4304 1546 4367 credidistis;
1562 4301 1610 4359 sed
1620 4315 1703 4358 aucta
1717 4310 1746 4358 ct
1757 4317 1799 4357 re·-

148 4384 189 4441 Ad
209 4387 311 4444 Patrem
326 4388 401 4445 radit
424 4389 507 4446 homo
529 4402 708 4463 assumptus:
742 4400 770 4449 et
800 4394 940 4451 vobiscum
994 4396 1071 4452 ferta
1099 4395 1257 4451 liloducum
1285 4394 1343 4448 haec
1364 4393 1477 4455 diceret,
1495 4402 1552 4447 erat
1578 4390 1648 4444 tides
1677 4390 1792 4448 illorum

147 4474 297 4531 remanebit
311 4477 395 4533 Patris
414 4495 556 4536 assumens
569 4479 661 4537 Filius.
677 4481 791 4552 Corpus,
807 4482 879 4554 quod
907 4482 941 4538 de
995 4500 1090 4555 parvm
1119 4491 1146 4539 et
1171 4498 1232 4537 cum
1261 4491 1411 4536 moreretur
1426 4480 1474 4536 luit
1490 4479 1561 4535 nulla
1573 4479 1679 4550 [scilic.
1696 4481 1788 4550 expli·

147 4562 270 4638 virginea
282 4571 356 4621 terra
374 4568 489 4640 suscepi,
502 4585 583 4642 supra
595 4571 696 4627 choros
710 4572 877 4644 Angelorum
892 4587 940 4628 er·
993 4573 1215 4645 cital.Sequitur:
1230 4572 1294 4628 lam
1308 4586 1365 4627 noo
1375 4572 1469 4626 mutto
1481 4572 1580 4642 loquar
1589 4568 1745 4625 uobiscum.
1754 4571 1796 4626 l'e·

148 4650 212 4722 alto,
227 4659 258 4707 ut
270 4653 355 4711 Filius
371 4655 486 4713 bominis
500 4657 537 4713 ibi
559 4658 651 4714 sedeat
671 4659 699 4714 in
713 4659 821 4715 dextera
840 4662 939 4732 Patris,
995 4664 1042 4718 nit
1056 4661 1135 4720 enlm
1144 4659 1524 4734 princeprmundibujuc‚et
1534 4658 1565 4716 in
1580 4674 1625 4713 me
1643 4657 1796 4716 nonhabet

148 4748 176 4796 ct
188 4740 286 4798 babeat
314 4758 363 4813 per
380 4744 503 4818 gratiam,
527 4744 659 4817 quidquid
687 4747 748 4819 ipse
767 4749 842 4804 Deus
856 4750 939 4806 habet
995 4747 1157 4822 quidquem.
1178 4747 1302 4804 lmminet
1318 4756 1424 4819 tempus
1434 4757 1460 4803 rt
1470 4748 1536 4803 bora
1550 4754 1579 4800 ut
1593 4743 1699 4801 solvam
1714 4746 1794 4802 debi-

149 4845 197 4904 per
211 4839 347 4888 naturam.
369 4832 411 4889 Ad
426 4834 532 4890 i’atrem
548 4835 626 4902 vado,
641 4842 671 4890 ut
686 4852 772 4910 genua
795 4838 940 4894 humanum
995 4846 1049 4893 tum
1066 4837 1172 4902 mortis,
1188 4836 1253 4891 etin
1274 4838 1324 4892 bac
1337 4837 1447 4892 mortali
1467 4837 1620 4905 carmeiam
1636 4850 1692 4892 non
1708 4837 1792 4892 inulta

147 4918 282 4977 diabolica
298 4918 391 4976 fraude
405 4920 556 4993 deceptum,
572 4921 667 4979 aculeo
682 4924 784 4996 antiqui
803 4926 938 4997 serpentis
995 4925 1090 4999 loquar
1103 4926 1251 4982 vobiscum.
1269 4926 1347 4981 Venit
1361 4926 1494 4992 diabolus,
1506 4940 1561 4979 uon
1575 4925 1706 4996 princeps
1717 4940 1794 4982 cres-

148 5006 279 5076 occisnm,
296 5008 322 5064 in
332 5008 382 5066 bac
395 5008 464 5065 ralle
478 5010 658 5081 lacrymarum
666 5012 813 5086 sepultum,
829 5014 857 5068 in
871 5029 941 5072 coeo
994 5019 1125 5083 turarum,
1142 5012 1190 5070 sed
1205 5022 1393 5082 peccatorum
1410 5028 1464 5070 non
1493 5013 1571 5077 lucis,
1598 5011 1646 5067 sed
1662 5014 1792 5069 teneon-

149 5095 289 5167 colloccm,
304 5108 330 5155 et
343 5096 379 5154 ad
392 5111 502 5170 gregem
517 5098 686 5172 Angelorum
700 5107 836 5176 reportem
850 5111 941 5160 centa·
996 5117 1070 5165 nrm;
1088 5114 1140 5156 non
1157 5100 1227 5173 ritae,
1243 5103 1291 5158 sed
1312 5102 1427 5166 mortis3
1463 5117 1515 5159 nou
1541 5100 1645 5172 gaudii,
1661 5101 1710 5156 sed
1726 5117 1794 5158 mae·

149 5185 245 5241 simam
255 5202 332 5243 ovam
349 5184 492 5260 perditam,
517 5189 690 5262 perlongum
707 5198 817 5263 tempus
844 5206 940 5247 erran-
996 5189 1081 5247 roris:
1103 5193 1131 5245 el
1147 5192 1178 5247 in
1206 5207 1251 5247 me
1264 5209 1322 5251 non
1337 5193 1418 5248 tabet
1433 5192 1601 5265 quidquem·
1617 5191 1645 5246 id
1664 5200 1708 5245 est
1732 5190 1795 5246 nibil

149 5281 212 5328 tem.
224 5275 258 5330 lit
271 5274 333 5332 ideo
347 5292 424 5352 rogo,
440 5292 476 5333 ne
491 5277 615 5333 turbetur
629 5292 678 5334 cor
693 5286 812 5336 actuum
827 5277 940 5335 demor-
995 5285 1037 5334 est
1077 5279 1104 5335 in
1129 5280 1269 5351 mequod
1298 5282 1329 5334 nd
1364 5297 1424 5336 eum
1455 5281 1596 5353 pertineat.
1629 5278 1691 5349 lpse
1720 5283 1792 5336 enim

148 5365 175 5413 te
189 5374 257 5429 mee,
278 5363 388 5435 quiasic
403 5360 458 5421 fieri
473 5373 587 5435 oportet.
603 5366 715 5439 Expedit
730 5373 759 5423 ut
772 5383 844 5423 unus
858 5370 940 5426 bomo
993 5375 1132 5439 peccatum
1160 5383 1214 5423 non
1243 5370 1313 5435 iecit,
1329 5386 1378 5426 nec
1402 5385 1518 5442 unquam
1546 5368 1641 5436 voluit,
1669 5371 1721 5425 sed
1746 5382 1795 5425 nec

149 5446 278 5503 morietur
294 5466 343 5522 pro
357 5451 466 5524 populo,
483 5461 510 5508 et
523 5469 577 5511 non
592 5461 648 5510 tota
668 5472 735 5530 gens
757 5464 859 5528 pereat.
869 5457 943 5514 'lan-
992 5470 1107 5527 peecare
1130 5472 1248 5529 uuquam
1276 5458 1376 5531 potuit.
1396 5457 1488 5515 Noluit
1500 5458 1601 5515 ballare
1615 5456 1691 5515 Deus
1714 5458 1789 5533 quod
