3706 5962
481 158 1206 248 santionnsunintrorsnonnuirruiturus.¹
1592 190 1648 253 ets

76 312 131 387 puid
150 312 197 368 tibi
216 309 279 366 boni
298 308 391 365 deesse
411 307 529 380 poterit?
548 308 630 364 Nihil.
655 306 795 380 Quidquid
815 320 838 398 p
855 316 1007 366 coacervat.
1023 310 1086 367 Scio
1102 322 1129 368 ει
1150 319 1239 369 certus
1252 327 1313 368 sum
1331 311 1404 385 quud
1418 312 1555 387 absterget
1569 314 1643 373 Deus

87 400 195 472 petieris
208 396 374 471 impetrabis,
398 396 452 452 imo
468 398 555 468 ipsum
569 395 717 454 Dominum
740 396 794 452 lar·
854 412 962 455 ornnem
989 398 1133 474 lacrymam
1150 402 1183 457 ab
1206 401 1293 458 oculis
1306 405 1376 474 ejus,
1393 419 1453 459 cum
1469 407 1574 462 venerit
1587 407 1646 464 dies

76 504 117 546 em
145 487 264 544 omnium
295 486 428 542 bonorum
452 485 511 542 sine
535 484 588 541 hue
613 501 673 540 cum
698 483 797 541 sanctis
851 486 1007 559 nuptiarum
1021 489 1119 547 Christi
1151 491 1291 559 Ecclesiae,
1307 499 1428 564 tempore
1455 493 1502 551 illo
1516 511 1571 563 quo
1587 495 1645 552 lue·

76 576 116 632 ilis
132 575 293 647 possidebis.
315 574 412 630 Nonne
437 573 482 630 ille
506 582 548 629 εει
570 589 674 628 summe
692 573 796 640 beatus,
850 575 903 631 riut
916 576 1036 650 uirgines
1052 579 1210 637 introductae
1235 582 1261 636 in
1277 582 1424 638 thalamum
1438 583 1519 655 Regis
1533 585 1639 642 aeterni.

75 684 82 720 ι
96 664 169 721 Deus
183 665 262 720 Pater
277 661 376 737 diligit,
393 669 420 718 ει
431 661 565 718 Dominus
579 662 658 717 lesus
672 661 795 719 Christus
849 663 903 719 Sed
919 667 1055 739 quomodo
1070 669 1104 722 ab
1120 669 1207 726 oculis
1227 669 1280 726 tuis
1304 670 1441 744 absterget
1456 673 1600 743 lacrymas,
1622 673 1645 728 si

76 754 181 824 seius?
204 751 288 820 Felix,
313 751 431 822 inquam,
454 751 542 821 nimis,
569 767 649 823 quem
673 751 750 806 Pater
768 758 796 808 et
848 755 971 825 proejus
996 772 1088 814 eruore
1101 773 1155 813 non
1171 758 1259 832 gemis
1274 769 1301 816 et
1315 759 1425 832 ploras?
1454 760 1542 817 Credo
1571 746 1662 833 quod*

76 850 125 900 tet
138 842 255 915 Spiritus
269 850 378 897 sanctus
392 841 479 916 diligit
494 842 577 907 Deus,
593 840 616 898 0
634 839 656 894 si
673 855 715 895 me
730 837 792 894 dili·
849 857 942 912 pamm
966 843 1041 899 illum
1055 844 1157 919 diligis,
1173 846 1196 902 si
1212 862 1262 919 pro
1274 847 1331 917 ejus
1347 863 1439 906 amore
1452 863 1507 904 uon
1523 846 1645 919 suspiras

88 929 160 988 Deus
175 945 259 997 mens,
281 929 391 983 Creator
409 944 496 999 meus,
518 927 682 1001 Redemptor
701 925 793 983 meus!
848 938 874 986 et
889 930 1002 1006 plangis.
1018 932 1045 987 Si
1060 934 1101 992 sie
1129 950 1168 1002 es,
1184 937 1334 993 monachus
1348 950 1403 992 non
1432 952 1470 992 es.
1496 936 1548 993 Seu
1575 925 1660 993 dicis¹

76 1017 133 1075 nihil
148 1015 263 1086 amplius
277 1017 305 1071 iu
325 1018 377 1073 hoc
393 1016 494 1071 munde
508 1030 669 1087 quaererem.
685 1012 749 1068 ldihi
767 1013 793 1068 in
849 1017 932 1074 mihi:
949 1017 1006 1094 ligo
1034 1035 1088 1077 nou
1104 1036 1215 1093 possum
1234 1023 1309 1080 llere.
1324 1024 1368 1081 hu
1393 1040 1475 1097 quem
1489 1041 1560 1093 ego:
1577 1026 1642 1080 Ideo

76 1106 124 1164 rita
144 1105 218 1162 solus
241 1104 341 1161 suthc'u
365 1120 442 1161 amor
465 1103 572 1163 Christi.
593 1105 677 1159 Amor
696 1101 795 1159 Christi
848 1122 902 1160 uon
917 1105 1015 1177 ploras,
1044 1109 1106 1182 quia
1134 1110 1268 1166 Christum
1291 1111 1409 1183 perlecta
1425 1128 1480 1168 non
1495 1128 1580 1169 amas.
1596 1113 1643 1169 La·

76 1213 87 1252 ε
109 1203 161 1264 εει,
186 1202 213 1250 ει
234 1193 400 1251 delectabilis
424 1203 452 1251 et
472 1193 618 1265 jucundus.
646 1191 793 1248 Sanitatem
846 1209 1025 1267 crymaeergo
1040 1204 1123 1253 testes
1138 1199 1240 1254 amoris
1256 1205 1329 1256 stunt.
1346 1199 1375 1255 Si
1404 1214 1459 1255 nou
1487 1199 1578 1271 ploras
1592 1216 1643 1272 pro

76 1283 201 1356 ,lumen
224 1283 314 1352 eaecis,
334 1282 438 1339 moestis
457 1281 585 1350 laetitiam,
610 1279 794 1353 peecatoribus
847 1298 937 1340 amore
950 1284 1059 1357 patriae,
1074 1285 1173 1359 plange
1201 1293 1290 1344 tamen
1318 1303 1366 1358 pro
1391 1290 1487 1345 timore
1501 1289 1642 1362 gehenne.

76 1389 110 1440 m,
130 1372 244 1428 mortuis
263 1372 354 1444 sitam,
369 1370 514 1443 terrigenis
527 1371 636 1437 coelum,
657 1368 791 1427 consorti·
846 1370 900 1425 Sed
915 1370 982 1428 dicis
997 1391 1003 1427 ι
1020 1373 1078 1429 Νεε
1106 1375 1160 1432 hoc
1187 1390 1308 1447 possum.
1324 1375 1373 1433 cut
1385 1392 1438 1449 ego
1454 1395 1461 1435 :
1478 1377 1506 1433 Si
1520 1378 1573 1433 hoc
1587 1393 1642 1435 nou

76 1470 245 1517 umentorum
274 1460 409 1517 consortia
439 1458 604 1532 Angelorum
634 1457 748 1530 largitur
765 1465 792 1513 et
845 1467 931 1530 putes,
951 1475 1001 1519 uec
1027 1460 1106 1519 times
1134 1470 1259 1533 mortem,
1284 1481 1334 1521 nec
1361 1481 1437 1522 amas
1460 1466 1557 1530 ritam;
1575 1466 1638 1524 etsi

77 1555 96 1614 t,
120 1549 233 1618 insuper
253 1557 281 1604 et
299 1548 390 1619 ipsum
409 1548 553 1604 Dominum
579 1550 744 1621 Angelorum
764 1554 790 1602 et
845 1547 963 1616 timores,
981 1558 1028 1605 aut
1043 1565 1148 1622 parum,
1164 1560 1255 1608 auter
1275 1561 1331 1610 tuto
1347 1553 1477 1609 nihil.Tu
1493 1555 1643 1610 sutemcui

76 1651 150 1692 orem
163 1645 332 1695 cunctorum.
805 1595 827 1671 Β
844 1643 967 1691 servatur
979 1637 1121 1693 haereditas
1135 1638 1161 1693 iu
1193 1647 1292 1694 aeterua
1319 1640 1385 1709 vitu,
1413 1641 1499 1696 Deum
1522 1640 1599 1706 time,
1614 1649 1641 1697 ει

80 1726 133 1795 Qui
152 1744 197 1785 me
218 1724 324 1797 diligit,
346 1725 382 1780 ait
403 1723 534 1781 Dominus
553 1724 638 1794 lesus,
659 1729 686 1783 et
703 1723 791 1782 Pater
844 1725 902 1793 rius
916 1727 1041 1781 mundata
1060 1727 1176 1783 custodi.
1196 1729 1248 1797 Qui
1264 1745 1320 1786 nou
1340 1729 1437 1802 diligit
1457 1746 1513 1796 me,
1530 1731 1566 1784 ait
1578 1729 1639 1784 Do·

81 1814 182 1886 diliget
197 1830 272 1882 eum,
288 1817 317 1869 ει
329 1815 364 1869 ud
379 1829 442 1869 eum
457 1814 609 1879 veniemus,
627 1818 656 1870 et
670 1815 791 1869 monmo-
844 1829 894 1866 nus
907 1812 984 1869 lesus
994 1814 1078 1869 Filius
1088 1814 1149 1885 Dei,
1161 1831 1302 1874 sermones
1313 1832 1386 1874 ineos
1397 1834 1455 1874 con
1465 1821 1568 1875 εενυαι.
1581 1819 1639 1873 Νοε

76 1902 149 1976 opud
163 1920 227 1959 eum
240 1905 389 1974 faciemus.
406 1902 487 1958 Venit
506 1903 580 1958 Deus
594 1902 627 1957 ad
642 1901 789 1971 hominem,
844 1899 922 1958 illum
936 1917 986 1976 pro
1004 1903 1107 1960 viribus
1121 1903 1276 1978 diligamus,
1294 1912 1320 1961 et
1335 1905 1407 1960 illius
1432 1912 1569 1977 precepta
1578 1922 1638 1962 arr-

75 2006 148 2047 romo
157 1991 227 2047 venit
235 1991 269 2046 ad
281 1992 377 2046 Deum.
389 1990 468 2046 Venit
480 1990 714 2061 homocredendo,
725 1992 791 2048 obe·
844 2005 948 2062 vemus,
962 1992 1025 2065 quia
1039 1991 1102 2048 inde
1117 2008 1216 2065 magna
1231 1993 1355 2064 sequitur
1369 2009 1481 2051 meroes.

76 2094 102 2146 o,
118 2078 258 2148 intuendo,
269 2077 400 2148 capiendo
412 2096 419 2133 :
432 2080 504 2133 Deus
515 2079 588 2134 venit
603 2077 636 2133 ad
653 2079 790 2134 hominem
881 2082 923 2134 to.
939 2078 1017 2149 Quod
1029 2096 1093 2135 vero
1107 2082 1231 2153 sequitur
1247 2100 1253 2139 :
1275 2084 1309 2138 Ει
1320 2097 1576 2156 sermonemquem
1586 2099 1639 2138 att-

76 2168 194 2234 tuiendo,
219 2165 403 2232 illuminando,
434 2166 570 2237 implendo
604 2185 611 2222 :
643 2167 693 2222 hoc
718 2167 791 2222 enirn
844 2167 1524 2242 distis,noceat-incussioestintelligendum;
1544 2169 1639 2225 Sermo

77 2255 118 2312 dit
131 2272 166 2312 ex
180 2256 310 2312 charitate
326 2253 436 2320 Christi,
453 2257 504 2312 hoc
519 2262 604 2310 totum
620 2255 744 2326 provenit
757 2271 791 2312 ex
845 2273 925 2328 putem
938 2255 1071 2322 audistis,
1083 2273 1140 2312 nou
1150 2260 1191 2312 εει
1207 2263 1334 2324 meas;et
1343 2265 1383 2313 εει
1393 2256 1430 2311 ibi
1440 2257 1561 2327 quaedam
1573 2254 1641 2327 ligu-

76 2345 158 2401 eDei.
175 2343 298 2401 Charitas
312 2354 338 2399 te
352 2344 464 2400 domum
479 2342 587 2399 Domini
603 2342 677 2415 lacit,
693 2351 720 2400 et
734 2345 791 2400 Do-
844 2360 875 2400 ra
890 2337 950 2417 guas
964 2343 1061 2400 dicitur
1076 2344 1229 2418 antiptosis,
1245 2344 1354 2417 quando
1373 2360 1453 2401 casus
1472 2344 1640 2416 poniturpro

76 2433 216 2489 mdomum
226 2432 284 2487 tibi.
299 2434 373 2489 Deos
385 2437 428 2488 est
442 2433 578 2498 charites,
594 2436 622 2488 ct
632 2433 680 2505 qui
694 2438 791 2490 munet
844 2449 917 2488 casu.
932 2433 1009 2504 llugo
1026 2440 1062 2503 te,
1090 2447 1124 2487 ue
1152 2440 1179 2487 te
1193 2441 1310 2497 moveat,
1339 2447 1372 2488 ue
1385 2439 1411 2487 te
1426 2432 1577 2501 conturbet,
1593 2431 1640 2501 qui

76 2523 187 2587 oritate,
199 2524 289 2579 isDeo
299 2525 407 2586 monet,
424 2525 453 2577 el
463 2521 537 2578 Deus
547 2521 580 2578 in
593 2539 624 2579 eo
634 2521 739 2591 (ltoau
750 2537 789 2587 tv,
843 2530 928 2578 totam
940 2537 1015 2594 spem
1042 2528 1115 2577 tuum
1129 2521 1209 2593 ponis
1233 2521 1260 2576 in
1275 2521 1424 2577 Dominum
1449 2522 1542 2576 lesum
1557 2519 1636 2576 Chri-

76 2607 137 2664 lelix
157 2608 252 2664 artiter
272 2608 396 2674 charitas,
418 2625 478 2679 quac
492 2608 621 2666 conditori
641 2625 691 2666 suo
711 2609 789 2665 talem
844 2617 962 2675 stum,et
976 2624 1008 2663 ex
1020 2608 1170 2665 totocorde
1184 2607 1538 2680 diligisillumesseverum
1548 2609 1635 2663 Deum

77 2714 102 2752 m
121 2703 220 2768 puteus
238 2707 279 2751 εει
293 2696 433 2754 tauricum.
460 2698 564 2755 Domus
587 2697 638 2752 ista
656 2713 710 2752 nou
725 2713 789 2754 con·
843 2713 903 2753 cum
919 2696 994 2751 Patre
1008 2706 1032 2752 et
1046 2695 1146 2768 Spiritu
1162 2704 1264 2762 sancto,
1284 2695 1351 2752 illud
1375 2696 1448 2767 quod
1469 2695 1551 2751 dicit:
1569 2696 1635 2751 Ser·

76 2792 235 2841 xcaemeuto
246 2794 272 2839 et
286 2787 375 2852 latore,
393 2800 443 2840 nec
454 2785 554 2856 lapido,
572 2801 621 2840 nce
638 2786 722 2856 ligno,
738 2800 788 2841 nec
837 2801 948 2843 monem
962 2802 1043 2860 poem
1057 2785 1190 2850 cedetis,
1205 2801 1264 2840 nou
1281 2789 1323 2842 est
1346 2801 1436 2849 meos,
1459 2784 1506 2841 sed
1522 2784 1634 2849 Putrem

84 2889 133 2931 nec
147 2884 272 2945 argento,
288 2891 338 2929 nec
353 2873 441 2945 lapide
453 2873 582 2946 pretioso.
594 2873 680 2930 Omne
690 2891 786 2930 aurum
802 2859 823 2937 C
838 2874 901 2944 quia
910 2890 963 2947 ego
974 2889 1027 2929 uon
1038 2890 1098 2929 sum
1110 2873 1237 2945 ame,sed
1248 2873 1510 2931 aPetreSumDeus
1519 2872 1553 2928 de
1563 2874 1632 2942 Deo,

76 2960 107 3031 it,
129 2971 270 3033 argeutum
293 2962 474 3034 supereminet
492 2963 660 3020 uuiversum.
677 2964 706 3019 ln
726 2964 786 3032 eius
840 2963 930 3020 lumen
948 2961 1108 3032 delumine,
1124 2962 1524 3019 ViliusdePatre.Unuscum
1544 2961 1580 3017 illi
1605 2963 1632 3017 in

76 3049 188 3106 tratione
203 3049 307 3121 lapides
318 3049 427 3119 pretiosi
439 3050 571 3108 vilescunt
588 3069 593 3107 :
611 3051 700 3107 nilest
712 3052 785 3124 quod
840 3049 1172 3123 essentia‚inmajestate,
1201 3050 1227 3105 in
1256 3049 1408 3120 divinitate,
1424 3051 1451 3105 in
1470 3050 1578 3117 virtute,
1603 3051 1631 3104 in

97 3138 245 3208 comparari
272 3137 463 3207 pulchritudini
485 3139 544 3209 ejus
562 3149 588 3194 et
607 3139 784 3209 speciositati.
839 3139 964 3211 potentia,
981 3138 1009 3195 in
1023 3139 1158 3195 creatione
1186 3154 1295 3204 rerum;
1311 3154 1365 3196 non
1389 3139 1523 3210 posterior
1537 3154 1571 3195 eo
1590 3139 1633 3194 vel

76 3234 238 3297 imparatum
249 3226 388 3281 dulcedini
402 3227 464 3296 ejus
478 3227 517 3280 sic
536 3233 587 3294 cst,
604 3228 680 3298 quasi
694 3229 786 3284 absiu-
838 3228 923 3300 prior,
939 3243 992 3284 uon
1008 3231 1103 3299 major,
1111 3242 1161 3284 nec
1174 3228 1276 3293 minor,
1289 3228 1335 3282 sed
1351 3227 1463 3282 omnino
1482 3227 1519 3282 illi
1534 3243 1629 3299 aequa-

102 3323 284 3385 cemparatum
309 3314 443 3370 dulcedini
472 3314 573 3371 mellis.
604 3314 700 3371 Omnia
723 3333 784 3388 quae
836 3317 879 3373 lis.
903 3315 978 3371 Atius
1007 3333 1067 3370 sum
1095 3314 1121 3368 in
1151 3330 1277 3386 persona,
1302 3331 1358 3371 uon
1385 3313 1626 3369 aliusinnatura:

76 3401 270 3475 guantumlibet
287 3402 408 3471 pulchra,
425 3401 623 3472 quiuntumlibet
647 3404 782 3474 speciosa,
837 3421 898 3460 nam
911 3403 963 3459 alia
985 3412 1025 3459 est
1045 3418 1160 3474 persona
1175 3403 1271 3472 Patris,
1287 3402 1342 3457 alia
1356 3402 1427 3466 Filii,
1445 3401 1498 3456 alia
1513 3402 1631 3472 Spiritus

76 3507 98 3547 rs
122 3489 323 3560 comparatione
344 3505 394 3546 nec
409 3490 526 3560 reputari
545 3490 655 3545 debent.
681 3491 783 3548 Domus
836 3492 921 3549 sancti
934 3493 1083 3560 (Athamas.
1099 3494 1131 3547 ic
1141 3490 1290 3564 Symbolo).
1303 3489 1390 3546 Verba
1401 3504 1462 3561 quae
1472 3505 1524 3562 ego
1534 3488 1643 3559 loquor

77 3586 103 3636 st
127 3580 224 3635 domus
248 3587 357 3645 aeterna,
382 3584 443 3632 ante
470 3577 560 3633 omnia
582 3579 691 3644 secula,
720 3586 781 3636 aute
835 3581 921 3650 robis,
937 3568 1022 3635 Patris
1035 3579 1089 3635 mei
1100 3586 1164 3635 sunt
1179 3597 1186 3636 :
1203 3578 1267 3652 quia
1284 3579 1343 3650 ipse
1363 3593 1407 3633 me
1422 3577 1514 3642 misit3
1533 3585 1561 3633 et
1575 3592 1629 3650 ego

76 3716 77 3724 ,
96 3675 235 3740 tempora3
266 3668 357 3723 omnis
384 3666 533 3733 continens,
559 3667 684 3723 universa
705 3683 781 3724 com·
835 3686 893 3724 sum
905 3668 940 3724 ab
955 3667 1023 3740 ipso,
1039 3679 1067 3726 et
1081 3670 1165 3725 rerba
1175 3685 1233 3724 mea
1246 3675 1309 3725 suut
1323 3668 1356 3723 ab
1370 3666 1441 3739 ipsu.
1458 3666 1504 3722 Vel
1520 3666 1598 3723 aliter
1614 3687 1624 3734 ς

76 3773 115 3825 ns,
140 3758 228 3815 omnia
246 3773 351 3823 creans,
367 3756 492 3812 universa
515 3755 662 3812 vivificans.
688 3757 717 3811 ln
732 3758 782 3812 bac
835 3757 930 3815 Sermo
955 3774 1033 3831 quem
1047 3757 1170 3822 antistis,
1186 3773 1240 3813 non
1256 3765 1298 3813 est
1313 3772 1399 3824 meus,
1415 3757 1442 3810 id
1458 3763 1568 3811 estnon
1587 3766 1629 3811 cst

81 3846 145 3903 ceci
163 3847 266 3914 lumen,
291 3844 379 3901 claudi
393 3861 529 3917 gressum,
552 3845 627 3902 curri
642 3845 781 3901 rectitudi-
836 3847 966 3918 assumpti
977 3847 1103 3916 hominis,
1120 3846 1167 3903 sed
1184 3846 1234 3902 Dei
1252 3844 1431 3910 assumentis3
1448 3860 1501 3900 nun
1520 3845 1628 3900 estFilii

76 3932 172 3989 infirmi
192 3934 345 4000 sanitatem,
361 3934 461 3988 mortui
475 3934 698 3991 resurrectionem
713 3951 780 3992 oun·
837 3932 963 4002 huminis,
979 3935 1027 3992 sed
1041 3943 1082 3990 cst
1095 3933 1158 3990 Filii
1172 3934 1240 3989 Dei:
1260 3950 1313 3991 uon
1334 3942 1375 3990 est
1390 3950 1466 3990 meus
1479 3933 1628 3988 secundum

76 4021 84 4075 i
97 4021 199 4075 intrant
217 4021 362 4092 accipiunt.
379 4021 474 4077 Nullus
496 4023 575 4080 miser
591 4023 621 4077 in
636 4039 668 4078 ea
685 4041 692 4079 :
708 4023 735 4078 iu
750 4041 782 4080 ea
798 3979 821 4056 ss
836 4023 909 4095 quod
923 4030 1003 4080 natus
1017 4040 1075 4078 sum
1091 4023 1125 4078 de
1139 4023 1263 4097 Virgine,
1274 4023 1323 4081 sed
1334 4031 1375 4079 cst
1386 4039 1464 4079 meus
1479 4020 1643 4079 secundum

85 4107 168 4162 beati.
185 4105 237 4174 Qui
252 4107 332 4162 intrat
346 4109 373 4162 in
387 4123 458 4179 eam,
474 4109 555 4167 intrat
569 4111 596 4165 in
612 4109 699 4168 (m
712 4128 782 4184 gau·
837 4111 910 4184 quod
925 4128 985 4168 sum
999 4112 1108 4185 genitus
1122 4128 1137 4166 a
1151 4114 1209 4169 Deo
1226 4113 1315 4177 Patre;
1332 4126 1385 4166 uun
1402 4122 1444 4167 est
1460 4126 1536 4165 meus
1550 4109 1579 4164 in
1595 4126 1629 4166 eo

79 4193 183 4253 Domini
197 4193 247 4256 sui,
264 4194 336 4266 quod
357 4193 416 4265 ipse
430 4206 472 4251 est
496 4215 502 4252 ε
519 4209 545 4253 ει
566 4199 609 4255 hic
625 4200 733 4255 habebit
752 4216 782 4256 se
836 4201 983 4272 quodsum
1004 4200 1075 4256 tilius
1089 4199 1219 4272 Virginis,
1241 4200 1289 4255 sed
1313 4209 1354 4255 est
1371 4214 1448 4255 meus
1471 4199 1499 4253 iu
1514 4199 1629 4268 eoquod

76 4284 264 4341 aeternaliter
279 4283 305 4338 iu
325 4282 438 4354 optimo,
456 4284 502 4356 qui
524 4294 566 4342 εει
578 4288 652 4342 Deus
671 4288 783 4344 benedi·
835 4304 894 4342 sum
908 4288 990 4343 Vilius
1005 4289 1055 4342 Dci
1070 4286 1172 4342 Patris.
1190 4285 1404 4359 Superiusdixi:
1425 4287 1479 4354 oui
1492 4300 1550 4340 non
1565 4283 1631 4340 dili·

76 4388 106 4429 er
119 4372 229 4428 saeculu.
675 4374 687 4391 ⁶
834 4376 876 4445 git
889 4390 1086 4441 mesammones
1095 4389 1170 4430 meos
1184 4390 1243 4430 oon
1258 4378 1367 4440 seruet·
1384 4372 1427 4427 hic
1440 4371 1626 4428 autemdicit:

76 4460 271 4517 >dilectissimi
288 4461 394 4531 tratres,
414 4476 503 4515 noune
518 4460 576 4518 haee
596 4461 712 4532 pretium
729 4463 745 4514 d
768 4494 779 4503 -
834 4462 1081 4535 Sermonemquem
1093 4459 1287 4527 castelluccii
1298 4464 1341 4518 est
1353 4459 1627 4528 meussuperiusdi-

76 4565 147 4622 uper
161 4551 211 4606 mel
236 4561 263 4604 et
277 4550 369 4605 favum
389 4549 518 4607 dulcescit
540 4549 568 4605 in
587 4549 714 4608 cordibus
737 4565 781 4605 ve·
831 4547 1042 4607 oitzSermones
1057 4565 1151 4613 meos,·
1167 4564 1237 4603 nunc
1251 4556 1338 4604 autom
1363 4547 1444 4604 dicit:
1462 4548 1627 4604 Sermonem

80 4654 178 4694 noune.
193 4639 280 4692 anima
302 4639 456 4704 christiana,
472 4641 535 4694 Jceu
559 4638 658 4696 Christi
681 4653 781 4708 sponsa
834 4638 1056 4712 quemaudistis,
1072 4652 1130 4692 non
1144 4639 1186 4694 cst
1197 4652 1285 4691 meus.
1303 4636 1390 4693 Valde
1405 4635 1539 4693 contraria
1552 4644 1628 4703 snut,

76 4746 90 4795 i,
120 4727 173 4782 tuis
198 4727 389 4798 paranymphis
413 4727 553 4783 animabus
579 4735 733 4785 sanctorum
755 4735 781 4782 et
835 4725 890 4795 Est,
906 4733 941 4795 et,
956 4727 1014 4783 Non
1031 4733 1085 4789 est;
1113 4725 1192 4791 Sunt,
1221 4735 1255 4790 et,
1280 4725 1339 4782 Non
1368 4733 1447 4788 suut;
1479 4725 1625 4791 Estmeus,

76 4815 124 4871 hus
143 4815 273 4886 angelici·
289 4815 426 4884 imperans
442 4817 540 4882 llendo,
560 4829 587 4875 ει
607 4819 714 4888 plorans
734 4833 781 4874 ro·
836 4823 873 4881 et,
886 4816 948 4871 Non
961 4822 1002 4871 εει
1027 4830 1119 4877 meus;
1135 4813 1203 4869 Sunt
1216 4814 1281 4881 mei,
1301 4823 1339 4884 et,
1363 4814 1421 4870 Non
1436 4823 1498 4869 sunt
1512 4813 1576 4871 mei.
1597 4814 1630 4870 Et

77 4901 180 4967 ,dicos:
196 4903 784 4981 Filioeterusetem,cuchotedileetopuio
838 4912 928 4960 tamen
946 4904 1015 4960 sicut
1030 4904 1134 4960 Veritas
1156 4900 1284 4977 loquitur,
1313 4903 1352 4960 ita
1367 4912 1417 4961 est.
1437 4904 1504 4958 Sunt
1520 4904 1578 4973 sui,
1603 4903 1631 4956 in

76 4991 403 5063 morelangucot(dunt
430 5011 456 5061 v,
473 4996 513 5065 8.)
528 4997 623 5052 Parum
637 4996 710 5051 illum
724 4995 785 5050 dili·
837 5002 964 5063 quantum
996 4992 1118 5058 Creator,
1147 5008 1200 5048 non
1230 4994 1255 5046 in
1284 4999 1415 5065 quantum
1443 5001 1579 5056 creatura;
1603 4991 1632 5045 in

89 5083 209 5152 proejus
223 5095 315 5135 amore
327 5082 448 5152 quotidie
463 5098 515 5139 uon
535 5085 626 5157 ploras
638 5093 665 5141 et
678 5085 785 5158 gemis:
842 5090 972 5152 quantum
989 5081 1185 5150 Deus,noniu
1205 5092 1333 5152 quantum
1363 5085 1451 5138 tomo.
1482 5081 1551 5136 Sunt
1578 5080 1630 5144 sui,

76 5165 147 5224 illius
173 5166 296 5222 absentia
315 5182 420 5237 sponsae
444 5168 571 5243 diligenti
596 5172 665 5229 solet
688 5173 787 5229 lluvius
841 5174 903 5244 quia
917 5171 1007 5228 omitia
1022 5188 1070 5242 per
1092 5173 1180 5242 ipsum
1206 5169 1363 5234 factasunt,
1384 5177 1411 5225 et
1426 5170 1558 5239 sineipso
1590 5168 1632 5222 la·

78 5269 259 5327 acrymarum.
277 5254 343 5310 Cum
358 5255 433 5312 illum
448 5259 544 5330 quaerit
561 5270 588 5316 ει
602 5277 656 5317 uon
671 5261 785 5332 invenit,
841 5271 914 5318 ctum
928 5260 1049 5318 estnihil
1066 5261 1158 5329 (toan,
1172 5273 1191 5324 1,
1204 5258 1242 5330 3).
1258 5258 1320 5313 Non
1331 5267 1395 5313 sunt
1406 5257 1459 5324 sui,
1475 5257 1521 5312 sed
1539 5257 1633 5324 Putris,

76 5349 102 5398 et
122 5359 174 5398 uon
191 5342 346 5413 respondet,
363 5345 400 5400 nil
418 5347 468 5402 uisi
485 5347 549 5404 llere
564 5365 622 5405 eam
642 5349 783 5406 delectat:
840 5348 1001 5423 quiefactus
1016 5356 1058 5402 εει
1071 5345 1201 5404 obediens
1220 5362 1305 5418 usque
1321 5346 1353 5400 ad
1368 5354 1494 5410 mortem,
1519 5353 1637 5400 mortem·

90 5431 114 5489 ei
136 5431 222 5505 magis
243 5431 310 5489 llere
332 5432 425 5504 libret,
450 5451 530 5494 omne
550 5439 624 5511 quod
647 5438 721 5496 triste
744 5447 784 5494 est
839 5446 928 5494 autem
944 5436 1032 5495 erucis
1046 5433 1183 5510 (Philipp.
1197 5451 1227 5506 u,
1240 5440 1277 5503 8).
