<?xml version="1.0" encoding="UTF-8"?>
<!DOCTYPE html PUBLIC "-//W3C//DTD XHTML 1.0 Transitional//EN"
    "http://www.w3.org/TR/xhtml1/DTD/xhtml1-transitional.dtd">
<html xmlns="http://www.w3.org/1999/xhtml" xml:lang="en" lang="en">
 <head>
  <title>
</title>
<meta http-equiv="Content-Type" content="text/html;charset=utf-8" />
  <meta name='ocr-system' content='tesseract 3.04.00' />
  <meta name='ocr-capabilities' content='ocr_page ocr_carea ocr_par ocr_line ocrx_word'/>
</head>
<body>
  <div class='ocr_page' id='page_1' title='image "./patrologiaecurs00unkngoog_0433.png"; bbox 0 0 3706 5962; ppageno 0'>
   <div class='ocr_carea' id='block_1_1' title="bbox 101 210 1745 281">
    <p class='ocr_par' dir='ltr' id='par_1_1' title="bbox 101 210 1745 281">
     <span class='ocr_line' id='line_1_1' title="bbox 101 210 1745 281; baseline 0.002 -4"><span class='ocrx_word' id='word_1_1' title='bbox 101 215 158 279; x_wconf 80' lang='lat'>853</span> <span class='ocrx_word' id='word_1_2' title='bbox 635 212 826 275; x_wconf 81' lang='lat' dir='ltr'>&#39;thGTh&#39;lUS</span> <span class='ocrx_word' id='word_1_3' title='bbox 845 212 887 274; x_wconf 82' lang='lat' dir='ltr'>hll</span> <span class='ocrx_word' id='word_1_4' title='bbox 906 210 983 273; x_wconf 80' lang='lat' dir='ltr'>Jhsh</span> <span class='ocrx_word' id='word_1_5' title='bbox 1002 211 1183 277; x_wconf 80' lang='lat' dir='ltr'>buohshhl.</span> <span class='ocrx_word' id='word_1_6' title='bbox 1690 217 1745 281; x_wconf 72' lang='lat'>854</span> 
     </span>
    </p>
   </div>
   <div class='ocr_carea' id='block_1_2' title="bbox 93 334 1773 5562">
    <p class='ocr_par' dir='ltr' id='par_1_2' title="bbox 93 334 1773 5562">
     <span class='ocr_line' id='line_1_2' title="bbox 101 334 1745 430; baseline 0.002 -33"><span class='ocrx_word' id='word_1_7' title='bbox 101 339 343 410; x_wconf 84' lang='lat' dir='ltr'>simriri,secrsim</span> <span class='ocrx_word' id='word_1_8' title='bbox 357 337 486 395; x_wconf 88' lang='lat' dir='ltr'>mulieres</span> <span class='ocrx_word' id='word_1_9' title='bbox 499 337 663 404; x_wconf 88' lang='lat' dir='ltr'>incederent,</span> <span class='ocrx_word' id='word_1_10' title='bbox 671 353 704 394; x_wconf 91' lang='lat' dir='ltr'>ne</span> <span class='ocrx_word' id='word_1_11' title='bbox 713 336 781 393; x_wconf 80' lang='lat' dir='ltr'>torte</span> <span class='ocrx_word' id='word_1_12' title='bbox 790 334 893 408; x_wconf 87' lang='lat' dir='ltr'>aliquid</span> <span class='ocrx_word' id='word_1_13' title='bbox 910 349 936 430; x_wconf 57' lang='grc' dir='ltr'><strong>Α</strong></span> <span class='ocrx_word' id='word_1_14' title='bbox 951 335 1020 409; x_wconf 90' lang='lat' dir='ltr'>lieri,</span> <span class='ocrx_word' id='word_1_15' title='bbox 1035 337 1077 394; x_wconf 88' lang='lat' dir='ltr'>vel</span> <span class='ocrx_word' id='word_1_16' title='bbox 1105 339 1202 397; x_wconf 91' lang='lat' dir='ltr'>saltem</span> <span class='ocrx_word' id='word_1_17' title='bbox 1224 337 1308 398; x_wconf 84' lang='lat' dir='ltr'>divini</span> <span class='ocrx_word' id='word_1_18' title='bbox 1332 337 1404 397; x_wconf 88' lang='lat' dir='ltr'>illius</span> <span class='ocrx_word' id='word_1_19' title='bbox 1418 340 1501 398; x_wconf 88' lang='lat' dir='ltr'>edulii</span> <span class='ocrx_word' id='word_1_20' title='bbox 1524 341 1646 417; x_wconf 85' lang='lat' dir='ltr'>reliquiis</span> <span class='ocrx_word' id='word_1_21' title='bbox 1670 344 1745 421; x_wconf 88' lang='lat' dir='ltr'>sagi·</span> 
     </span>
     <span class='ocr_line' id='line_1_3' title="bbox 100 424 1028 501; baseline -0.004 -14"><span class='ocrx_word' id='word_1_22' title='bbox 100 427 327 501; x_wconf 80' lang='lat' dir='ltr'>coinquinationis</span> <span class='ocrx_word' id='word_1_23' title='bbox 337 427 506 500; x_wconf 77' lang='lat' dir='ltr'>subreperet,</span> <span class='ocrx_word' id='word_1_24' title='bbox 521 428 712 500; x_wconf 82' lang='lat' dir='ltr'>praescribente</span> <span class='ocrx_word' id='word_1_25' title='bbox 726 426 788 498; x_wconf 89' lang='lat' dir='ltr'>lege</span> <span class='ocrx_word' id='word_1_26' title='bbox 802 424 893 483; x_wconf 84' lang='lat' dir='ltr'>divina</span> <span class='ocrx_word' id='word_1_27' title='bbox 949 426 1028 484; x_wconf 82' lang='lat' dir='ltr'>nari?</span> 
     </span>
     <span class='ocr_line' id='line_1_4' title="bbox 101 513 1744 580; baseline 0.004 -7"><span class='ocrx_word' id='word_1_28' title='bbox 101 525 131 573; x_wconf 90' lang='lat' dir='ltr'>ut</span> <span class='ocrx_word' id='word_1_29' title='bbox 146 518 238 574; x_wconf 91' lang='lat' dir='ltr'>mundi</span> <span class='ocrx_word' id='word_1_30' title='bbox 252 524 357 573; x_wconf 90' lang='lat' dir='ltr'>tantum</span> <span class='ocrx_word' id='word_1_31' title='bbox 372 518 455 573; x_wconf 87' lang='lat' dir='ltr'>sacris</span> <span class='ocrx_word' id='word_1_32' title='bbox 469 516 610 574; x_wconf 89' lang='lat' dir='ltr'>solemniis</span> <span class='ocrx_word' id='word_1_33' title='bbox 623 516 798 573; x_wconf 87' lang='lat' dir='ltr'>interessent.</span> <span class='ocrx_word' id='word_1_34' title='bbox 813 513 895 570; x_wconf 89' lang='lat' dir='ltr'>Unde</span> <span class='ocrx_word' id='word_1_35' title='bbox 983 517 1011 571; x_wconf 76' lang='lat' dir='ltr'>l.</span> <span class='ocrx_word' id='word_1_36' title='bbox 1028 515 1081 573; x_wconf 87' lang='lat' dir='ltr'>Sed</span> <span class='ocrx_word' id='word_1_37' title='bbox 1094 526 1124 574; x_wconf 89' lang='lat' dir='ltr'>ut</span> <span class='ocrx_word' id='word_1_38' title='bbox 1138 518 1197 576; x_wconf 80' lang='lat' dir='ltr'>hac</span> <span class='ocrx_word' id='word_1_39' title='bbox 1219 519 1253 577; x_wconf 91' lang='lat' dir='ltr'>sd</span> <span class='ocrx_word' id='word_1_40' title='bbox 1266 517 1434 575; x_wconf 81' lang='lat' dir='ltr'>sublimioris</span> <span class='ocrx_word' id='word_1_41' title='bbox 1448 534 1545 576; x_wconf 81' lang='lat' dir='ltr'>sensus</span> <span class='ocrx_word' id='word_1_42' title='bbox 1567 528 1672 579; x_wconf 88' lang='lat' dir='ltr'>secreta</span> <span class='ocrx_word' id='word_1_43' title='bbox 1683 538 1744 580; x_wconf 86' lang='lat' dir='ltr'>rer·</span> 
     </span>
     <span class='ocr_line' id='line_1_5' title="bbox 101 600 1743 681; baseline 0.005 -19"><span class='ocrx_word' id='word_1_44' title='bbox 101 606 234 662; x_wconf 82' lang='lat' dir='ltr'>credibile</span> <span class='ocrx_word' id='word_1_45' title='bbox 265 613 315 674; x_wconf 88' lang='lat' dir='ltr'>est,</span> <span class='ocrx_word' id='word_1_46' title='bbox 344 622 455 674; x_wconf 89' lang='lat' dir='ltr'>puerum</span> <span class='ocrx_word' id='word_1_47' title='bbox 474 608 565 662; x_wconf 87' lang='lat' dir='ltr'>lesum</span> <span class='ocrx_word' id='word_1_48' title='bbox 586 605 632 662; x_wconf 89' lang='lat' dir='ltr'>illo</span> <span class='ocrx_word' id='word_1_49' title='bbox 659 613 782 676; x_wconf 89' lang='lat' dir='ltr'>tempore</span> <span class='ocrx_word' id='word_1_50' title='bbox 810 600 896 661; x_wconf 72' lang='lat' dir='ltr'><em>m</em></span> <span class='ocrx_word' id='word_1_51' title='bbox 948 610 1046 673; x_wconf 83' lang='grc' dir='ltr'>ιιιιιιιι,</span> <span class='ocrx_word' id='word_1_52' title='bbox 1062 608 1147 677; x_wconf 91' lang='lat' dir='ltr'>prims</span> <span class='ocrx_word' id='word_1_53' title='bbox 1162 607 1230 665; x_wconf 82' lang='lat' dir='ltr'>forte</span> <span class='ocrx_word' id='word_1_54' title='bbox 1244 608 1288 664; x_wconf 89' lang='lat' dir='ltr'>die</span> <span class='ocrx_word' id='word_1_55' title='bbox 1304 609 1424 680; x_wconf 85' lang='lat' dir='ltr'>paternis</span> <span class='ocrx_word' id='word_1_56' title='bbox 1443 622 1472 665; x_wconf 91' lang='lat' dir='ltr'>se</span> <span class='ocrx_word' id='word_1_57' title='bbox 1486 609 1603 665; x_wconf 84' lang='lat' dir='ltr'>vultibus</span> <span class='ocrx_word' id='word_1_58' title='bbox 1619 627 1743 681; x_wconf 79' lang='lat' dir='ltr'>prasen-</span> 
     </span>
     <span class='ocr_line' id='line_1_6' title="bbox 101 691 1741 772; baseline 0.004 -22"><span class='ocrx_word' id='word_1_59' title='bbox 101 710 173 750; x_wconf 91' lang='lat' dir='ltr'>nnnc</span> <span class='ocrx_word' id='word_1_60' title='bbox 188 695 256 766; x_wconf 89' lang='lat' dir='ltr'>patri</span> <span class='ocrx_word' id='word_1_61' title='bbox 270 703 296 748; x_wconf 89' lang='lat' dir='ltr'>rt</span> <span class='ocrx_word' id='word_1_62' title='bbox 308 694 373 750; x_wconf 86' lang='lat' dir='ltr'>uiris</span> <span class='ocrx_word' id='word_1_63' title='bbox 387 695 587 751; x_wconf 68' lang='lat' dir='ltr'>adherentibus</span> <span class='ocrx_word' id='word_1_64' title='bbox 602 694 628 751; x_wconf 92' lang='lat' dir='ltr'>ei</span> <span class='ocrx_word' id='word_1_65' title='bbox 643 710 652 766; x_wconf 89' lang='lat'>;</span> <span class='ocrx_word' id='word_1_66' title='bbox 667 709 740 750; x_wconf 92' lang='lat' dir='ltr'>nunc</span> <span class='ocrx_word' id='word_1_67' title='bbox 767 691 846 750; x_wconf 86' lang='lat' dir='ltr'>llatri</span> <span class='ocrx_word' id='word_1_68' title='bbox 870 700 897 748; x_wconf 88' lang='lat' dir='ltr'>et</span> <span class='ocrx_word' id='word_1_69' title='bbox 949 695 1031 759; x_wconf 88' lang='lat' dir='ltr'>tavit;</span> <span class='ocrx_word' id='word_1_70' title='bbox 1048 711 1101 752; x_wconf 92' lang='lat' dir='ltr'>non</span> <span class='ocrx_word' id='word_1_71' title='bbox 1113 705 1142 752; x_wconf 88' lang='lat' dir='ltr'>nt</span> <span class='ocrx_word' id='word_1_72' title='bbox 1154 697 1327 770; x_wconf 76' lang='lat' dir='ltr'>consederet,</span> <span class='ocrx_word' id='word_1_73' title='bbox 1347 697 1395 753; x_wconf 90' lang='lat' dir='ltr'>sed</span> <span class='ocrx_word' id='word_1_74' title='bbox 1412 706 1440 753; x_wconf 93' lang='lat' dir='ltr'>ut</span> <span class='ocrx_word' id='word_1_75' title='bbox 1454 697 1549 753; x_wconf 88' lang='lat' dir='ltr'>ordine</span> <span class='ocrx_word' id='word_1_76' title='bbox 1560 702 1741 772; x_wconf 80' lang='lat' dir='ltr'>susceptaedi·</span> 
     </span>
     <span class='ocr_line' id='line_1_7' title="bbox 100 781 1745 858; baseline 0.005 -20"><span class='ocrx_word' id='word_1_77' title='bbox 100 783 262 840; x_wconf 89' lang='lat' dir='ltr'>mulieribus</span> <span class='ocrx_word' id='word_1_78' title='bbox 275 783 464 840; x_wconf 80' lang='lat' dir='ltr'>comitantibus</span> <span class='ocrx_word' id='word_1_79' title='bbox 478 799 548 851; x_wconf 86' lang='lat' dir='ltr'>eam,</span> <span class='ocrx_word' id='word_1_80' title='bbox 565 800 622 840; x_wconf 78' lang='lat' dir='ltr'>suar</span> <span class='ocrx_word' id='word_1_81' title='bbox 637 781 788 855; x_wconf 79' lang='lat' dir='ltr'>praesentias</span> <span class='ocrx_word' id='word_1_82' title='bbox 802 781 896 839; x_wconf 90' lang='lat' dir='ltr'>dulce·</span> <span class='ocrx_word' id='word_1_83' title='bbox 949 784 1130 852; x_wconf 77' lang='lat' dir='ltr'>sponsationis</span> <span class='ocrx_word' id='word_1_84' title='bbox 1153 796 1291 858; x_wconf 87' lang='lat' dir='ltr'>paternam</span> <span class='ocrx_word' id='word_1_85' title='bbox 1319 786 1485 842; x_wconf 90' lang='lat' dir='ltr'>voluntatem</span> <span class='ocrx_word' id='word_1_86' title='bbox 1499 788 1663 844; x_wconf 84' lang='lat' dir='ltr'>consuleret.</span> <span class='ocrx_word' id='word_1_87' title='bbox 1687 791 1745 848; x_wconf 89' lang='lat' dir='ltr'>Nec</span> 
     </span>
     <span class='ocr_line' id='line_1_8' title="bbox 100 871 1746 948; baseline 0.004 -20"><span class='ocrx_word' id='word_1_88' title='bbox 100 871 193 930; x_wconf 88' lang='lat' dir='ltr'>dinem</span> <span class='ocrx_word' id='word_1_89' title='bbox 219 872 374 929; x_wconf 85' lang='lat' dir='ltr'>indulsisse.</span> <span class='ocrx_word' id='word_1_90' title='bbox 395 872 555 945; x_wconf 78' lang='lat' dir='ltr'>Cogitemus</span> <span class='ocrx_word' id='word_1_91' title='bbox 580 887 647 946; x_wconf 90' lang='lat' dir='ltr'>ergo</span> <span class='ocrx_word' id='word_1_92' title='bbox 678 878 777 944; x_wconf 87' lang='lat' dir='ltr'>quanta</span> <span class='ocrx_word' id='word_1_93' title='bbox 800 885 896 927; x_wconf 88' lang='lat' dir='ltr'>corum</span> <span class='ocrx_word' id='word_1_94' title='bbox 949 871 1067 929; x_wconf 85' lang='lat' dir='ltr'>absurda</span> <span class='ocrx_word' id='word_1_95' title='bbox 1084 874 1192 931; x_wconf 86' lang='lat' dir='ltr'>uidetur</span> <span class='ocrx_word' id='word_1_96' title='bbox 1207 873 1267 931; x_wconf 87' lang='lat' dir='ltr'>talis</span> <span class='ocrx_word' id='word_1_97' title='bbox 1281 873 1393 946; x_wconf 86' lang='lat' dir='ltr'>opinio;</span> <span class='ocrx_word' id='word_1_98' title='bbox 1410 873 1433 930; x_wconf 92' lang='lat' dir='ltr'>si</span> <span class='ocrx_word' id='word_1_99' title='bbox 1447 873 1593 932; x_wconf 74' lang='lat' dir='ltr'>estimetur</span> <span class='ocrx_word' id='word_1_100' title='bbox 1606 876 1679 948; x_wconf 87' lang='lat' dir='ltr'>quod</span> <span class='ocrx_word' id='word_1_101' title='bbox 1695 877 1746 935; x_wconf 88' lang='lat' dir='ltr'>Dei</span> 
     </span>
     <span class='ocr_line' id='line_1_9' title="bbox 101 959 1742 1036; baseline 0.005 -21"><span class='ocrx_word' id='word_1_102' title='bbox 101 961 185 1018; x_wconf 89' lang='lat' dir='ltr'>luerit</span> <span class='ocrx_word' id='word_1_103' title='bbox 195 960 318 1027; x_wconf 76' lang='lat' dir='ltr'>felicitas,</span> <span class='ocrx_word' id='word_1_104' title='bbox 333 961 431 1034; x_wconf 90' lang='lat' dir='ltr'>quihus</span> <span class='ocrx_word' id='word_1_105' title='bbox 446 961 592 1017; x_wconf 86' lang='lat' dir='ltr'>detumeat</span> <span class='ocrx_word' id='word_1_106' title='bbox 617 967 656 1017; x_wconf 91' lang='lat' dir='ltr'>tot</span> <span class='ocrx_word' id='word_1_107' title='bbox 682 959 779 1018; x_wconf 87' lang='lat' dir='ltr'>diebus</span> <span class='ocrx_word' id='word_1_108' title='bbox 803 960 895 1019; x_wconf 82' lang='lat' dir='ltr'>ridere</span> <span class='ocrx_word' id='word_1_109' title='bbox 949 959 1032 1016; x_wconf 80' lang='lat' dir='ltr'>Filius</span> <span class='ocrx_word' id='word_1_110' title='bbox 1045 969 1078 1018; x_wconf 89' lang='lat' dir='ltr'>de</span> <span class='ocrx_word' id='word_1_111' title='bbox 1092 962 1145 1034; x_wconf 89' lang='lat' dir='ltr'>bis,</span> <span class='ocrx_word' id='word_1_112' title='bbox 1160 979 1220 1034; x_wconf 86' lang='lat' dir='ltr'>quse</span> <span class='ocrx_word' id='word_1_113' title='bbox 1234 963 1262 1019; x_wconf 94' lang='lat' dir='ltr'>in</span> <span class='ocrx_word' id='word_1_114' title='bbox 1276 962 1369 1019; x_wconf 79' lang='lat' dir='ltr'>divine</span> <span class='ocrx_word' id='word_1_115' title='bbox 1387 970 1483 1021; x_wconf 88' lang='lat' dir='ltr'>natura</span> <span class='ocrx_word' id='word_1_116' title='bbox 1509 963 1591 1020; x_wconf 90' lang='lat' dir='ltr'>simul</span> <span class='ocrx_word' id='word_1_117' title='bbox 1605 963 1665 1036; x_wconf 88' lang='lat' dir='ltr'>ipse</span> <span class='ocrx_word' id='word_1_118' title='bbox 1678 981 1742 1023; x_wconf 91' lang='lat' dir='ltr'>cnm</span> 
     </span>
     <span class='ocr_line' id='line_1_10' title="bbox 101 1048 1742 1123; baseline 0.005 -19"><span class='ocrx_word' id='word_1_119' title='bbox 101 1049 199 1106; x_wconf 80' lang='lat' dir='ltr'>taciem</span> <span class='ocrx_word' id='word_1_120' title='bbox 212 1051 283 1120; x_wconf 90' lang='lat' dir='ltr'>ejus,</span> <span class='ocrx_word' id='word_1_121' title='bbox 307 1059 333 1106; x_wconf 90' lang='lat' dir='ltr'>st</span> <span class='ocrx_word' id='word_1_122' title='bbox 348 1049 493 1106; x_wconf 86' lang='lat' dir='ltr'>mellifluos</span> <span class='ocrx_word' id='word_1_123' title='bbox 509 1049 602 1106; x_wconf 90' lang='lat' dir='ltr'>audire</span> <span class='ocrx_word' id='word_1_124' title='bbox 624 1064 787 1120; x_wconf 81' lang='lat' dir='ltr'>sermones3</span> <span class='ocrx_word' id='word_1_125' title='bbox 803 1048 896 1107; x_wconf 89' lang='lat' dir='ltr'>consi-</span> <span class='ocrx_word' id='word_1_126' title='bbox 948 1048 1027 1106; x_wconf 81' lang='lat' dir='ltr'>Patre</span> <span class='ocrx_word' id='word_1_127' title='bbox 1035 1059 1062 1106; x_wconf 89' lang='lat' dir='ltr'>et</span> <span class='ocrx_word' id='word_1_128' title='bbox 1071 1050 1175 1122; x_wconf 87' lang='lat' dir='ltr'>Spiritu</span> <span class='ocrx_word' id='word_1_129' title='bbox 1194 1061 1300 1120; x_wconf 79' lang='lat' dir='ltr'>macto,</span> <span class='ocrx_word' id='word_1_130' title='bbox 1311 1052 1459 1123; x_wconf 79' lang='lat' dir='ltr'>coaequalis</span> <span class='ocrx_word' id='word_1_131' title='bbox 1474 1060 1503 1108; x_wconf 88' lang='lat' dir='ltr'>et</span> <span class='ocrx_word' id='word_1_132' title='bbox 1520 1053 1742 1112; x_wconf 87' lang='lat' dir='ltr'>consubstantia-</span> 
     </span>
     <span class='ocr_line' id='line_1_11' title="bbox 100 1135 1742 1214; baseline 0.004 -19"><span class='ocrx_word' id='word_1_133' title='bbox 100 1139 199 1195; x_wconf 87' lang='lat' dir='ltr'>derarc</span> <span class='ocrx_word' id='word_1_134' title='bbox 213 1140 241 1195; x_wconf 91' lang='lat' dir='ltr'>in</span> <span class='ocrx_word' id='word_1_135' title='bbox 255 1140 364 1195; x_wconf 90' lang='lat' dir='ltr'>homine</span> <span class='ocrx_word' id='word_1_136' title='bbox 382 1147 409 1195; x_wconf 88' lang='lat' dir='ltr'>et</span> <span class='ocrx_word' id='word_1_137' title='bbox 423 1154 508 1211; x_wconf 90' lang='lat' dir='ltr'>puero</span> <span class='ocrx_word' id='word_1_138' title='bbox 533 1139 612 1212; x_wconf 89' lang='lat' dir='ltr'>signa</span> <span class='ocrx_word' id='word_1_139' title='bbox 635 1138 760 1212; x_wconf 84' lang='lat' dir='ltr'>quaedam</span> <span class='ocrx_word' id='word_1_140' title='bbox 772 1137 898 1195; x_wconf 86' lang='lat' dir='ltr'>eoelestis</span> <span class='ocrx_word' id='word_1_141' title='bbox 949 1135 983 1192; x_wconf 89' lang='lat' dir='ltr'>lis</span> <span class='ocrx_word' id='word_1_142' title='bbox 996 1141 1112 1210; x_wconf 87' lang='lat' dir='ltr'>utrique,</span> <span class='ocrx_word' id='word_1_143' title='bbox 1128 1140 1309 1211; x_wconf 77' lang='lat' dir='ltr'>disposuerat,</span> <span class='ocrx_word' id='word_1_144' title='bbox 1320 1140 1347 1197; x_wconf 92' lang='lat' dir='ltr'>in</span> <span class='ocrx_word' id='word_1_145' title='bbox 1362 1140 1532 1197; x_wconf 77' lang='lat' dir='ltr'>tormacensi</span> <span class='ocrx_word' id='word_1_146' title='bbox 1546 1157 1626 1214; x_wconf 86' lang='lat' dir='ltr'>quam</span> <span class='ocrx_word' id='word_1_147' title='bbox 1640 1159 1742 1201; x_wconf 91' lang='lat' dir='ltr'>susce·</span> 
     </span>
     <span class='ocr_line' id='line_1_12' title="bbox 99 1226 1773 1301; baseline 0.002 -17"><span class='ocrx_word' id='word_1_148' title='bbox 99 1227 208 1284; x_wconf 86' lang='lat' dir='ltr'>radiare</span> <span class='ocrx_word' id='word_1_149' title='bbox 236 1228 352 1300; x_wconf 78' lang='lat' dir='ltr'>uirtutis,</span> <span class='ocrx_word' id='word_1_150' title='bbox 376 1241 403 1284; x_wconf 87' lang='lat' dir='ltr'>et</span> <span class='ocrx_word' id='word_1_151' title='bbox 429 1229 502 1284; x_wconf 89' lang='lat' dir='ltr'>inter</span> <span class='ocrx_word' id='word_1_152' title='bbox 528 1226 759 1284; x_wconf 75' lang='lat' dir='ltr'>confabulationes</span> <span class='ocrx_word' id='word_1_153' title='bbox 788 1235 896 1284; x_wconf 88' lang='lat' dir='ltr'>mutuas</span> <span class='ocrx_word' id='word_1_154' title='bbox 949 1237 1034 1298; x_wconf 86' lang='lat' dir='ltr'>perat,</span> <span class='ocrx_word' id='word_1_155' title='bbox 1049 1228 1130 1284; x_wconf 91' lang='lat' dir='ltr'>bomo</span> <span class='ocrx_word' id='word_1_156' title='bbox 1155 1229 1254 1297; x_wconf 86' lang='lat' dir='ltr'>Deum,</span> <span class='ocrx_word' id='word_1_157' title='bbox 1283 1244 1381 1296; x_wconf 83' lang='lat' dir='ltr'>paraus</span> <span class='ocrx_word' id='word_1_158' title='bbox 1407 1244 1537 1301; x_wconf 85' lang='lat' dir='ltr'>magnam</span> <span class='ocrx_word' id='word_1_159' title='bbox 1565 1229 1773 1299; x_wconf 67' lang='lat' dir='ltr'>consuluerit·</span> 
     </span>
     <span class='ocr_line' id='line_1_13' title="bbox 98 1315 1743 1390; baseline 0.001 -18"><span class='ocrx_word' id='word_1_160' title='bbox 98 1316 257 1388; x_wconf 74' lang='lat' dir='ltr'>mysterium</span> <span class='ocrx_word' id='word_1_161' title='bbox 274 1315 689 1386; x_wconf 79' lang='lat' dir='ltr'>sapientiaesalutarisinserere.</span> <span class='ocrx_word' id='word_1_162' title='bbox 713 1318 827 1386; x_wconf 82' lang='lat' dir='ltr'>stupent</span> <span class='ocrx_word' id='word_1_163' title='bbox 847 1332 895 1373; x_wconf 88' lang='lat' dir='ltr'>se·</span> <span class='ocrx_word' id='word_1_164' title='bbox 949 1329 1004 1371; x_wconf 91' lang='lat' dir='ltr'>non</span> <span class='ocrx_word' id='word_1_165' title='bbox 1022 1324 1054 1371; x_wconf 93' lang='grc' dir='ltr'>ιιι</span> <span class='ocrx_word' id='word_1_166' title='bbox 1067 1315 1193 1383; x_wconf 88' lang='lat' dir='ltr'>disceret,</span> <span class='ocrx_word' id='word_1_167' title='bbox 1215 1317 1289 1390; x_wconf 87' lang='lat' dir='ltr'>qnod</span> <span class='ocrx_word' id='word_1_168' title='bbox 1303 1316 1361 1390; x_wconf 88' lang='lat' dir='ltr'>ipse</span> <span class='ocrx_word' id='word_1_169' title='bbox 1375 1333 1437 1373; x_wconf 88' lang='lat' dir='ltr'>cnm</span> <span class='ocrx_word' id='word_1_170' title='bbox 1451 1319 1529 1373; x_wconf 90' lang='lat' dir='ltr'>Patre</span> <span class='ocrx_word' id='word_1_171' title='bbox 1541 1317 1568 1373; x_wconf 92' lang='lat' dir='ltr'>in</span> <span class='ocrx_word' id='word_1_172' title='bbox 1591 1318 1678 1375; x_wconf 79' lang='lat' dir='ltr'>torma</span> <span class='ocrx_word' id='word_1_173' title='bbox 1693 1319 1743 1376; x_wconf 89' lang='lat' dir='ltr'>Dei</span> 
     </span>
     <span class='ocr_line' id='line_1_14' title="bbox 98 1403 1745 1478; baseline 0.002 -18"><span class='ocrx_word' id='word_1_174' title='bbox 98 1420 159 1471; x_wconf 88' lang='lat' dir='ltr'>nes,</span> <span class='ocrx_word' id='word_1_175' title='bbox 176 1405 476 1476; x_wconf 85' lang='lat' dir='ltr'>admirantnrjnvenes,</span> <span class='ocrx_word' id='word_1_176' title='bbox 491 1414 519 1461; x_wconf 88' lang='lat' dir='ltr'>et</span> <span class='ocrx_word' id='word_1_177' title='bbox 532 1420 588 1461; x_wconf 84' lang='lat' dir='ltr'>suae</span> <span class='ocrx_word' id='word_1_178' title='bbox 610 1414 674 1461; x_wconf 91' lang='lat' dir='ltr'>tnnc</span> <span class='ocrx_word' id='word_1_179' title='bbox 687 1404 774 1460; x_wconf 85' lang='lat' dir='ltr'>aetatis</span> <span class='ocrx_word' id='word_1_180' title='bbox 795 1403 895 1476; x_wconf 87' lang='lat' dir='ltr'>pueri,</span> <span class='ocrx_word' id='word_1_181' title='bbox 949 1403 1111 1460; x_wconf 76' lang='lat' dir='ltr'>eternaliter</span> <span class='ocrx_word' id='word_1_182' title='bbox 1126 1414 1250 1472; x_wconf 86' lang='lat' dir='ltr'>nouerat;</span> <span class='ocrx_word' id='word_1_183' title='bbox 1262 1405 1312 1463; x_wconf 89' lang='lat' dir='ltr'>sed</span> <span class='ocrx_word' id='word_1_184' title='bbox 1325 1413 1355 1462; x_wconf 91' lang='lat' dir='ltr'>ut</span> <span class='ocrx_word' id='word_1_185' title='bbox 1367 1405 1420 1477; x_wconf 89' lang='lat' dir='ltr'>ipsi</span> <span class='ocrx_word' id='word_1_186' title='bbox 1444 1405 1514 1462; x_wconf 85' lang='lat' dir='ltr'>Patri</span> <span class='ocrx_word' id='word_1_187' title='bbox 1530 1406 1682 1478; x_wconf 87' lang='lat' dir='ltr'>peremnia</span> <span class='ocrx_word' id='word_1_188' title='bbox 1695 1408 1745 1464; x_wconf 85' lang='lat' dir='ltr'>de&#39;-</span> 
     </span>
     <span class='ocr_line' id='line_1_15' title="bbox 98 1492 1772 1566; baseline 0.002 -18"><span class='ocrx_word' id='word_1_189' title='bbox 98 1507 206 1549; x_wconf 91' lang='lat' dir='ltr'>morum</span> <span class='ocrx_word' id='word_1_190' title='bbox 217 1494 361 1566; x_wconf 84' lang='lat' dir='ltr'>gravitate,</span> <span class='ocrx_word' id='word_1_191' title='bbox 377 1503 404 1548; x_wconf 90' lang='lat' dir='ltr'>et</span> <span class='ocrx_word' id='word_1_192' title='bbox 431 1508 588 1550; x_wconf 84' lang='lat' dir='ltr'>sermonum</span> <span class='ocrx_word' id='word_1_193' title='bbox 608 1493 682 1549; x_wconf 89' lang='lat' dir='ltr'>illius</span> <span class='ocrx_word' id='word_1_194' title='bbox 701 1492 821 1563; x_wconf 90' lang='lat' dir='ltr'>pondere</span> <span class='ocrx_word' id='word_1_195' title='bbox 842 1493 893 1549; x_wconf 87' lang='lat' dir='ltr'>de·</span> <span class='ocrx_word' id='word_1_196' title='bbox 950 1492 1041 1561; x_wconf 78' lang='lat' dir='ltr'>terret,</span> <span class='ocrx_word' id='word_1_197' title='bbox 1058 1494 1240 1550; x_wconf 90' lang='lat' dir='ltr'>obedientiam</span> <span class='ocrx_word' id='word_1_198' title='bbox 1261 1493 1384 1563; x_wconf 74' lang='lat' dir='ltr'>offerret,</span> <span class='ocrx_word' id='word_1_199' title='bbox 1401 1493 1538 1565; x_wconf 71' lang='lat' dir='ltr'>praeferret</span> <span class='ocrx_word' id='word_1_200' title='bbox 1551 1495 1741 1553; x_wconf 82' lang='lat' dir='ltr'>bumilitatem.</span> <span class='ocrx_word' id='word_1_201' title='bbox 1770 1554 1772 1561; x_wconf 79' lang='grc'>,</span> 
     </span>
     <span class='ocr_line' id='line_1_16' title="bbox 98 1581 1744 1656; baseline 0.001 -17"><span class='ocrx_word' id='word_1_202' title='bbox 98 1589 245 1639; x_wconf 84' lang='lat' dir='ltr'>terrentur.</span> <span class='ocrx_word' id='word_1_203' title='bbox 262 1583 351 1639; x_wconf 86' lang='lat' dir='ltr'>Credo</span> <span class='ocrx_word' id='word_1_204' title='bbox 377 1581 448 1638; x_wconf 87' lang='lat' dir='ltr'>enim</span> <span class='ocrx_word' id='word_1_205' title='bbox 477 1581 506 1637; x_wconf 91' lang='lat' dir='ltr'>in</span> <span class='ocrx_word' id='word_1_206' title='bbox 533 1583 580 1638; x_wconf 93' lang='lat' dir='ltr'>illo</span> <span class='ocrx_word' id='word_1_207' title='bbox 594 1581 793 1653; x_wconf 87' lang='lat' dir='ltr'>speciosissimo</span> <span class='ocrx_word' id='word_1_208' title='bbox 815 1581 894 1637; x_wconf 82' lang='lat' dir='ltr'>vultu</span> <span class='ocrx_word' id='word_1_209' title='bbox 949 1582 1744 1656; x_wconf 84' lang='lat' dir='ltr'>lbiagiturinillosecretocubiculoPatrisdebaptismats</span> 
     </span>
     <span class='ocr_line' id='line_1_17' title="bbox 100 1632 1743 1745; baseline 0.003 -19"><span class='ocrx_word' id='word_1_210' title='bbox 100 1679 201 1728; x_wconf 83' lang='grc' dir='ltr'>ιιιιιιιι</span> <span class='ocrx_word' id='word_1_211' title='bbox 228 1671 324 1745; x_wconf 88' lang='lat' dir='ltr'>gratiae</span> <span class='ocrx_word' id='word_1_212' title='bbox 351 1670 472 1727; x_wconf 88' lang='lat' dir='ltr'>coelestis</span> <span class='ocrx_word' id='word_1_213' title='bbox 497 1669 659 1744; x_wconf 87' lang='lat' dir='ltr'>elegantiam</span> <span class='ocrx_word' id='word_1_214' title='bbox 686 1668 837 1736; x_wconf 78' lang='lat' dir='ltr'>refulsisse,</span> <span class='ocrx_word' id='word_1_215' title='bbox 867 1676 896 1725; x_wconf 91' lang='lat' dir='ltr'>ut</span> <span class='ocrx_word' id='word_1_216' title='bbox 911 1632 934 1711; x_wconf 68' lang='grc' dir='ltr'><strong>Β</strong></span> <span class='ocrx_word' id='word_1_217' title='bbox 948 1670 1131 1744; x_wconf 84' lang='lat' dir='ltr'>smcipienuo,</span> <span class='ocrx_word' id='word_1_218' title='bbox 1147 1671 1182 1728; x_wconf 89' lang='lat' dir='ltr'>de</span> <span class='ocrx_word' id='word_1_219' title='bbox 1209 1672 1340 1744; x_wconf 75' lang='lat' dir='ltr'>eligendis</span> <span class='ocrx_word' id='word_1_220' title='bbox 1358 1671 1511 1744; x_wconf 88' lang='lat' dir='ltr'>discipulis,</span> <span class='ocrx_word' id='word_1_221' title='bbox 1539 1673 1574 1728; x_wconf 92' lang='lat' dir='ltr'>ds</span> <span class='ocrx_word' id='word_1_222' title='bbox 1599 1674 1743 1731; x_wconf 90' lang='lat' dir='ltr'>condendo</span> 
     </span>
     <span class='ocr_line' id='line_1_18' title="bbox 99 1756 1744 1834; baseline 0.002 -20"><span class='ocrx_word' id='word_1_223' title='bbox 99 1757 221 1815; x_wconf 90' lang='lat' dir='ltr'>omnium</span> <span class='ocrx_word' id='word_1_224' title='bbox 243 1759 270 1814; x_wconf 91' lang='lat' dir='ltr'>in</span> <span class='ocrx_word' id='word_1_225' title='bbox 285 1775 314 1814; x_wconf 87' lang='lat' dir='ltr'>se</span> <span class='ocrx_word' id='word_1_226' title='bbox 329 1765 500 1816; x_wconf 86' lang='lat' dir='ltr'>converteret</span> <span class='ocrx_word' id='word_1_227' title='bbox 528 1767 677 1829; x_wconf 88' lang='lat' dir='ltr'>aspectum,</span> <span class='ocrx_word' id='word_1_228' title='bbox 692 1756 812 1813; x_wconf 90' lang='lat' dir='ltr'>anditum</span> <span class='ocrx_word' id='word_1_229' title='bbox 839 1757 895 1813; x_wconf 88' lang='lat' dir='ltr'>eri·</span> <span class='ocrx_word' id='word_1_230' title='bbox 949 1759 1105 1832; x_wconf 79' lang='lat' dir='ltr'>Evangelio,</span> <span class='ocrx_word' id='word_1_231' title='bbox 1120 1762 1155 1819; x_wconf 90' lang='lat' dir='ltr'>de</span> <span class='ocrx_word' id='word_1_232' title='bbox 1174 1761 1309 1818; x_wconf 86' lang='lat' dir='ltr'>miraculis</span> <span class='ocrx_word' id='word_1_233' title='bbox 1324 1760 1463 1830; x_wconf 83' lang='lat' dir='ltr'>iaciendis,</span> <span class='ocrx_word' id='word_1_234' title='bbox 1486 1769 1627 1834; x_wconf 91' lang='lat' dir='ltr'>postremo</span> <span class='ocrx_word' id='word_1_235' title='bbox 1651 1763 1685 1818; x_wconf 93' lang='lat' dir='ltr'>ds</span> <span class='ocrx_word' id='word_1_236' title='bbox 1700 1771 1744 1818; x_wconf 89' lang='lat' dir='ltr'>to·</span> 
     </span>
     <span class='ocr_line' id='line_1_19' title="bbox 98 1845 1743 1921; baseline 0.004 -22"><span class='ocrx_word' id='word_1_237' title='bbox 98 1853 186 1919; x_wconf 89' lang='lat' dir='ltr'>geret,</span> <span class='ocrx_word' id='word_1_238' title='bbox 204 1849 332 1904; x_wconf 81' lang='lat' dir='ltr'>excitaret</span> <span class='ocrx_word' id='word_1_239' title='bbox 347 1846 486 1904; x_wconf 84' lang='lat' dir='ltr'>allectum.</span> <span class='ocrx_word' id='word_1_240' title='bbox 502 1847 600 1912; x_wconf 87' lang='lat' dir='ltr'>Cerne,</span> <span class='ocrx_word' id='word_1_241' title='bbox 625 1860 730 1918; x_wconf 78' lang='lat' dir='ltr'>quoeso,</span> <span class='ocrx_word' id='word_1_242' title='bbox 764 1845 896 1917; x_wconf 88' lang='lat' dir='ltr'>quemad·</span> <span class='ocrx_word' id='word_1_243' title='bbox 949 1848 1064 1907; x_wconf 90' lang='lat' dir='ltr'>lerantia</span> <span class='ocrx_word' id='word_1_244' title='bbox 1078 1849 1220 1921; x_wconf 88' lang='lat' dir='ltr'>passionis,</span> <span class='ocrx_word' id='word_1_245' title='bbox 1243 1859 1270 1906; x_wconf 89' lang='lat' dir='ltr'>et</span> <span class='ocrx_word' id='word_1_246' title='bbox 1288 1849 1499 1907; x_wconf 88' lang='lat' dir='ltr'>resurrectionis</span> <span class='ocrx_word' id='word_1_247' title='bbox 1518 1851 1615 1920; x_wconf 89' lang='lat' dir='ltr'>gloria.</span> <span class='ocrx_word' id='word_1_248' title='bbox 1632 1849 1743 1908; x_wconf 86' lang='lat' dir='ltr'>Cunctis</span> 
     </span>
     <span class='ocr_line' id='line_1_20' title="bbox 99 1935 1743 2013; baseline 0.005 -24"><span class='ocrx_word' id='word_1_249' title='bbox 99 1936 212 1990; x_wconf 92' lang='lat' dir='ltr'>modum</span> <span class='ocrx_word' id='word_1_250' title='bbox 227 1952 244 1991; x_wconf 92' lang='lat' dir='ltr'>a</span> <span class='ocrx_word' id='word_1_251' title='bbox 257 1937 371 2007; x_wconf 88' lang='lat' dir='ltr'>singulis</span> <span class='ocrx_word' id='word_1_252' title='bbox 384 1937 496 2007; x_wconf 91' lang='lat' dir='ltr'>rapitur,</span> <span class='ocrx_word' id='word_1_253' title='bbox 511 1953 526 1993; x_wconf 97' lang='lat' dir='ltr'>a</span> <span class='ocrx_word' id='word_1_254' title='bbox 541 1936 655 2010; x_wconf 89' lang='lat' dir='ltr'>siugulis</span> <span class='ocrx_word' id='word_1_255' title='bbox 669 1935 794 1992; x_wconf 91' lang='lat' dir='ltr'>trabitur.</span> <span class='ocrx_word' id='word_1_256' title='bbox 811 1935 896 1991; x_wconf 81' lang='lat' dir='ltr'>Senes</span> <span class='ocrx_word' id='word_1_257' title='bbox 949 1936 1040 1993; x_wconf 73' lang='lat' dir='ltr'>dimne</span> <span class='ocrx_word' id='word_1_258' title='bbox 1064 1939 1143 1996; x_wconf 92' lang='lat' dir='ltr'>modo</span> <span class='ocrx_word' id='word_1_259' title='bbox 1171 1938 1317 2010; x_wconf 89' lang='lat' dir='ltr'>dispositis,</span> <span class='ocrx_word' id='word_1_260' title='bbox 1333 1940 1419 1995; x_wconf 89' lang='lat' dir='ltr'>ultera</span> <span class='ocrx_word' id='word_1_261' title='bbox 1431 1938 1490 2009; x_wconf 86' lang='lat' dir='ltr'>jam</span> <span class='ocrx_word' id='word_1_262' title='bbox 1504 1939 1549 1994; x_wconf 90' lang='lat' dir='ltr'>die</span> <span class='ocrx_word' id='word_1_263' title='bbox 1561 1939 1694 2013; x_wconf 78' lang='lat' dir='ltr'>angelicis</span> <span class='ocrx_word' id='word_1_264' title='bbox 1714 1949 1743 1998; x_wconf 89' lang='lat' dir='ltr'>et</span> 
     </span>
     <span class='ocr_line' id='line_1_21' title="bbox 99 2024 1741 2099; baseline 0.003 -19"><span class='ocrx_word' id='word_1_265' title='bbox 99 2025 268 2090; x_wconf 88' lang='lat' dir='ltr'>osculantur,</span> <span class='ocrx_word' id='word_1_266' title='bbox 281 2027 480 2096; x_wconf 85' lang='lat' dir='ltr'>amplectuntur</span> <span class='ocrx_word' id='word_1_267' title='bbox 491 2026 611 2096; x_wconf 80' lang='lat' dir='ltr'>juvenes,</span> <span class='ocrx_word' id='word_1_268' title='bbox 636 2024 714 2095; x_wconf 89' lang='lat' dir='ltr'>pueri</span> <span class='ocrx_word' id='word_1_269' title='bbox 736 2025 895 2095; x_wconf 86' lang='lat' dir='ltr'>obsequun-</span> <span class='ocrx_word' id='word_1_270' title='bbox 948 2026 1144 2099; x_wconf 83' lang='lat' dir='ltr'>archangelicis</span> <span class='ocrx_word' id='word_1_271' title='bbox 1162 2028 1253 2084; x_wconf 91' lang='lat' dir='ltr'>choris</span> <span class='ocrx_word' id='word_1_272' title='bbox 1266 2027 1425 2084; x_wconf 84' lang='lat' dir='ltr'>suauitatem</span> <span class='ocrx_word' id='word_1_273' title='bbox 1438 2028 1481 2083; x_wconf 91' lang='lat' dir='ltr'>sui</span> <span class='ocrx_word' id='word_1_274' title='bbox 1497 2028 1591 2084; x_wconf 85' lang='lat' dir='ltr'>vultus</span> <span class='ocrx_word' id='word_1_275' title='bbox 1603 2027 1716 2085; x_wconf 88' lang='lat' dir='ltr'>indulsit</span> <span class='ocrx_word' id='word_1_276' title='bbox 1734 2045 1741 2086; x_wconf 78' lang='grc' dir='ltr'><em>τ</em></span> 
     </span>
     <span class='ocr_line' id='line_1_22' title="bbox 100 2111 1744 2189; baseline 0.002 -20"><span class='ocrx_word' id='word_1_277' title='bbox 100 2121 156 2169; x_wconf 84' lang='grc' dir='ltr'>ιιι.</span> <span class='ocrx_word' id='word_1_278' title='bbox 174 2112 241 2182; x_wconf 84' lang='lat' dir='ltr'>Qnae</span> <span class='ocrx_word' id='word_1_279' title='bbox 256 2113 380 2185; x_wconf 75' lang='lat' dir='ltr'>lacrymae</span> <span class='ocrx_word' id='word_1_280' title='bbox 394 2113 495 2185; x_wconf 88' lang='lat' dir='ltr'>pneris,</span> <span class='ocrx_word' id='word_1_281' title='bbox 510 2113 574 2169; x_wconf 90' lang='lat' dir='ltr'>dum</span> <span class='ocrx_word' id='word_1_282' title='bbox 587 2112 687 2169; x_wconf 90' lang='lat' dir='ltr'>diutius</span> <span class='ocrx_word' id='word_1_283' title='bbox 700 2111 790 2169; x_wconf 80' lang='lat' dir='ltr'>ariris</span> <span class='ocrx_word' id='word_1_284' title='bbox 816 2119 895 2170; x_wconf 87' lang='lat' dir='ltr'>tene·</span> <span class='ocrx_word' id='word_1_285' title='bbox 948 2112 1126 2187; x_wconf 87' lang='lat' dir='ltr'>rcierensque</span> <span class='ocrx_word' id='word_1_286' title='bbox 1140 2117 1277 2189; x_wconf 89' lang='lat' dir='ltr'>antiquam</span> <span class='ocrx_word' id='word_1_287' title='bbox 1300 2115 1399 2173; x_wconf 84' lang='lat' dir='ltr'>cisium</span> <span class='ocrx_word' id='word_1_288' title='bbox 1423 2132 1607 2188; x_wconf 88' lang='lat' dir='ltr'>supernorum</span> <span class='ocrx_word' id='word_1_289' title='bbox 1634 2117 1744 2174; x_wconf 90' lang='lat' dir='ltr'>ruinam</span> 
     </span>
     <span class='ocr_line' id='line_1_23' title="bbox 101 2201 1741 2276; baseline 0.004 -20"><span class='ocrx_word' id='word_1_290' title='bbox 101 2202 202 2256; x_wconf 83' lang='lat' dir='ltr'>returl</span> <span class='ocrx_word' id='word_1_291' title='bbox 231 2218 292 2275; x_wconf 87' lang='lat' dir='ltr'>quae</span> <span class='ocrx_word' id='word_1_292' title='bbox 317 2203 416 2259; x_wconf 90' lang='lat' dir='ltr'>sanctis</span> <span class='ocrx_word' id='word_1_293' title='bbox 439 2202 598 2258; x_wconf 89' lang='lat' dir='ltr'>mulieribus</span> <span class='ocrx_word' id='word_1_294' title='bbox 625 2201 810 2271; x_wconf 81' lang='lat' dir='ltr'>querimoniae,</span> <span class='ocrx_word' id='word_1_295' title='bbox 833 2216 896 2259; x_wconf 87' lang='lat' dir='ltr'>oum</span> <span class='ocrx_word' id='word_1_296' title='bbox 947 2211 1009 2274; x_wconf 89' lang='lat' dir='ltr'>post</span> <span class='ocrx_word' id='word_1_297' title='bbox 1034 2204 1174 2260; x_wconf 89' lang='lat' dir='ltr'>modicum</span> <span class='ocrx_word' id='word_1_298' title='bbox 1193 2206 1382 2276; x_wconf 87' lang='lat' dir='ltr'>reparandam,</span> <span class='ocrx_word' id='word_1_299' title='bbox 1414 2205 1568 2262; x_wconf 86' lang='lat' dir='ltr'>universam</span> <span class='ocrx_word' id='word_1_300' title='bbox 1594 2206 1741 2263; x_wconf 81' lang='lat' dir='ltr'>laetificavit</span> 
     </span>
     <span class='ocr_line' id='line_1_24' title="bbox 99 2289 1741 2363; baseline 0.002 -16"><span class='ocrx_word' id='word_1_301' title='bbox 99 2291 181 2363; x_wconf 90' lang='lat' dir='ltr'>paulo</span> <span class='ocrx_word' id='word_1_302' title='bbox 206 2291 267 2362; x_wconf 89' lang='lat' dir='ltr'>plns</span> <span class='ocrx_word' id='word_1_303' title='bbox 293 2308 355 2348; x_wconf 94' lang='lat' dir='ltr'>cum</span> <span class='ocrx_word' id='word_1_304' title='bbox 380 2298 503 2361; x_wconf 82' lang='lat' dir='ltr'>putreat</span> <span class='ocrx_word' id='word_1_305' title='bbox 526 2292 585 2362; x_wconf 89' lang='lat' dir='ltr'>ejus</span> <span class='ocrx_word' id='word_1_306' title='bbox 611 2289 693 2348; x_wconf 91' lang='lat' dir='ltr'>sociis</span> <span class='ocrx_word' id='word_1_307' title='bbox 718 2291 894 2347; x_wconf 75' lang='lat' dir='ltr'>moraretur?</span> <span class='ocrx_word' id='word_1_308' title='bbox 947 2290 1080 2348; x_wconf 81' lang='lat' dir='ltr'>civitatem</span> <span class='ocrx_word' id='word_1_309' title='bbox 1103 2291 1163 2350; x_wconf 86' lang='lat' dir='ltr'>Dei.</span> <span class='ocrx_word' id='word_1_310' title='bbox 1183 2293 1243 2348; x_wconf 88' lang='lat' dir='ltr'>Jam</span> <span class='ocrx_word' id='word_1_311' title='bbox 1258 2292 1338 2351; x_wconf 87' lang='lat' dir='ltr'>tertia</span> <span class='ocrx_word' id='word_1_312' title='bbox 1352 2293 1397 2348; x_wconf 91' lang='lat' dir='ltr'>die</span> <span class='ocrx_word' id='word_1_313' title='bbox 1413 2308 1443 2348; x_wconf 89' lang='lat' dir='ltr'>se</span> <span class='ocrx_word' id='word_1_314' title='bbox 1458 2295 1556 2350; x_wconf 87' lang='lat' dir='ltr'>cuneis</span> <span class='ocrx_word' id='word_1_315' title='bbox 1569 2293 1741 2351; x_wconf 83' lang='lat' dir='ltr'>Patriarcha·</span> 
     </span>
     <span class='ocr_line' id='line_1_25' title="bbox 98 2377 1742 2455; baseline 0 -17"><span class='ocrx_word' id='word_1_316' title='bbox 98 2380 186 2438; x_wconf 88' lang='lat' dir='ltr'>Credo</span> <span class='ocrx_word' id='word_1_317' title='bbox 196 2381 320 2452; x_wconf 87' lang='lat' dir='ltr'>singulos</span> <span class='ocrx_word' id='word_1_318' title='bbox 335 2381 431 2439; x_wconf 90' lang='lat' dir='ltr'>intimo</span> <span class='ocrx_word' id='word_1_319' title='bbox 445 2380 614 2452; x_wconf 86' lang='lat' dir='ltr'>proclamare</span> <span class='ocrx_word' id='word_1_320' title='bbox 637 2377 735 2436; x_wconf 82' lang='lat' dir='ltr'>aflectu</span> <span class='ocrx_word' id='word_1_321' title='bbox 750 2396 757 2437; x_wconf 92' lang='lat'>:</span> <span class='ocrx_word' id='word_1_322' title='bbox 773 2379 895 2438; x_wconf 83' lang='lat' dir='ltr'>·0scale·</span> <span class='ocrx_word' id='word_1_323' title='bbox 948 2396 1008 2436; x_wconf 91' lang='lat' dir='ltr'>rum</span> <span class='ocrx_word' id='word_1_324' title='bbox 1022 2389 1050 2437; x_wconf 88' lang='lat' dir='ltr'>et</span> <span class='ocrx_word' id='word_1_325' title='bbox 1063 2382 1259 2453; x_wconf 85' lang='lat' dir='ltr'>Prophetarum</span> <span class='ocrx_word' id='word_1_326' title='bbox 1286 2381 1453 2451; x_wconf 87' lang='lat' dir='ltr'>immiscens,</span> <span class='ocrx_word' id='word_1_327' title='bbox 1482 2397 1515 2438; x_wconf 90' lang='lat' dir='ltr'>ea</span> <span class='ocrx_word' id='word_1_328' title='bbox 1539 2397 1601 2455; x_wconf 83' lang='lat' dir='ltr'>quse</span> <span class='ocrx_word' id='word_1_329' title='bbox 1617 2399 1632 2439; x_wconf 94' lang='grc' dir='ltr'>ι</span> <span class='ocrx_word' id='word_1_330' title='bbox 1648 2390 1742 2440; x_wconf 88' lang='lat' dir='ltr'>sancto</span> 
     </span>
     <span class='ocr_line' id='line_1_26' title="bbox 100 2467 1742 2543; baseline 0 -17"><span class='ocrx_word' id='word_1_331' title='bbox 100 2474 203 2526; x_wconf 82' lang='lat' dir='ltr'>turma</span> <span class='ocrx_word' id='word_1_332' title='bbox 222 2472 318 2527; x_wconf 84' lang='lat' dir='ltr'>osculo</span> <span class='ocrx_word' id='word_1_333' title='bbox 329 2471 387 2526; x_wconf 85' lang='lat' dir='ltr'>oris</span> <span class='ocrx_word' id='word_1_334' title='bbox 401 2471 447 2527; x_wconf 82' lang='lat' dir='ltr'>sai</span> <span class='ocrx_word' id='word_1_335' title='bbox 461 2469 558 2539; x_wconf 83' lang='lat' dir='ltr'>(Cant,</span> <span class='ocrx_word' id='word_1_336' title='bbox 571 2483 592 2524; x_wconf 89' lang='grc' dir='ltr'>ι.</span> <span class='ocrx_word' id='word_1_337' title='bbox 618 2467 655 2540; x_wconf 86' lang='lat' dir='ltr'>l).</span> <span class='ocrx_word' id='word_1_338' title='bbox 671 2468 707 2523; x_wconf 89' lang='lat' dir='ltr'>Et</span> <span class='ocrx_word' id='word_1_339' title='bbox 722 2467 814 2538; x_wconf 90' lang='lat' dir='ltr'>pueris</span> <span class='ocrx_word' id='word_1_340' title='bbox 833 2469 894 2539; x_wconf 87' lang='lat' dir='ltr'>ejus</span> <span class='ocrx_word' id='word_1_341' title='bbox 948 2485 1015 2528; x_wconf 88' lang='lat' dir='ltr'>sene</span> <span class='ocrx_word' id='word_1_342' title='bbox 1027 2471 1155 2528; x_wconf 90' lang='lat' dir='ltr'>Simeone</span> <span class='ocrx_word' id='word_1_343' title='bbox 1167 2471 1270 2527; x_wconf 91' lang='lat' dir='ltr'>dudum</span> <span class='ocrx_word' id='word_1_344' title='bbox 1282 2470 1436 2537; x_wconf 89' lang='lat' dir='ltr'>audierant,</span> <span class='ocrx_word' id='word_1_345' title='bbox 1452 2471 1555 2543; x_wconf 89' lang='lat' dir='ltr'>proprii</span> <span class='ocrx_word' id='word_1_346' title='bbox 1570 2470 1661 2528; x_wconf 90' lang='lat' dir='ltr'>vultus</span> <span class='ocrx_word' id='word_1_347' title='bbox 1682 2487 1742 2527; x_wconf 91' lang='lat' dir='ltr'>rna-</span> 
     </span>
     <span class='ocr_line' id='line_1_27' title="bbox 99 2555 1739 2632; baseline 0.002 -18"><span class='ocrx_word' id='word_1_348' title='bbox 99 2559 269 2629; x_wconf 82' lang='lat' dir='ltr'>praeentiam</span> <span class='ocrx_word' id='word_1_349' title='bbox 293 2558 503 2630; x_wconf 85' lang='lat' dir='ltr'>suspirantibus,</span> <span class='ocrx_word' id='word_1_350' title='bbox 527 2557 574 2612; x_wconf 87' lang='lat' dir='ltr'>sed</span> <span class='ocrx_word' id='word_1_351' title='bbox 594 2572 692 2613; x_wconf 88' lang='lat' dir='ltr'>senum</span> <span class='ocrx_word' id='word_1_352' title='bbox 704 2555 895 2614; x_wconf 87' lang='lat' dir='ltr'>contuberniis</span> <span class='ocrx_word' id='word_1_353' title='bbox 947 2558 1117 2615; x_wconf 86' lang='lat' dir='ltr'>nilestatione</span> <span class='ocrx_word' id='word_1_354' title='bbox 1140 2560 1273 2632; x_wconf 86' lang='lat' dir='ltr'>probauit.</span> <span class='ocrx_word' id='word_1_355' title='bbox 1286 2559 1384 2632; x_wconf 85' lang='lat' dir='ltr'>Sisque</span> <span class='ocrx_word' id='word_1_356' title='bbox 1402 2559 1618 2630; x_wconf 82' lang='lat' dir='ltr'>exspectationis</span> <span class='ocrx_word' id='word_1_357' title='bbox 1631 2559 1739 2617; x_wconf 88' lang='lat' dir='ltr'>illorum</span> 
     </span>
     <span class='ocr_line' id='line_1_28' title="bbox 98 2645 1742 2720; baseline 0.001 -17"><span class='ocrx_word' id='word_1_358' title='bbox 98 2663 129 2703; x_wconf 86' lang='lat' dir='ltr'>se</span> <span class='ocrx_word' id='word_1_359' title='bbox 144 2647 264 2703; x_wconf 88' lang='lat' dir='ltr'>inserere</span> <span class='ocrx_word' id='word_1_360' title='bbox 275 2663 328 2703; x_wconf 94' lang='lat' dir='ltr'>non</span> <span class='ocrx_word' id='word_1_361' title='bbox 344 2647 515 2713; x_wconf 87' lang='lat' dir='ltr'>audentibus,</span> <span class='ocrx_word' id='word_1_362' title='bbox 539 2645 604 2703; x_wconf 92' lang='lat' dir='ltr'>illud</span> <span class='ocrx_word' id='word_1_363' title='bbox 627 2645 706 2703; x_wconf 88' lang='lat' dir='ltr'>lacile</span> <span class='ocrx_word' id='word_1_364' title='bbox 728 2653 891 2717; x_wconf 84' lang='lat' dir='ltr'>coaptatur:</span> <span class='ocrx_word' id='word_1_365' title='bbox 947 2647 1176 2715; x_wconf 87' lang='lat' dir='ltr'>moras,instantis</span> <span class='ocrx_word' id='word_1_366' title='bbox 1182 2649 1240 2719; x_wconf 78' lang='lat' dir='ltr'>iam</span> <span class='ocrx_word' id='word_1_367' title='bbox 1249 2647 1441 2720; x_wconf 83' lang='lat' dir='ltr'>redemptionis</span> <span class='ocrx_word' id='word_1_368' title='bbox 1452 2648 1633 2720; x_wconf 86' lang='lat' dir='ltr'>promissione</span> <span class='ocrx_word' id='word_1_369' title='bbox 1644 2663 1742 2705; x_wconf 86' lang='lat' dir='ltr'>conso·</span> 
     </span>
     <span class='ocr_line' id='line_1_29' title="bbox 101 2734 1741 2811; baseline 0 -18"><span class='ocrx_word' id='word_1_370' title='bbox 101 2736 169 2806; x_wconf 78' lang='lat' dir='ltr'>Quis</span> <span class='ocrx_word' id='word_1_371' title='bbox 175 2736 331 2795; x_wconf 82' lang='lat' dir='ltr'>miltidctte</span> <span class='ocrx_word' id='word_1_372' title='bbox 339 2739 462 2809; x_wconf 74' lang='lat' dir='ltr'>fratrem</span> <span class='ocrx_word' id='word_1_373' title='bbox 474 2740 722 2809; x_wconf 79' lang='lat' dir='ltr'>meumsngentem</span> <span class='ocrx_word' id='word_1_374' title='bbox 735 2734 822 2792; x_wconf 82' lang='lat' dir='ltr'>abero</span> <span class='ocrx_word' id='word_1_375' title='bbox 830 2752 894 2791; x_wconf 83' lang='lat' dir='ltr'>ma·</span> <span class='ocrx_word' id='word_1_376' title='bbox 946 2734 1015 2805; x_wconf 90' lang='lat' dir='ltr'>lans,</span> <span class='ocrx_word' id='word_1_377' title='bbox 1026 2736 1232 2810; x_wconf 77' lang='lat' dir='ltr'>animequiores</span> <span class='ocrx_word' id='word_1_378' title='bbox 1245 2748 1328 2811; x_wconf 85' lang='lat' dir='ltr'>atque</span> <span class='ocrx_word' id='word_1_379' title='bbox 1336 2736 1483 2794; x_wconf 80' lang='grc' dir='ltr'>ιιιιιιοιιι</span> <span class='ocrx_word' id='word_1_380' title='bbox 1496 2737 1616 2795; x_wconf 89' lang='lat' dir='ltr'>reddidit</span> <span class='ocrx_word' id='word_1_381' title='bbox 1627 2738 1741 2795; x_wconf 83' lang='lat' dir='ltr'>univer·</span> 
     </span>
     <span class='ocr_line' id='line_1_30' title="bbox 97 2825 1003 2897; baseline -0.003 -14"><span class='ocrx_word' id='word_1_382' title='bbox 97 2828 153 2883; x_wconf 82' lang='lat' dir='ltr'>tris</span> <span class='ocrx_word' id='word_1_383' title='bbox 166 2842 246 2893; x_wconf 78' lang='lat' dir='ltr'>mea,</span> <span class='ocrx_word' id='word_1_384' title='bbox 261 2829 295 2882; x_wconf 81' lang='lat' dir='ltr'>ut</span> <span class='ocrx_word' id='word_1_385' title='bbox 309 2828 453 2883; x_wconf 81' lang='lat' dir='ltr'>inueniam</span> <span class='ocrx_word' id='word_1_386' title='bbox 468 2830 496 2882; x_wconf 84' lang='lat' dir='ltr'>te</span> <span class='ocrx_word' id='word_1_387' title='bbox 508 2825 590 2897; x_wconf 77' lang='lat' dir='ltr'>soris,</span> <span class='ocrx_word' id='word_1_388' title='bbox 600 2831 629 2884; x_wconf 80' lang='lat' dir='ltr'>et</span> <span class='ocrx_word' id='word_1_389' title='bbox 639 2825 781 2883; x_wconf 72' lang='lat' dir='ltr'>deosculer</span> <span class='ocrx_word' id='word_1_390' title='bbox 790 2825 888 2896; x_wconf 81' lang='lat' dir='ltr'>(dant.</span> <span class='ocrx_word' id='word_1_391' title='bbox 946 2840 1003 2881; x_wconf 90' lang='lat' dir='ltr'>sos.</span> 
     </span>
     <span class='ocr_line' id='line_1_31' title="bbox 98 2909 1741 2989; baseline 0.001 -19"><span class='ocrx_word' id='word_1_392' title='bbox 98 2930 157 2986; x_wconf 82' lang='lat' dir='ltr'>rara,</span> <span class='ocrx_word' id='word_1_393' title='bbox 173 2916 213 2986; x_wconf 88' lang='lat' dir='ltr'>l.)</span> <span class='ocrx_word' id='word_1_394' title='bbox 905 2909 928 2989; x_wconf 74' lang='lat' dir='ltr'><strong>c</strong></span> <span class='ocrx_word' id='word_1_395' title='bbox 981 2916 1008 2969; x_wconf 79' lang='grc'>8.</span> <span class='ocrx_word' id='word_1_396' title='bbox 1024 2912 1119 2971; x_wconf 87' lang='lat' dir='ltr'>llerito</span> <span class='ocrx_word' id='word_1_397' title='bbox 1133 2913 1216 2986; x_wconf 88' lang='lat' dir='ltr'>igitnr</span> <span class='ocrx_word' id='word_1_398' title='bbox 1230 2921 1291 2986; x_wconf 88' lang='lat' dir='ltr'>post</span> <span class='ocrx_word' id='word_1_399' title='bbox 1306 2915 1423 2972; x_wconf 89' lang='lat' dir='ltr'>triduum</span> <span class='ocrx_word' id='word_1_400' title='bbox 1447 2914 1581 2971; x_wconf 87' lang='lat' dir='ltr'>invenitur</span> <span class='ocrx_word' id='word_1_401' title='bbox 1595 2913 1623 2970; x_wconf 91' lang='lat' dir='ltr'>in</span> <span class='ocrx_word' id='word_1_402' title='bbox 1638 2914 1741 2987; x_wconf 91' lang='lat' dir='ltr'>templo</span> 
     </span>
     <span class='ocr_line' id='line_1_32' title="bbox 134 3001 1741 3079; baseline 0 -21"><span class='ocrx_word' id='word_1_403' title='bbox 134 3006 160 3058; x_wconf 82' lang='lat' dir='ltr'>d.</span> <span class='ocrx_word' id='word_1_404' title='bbox 177 3005 246 3059; x_wconf 83' lang='lat' dir='ltr'>Cum</span> <span class='ocrx_word' id='word_1_405' title='bbox 262 3005 313 3061; x_wconf 91' lang='lat' dir='ltr'>hac</span> <span class='ocrx_word' id='word_1_406' title='bbox 326 3003 409 3077; x_wconf 88' lang='lat' dir='ltr'>igitur</span> <span class='ocrx_word' id='word_1_407' title='bbox 416 3003 585 3075; x_wconf 86' lang='lat' dir='ltr'>jucunditate</span> <span class='ocrx_word' id='word_1_408' title='bbox 600 3002 814 3079; x_wconf 86' lang='lat' dir='ltr'>ingredientibus</span> <span class='ocrx_word' id='word_1_409' title='bbox 823 3016 892 3059; x_wconf 91' lang='lat' dir='ltr'>cun·</span> <span class='ocrx_word' id='word_1_410' title='bbox 946 3001 973 3058; x_wconf 90' lang='lat' dir='ltr'>in</span> <span class='ocrx_word' id='word_1_411' title='bbox 989 3002 1079 3059; x_wconf 89' lang='lat' dir='ltr'>medio</span> <span class='ocrx_word' id='word_1_412' title='bbox 1093 3003 1235 3060; x_wconf 87' lang='lat' dir='ltr'>doctorum</span> <span class='ocrx_word' id='word_1_413' title='bbox 1249 3009 1276 3060; x_wconf 90' lang='lat' dir='ltr'>et</span> <span class='ocrx_word' id='word_1_414' title='bbox 1289 3003 1440 3069; x_wconf 89' lang='lat' dir='ltr'>seniorum,</span> <span class='ocrx_word' id='word_1_415' title='bbox 1456 3011 1487 3059; x_wconf 93' lang='lat' dir='ltr'>ut</span> <span class='ocrx_word' id='word_1_416' title='bbox 1500 3013 1620 3075; x_wconf 78' lang='lat' dir='ltr'>paternas</span> <span class='ocrx_word' id='word_1_417' title='bbox 1634 3003 1741 3074; x_wconf 88' lang='lat' dir='ltr'>pietatis</span> 
     </span>
     <span class='ocr_line' id='line_1_33' title="bbox 96 3089 1741 3167; baseline -0.001 -19"><span class='ocrx_word' id='word_1_418' title='bbox 96 3092 149 3148; x_wconf 89' lang='lat' dir='ltr'>ctis</span> <span class='ocrx_word' id='word_1_419' title='bbox 177 3092 309 3149; x_wconf 84' lang='lat' dir='ltr'>civitatem</span> <span class='ocrx_word' id='word_1_420' title='bbox 342 3102 474 3162; x_wconf 88' lang='lat' dir='ltr'>sanctam,</span> <span class='ocrx_word' id='word_1_421' title='bbox 498 3095 689 3166; x_wconf 87' lang='lat' dir='ltr'>contemplare,</span> <span class='ocrx_word' id='word_1_422' title='bbox 715 3107 794 3167; x_wconf 91' lang='lat' dir='ltr'>rogo,</span> <span class='ocrx_word' id='word_1_423' title='bbox 822 3092 892 3148; x_wconf 88' lang='lat' dir='ltr'>inter</span> <span class='ocrx_word' id='word_1_424' title='bbox 945 3090 1130 3147; x_wconf 88' lang='lat' dir='ltr'>dehominum</span> <span class='ocrx_word' id='word_1_425' title='bbox 1141 3089 1233 3150; x_wconf 72' lang='lat'>580</span> <span class='ocrx_word' id='word_1_426' title='bbox 1247 3092 1416 3165; x_wconf 86' lang='lat' dir='ltr'>reparatione</span> <span class='ocrx_word' id='word_1_427' title='bbox 1430 3092 1587 3156; x_wconf 86' lang='lat' dir='ltr'>consilium,</span> <span class='ocrx_word' id='word_1_428' title='bbox 1602 3091 1741 3148; x_wconf 75' lang='lat' dir='ltr'>sicntdn·</span> 
     </span>
     <span class='ocr_line' id='line_1_34' title="bbox 95 3180 1738 3254; baseline -0.001 -18"><span class='ocrx_word' id='word_1_429' title='bbox 95 3181 218 3254; x_wconf 88' lang='lat' dir='ltr'>singulas</span> <span class='ocrx_word' id='word_1_430' title='bbox 237 3180 351 3238; x_wconf 76' lang='lat' dir='ltr'>familias</span> <span class='ocrx_word' id='word_1_431' title='bbox 365 3198 445 3251; x_wconf 86' lang='lat' dir='ltr'>quam</span> <span class='ocrx_word' id='word_1_432' title='bbox 461 3182 505 3253; x_wconf 89' lang='lat' dir='ltr'>pia</span> <span class='ocrx_word' id='word_1_433' title='bbox 519 3182 598 3237; x_wconf 87' lang='lat' dir='ltr'>luerit</span> <span class='ocrx_word' id='word_1_434' title='bbox 613 3198 643 3239; x_wconf 92' lang='lat' dir='ltr'>ac</span> <span class='ocrx_word' id='word_1_435' title='bbox 666 3188 759 3239; x_wconf 90' lang='lat' dir='ltr'>sancta</span> <span class='ocrx_word' id='word_1_436' title='bbox 777 3190 893 3237; x_wconf 88' lang='lat' dir='ltr'>conten·</span> <span class='ocrx_word' id='word_1_437' title='bbox 945 3181 1014 3254; x_wconf 87' lang='lat' dir='ltr'>gelis</span> <span class='ocrx_word' id='word_1_438' title='bbox 1026 3189 1052 3239; x_wconf 90' lang='lat' dir='ltr'>et</span> <span class='ocrx_word' id='word_1_439' title='bbox 1075 3180 1176 3238; x_wconf 89' lang='lat' dir='ltr'>sanctis</span> <span class='ocrx_word' id='word_1_440' title='bbox 1199 3197 1281 3238; x_wconf 90' lang='lat' dir='ltr'>carne</span> <span class='ocrx_word' id='word_1_441' title='bbox 1308 3183 1407 3248; x_wconf 86' lang='lat' dir='ltr'>cautis,</span> <span class='ocrx_word' id='word_1_442' title='bbox 1438 3189 1570 3253; x_wconf 90' lang='lat' dir='ltr'>quantum</span> <span class='ocrx_word' id='word_1_443' title='bbox 1585 3181 1738 3247; x_wconf 88' lang='lat' dir='ltr'>ridebatur,</span> 
     </span>
     <span class='ocr_line' id='line_1_35' title="bbox 94 3268 1741 3341; baseline 0.001 -19"><span class='ocrx_word' id='word_1_444' title='bbox 94 3271 146 3340; x_wconf 93' lang='lat' dir='ltr'>tio,</span> <span class='ocrx_word' id='word_1_445' title='bbox 160 3269 267 3326; x_wconf 89' lang='lat' dir='ltr'>conctis</span> <span class='ocrx_word' id='word_1_446' title='bbox 278 3270 496 3326; x_wconf 84' lang='lat' dir='ltr'>desiderantibus</span> <span class='ocrx_word' id='word_1_447' title='bbox 508 3271 567 3341; x_wconf 83' lang='lat' dir='ltr'>ejus</span> <span class='ocrx_word' id='word_1_448' title='bbox 576 3269 627 3326; x_wconf 92' lang='lat' dir='ltr'>sibi</span> <span class='ocrx_word' id='word_1_449' title='bbox 640 3270 812 3340; x_wconf 81' lang='lat' dir='ltr'>praesentiam</span> <span class='ocrx_word' id='word_1_450' title='bbox 827 3269 892 3325; x_wconf 89' lang='lat' dir='ltr'>dul·</span> <span class='ocrx_word' id='word_1_451' title='bbox 945 3271 1149 3341; x_wconf 86' lang='lat' dir='ltr'>propalaverat;</span> <span class='ocrx_word' id='word_1_452' title='bbox 1174 3269 1212 3324; x_wconf 89' lang='lat' dir='ltr'>ita</span> <span class='ocrx_word' id='word_1_453' title='bbox 1226 3271 1253 3325; x_wconf 93' lang='lat' dir='ltr'>in</span> <span class='ocrx_word' id='word_1_454' title='bbox 1276 3270 1398 3325; x_wconf 90' lang='lat' dir='ltr'>omnium</span> <span class='ocrx_word' id='word_1_455' title='bbox 1422 3269 1544 3325; x_wconf 90' lang='lat' dir='ltr'>locorum</span> <span class='ocrx_word' id='word_1_456' title='bbox 1558 3268 1741 3324; x_wconf 79' lang='lat' dir='ltr'>sacratissimo</span> 
     </span>
     <span class='ocr_line' id='line_1_36' title="bbox 94 3355 1741 3431; baseline -0.002 -17"><span class='ocrx_word' id='word_1_457' title='bbox 94 3358 231 3415; x_wconf 89' lang='lat' dir='ltr'>cissimam</span> <span class='ocrx_word' id='word_1_458' title='bbox 246 3359 388 3430; x_wconf 87' lang='lat' dir='ltr'>indulgeri.</span> <span class='ocrx_word' id='word_1_459' title='bbox 407 3361 469 3415; x_wconf 86' lang='lat' dir='ltr'>llaec</span> <span class='ocrx_word' id='word_1_460' title='bbox 482 3358 547 3416; x_wconf 83' lang='lat' dir='ltr'>lolia</span> <span class='ocrx_word' id='word_1_461' title='bbox 565 3375 625 3431; x_wconf 80' lang='lat' dir='ltr'>qua</span> <span class='ocrx_word' id='word_1_462' title='bbox 646 3359 721 3415; x_wconf 87' lang='lat' dir='ltr'>vicit.</span> <span class='ocrx_word' id='word_1_463' title='bbox 751 3359 831 3414; x_wconf 86' lang='lat' dir='ltr'>Forte</span> <span class='ocrx_word' id='word_1_464' title='bbox 855 3358 892 3414; x_wconf 94' lang='lat' dir='ltr'>ob</span> <span class='ocrx_word' id='word_1_465' title='bbox 946 3359 1046 3429; x_wconf 91' lang='lat' dir='ltr'>templo</span> <span class='ocrx_word' id='word_1_466' title='bbox 1064 3357 1290 3429; x_wconf 80' lang='lat' dir='ltr'>ierosolymitico,</span> <span class='ocrx_word' id='word_1_467' title='bbox 1307 3368 1334 3413; x_wconf 86' lang='lat' dir='ltr'>et</span> <span class='ocrx_word' id='word_1_468' title='bbox 1348 3356 1390 3411; x_wconf 89' lang='lat' dir='ltr'>his</span> <span class='ocrx_word' id='word_1_469' title='bbox 1405 3357 1491 3428; x_wconf 87' lang='lat' dir='ltr'>primo</span> <span class='ocrx_word' id='word_1_470' title='bbox 1515 3357 1563 3428; x_wconf 89' lang='lat' dir='ltr'>qui</span> <span class='ocrx_word' id='word_1_471' title='bbox 1577 3355 1741 3426; x_wconf 89' lang='lat' dir='ltr'>pretiosissi-</span> 
     </span>
     <span class='ocr_line' id='line_1_37' title="bbox 94 3440 1739 3516; baseline -0.003 -13"><span class='ocrx_word' id='word_1_472' title='bbox 94 3447 167 3504; x_wconf 86' lang='lat' dir='ltr'>hanc</span> <span class='ocrx_word' id='word_1_473' title='bbox 180 3464 288 3505; x_wconf 90' lang='lat' dir='ltr'>causam</span> <span class='ocrx_word' id='word_1_474' title='bbox 304 3449 497 3505; x_wconf 87' lang='lat' dir='ltr'>consummatis</span> <span class='ocrx_word' id='word_1_475' title='bbox 521 3447 648 3504; x_wconf 90' lang='lat' dir='ltr'>omnibus</span> <span class='ocrx_word' id='word_1_476' title='bbox 678 3463 739 3505; x_wconf 91' lang='lat' dir='ltr'>cum</span> <span class='ocrx_word' id='word_1_477' title='bbox 761 3446 890 3509; x_wconf 88' lang='lat' dir='ltr'>redirent,</span> <span class='ocrx_word' id='word_1_478' title='bbox 945 3460 1020 3499; x_wconf 91' lang='lat' dir='ltr'>mum</span> <span class='ocrx_word' id='word_1_479' title='bbox 1043 3443 1124 3516; x_wconf 85' lang='lat' dir='ltr'>hujus</span> <span class='ocrx_word' id='word_1_480' title='bbox 1138 3441 1328 3514; x_wconf 87' lang='lat' dir='ltr'>promissionis</span> <span class='ocrx_word' id='word_1_481' title='bbox 1343 3443 1496 3497; x_wconf 90' lang='lat' dir='ltr'>thesaurum</span> <span class='ocrx_word' id='word_1_482' title='bbox 1510 3441 1538 3497; x_wconf 92' lang='lat' dir='ltr'>in</span> <span class='ocrx_word' id='word_1_483' title='bbox 1553 3440 1637 3498; x_wconf 89' lang='lat' dir='ltr'>sacris</span> <span class='ocrx_word' id='word_1_484' title='bbox 1651 3441 1739 3498; x_wconf 85' lang='lat' dir='ltr'>Litte-</span> 
     </span>
     <span class='ocr_line' id='line_1_38' title="bbox 93 3530 1740 3610; baseline -0.005 -17"><span class='ocrx_word' id='word_1_485' title='bbox 93 3537 893 3610; x_wconf 76' lang='lat' dir='ltr'>remnnsitpeerlcsusinlcrnsalem,staoocognovcrant</span> <span class='ocrx_word' id='word_1_486' title='bbox 946 3532 983 3588; x_wconf 88' lang='lat' dir='ltr'>ris</span> <span class='ocrx_word' id='word_1_487' title='bbox 997 3533 1201 3598; x_wconf 81' lang='lat' dir='ltr'>conservabant,</span> <span class='ocrx_word' id='word_1_488' title='bbox 1223 3530 1356 3604; x_wconf 90' lang='lat' dir='ltr'>paulatim</span> <span class='ocrx_word' id='word_1_489' title='bbox 1369 3530 1502 3602; x_wconf 87' lang='lat' dir='ltr'>inciperet</span> <span class='ocrx_word' id='word_1_490' title='bbox 1529 3546 1663 3599; x_wconf 85' lang='lat' dir='ltr'>reserare,</span> <span class='ocrx_word' id='word_1_491' title='bbox 1678 3531 1740 3599; x_wconf 90' lang='lat' dir='ltr'>pri·</span> 
     </span>
     <span class='ocr_line' id='line_1_39' title="bbox 93 3618 1738 3697; baseline -0.002 -18"><span class='ocrx_word' id='word_1_492' title='bbox 93 3627 226 3695; x_wconf 83' lang='lat' dir='ltr'>pnrentes</span> <span class='ocrx_word' id='word_1_493' title='bbox 239 3626 309 3696; x_wconf 87' lang='lat' dir='ltr'>ejus.</span> <span class='ocrx_word' id='word_1_494' title='bbox 326 3623 494 3681; x_wconf 75' lang='lat' dir='ltr'>Arbitrantes</span> <span class='ocrx_word' id='word_1_495' title='bbox 508 3623 579 3680; x_wconf 90' lang='lat' dir='ltr'>enim</span> <span class='ocrx_word' id='word_1_496' title='bbox 607 3623 792 3697; x_wconf 81' lang='lat' dir='ltr'>unnsquisque</span> <span class='ocrx_word' id='word_1_497' title='bbox 819 3622 892 3693; x_wconf 85' lang='lat' dir='ltr'>quod</span> <span class='ocrx_word' id='word_1_498' title='bbox 946 3636 1019 3677; x_wconf 88' lang='lat' dir='ltr'>mum</span> <span class='ocrx_word' id='word_1_499' title='bbox 1043 3620 1157 3678; x_wconf 89' lang='lat' dir='ltr'>audiens</span> <span class='ocrx_word' id='word_1_500' title='bbox 1180 3627 1207 3676; x_wconf 90' lang='lat' dir='ltr'>et</span> <span class='ocrx_word' id='word_1_501' title='bbox 1233 3621 1416 3692; x_wconf 85' lang='lat' dir='ltr'>interrogans,</span> <span class='ocrx_word' id='word_1_502' title='bbox 1440 3618 1539 3676; x_wconf 89' lang='lat' dir='ltr'>deinde</span> <span class='ocrx_word' id='word_1_503' title='bbox 1555 3618 1738 3675; x_wconf 89' lang='lat' dir='ltr'>sacratissima</span> 
     </span>
     <span class='ocr_line' id='line_1_40' title="bbox 94 3709 1741 3784; baseline 0.001 -18"><span class='ocrx_word' id='word_1_504' title='bbox 94 3720 166 3767; x_wconf 89' lang='lat' dir='ltr'>esset</span> <span class='ocrx_word' id='word_1_505' title='bbox 178 3727 239 3769; x_wconf 90' lang='lat' dir='ltr'>cnm</span> <span class='ocrx_word' id='word_1_506' title='bbox 252 3713 347 3781; x_wconf 87' lang='lat' dir='ltr'>altero,</span> <span class='ocrx_word' id='word_1_507' title='bbox 364 3719 458 3782; x_wconf 87' lang='lat' dir='ltr'>utpote</span> <span class='ocrx_word' id='word_1_508' title='bbox 472 3712 520 3784; x_wconf 91' lang='lat' dir='ltr'>qni</span> <span class='ocrx_word' id='word_1_509' title='bbox 534 3713 675 3769; x_wconf 89' lang='lat' dir='ltr'>amabatur</span> <span class='ocrx_word' id='word_1_510' title='bbox 687 3712 723 3767; x_wconf 91' lang='lat' dir='ltr'>ah</span> <span class='ocrx_word' id='word_1_511' title='bbox 751 3711 890 3776; x_wconf 90' lang='lat' dir='ltr'>omnibus,</span> <span class='ocrx_word' id='word_1_512' title='bbox 945 3710 1074 3777; x_wconf 69' lang='lat' dir='ltr'>mysteria</span> <span class='ocrx_word' id='word_1_513' title='bbox 1087 3709 1214 3781; x_wconf 88' lang='lat' dir='ltr'>prodens.</span> <span class='ocrx_word' id='word_1_514' title='bbox 1230 3709 1645 3781; x_wconf 80' lang='lat' dir='ltr'>Deniquemiralraretaromnca</span> <span class='ocrx_word' id='word_1_515' title='bbox 1655 3725 1741 3782; x_wconf 85' lang='lat' dir='ltr'>super</span> 
     </span>
     <span class='ocr_line' id='line_1_41' title="bbox 94 3797 1739 3876; baseline 0.001 -22"><span class='ocrx_word' id='word_1_516' title='bbox 94 3807 122 3855; x_wconf 89' lang='lat' dir='ltr'>et</span> <span class='ocrx_word' id='word_1_517' title='bbox 134 3803 167 3855; x_wconf 92' lang='lat' dir='ltr'>ab</span> <span class='ocrx_word' id='word_1_518' title='bbox 179 3803 305 3858; x_wconf 89' lang='lat' dir='ltr'>omnihus</span> <span class='ocrx_word' id='word_1_519' title='bbox 322 3803 483 3873; x_wconf 85' lang='lat' dir='ltr'>petebatur:</span> <span class='ocrx_word' id='word_1_520' title='bbox 503 3819 557 3859; x_wconf 93' lang='lat' dir='ltr'>non</span> <span class='ocrx_word' id='word_1_521' title='bbox 583 3810 770 3876; x_wconf 89' lang='lat' dir='ltr'>cognorerunt</span> <span class='ocrx_word' id='word_1_522' title='bbox 793 3816 892 3871; x_wconf 87' lang='lat' dir='ltr'>paren·</span> <span class='ocrx_word' id='word_1_523' title='bbox 942 3799 1099 3873; x_wconf 83' lang='lat' dir='ltr'>prudentia</span> <span class='ocrx_word' id='word_1_524' title='bbox 1115 3809 1142 3857; x_wconf 83' lang='lat' dir='ltr'>et</span> <span class='ocrx_word' id='word_1_525' title='bbox 1155 3800 1294 3872; x_wconf 84' lang='lat' dir='ltr'>responsis</span> <span class='ocrx_word' id='word_1_526' title='bbox 1304 3802 1376 3872; x_wconf 84' lang='lat' dir='ltr'>ejas.</span> <span class='ocrx_word' id='word_1_527' title='bbox 1387 3800 1457 3854; x_wconf 88' lang='lat' dir='ltr'>Data</span> <span class='ocrx_word' id='word_1_528' title='bbox 1470 3805 1511 3855; x_wconf 90' lang='lat' dir='ltr'>est</span> <span class='ocrx_word' id='word_1_529' title='bbox 1531 3800 1589 3854; x_wconf 78' lang='lat' dir='ltr'>hac</span> <span class='ocrx_word' id='word_1_530' title='bbox 1604 3798 1700 3870; x_wconf 89' lang='lat' dir='ltr'>pneris</span> <span class='ocrx_word' id='word_1_531' title='bbox 1713 3797 1739 3856; x_wconf 91' lang='lat' dir='ltr'>ei</span> 
     </span>
     <span class='ocr_line' id='line_1_42' title="bbox 95 3887 1740 3962; baseline 0.001 -20"><span class='ocrx_word' id='word_1_532' title='bbox 95 3889 207 3957; x_wconf 77' lang='lat' dir='ltr'>lessius</span> <span class='ocrx_word' id='word_1_533' title='bbox 219 3891 292 3961; x_wconf 92' lang='lat' dir='ltr'>qnod</span> <span class='ocrx_word' id='word_1_534' title='bbox 311 3892 431 3962; x_wconf 89' lang='lat' dir='ltr'>abesset,</span> <span class='ocrx_word' id='word_1_535' title='bbox 460 3891 548 3949; x_wconf 90' lang='lat' dir='ltr'>donec</span> <span class='ocrx_word' id='word_1_536' title='bbox 571 3891 667 3948; x_wconf 90' lang='lat' dir='ltr'>itinere</span> <span class='ocrx_word' id='word_1_537' title='bbox 695 3891 747 3948; x_wconf 88' lang='lat' dir='ltr'>diei</span> <span class='ocrx_word' id='word_1_538' title='bbox 773 3891 889 3962; x_wconf 83' lang='lat' dir='ltr'>expleto,</span> <span class='ocrx_word' id='word_1_539' title='bbox 945 3887 1161 3945; x_wconf 88' lang='lat' dir='ltr'>adolescentibus</span> <span class='ocrx_word' id='word_1_540' title='bbox 1188 3887 1345 3944; x_wconf 91' lang='lat' dir='ltr'>humilitatis</span> <span class='ocrx_word' id='word_1_541' title='bbox 1373 3897 1401 3944; x_wconf 90' lang='lat' dir='ltr'>et</span> <span class='ocrx_word' id='word_1_542' title='bbox 1427 3888 1583 3945; x_wconf 77' lang='lat' dir='ltr'>reverentie</span> <span class='ocrx_word' id='word_1_543' title='bbox 1597 3888 1694 3954; x_wconf 82' lang='lat' dir='ltr'>torma,</span> <span class='ocrx_word' id='word_1_544' title='bbox 1709 3894 1740 3944; x_wconf 92' lang='lat' dir='ltr'>ut</span> 
     </span>
     <span class='ocr_line' id='line_1_43' title="bbox 95 3976 1741 4052; baseline 0.001 -20"><span class='ocrx_word' id='word_1_545' title='bbox 95 3979 279 4049; x_wconf 88' lang='lat' dir='ltr'>persingulas</span> <span class='ocrx_word' id='word_1_546' title='bbox 297 3978 422 4044; x_wconf 75' lang='lat' dir='ltr'>familias,</span> <span class='ocrx_word' id='word_1_547' title='bbox 441 3996 503 4052; x_wconf 83' lang='lat' dir='ltr'>qum</span> <span class='ocrx_word' id='word_1_548' title='bbox 518 3981 598 4036; x_wconf 89' lang='lat' dir='ltr'>simul</span> <span class='ocrx_word' id='word_1_549' title='bbox 616 3983 807 4051; x_wconf 88' lang='lat' dir='ltr'>ascenderant,</span> <span class='ocrx_word' id='word_1_550' title='bbox 818 3997 892 4052; x_wconf 83' lang='lat' dir='ltr'>quae-</span> <span class='ocrx_word' id='word_1_551' title='bbox 945 3978 973 4033; x_wconf 93' lang='lat' dir='ltr'>in</span> <span class='ocrx_word' id='word_1_552' title='bbox 992 3977 1081 4033; x_wconf 89' lang='lat' dir='ltr'>medio</span> <span class='ocrx_word' id='word_1_553' title='bbox 1095 3976 1231 4034; x_wconf 88' lang='lat' dir='ltr'>seniorum</span> <span class='ocrx_word' id='word_1_554' title='bbox 1247 3984 1361 4047; x_wconf 85' lang='lat' dir='ltr'>taceant,</span> <span class='ocrx_word' id='word_1_555' title='bbox 1379 3985 1409 4033; x_wconf 91' lang='lat' dir='ltr'>ut</span> <span class='ocrx_word' id='word_1_556' title='bbox 1430 3976 1549 4044; x_wconf 91' lang='lat' dir='ltr'>audiant,</span> <span class='ocrx_word' id='word_1_557' title='bbox 1570 3976 1741 4051; x_wconf 89' lang='lat' dir='ltr'>interrogent</span> 
     </span>
     <span class='ocr_line' id='line_1_44' title="bbox 96 4064 1739 4135; baseline 0.001 -17"><span class='ocrx_word' id='word_1_558' title='bbox 96 4070 200 4118; x_wconf 90' lang='lat' dir='ltr'>reretur</span> <span class='ocrx_word' id='word_1_559' title='bbox 212 4064 280 4119; x_wconf 88' lang='lat' dir='ltr'>inter</span> <span class='ocrx_word' id='word_1_560' title='bbox 293 4075 421 4135; x_wconf 83' lang='lat' dir='ltr'>cognatos</span> <span class='ocrx_word' id='word_1_561' title='bbox 434 4076 556 4124; x_wconf 87' lang='lat' dir='ltr'>etnotos.</span> <span class='ocrx_word' id='word_1_562' title='bbox 584 4069 619 4125; x_wconf 89' lang='lat' dir='ltr'>Et</span> <span class='ocrx_word' id='word_1_563' title='bbox 645 4083 699 4125; x_wconf 93' lang='lat' dir='ltr'>non</span> <span class='ocrx_word' id='word_1_564' title='bbox 721 4068 891 4126; x_wconf 81' lang='lat' dir='ltr'>inuenientes</span> <span class='ocrx_word' id='word_1_565' title='bbox 944 4076 973 4124; x_wconf 83' lang='lat' dir='ltr'>rt</span> <span class='ocrx_word' id='word_1_566' title='bbox 991 4067 1103 4122; x_wconf 89' lang='lat' dir='ltr'>discant.</span> <span class='ocrx_word' id='word_1_567' title='bbox 1119 4065 1211 4121; x_wconf 93' lang='lat' dir='ltr'>lndica</span> <span class='ocrx_word' id='word_1_568' title='bbox 1224 4066 1301 4134; x_wconf 90' lang='lat' dir='ltr'>mibi,</span> <span class='ocrx_word' id='word_1_569' title='bbox 1318 4082 1335 4122; x_wconf 94' lang='lat' dir='ltr'>o</span> <span class='ocrx_word' id='word_1_570' title='bbox 1351 4065 1527 4122; x_wconf 86' lang='lat' dir='ltr'>dilectissima</span> <span class='ocrx_word' id='word_1_571' title='bbox 1546 4065 1663 4122; x_wconf 90' lang='lat' dir='ltr'>Domina</span> <span class='ocrx_word' id='word_1_572' title='bbox 1677 4080 1739 4120; x_wconf 88' lang='lat' dir='ltr'>mea</span> 
     </span>
     <span class='ocr_line' id='line_1_45' title="bbox 95 4150 1737 4267; baseline 0.001 -61"><span class='ocrx_word' id='word_1_573' title='bbox 95 4150 213 4220; x_wconf 82' lang='lat' dir='ltr'>regressi</span> <span class='ocrx_word' id='word_1_574' title='bbox 226 4153 328 4206; x_wconf 87' lang='lat' dir='ltr'>suntin</span> <span class='ocrx_word' id='word_1_575' title='bbox 341 4152 490 4210; x_wconf 83' lang='lat' dir='ltr'>Jerusalem</span> <span class='ocrx_word' id='word_1_576' title='bbox 511 4163 592 4225; x_wconf 89' lang='lat' dir='ltr'>:post</span> <span class='ocrx_word' id='word_1_577' title='bbox 607 4155 727 4213; x_wconf 73' lang='lat' dir='ltr'>biduum</span> <span class='ocrx_word' id='word_1_578' title='bbox 741 4165 830 4212; x_wconf 89' lang='lat' dir='ltr'>autem</span> <span class='ocrx_word' id='word_1_579' title='bbox 844 4157 888 4212; x_wconf 90' lang='lat' dir='ltr'>in·</span> <span class='ocrx_word' id='word_1_580' title='bbox 906 4189 931 4267; x_wconf 59' lang='grc' dir='ltr'><strong><em>Β</em></strong></span> <span class='ocrx_word' id='word_1_581' title='bbox 948 4158 1031 4213; x_wconf 81' lang='lat' dir='ltr'>linter</span> <span class='ocrx_word' id='word_1_582' title='bbox 1044 4153 1153 4214; x_wconf 88' lang='lat' dir='ltr'>Domini</span> <span class='ocrx_word' id='word_1_583' title='bbox 1173 4155 1236 4220; x_wconf 89' lang='lat' dir='ltr'>mci,</span> <span class='ocrx_word' id='word_1_584' title='bbox 1247 4155 1311 4227; x_wconf 86' lang='lat' dir='ltr'>quid</span> <span class='ocrx_word' id='word_1_585' title='bbox 1327 4156 1374 4212; x_wconf 89' lang='lat' dir='ltr'>tibi</span> <span class='ocrx_word' id='word_1_586' title='bbox 1388 4154 1548 4211; x_wconf 78' lang='lat' dir='ltr'>innotuerit</span> <span class='ocrx_word' id='word_1_587' title='bbox 1563 4154 1657 4219; x_wconf 88' lang='lat' dir='ltr'>animi,</span> <span class='ocrx_word' id='word_1_588' title='bbox 1672 4153 1737 4226; x_wconf 91' lang='lat' dir='ltr'>quid</span> 
     </span>
     <span class='ocr_line' id='line_1_46' title="bbox 94 4240 1736 4316; baseline -0.001 -22"><span class='ocrx_word' id='word_1_589' title='bbox 94 4246 225 4295; x_wconf 88' lang='lat' dir='ltr'>venerunt</span> <span class='ocrx_word' id='word_1_590' title='bbox 244 4254 304 4294; x_wconf 91' lang='lat' dir='ltr'>eum</span> <span class='ocrx_word' id='word_1_591' title='bbox 321 4240 472 4312; x_wconf 91' lang='lat' dir='ltr'>intemplo.</span> <span class='ocrx_word' id='word_1_592' title='bbox 488 4243 539 4296; x_wconf 90' lang='lat' dir='ltr'>Per</span> <span class='ocrx_word' id='word_1_593' title='bbox 552 4242 618 4298; x_wconf 89' lang='lat' dir='ltr'>illud</span> <span class='ocrx_word' id='word_1_594' title='bbox 646 4244 735 4316; x_wconf 80' lang='lat' dir='ltr'>ireque</span> <span class='ocrx_word' id='word_1_595' title='bbox 759 4246 888 4313; x_wconf 92' lang='lat' dir='ltr'>triduum,</span> <span class='ocrx_word' id='word_1_596' title='bbox 947 4244 1079 4316; x_wconf 87' lang='lat' dir='ltr'>stuporis,</span> <span class='ocrx_word' id='word_1_597' title='bbox 1094 4243 1159 4312; x_wconf 83' lang='lat' dir='ltr'>quid</span> <span class='ocrx_word' id='word_1_598' title='bbox 1173 4243 1280 4315; x_wconf 89' lang='lat' dir='ltr'>gandii;</span> <span class='ocrx_word' id='word_1_599' title='bbox 1291 4258 1353 4299; x_wconf 91' lang='lat' dir='ltr'>cnm</span> <span class='ocrx_word' id='word_1_600' title='bbox 1368 4241 1553 4298; x_wconf 89' lang='lat' dir='ltr'>dulcissimum</span> <span class='ocrx_word' id='word_1_601' title='bbox 1563 4240 1647 4296; x_wconf 89' lang='lat' dir='ltr'>lilium</span> <span class='ocrx_word' id='word_1_602' title='bbox 1660 4247 1736 4295; x_wconf 89' lang='lat' dir='ltr'>tuum</span> 
     </span>
     <span class='ocr_line' id='line_1_47' title="bbox 95 4327 1739 4402; baseline -0.001 -16"><span class='ocrx_word' id='word_1_603' title='bbox 95 4330 142 4386; x_wconf 95' lang='lat' dir='ltr'>ubi</span> <span class='ocrx_word' id='word_1_604' title='bbox 158 4330 382 4398; x_wconf 87' lang='lat' dir='ltr'>cras,bonelesu</span> <span class='ocrx_word' id='word_1_605' title='bbox 397 4330 411 4384; x_wconf 81' lang='grc' dir='ltr'>ι</span> <span class='ocrx_word' id='word_1_606' title='bbox 425 4329 492 4398; x_wconf 84' lang='lat' dir='ltr'>Quis</span> <span class='ocrx_word' id='word_1_607' title='bbox 506 4330 553 4387; x_wconf 92' lang='lat' dir='ltr'>tibi</span> <span class='ocrx_word' id='word_1_608' title='bbox 567 4330 658 4387; x_wconf 90' lang='lat' dir='ltr'>cibum</span> <span class='ocrx_word' id='word_1_609' title='bbox 672 4338 718 4387; x_wconf 90' lang='lat' dir='ltr'>aut</span> <span class='ocrx_word' id='word_1_610' title='bbox 733 4340 826 4402; x_wconf 87' lang='lat' dir='ltr'>potum</span> <span class='ocrx_word' id='word_1_611' title='bbox 839 4333 889 4388; x_wconf 89' lang='lat' dir='ltr'>mi·</span> <span class='ocrx_word' id='word_1_612' title='bbox 944 4334 1090 4390; x_wconf 89' lang='lat' dir='ltr'>Dominum</span> <span class='ocrx_word' id='word_1_613' title='bbox 1102 4334 1194 4388; x_wconf 80' lang='lat' dir='ltr'>lesum</span> <span class='ocrx_word' id='word_1_614' title='bbox 1215 4332 1363 4400; x_wconf 79' lang='lat' dir='ltr'>invenires,</span> <span class='ocrx_word' id='word_1_615' title='bbox 1383 4347 1438 4387; x_wconf 91' lang='lat' dir='ltr'>non</span> <span class='ocrx_word' id='word_1_616' title='bbox 1463 4333 1535 4387; x_wconf 90' lang='lat' dir='ltr'>inter</span> <span class='ocrx_word' id='word_1_617' title='bbox 1556 4345 1667 4402; x_wconf 90' lang='lat' dir='ltr'>pueros,</span> <span class='ocrx_word' id='word_1_618' title='bbox 1691 4327 1739 4384; x_wconf 90' lang='lat' dir='ltr'>sed</span> 
     </span>
     <span class='ocr_line' id='line_1_48' title="bbox 95 4416 1738 4493; baseline -0.002 -19"><span class='ocrx_word' id='word_1_619' title='bbox 95 4419 220 4476; x_wconf 89' lang='lat' dir='ltr'>nistravit</span> <span class='ocrx_word' id='word_1_620' title='bbox 234 4421 249 4476; x_wconf 76' lang='grc' dir='ltr'>ι</span> <span class='ocrx_word' id='word_1_621' title='bbox 261 4422 323 4493; x_wconf 87' lang='lat' dir='ltr'>quis</span> <span class='ocrx_word' id='word_1_622' title='bbox 336 4420 466 4478; x_wconf 89' lang='lat' dir='ltr'>lectulum</span> <span class='ocrx_word' id='word_1_623' title='bbox 477 4419 569 4477; x_wconf 87' lang='lat' dir='ltr'>stravit</span> <span class='ocrx_word' id='word_1_624' title='bbox 587 4419 674 4492; x_wconf 73' lang='lat' dir='ltr'>iqnis</span> <span class='ocrx_word' id='word_1_625' title='bbox 692 4420 806 4476; x_wconf 85' lang='lat' dir='ltr'>detraxit</span> <span class='ocrx_word' id='word_1_626' title='bbox 832 4420 890 4478; x_wconf 92' lang='lat' dir='ltr'>cal·</span> <span class='ocrx_word' id='word_1_627' title='bbox 945 4423 1013 4478; x_wconf 89' lang='lat' dir='ltr'>inter</span> <span class='ocrx_word' id='word_1_628' title='bbox 1032 4422 1175 4485; x_wconf 64' lang='lat' dir='ltr'>doctorem</span> <span class='ocrx_word' id='word_1_629' title='bbox 1195 4433 1257 4475; x_wconf 89' lang='lat' dir='ltr'>cum</span> <span class='ocrx_word' id='word_1_630' title='bbox 1281 4419 1402 4475; x_wconf 90' lang='lat' dir='ltr'>omnium</span> <span class='ocrx_word' id='word_1_631' title='bbox 1422 4419 1517 4476; x_wconf 91' lang='lat' dir='ltr'>oculos</span> <span class='ocrx_word' id='word_1_632' title='bbox 1538 4417 1566 4473; x_wconf 90' lang='lat' dir='ltr'>in</span> <span class='ocrx_word' id='word_1_633' title='bbox 1587 4418 1675 4490; x_wconf 91' lang='lat' dir='ltr'>ipsum</span> <span class='ocrx_word' id='word_1_634' title='bbox 1693 4416 1738 4472; x_wconf 91' lang='lat' dir='ltr'>in·</span> 
     </span>
     <span class='ocr_line' id='line_1_49' title="bbox 96 4504 1736 4581; baseline -0.002 -17"><span class='ocrx_word' id='word_1_635' title='bbox 96 4516 234 4564; x_wconf 79' lang='lat' dir='ltr'>caementa</span> <span class='ocrx_word' id='word_1_636' title='bbox 250 4506 331 4581; x_wconf 86' lang='lat' dir='ltr'>lquis</span> <span class='ocrx_word' id='word_1_637' title='bbox 345 4510 469 4564; x_wconf 91' lang='lat' dir='ltr'>membra</span> <span class='ocrx_word' id='word_1_638' title='bbox 483 4507 595 4578; x_wconf 88' lang='lat' dir='ltr'>puerilia</span> <span class='ocrx_word' id='word_1_639' title='bbox 610 4506 755 4578; x_wconf 89' lang='lat' dir='ltr'>unguentis</span> <span class='ocrx_word' id='word_1_640' title='bbox 774 4504 839 4564; x_wconf 82' lang='lat' dir='ltr'>iuvit</span> <span class='ocrx_word' id='word_1_641' title='bbox 865 4514 892 4563; x_wconf 91' lang='lat' dir='ltr'>et</span> <span class='ocrx_word' id='word_1_642' title='bbox 944 4515 1046 4580; x_wconf 89' lang='lat' dir='ltr'>tentos,</span> <span class='ocrx_word' id='word_1_643' title='bbox 1060 4507 1179 4563; x_wconf 89' lang='lat' dir='ltr'>omnium</span> <span class='ocrx_word' id='word_1_644' title='bbox 1203 4521 1328 4563; x_wconf 86' lang='lat' dir='ltr'>cerneres</span> <span class='ocrx_word' id='word_1_645' title='bbox 1351 4522 1431 4562; x_wconf 90' lang='lat' dir='ltr'>aures</span> <span class='ocrx_word' id='word_1_646' title='bbox 1457 4507 1492 4562; x_wconf 91' lang='lat' dir='ltr'>ad</span> <span class='ocrx_word' id='word_1_647' title='bbox 1515 4505 1604 4574; x_wconf 92' lang='lat' dir='ltr'>ipsum</span> <span class='ocrx_word' id='word_1_648' title='bbox 1619 4511 1736 4570; x_wconf 80' lang='lat' dir='ltr'>erectas3</span> 
     </span>
     <span class='ocr_line' id='line_1_50' title="bbox 97 4591 1738 4670; baseline -0.002 -20"><span class='ocrx_word' id='word_1_649' title='bbox 97 4594 372 4654; x_wconf 76' lang='lat' dir='ltr'>balneistsciooerte</span> <span class='ocrx_word' id='word_1_650' title='bbox 382 4597 799 4670; x_wconf 81' lang='lat' dir='ltr'>qniasicutrolnnterienostram</span> <span class='ocrx_word' id='word_1_651' title='bbox 815 4611 891 4652; x_wconf 89' lang='lat' dir='ltr'>sum·</span> <span class='ocrx_word' id='word_1_652' title='bbox 944 4613 1004 4653; x_wconf 93' lang='lat' dir='ltr'>cum</span> <span class='ocrx_word' id='word_1_653' title='bbox 1016 4597 1050 4652; x_wconf 85' lang='lat' dir='ltr'>dc</span> <span class='ocrx_word' id='word_1_654' title='bbox 1069 4592 1213 4666; x_wconf 87' lang='lat' dir='ltr'>prudentia</span> <span class='ocrx_word' id='word_1_655' title='bbox 1226 4595 1284 4662; x_wconf 77' lang='lat' dir='ltr'>eius</span> <span class='ocrx_word' id='word_1_656' title='bbox 1298 4603 1326 4649; x_wconf 89' lang='lat' dir='ltr'>et</span> <span class='ocrx_word' id='word_1_657' title='bbox 1340 4592 1479 4664; x_wconf 89' lang='lat' dir='ltr'>responsis</span> <span class='ocrx_word' id='word_1_658' title='bbox 1492 4592 1580 4665; x_wconf 90' lang='lat' dir='ltr'>pusilli</span> <span class='ocrx_word' id='word_1_659' title='bbox 1594 4600 1622 4649; x_wconf 92' lang='lat' dir='ltr'>et</span> <span class='ocrx_word' id='word_1_660' title='bbox 1635 4591 1738 4665; x_wconf 87' lang='lat' dir='ltr'>magni,</span> 
     </span>
     <span class='ocr_line' id='line_1_51' title="bbox 97 4680 1738 4757; baseline -0.001 -19"><span class='ocrx_word' id='word_1_661' title='bbox 97 4684 177 4755; x_wconf 84' lang='lat' dir='ltr'>peisti</span> <span class='ocrx_word' id='word_1_662' title='bbox 189 4683 382 4756; x_wconf 86' lang='lat' dir='ltr'>infirmitatem,</span> <span class='ocrx_word' id='word_1_663' title='bbox 393 4685 441 4752; x_wconf 87' lang='lat' dir='ltr'>ita,</span> <span class='ocrx_word' id='word_1_664' title='bbox 456 4701 517 4742; x_wconf 92' lang='lat' dir='ltr'>cum</span> <span class='ocrx_word' id='word_1_665' title='bbox 530 4685 623 4751; x_wconf 85' lang='lat' dir='ltr'>uelles,</span> <span class='ocrx_word' id='word_1_666' title='bbox 635 4684 774 4757; x_wconf 90' lang='lat' dir='ltr'>propriam</span> <span class='ocrx_word' id='word_1_667' title='bbox 797 4694 889 4740; x_wconf 75' lang='lat' dir='ltr'>osten</span> <span class='ocrx_word' id='word_1_668' title='bbox 945 4683 1020 4742; x_wconf 92' lang='lat' dir='ltr'>docti</span> <span class='ocrx_word' id='word_1_669' title='bbox 1033 4681 1137 4753; x_wconf 88' lang='lat' dir='ltr'>pariter</span> <span class='ocrx_word' id='word_1_670' title='bbox 1156 4687 1184 4737; x_wconf 87' lang='lat' dir='ltr'>et</span> <span class='ocrx_word' id='word_1_671' title='bbox 1192 4680 1293 4737; x_wconf 92' lang='lat' dir='ltr'>indocti</span> <span class='ocrx_word' id='word_1_672' title='bbox 1314 4682 1501 4752; x_wconf 82' lang='lat' dir='ltr'>loquerentur.</span> <span class='ocrx_word' id='word_1_673' title='bbox 1517 4681 1623 4748; x_wconf 74' lang='grc' dir='ltr'>ιιιυιιιι,</span> <span class='ocrx_word' id='word_1_674' title='bbox 1641 4680 1738 4754; x_wconf 86' lang='lat' dir='ltr'>inquit,</span> 
     </span>
     <span class='ocr_line' id='line_1_52' title="bbox 98 4771 1740 4846; baseline 0.001 -19"><span class='ocrx_word' id='word_1_675' title='bbox 98 4772 162 4828; x_wconf 85' lang='lat' dir='ltr'>disti</span> <span class='ocrx_word' id='word_1_676' title='bbox 182 4773 306 4831; x_wconf 87' lang='lat' dir='ltr'>virtutem</span> <span class='ocrx_word' id='word_1_677' title='bbox 322 4793 329 4829; x_wconf 77' lang='grc' dir='ltr'>ι</span> <span class='ocrx_word' id='word_1_678' title='bbox 346 4785 373 4830; x_wconf 85' lang='lat' dir='ltr'>et</span> <span class='ocrx_word' id='word_1_679' title='bbox 388 4775 448 4830; x_wconf 89' lang='lat' dir='ltr'>ideo</span> <span class='ocrx_word' id='word_1_680' title='bbox 463 4790 526 4831; x_wconf 93' lang='lat' dir='ltr'>cum</span> <span class='ocrx_word' id='word_1_681' title='bbox 539 4773 892 4845; x_wconf 86' lang='lat' dir='ltr'>velles,hisobsequiisnon</span> <span class='ocrx_word' id='word_1_682' title='bbox 945 4790 1028 4846; x_wconf 78' lang='lat' dir='ltr'>quem</span> <span class='ocrx_word' id='word_1_683' title='bbox 1038 4771 1319 4845; x_wconf 80' lang='lat' dir='ltr'>dilipitanimcmco,·</span> <span class='ocrx_word' id='word_1_684' title='bbox 1329 4771 1740 4839; x_wconf 82' lang='lat' dir='ltr'>teneboillrrm,necdimittnm</span> 
     </span>
     <span class='ocr_line' id='line_1_53' title="bbox 97 4859 1740 4939; baseline -0.002 -22"><span class='ocrx_word' id='word_1_685' title='bbox 97 4861 207 4934; x_wconf 91' lang='lat' dir='ltr'>eguisti.</span> <span class='ocrx_word' id='word_1_686' title='bbox 235 4864 285 4920; x_wconf 90' lang='lat' dir='ltr'>Ubi</span> <span class='ocrx_word' id='word_1_687' title='bbox 299 4879 366 4939; x_wconf 89' lang='lat' dir='ltr'>ergo</span> <span class='ocrx_word' id='word_1_688' title='bbox 380 4879 452 4930; x_wconf 86' lang='lat' dir='ltr'>cras,</span> <span class='ocrx_word' id='word_1_689' title='bbox 466 4865 581 4920; x_wconf 90' lang='lat' dir='ltr'>Domine</span> <span class='ocrx_word' id='word_1_690' title='bbox 593 4866 656 4921; x_wconf 85' lang='lat' dir='ltr'>lesu</span> <span class='ocrx_word' id='word_1_691' title='bbox 669 4865 683 4918; x_wconf 82' lang='grc' dir='ltr'>ι</span> <span class='ocrx_word' id='word_1_692' title='bbox 695 4866 735 4920; x_wconf 84' lang='lat' dir='ltr'>lle</span> <span class='ocrx_word' id='word_1_693' title='bbox 749 4863 790 4919; x_wconf 87' lang='lat' dir='ltr'>bis</span> <span class='ocrx_word' id='word_1_694' title='bbox 804 4863 893 4919; x_wconf 91' lang='lat' dir='ltr'>omni·</span> <span class='ocrx_word' id='word_1_695' title='bbox 948 4863 1044 4933; x_wconf 84' lang='lat' dir='ltr'>(dant.</span> <span class='ocrx_word' id='word_1_696' title='bbox 1059 4876 1099 4927; x_wconf 86' lang='lat' dir='ltr'>ru,</span> <span class='ocrx_word' id='word_1_697' title='bbox 1115 4861 1154 4932; x_wconf 81' lang='grc' dir='ltr'>ι).</span> <span class='ocrx_word' id='word_1_698' title='bbox 1168 4860 1251 4928; x_wconf 90' lang='lat' dir='ltr'>Tene,</span> <span class='ocrx_word' id='word_1_699' title='bbox 1268 4861 1387 4916; x_wconf 90' lang='lat' dir='ltr'>odulris</span> <span class='ocrx_word' id='word_1_700' title='bbox 1396 4861 1522 4928; x_wconf 89' lang='lat' dir='ltr'>Domina,</span> <span class='ocrx_word' id='word_1_701' title='bbox 1535 4867 1598 4916; x_wconf 88' lang='lat' dir='ltr'>tene</span> <span class='ocrx_word' id='word_1_702' title='bbox 1609 4876 1689 4933; x_wconf 91' lang='lat' dir='ltr'>quem</span> <span class='ocrx_word' id='word_1_703' title='bbox 1699 4859 1740 4914; x_wconf 95' lang='lat' dir='ltr'>di-</span> 
     </span>
     <span class='ocr_line' id='line_1_54' title="bbox 98 4948 1743 5026; baseline -0.003 -18"><span class='ocrx_word' id='word_1_704' title='bbox 98 4952 149 5009; x_wconf 87' lang='lat' dir='ltr'>bus</span> <span class='ocrx_word' id='word_1_705' title='bbox 163 4953 306 5020; x_wconf 86' lang='lat' dir='ltr'>aestimare,</span> <span class='ocrx_word' id='word_1_706' title='bbox 323 4954 366 5010; x_wconf 87' lang='lat' dir='ltr'>vel</span> <span class='ocrx_word' id='word_1_707' title='bbox 375 4957 520 5026; x_wconf 89' lang='lat' dir='ltr'>conjicere,</span> <span class='ocrx_word' id='word_1_708' title='bbox 550 4955 590 5010; x_wconf 85' lang='lat' dir='ltr'>rel</span> <span class='ocrx_word' id='word_1_709' title='bbox 618 4953 724 5026; x_wconf 85' lang='lat' dir='ltr'>opinari</span> <span class='ocrx_word' id='word_1_710' title='bbox 751 4954 817 5010; x_wconf 86' lang='lat' dir='ltr'>libet</span> <span class='ocrx_word' id='word_1_711' title='bbox 839 4952 891 5010; x_wconf 90' lang='lat' dir='ltr'>ali-</span> <span class='ocrx_word' id='word_1_712' title='bbox 947 4950 1019 5026; x_wconf 85' lang='lat' dir='ltr'>ligia,</span> <span class='ocrx_word' id='word_1_713' title='bbox 1034 4965 1081 5006; x_wconf 89' lang='lat' dir='ltr'>rnc</span> <span class='ocrx_word' id='word_1_714' title='bbox 1096 4951 1123 5004; x_wconf 90' lang='lat' dir='ltr'>in</span> <span class='ocrx_word' id='word_1_715' title='bbox 1137 4950 1234 5007; x_wconf 90' lang='lat' dir='ltr'>collum</span> <span class='ocrx_word' id='word_1_716' title='bbox 1248 4951 1319 5021; x_wconf 88' lang='lat' dir='ltr'>ejus,</span> <span class='ocrx_word' id='word_1_717' title='bbox 1343 4948 1519 5020; x_wconf 88' lang='lat' dir='ltr'>amplectere,</span> <span class='ocrx_word' id='word_1_718' title='bbox 1548 4949 1684 5020; x_wconf 89' lang='lat' dir='ltr'>osculare,</span> <span class='ocrx_word' id='word_1_719' title='bbox 1715 4954 1743 5003; x_wconf 90' lang='lat' dir='ltr'>et</span> 
     </span>
     <span class='ocr_line' id='line_1_55' title="bbox 97 5037 1744 5114; baseline -0.002 -17"><span class='ocrx_word' id='word_1_720' title='bbox 97 5041 184 5114; x_wconf 87' lang='lat' dir='ltr'>quid:</span> <span class='ocrx_word' id='word_1_721' title='bbox 202 5041 630 5100; x_wconf 81' lang='lat' dir='ltr'>affirmareautemtemerenihil</span> <span class='ocrx_word' id='word_1_722' title='bbox 659 5042 729 5099; x_wconf 84' lang='lat' dir='ltr'>licei.</span> <span class='ocrx_word' id='word_1_723' title='bbox 758 5041 827 5111; x_wconf 82' lang='lat' dir='ltr'>Quid</span> <span class='ocrx_word' id='word_1_724' title='bbox 848 5040 893 5096; x_wconf 90' lang='lat' dir='ltr'>di·</span> <span class='ocrx_word' id='word_1_725' title='bbox 947 5039 1101 5097; x_wconf 87' lang='lat' dir='ltr'>triduanam</span> <span class='ocrx_word' id='word_1_726' title='bbox 1115 5039 1174 5109; x_wconf 84' lang='lat' dir='ltr'>ejus</span> <span class='ocrx_word' id='word_1_727' title='bbox 1206 5039 1352 5096; x_wconf 87' lang='lat' dir='ltr'>absentiam</span> <span class='ocrx_word' id='word_1_728' title='bbox 1376 5038 1560 5110; x_wconf 87' lang='lat' dir='ltr'>multiplicatis</span> <span class='ocrx_word' id='word_1_729' title='bbox 1573 5037 1681 5093; x_wconf 88' lang='lat' dir='ltr'>deliciis</span> <span class='ocrx_word' id='word_1_730' title='bbox 1696 5053 1744 5094; x_wconf 87' lang='lat' dir='ltr'>rc·</span> 
     </span>
     <span class='ocr_line' id='line_1_56' title="bbox 97 5125 1743 5205; baseline -0.004 -17"><span class='ocrx_word' id='word_1_731' title='bbox 97 5147 167 5199; x_wconf 92' lang='lat' dir='ltr'>cam,</span> <span class='ocrx_word' id='word_1_732' title='bbox 187 5133 261 5190; x_wconf 88' lang='lat' dir='ltr'>Deus</span> <span class='ocrx_word' id='word_1_733' title='bbox 275 5149 352 5189; x_wconf 90' lang='lat' dir='ltr'>meus</span> <span class='ocrx_word' id='word_1_734' title='bbox 363 5134 376 5187; x_wconf 80' lang='lat' dir='ltr'>‘t</span> <span class='ocrx_word' id='word_1_735' title='bbox 386 5135 427 5188; x_wconf 77' lang='lat' dir='ltr'>An</span> <span class='ocrx_word' id='word_1_736' title='bbox 443 5141 472 5188; x_wconf 91' lang='lat' dir='ltr'>ut</span> <span class='ocrx_word' id='word_1_737' title='bbox 485 5141 512 5190; x_wconf 89' lang='lat' dir='ltr'>te</span> <span class='ocrx_word' id='word_1_738' title='bbox 521 5149 572 5205; x_wconf 91' lang='lat' dir='ltr'>per</span> <span class='ocrx_word' id='word_1_739' title='bbox 600 5130 700 5188; x_wconf 80' lang='lat' dir='ltr'>omnia</span> <span class='ocrx_word' id='word_1_740' title='bbox 712 5138 812 5187; x_wconf 80' lang='lat' dir='ltr'>nostrae</span> <span class='ocrx_word' id='word_1_741' title='bbox 833 5146 895 5187; x_wconf 85' lang='lat' dir='ltr'>con·</span> <span class='ocrx_word' id='word_1_742' title='bbox 947 5144 1104 5201; x_wconf 88' lang='lat' dir='ltr'>compensa.</span> <span class='ocrx_word' id='word_1_743' title='bbox 1116 5131 1182 5200; x_wconf 81' lang='lat' dir='ltr'>Fili,</span> <span class='ocrx_word' id='word_1_744' title='bbox 1192 5127 1260 5201; x_wconf 77' lang='lat' dir='ltr'>quta</span> <span class='ocrx_word' id='word_1_745' title='bbox 1270 5133 1314 5187; x_wconf 87' lang='lat' dir='ltr'>est</span> <span class='ocrx_word' id='word_1_746' title='bbox 1331 5129 1404 5200; x_wconf 78' lang='lat' dir='ltr'>guod</span> <span class='ocrx_word' id='word_1_747' title='bbox 1417 5128 1515 5200; x_wconf 64' lang='lat' dir='ltr'>secati</span> <span class='ocrx_word' id='word_1_748' title='bbox 1526 5127 1604 5184; x_wconf 80' lang='lat' dir='ltr'>nohis</span> <span class='ocrx_word' id='word_1_749' title='bbox 1614 5125 1743 5182; x_wconf 85' lang='lat' dir='ltr'>sic?eccc</span> 
     </span>
     <span class='ocr_line' id='line_1_57' title="bbox 97 5215 1743 5295; baseline -0.004 -19"><span class='ocrx_word' id='word_1_750' title='bbox 97 5221 229 5278; x_wconf 83' lang='lat' dir='ltr'>lorunares</span> <span class='ocrx_word' id='word_1_751' title='bbox 244 5222 403 5294; x_wconf 84' lang='lat' dir='ltr'>paupertati,</span> <span class='ocrx_word' id='word_1_752' title='bbox 416 5229 443 5278; x_wconf 87' lang='lat' dir='ltr'>et</span> <span class='ocrx_word' id='word_1_753' title='bbox 460 5237 554 5277; x_wconf 86' lang='lat' dir='ltr'>onrnes</span> <span class='ocrx_word' id='word_1_754' title='bbox 568 5220 597 5275; x_wconf 92' lang='lat' dir='ltr'>in</span> <span class='ocrx_word' id='word_1_755' title='bbox 611 5229 638 5276; x_wconf 90' lang='lat' dir='ltr'>te</span> <span class='ocrx_word' id='word_1_756' title='bbox 649 5221 775 5276; x_wconf 79' lang='lat' dir='ltr'>bumana</span> <span class='ocrx_word' id='word_1_757' title='bbox 789 5227 893 5277; x_wconf 86' lang='lat' dir='ltr'>naturae</span> <span class='ocrx_word' id='word_1_758' title='bbox 945 5223 1030 5295; x_wconf 81' lang='lat' dir='ltr'>poter</span> <span class='ocrx_word' id='word_1_759' title='bbox 1043 5223 1109 5276; x_wconf 86' lang='lat' dir='ltr'>toas</span> <span class='ocrx_word' id='word_1_760' title='bbox 1119 5222 1148 5277; x_wconf 88' lang='lat' dir='ltr'>et</span> <span class='ocrx_word' id='word_1_761' title='bbox 1161 5234 1208 5290; x_wconf 83' lang='lat' dir='ltr'>epo</span> <span class='ocrx_word' id='word_1_762' title='bbox 1231 5219 1358 5276; x_wconf 62' lang='lat' dir='ltr'>dauniae</span> <span class='ocrx_word' id='word_1_763' title='bbox 1373 5215 1567 5292; x_wconf 73' lang='lat' dir='ltr'>querebamus</span> <span class='ocrx_word' id='word_1_764' title='bbox 1585 5220 1621 5273; x_wconf 86' lang='lat' dir='ltr'>te.</span> <span class='ocrx_word' id='word_1_765' title='bbox 1644 5215 1743 5271; x_wconf 86' lang='lat' dir='ltr'>lterum</span> 
     </span>
     <span class='ocr_line' id='line_1_58' title="bbox 97 5303 1745 5383; baseline -0.005 -16"><span class='ocrx_word' id='word_1_766' title='bbox 97 5309 265 5368; x_wconf 87' lang='lat' dir='ltr'>calamitates</span> <span class='ocrx_word' id='word_1_767' title='bbox 289 5312 453 5383; x_wconf 87' lang='lat' dir='ltr'>susciperes,</span> <span class='ocrx_word' id='word_1_768' title='bbox 470 5310 549 5383; x_wconf 91' lang='lat' dir='ltr'>quasi</span> <span class='ocrx_word' id='word_1_769' title='bbox 569 5325 668 5366; x_wconf 87' lang='lat' dir='ltr'>unuse</span> <span class='ocrx_word' id='word_1_770' title='bbox 685 5309 765 5366; x_wconf 90' lang='lat' dir='ltr'>turba</span> <span class='ocrx_word' id='word_1_771' title='bbox 791 5323 894 5380; x_wconf 88' lang='lat' dir='ltr'>paupe-</span> <span class='ocrx_word' id='word_1_772' title='bbox 949 5310 1012 5366; x_wconf 92' lang='lat' dir='ltr'>dico</span> <span class='ocrx_word' id='word_1_773' title='bbox 1025 5308 1084 5379; x_wconf 90' lang='lat' dir='ltr'>tibi,</span> <span class='ocrx_word' id='word_1_774' title='bbox 1099 5305 1243 5362; x_wconf 88' lang='lat' dir='ltr'>oDomina</span> <span class='ocrx_word' id='word_1_775' title='bbox 1256 5321 1329 5373; x_wconf 88' lang='lat' dir='ltr'>mea,</span> <span class='ocrx_word' id='word_1_776' title='bbox 1345 5306 1413 5378; x_wconf 90' lang='lat' dir='ltr'>quid</span> <span class='ocrx_word' id='word_1_777' title='bbox 1428 5304 1559 5362; x_wconf 83' lang='lat' dir='ltr'>dolebas?</span> <span class='ocrx_word' id='word_1_778' title='bbox 1573 5303 1673 5373; x_wconf 85' lang='lat' dir='ltr'>Credo,</span> <span class='ocrx_word' id='word_1_779' title='bbox 1688 5319 1745 5360; x_wconf 92' lang='lat' dir='ltr'>non</span> 
     </span>
     <span class='ocr_line' id='line_1_59' title="bbox 98 5393 1747 5475; baseline -0.004 -17"><span class='ocrx_word' id='word_1_780' title='bbox 98 5417 160 5459; x_wconf 91' lang='lat' dir='ltr'>rum</span> <span class='ocrx_word' id='word_1_781' title='bbox 174 5402 271 5471; x_wconf 89' lang='lat' dir='ltr'>stipem</span> <span class='ocrx_word' id='word_1_782' title='bbox 299 5417 349 5475; x_wconf 89' lang='lat' dir='ltr'>per</span> <span class='ocrx_word' id='word_1_783' title='bbox 362 5401 432 5459; x_wconf 89' lang='lat' dir='ltr'>ostia</span> <span class='ocrx_word' id='word_1_784' title='bbox 450 5398 623 5458; x_wconf 88' lang='lat' dir='ltr'>mendicabas</span> <span class='ocrx_word' id='word_1_785' title='bbox 637 5398 651 5456; x_wconf 83' lang='grc' dir='ltr'>ι</span> <span class='ocrx_word' id='word_1_786' title='bbox 666 5396 732 5468; x_wconf 78' lang='lat' dir='ltr'>Quis</span> <span class='ocrx_word' id='word_1_787' title='bbox 753 5396 829 5455; x_wconf 88' lang='lat' dir='ltr'>dabit</span> <span class='ocrx_word' id='word_1_788' title='bbox 849 5414 895 5457; x_wconf 88' lang='lat' dir='ltr'>ms</span> <span class='ocrx_word' id='word_1_789' title='bbox 949 5397 1059 5466; x_wconf 80' lang='lat' dir='ltr'>tamem,</span> <span class='ocrx_word' id='word_1_790' title='bbox 1082 5410 1139 5452; x_wconf 91' lang='lat' dir='ltr'>non</span> <span class='ocrx_word' id='word_1_791' title='bbox 1165 5394 1258 5461; x_wconf 87' lang='lat' dir='ltr'>sitim,</span> <span class='ocrx_word' id='word_1_792' title='bbox 1286 5409 1342 5452; x_wconf 93' lang='lat' dir='ltr'>non</span> <span class='ocrx_word' id='word_1_793' title='bbox 1368 5393 1484 5451; x_wconf 88' lang='lat' dir='ltr'>inediam</span> <span class='ocrx_word' id='word_1_794' title='bbox 1512 5393 1629 5451; x_wconf 88' lang='lat' dir='ltr'>timebas</span> <span class='ocrx_word' id='word_1_795' title='bbox 1648 5407 1747 5467; x_wconf 87' lang='lat' dir='ltr'>puero,</span> 
     </span>
     <span class='ocr_line' id='line_1_60' title="bbox 98 5481 1747 5562; baseline -0.007 -13"><span class='ocrx_word' id='word_1_796' title='bbox 98 5491 281 5551; x_wconf 86' lang='lat' dir='ltr'>buccellarum</span> <span class='ocrx_word' id='word_1_797' title='bbox 306 5491 413 5551; x_wconf 88' lang='lat' dir='ltr'>illarum</span> <span class='ocrx_word' id='word_1_798' title='bbox 431 5490 471 5550; x_wconf 88' lang='lat' dir='ltr'>sic</span> <span class='ocrx_word' id='word_1_799' title='bbox 497 5488 707 5549; x_wconf 85' lang='lat' dir='ltr'>mendicatarum</span> <span class='ocrx_word' id='word_1_800' title='bbox 733 5487 896 5562; x_wconf 83' lang='lat' dir='ltr'>participem</span> <span class='ocrx_word' id='word_1_801' title='bbox 949 5501 1030 5561; x_wconf 85' lang='lat' dir='ltr'>qnam</span> <span class='ocrx_word' id='word_1_802' title='bbox 1055 5485 1144 5543; x_wconf 65' lang='lat' dir='ltr'>mum</span> <span class='ocrx_word' id='word_1_803' title='bbox 1157 5497 1276 5541; x_wconf 80' lang='lat' dir='ltr'>noveras</span> <span class='ocrx_word' id='word_1_804' title='bbox 1296 5481 1366 5543; x_wconf 88' lang='lat' dir='ltr'>:sed</span> <span class='ocrx_word' id='word_1_805' title='bbox 1393 5488 1498 5542; x_wconf 74' lang='lat' dir='ltr'>antem</span> <span class='ocrx_word' id='word_1_806' title='bbox 1518 5482 1671 5542; x_wconf 75' lang='lat' dir='ltr'>subnactm</span> <span class='ocrx_word' id='word_1_807' title='bbox 1686 5481 1747 5552; x_wconf 87' lang='lat' dir='ltr'>tihi,</span> 
     </span>
    </p>
   </div>
   <div class='ocr_carea' id='block_1_3' title="bbox 0 0 1858 5962">
    <p class='ocr_par' dir='ltr' id='par_1_3' title="bbox 0 0 1858 5962">
     <span class='ocr_line' id='line_1_61' title="bbox 0 0 1858 5962; baseline 0 1"><span class='ocrx_word' id='word_1_808' title='bbox 0 0 1858 5962; x_wconf 95' lang='lat' dir='ltr'> </span> 
     </span>
    </p>
   </div>
  </div>
 </body>
</html>
