<?xml version="1.0" encoding="UTF-8"?>
<!DOCTYPE html PUBLIC "-//W3C//DTD XHTML 1.0 Transitional//EN"
    "http://www.w3.org/TR/xhtml1/DTD/xhtml1-transitional.dtd">
<html xmlns="http://www.w3.org/1999/xhtml" xml:lang="en" lang="en">
 <head>
  <title>
</title>
<meta http-equiv="Content-Type" content="text/html;charset=utf-8" />
  <meta name='ocr-system' content='tesseract 3.04.00' />
  <meta name='ocr-capabilities' content='ocr_page ocr_carea ocr_par ocr_line ocrx_word'/>
</head>
<body>
  <div class='ocr_page' id='page_1' title='image "./patrologiaecurs00unkngoog_0220.png"; bbox 0 0 3706 5962; ppageno 0'>
   <div class='ocr_carea' id='block_1_1' title="bbox 166 162 1814 256">
    <p class='ocr_par' dir='ltr' id='par_1_1' title="bbox 166 162 1814 256">
     <span class='ocr_line' id='line_1_1' title="bbox 166 162 1814 256; baseline -0.005 0"><span class='ocrx_word' id='word_1_1' title='bbox 166 198 219 256; x_wconf 81' lang='lat' dir='ltr'>tar</span> <span class='ocrx_word' id='word_1_2' title='bbox 785 162 976 252; x_wconf 84' lang='grc' dir='ltr'>ιεειιιιιει</span> <span class='ocrx_word' id='word_1_3' title='bbox 993 163 1206 249; x_wconf 77' lang='lat' dir='ltr'>mantuani</span> <span class='ocrx_word' id='word_1_4' title='bbox 1760 186 1814 248; x_wconf 77' lang='lat' dir='ltr'>aas</span> 
     </span>
    </p>
   </div>
   <div class='ocr_carea' id='block_1_2' title="bbox 165 309 1816 476">
    <p class='ocr_par' dir='ltr' id='par_1_2' title="bbox 165 309 1816 476">
     <span class='ocr_line' id='line_1_2' title="bbox 165 309 1814 407; baseline -0.007 -30"><span class='ocrx_word' id='word_1_5' title='bbox 165 320 247 392; x_wconf 89' lang='lat' dir='ltr'>capiti</span> <span class='ocrx_word' id='word_1_6' title='bbox 269 317 377 375; x_wconf 88' lang='lat' dir='ltr'>Christo</span> <span class='ocrx_word' id='word_1_7' title='bbox 399 315 540 387; x_wconf 81' lang='lat' dir='ltr'>conjungit</span> <span class='ocrx_word' id='word_1_8' title='bbox 561 321 647 370; x_wconf 91' lang='lat' dir='ltr'>totum</span> <span class='ocrx_word' id='word_1_9' title='bbox 671 315 763 387; x_wconf 89' lang='lat' dir='ltr'>operis</span> <span class='ocrx_word' id='word_1_10' title='bbox 791 316 830 371; x_wconf 91' lang='lat' dir='ltr'>tui</span> <span class='ocrx_word' id='word_1_11' title='bbox 851 331 959 387; x_wconf 87' lang='lat' dir='ltr'>eorpus,</span> <span class='ocrx_word' id='word_1_12' title='bbox 977 328 1000 407; x_wconf 57' lang='lat' dir='ltr'>fl</span> <span class='ocrx_word' id='word_1_13' title='bbox 1019 312 1189 369; x_wconf 79' lang='lat' dir='ltr'><strong>effusionem.</strong></span> <span class='ocrx_word' id='word_1_14' title='bbox 1204 311 1282 380; x_wconf 79' lang='lat' dir='ltr'>Quod</span> <span class='ocrx_word' id='word_1_15' title='bbox 1301 328 1362 367; x_wconf 88' lang='lat' dir='ltr'>eum</span> <span class='ocrx_word' id='word_1_16' title='bbox 1378 309 1520 368; x_wconf 74' lang='lat' dir='ltr'>effundere</span> <span class='ocrx_word' id='word_1_17' title='bbox 1535 311 1707 376; x_wconf 86' lang='lat' dir='ltr'>accessesit,</span> <span class='ocrx_word' id='word_1_18' title='bbox 1724 326 1814 368; x_wconf 81' lang='lat' dir='ltr'>exun-</span> 
     </span>
     <span class='ocr_line' id='line_1_3' title="bbox 165 398 1816 476; baseline -0.007 -9"><span class='ocrx_word' id='word_1_19' title='bbox 165 412 235 467; x_wconf 85' lang='lat' dir='ltr'>sicut</span> <span class='ocrx_word' id='word_1_20' title='bbox 256 406 357 462; x_wconf 91' lang='lat' dir='ltr'>monile</span> <span class='ocrx_word' id='word_1_21' title='bbox 382 412 431 470; x_wconf 89' lang='lat' dir='ltr'>est,</span> <span class='ocrx_word' id='word_1_22' title='bbox 455 420 516 460; x_wconf 84' lang='lat' dir='ltr'>curn</span> <span class='ocrx_word' id='word_1_23' title='bbox 539 404 627 476; x_wconf 89' lang='lat' dir='ltr'>palam</span> <span class='ocrx_word' id='word_1_24' title='bbox 641 404 671 461; x_wconf 88' lang='lat' dir='ltr'>lit</span> <span class='ocrx_word' id='word_1_25' title='bbox 685 405 811 460; x_wconf 92' lang='lat' dir='ltr'>omnibus</span> <span class='ocrx_word' id='word_1_26' title='bbox 828 405 886 461; x_wconf 85' lang='lat' dir='ltr'>Deo</span> <span class='ocrx_word' id='word_1_27' title='bbox 901 419 961 459; x_wconf 88' lang='lat' dir='ltr'>eam</span> <span class='ocrx_word' id='word_1_28' title='bbox 1017 402 1099 457; x_wconf 89' lang='lat' dir='ltr'>dante</span> <span class='ocrx_word' id='word_1_29' title='bbox 1119 398 1288 472; x_wconf 85' lang='lat' dir='ltr'>plenitudine</span> <span class='ocrx_word' id='word_1_30' title='bbox 1311 400 1450 457; x_wconf 86' lang='lat' dir='ltr'>charitatis</span> <span class='ocrx_word' id='word_1_31' title='bbox 1471 399 1505 454; x_wconf 87' lang='lat' dir='ltr'>ed</span> <span class='ocrx_word' id='word_1_32' title='bbox 1528 399 1747 457; x_wconf 80' lang='lat' dir='ltr'>adolescentulas</span> <span class='ocrx_word' id='word_1_33' title='bbox 1770 416 1816 456; x_wconf 92' lang='lat' dir='ltr'>re·</span> 
     </span>
    </p>
   </div>
   <div class='ocr_carea' id='block_1_3' title="bbox 165 490 964 1542">
    <p class='ocr_par' dir='ltr' id='par_1_3' title="bbox 165 490 964 1542">
     <span class='ocr_line' id='line_1_4' title="bbox 166 490 962 568; baseline -0.011 -16"><span class='ocrx_word' id='word_1_34' title='bbox 166 505 195 552; x_wconf 94' lang='lat' dir='ltr'>et</span> <span class='ocrx_word' id='word_1_35' title='bbox 217 494 341 568; x_wconf 80' lang='lat' dir='ltr'>proximo</span> <span class='ocrx_word' id='word_1_36' title='bbox 362 493 512 550; x_wconf 87' lang='lat' dir='ltr'>deservire.</span> <span class='ocrx_word' id='word_1_37' title='bbox 539 493 595 550; x_wconf 89' lang='lat' dir='ltr'>lloc</span> <span class='ocrx_word' id='word_1_38' title='bbox 613 493 686 548; x_wconf 91' lang='lat' dir='ltr'>enim</span> <span class='ocrx_word' id='word_1_39' title='bbox 714 491 848 565; x_wconf 89' lang='lat' dir='ltr'>signifieat</span> <span class='ocrx_word' id='word_1_40' title='bbox 862 490 962 548; x_wconf 88' lang='lat' dir='ltr'>monile</span> 
     </span>
     <span class='ocr_line' id='line_1_5' title="bbox 165 581 961 655; baseline -0.009 -15"><span class='ocrx_word' id='word_1_41' title='bbox 165 591 356 641; x_wconf 87' lang='lat' dir='ltr'>ornamentum</span> <span class='ocrx_word' id='word_1_42' title='bbox 378 581 451 648; x_wconf 89' lang='lat' dir='ltr'>colli,</span> <span class='ocrx_word' id='word_1_43' title='bbox 468 583 540 655; x_wconf 92' lang='lat' dir='ltr'>quod</span> <span class='ocrx_word' id='word_1_44' title='bbox 563 583 682 637; x_wconf 85' lang='lat' dir='ltr'>exterius</span> <span class='ocrx_word' id='word_1_45' title='bbox 699 597 805 643; x_wconf 82' lang='lat' dir='ltr'>aurunt,</span> <span class='ocrx_word' id='word_1_46' title='bbox 826 597 961 652; x_wconf 88' lang='lat' dir='ltr'>gemmam</span> 
     </span>
     <span class='ocr_line' id='line_1_6' title="bbox 166 669 961 738; baseline -0.009 -9"><span class='ocrx_word' id='word_1_47' title='bbox 166 686 231 730; x_wconf 78' lang='lat' dir='ltr'>sero</span> <span class='ocrx_word' id='word_1_48' title='bbox 245 671 329 726; x_wconf 90' lang='lat' dir='ltr'>babet</span> <span class='ocrx_word' id='word_1_49' title='bbox 341 669 516 738; x_wconf 87' lang='lat' dir='ltr'>intrinsecus,</span> <span class='ocrx_word' id='word_1_50' title='bbox 537 671 714 727; x_wconf 88' lang='lat' dir='ltr'>intentionem</span> <span class='ocrx_word' id='word_1_51' title='bbox 729 671 832 726; x_wconf 89' lang='lat' dir='ltr'>scilicet</span> <span class='ocrx_word' id='word_1_52' title='bbox 846 686 906 726; x_wconf 90' lang='lat' dir='ltr'>esse</span> <span class='ocrx_word' id='word_1_53' title='bbox 919 669 961 723; x_wconf 89' lang='lat' dir='ltr'>al-</span> 
     </span>
     <span class='ocr_line' id='line_1_7' title="bbox 167 757 963 831; baseline -0.005 -15"><span class='ocrx_word' id='word_1_54' title='bbox 167 761 264 817; x_wconf 86' lang='lat' dir='ltr'>iectam</span> <span class='ocrx_word' id='word_1_55' title='bbox 287 774 381 815; x_wconf 90' lang='lat' dir='ltr'>amore</span> <span class='ocrx_word' id='word_1_56' title='bbox 403 759 462 825; x_wconf 89' lang='lat' dir='ltr'>Dei,</span> <span class='ocrx_word' id='word_1_57' title='bbox 493 769 521 815; x_wconf 91' lang='lat' dir='ltr'>et</span> <span class='ocrx_word' id='word_1_58' title='bbox 543 775 637 815; x_wconf 90' lang='lat' dir='ltr'>amore</span> <span class='ocrx_word' id='word_1_59' title='bbox 660 758 784 831; x_wconf 81' lang='lat' dir='ltr'><strong>proximi.</strong></span> <span class='ocrx_word' id='word_1_60' title='bbox 800 757 878 827; x_wconf 87' lang='lat' dir='ltr'>Quod</span> <span class='ocrx_word' id='word_1_61' title='bbox 900 774 963 814; x_wconf 89' lang='lat' dir='ltr'>cum</span> 
     </span>
     <span class='ocr_line' id='line_1_8' title="bbox 166 843 964 919; baseline -0.005 -16"><span class='ocrx_word' id='word_1_62' title='bbox 166 863 282 918; x_wconf 88' lang='lat' dir='ltr'>sponsus</span> <span class='ocrx_word' id='word_1_63' title='bbox 306 847 459 901; x_wconf 89' lang='lat' dir='ltr'>hominibus</span> <span class='ocrx_word' id='word_1_64' title='bbox 478 846 608 912; x_wconf 77' lang='lat' dir='ltr'>declarat,</span> <span class='ocrx_word' id='word_1_65' title='bbox 632 862 740 919; x_wconf 80' lang='lat' dir='ltr'>sponsae</span> <span class='ocrx_word' id='word_1_66' title='bbox 754 846 852 902; x_wconf 91' lang='lat' dir='ltr'>collum</span> <span class='ocrx_word' id='word_1_67' title='bbox 872 843 964 900; x_wconf 91' lang='lat' dir='ltr'>monili</span> 
     </span>
     <span class='ocr_line' id='line_1_9' title="bbox 166 934 963 1003; baseline -0.005 -11"><span class='ocrx_word' id='word_1_68' title='bbox 166 943 259 1003; x_wconf 87' lang='lat' dir='ltr'>ornat;</span> <span class='ocrx_word' id='word_1_69' title='bbox 276 935 332 991; x_wconf 91' lang='lat' dir='ltr'>imo</span> <span class='ocrx_word' id='word_1_70' title='bbox 356 934 419 990; x_wconf 87' lang='lat' dir='ltr'>tacit</span> <span class='ocrx_word' id='word_1_71' title='bbox 440 950 500 990; x_wconf 90' lang='lat' dir='ltr'>esse</span> <span class='ocrx_word' id='word_1_72' title='bbox 515 934 584 990; x_wconf 89' lang='lat' dir='ltr'>sicut</span> <span class='ocrx_word' id='word_1_73' title='bbox 606 935 726 990; x_wconf 86' lang='lat' dir='ltr'>monilia.</span> <span class='ocrx_word' id='word_1_74' title='bbox 752 935 818 990; x_wconf 85' lang='lat' dir='ltr'>Cum</span> <span class='ocrx_word' id='word_1_75' title='bbox 834 935 892 990; x_wconf 85' lang='lat' dir='ltr'>haec</span> <span class='ocrx_word' id='word_1_76' title='bbox 904 949 963 988; x_wconf 93' lang='lat' dir='ltr'>om-</span> 
     </span>
     <span class='ocr_line' id='line_1_10' title="bbox 168 1021 963 1094; baseline -0.005 -14"><span class='ocrx_word' id='word_1_77' title='bbox 168 1023 223 1090; x_wconf 90' lang='lat' dir='ltr'>nia,</span> <span class='ocrx_word' id='word_1_78' title='bbox 243 1022 306 1079; x_wconf 90' lang='lat' dir='ltr'>dicit</span> <span class='ocrx_word' id='word_1_79' title='bbox 321 1037 449 1092; x_wconf 91' lang='lat' dir='ltr'>sponsus,</span> <span class='ocrx_word' id='word_1_80' title='bbox 463 1021 512 1077; x_wconf 90' lang='lat' dir='ltr'>tibi</span> <span class='ocrx_word' id='word_1_81' title='bbox 527 1023 661 1087; x_wconf 90' lang='lat' dir='ltr'>dederim,</span> <span class='ocrx_word' id='word_1_82' title='bbox 676 1023 802 1094; x_wconf 86' lang='lat' dir='ltr'>adjiciam</span> <span class='ocrx_word' id='word_1_83' title='bbox 816 1022 904 1077; x_wconf 88' lang='lat' dir='ltr'>adbuc</span> <span class='ocrx_word' id='word_1_84' title='bbox 918 1037 963 1076; x_wconf 88' lang='lat' dir='ltr'>or-</span> 
     </span>
     <span class='ocr_line' id='line_1_11' title="bbox 169 1109 962 1182; baseline -0.005 -14"><span class='ocrx_word' id='word_1_85' title='bbox 169 1122 327 1168; x_wconf 89' lang='lat' dir='ltr'>namentum</span> <span class='ocrx_word' id='word_1_86' title='bbox 342 1111 413 1166; x_wconf 89' lang='lat' dir='ltr'>alind</span> <span class='ocrx_word' id='word_1_87' title='bbox 428 1130 434 1168; x_wconf 91' lang='grc'>;</span> <span class='ocrx_word' id='word_1_88' title='bbox 452 1113 622 1169; x_wconf 79' lang='lat' dir='ltr'>lluroeautos</span> <span class='ocrx_word' id='word_1_89' title='bbox 636 1127 737 1170; x_wconf 87' lang='lat' dir='ltr'>aureus</span> <span class='ocrx_word' id='word_1_90' title='bbox 746 1114 883 1182; x_wconf 73' lang='lat' dir='ltr'>sociemus</span> <span class='ocrx_word' id='word_1_91' title='bbox 899 1109 962 1165; x_wconf 86' lang='lat' dir='ltr'>tibi.</span> 
     </span>
     <span class='ocr_line' id='line_1_12' title="bbox 169 1199 963 1273; baseline -0.008 -14"><span class='ocrx_word' id='word_1_92' title='bbox 169 1202 213 1260; x_wconf 87' lang='lat' dir='ltr'>Sia</span> <span class='ocrx_word' id='word_1_93' title='bbox 232 1209 273 1258; x_wconf 86' lang='lat' dir='ltr'>est</span> <span class='ocrx_word' id='word_1_94' title='bbox 289 1199 379 1272; x_wconf 89' lang='lat' dir='ltr'>plane,</span> <span class='ocrx_word' id='word_1_95' title='bbox 394 1202 434 1256; x_wconf 88' lang='lat' dir='ltr'>sic</span> <span class='ocrx_word' id='word_1_96' title='bbox 448 1216 509 1256; x_wconf 89' lang='lat' dir='ltr'>esse</span> <span class='ocrx_word' id='word_1_97' title='bbox 532 1201 611 1256; x_wconf 90' lang='lat' dir='ltr'>solet.</span> <span class='ocrx_word' id='word_1_98' title='bbox 628 1200 693 1256; x_wconf 91' lang='lat' dir='ltr'>Cum</span> <span class='ocrx_word' id='word_1_99' title='bbox 713 1202 809 1273; x_wconf 85' lang='lat' dir='ltr'>quaerlt</span> <span class='ocrx_word' id='word_1_100' title='bbox 822 1215 921 1270; x_wconf 89' lang='lat' dir='ltr'>sponsa</span> <span class='ocrx_word' id='word_1_101' title='bbox 935 1199 963 1253; x_wconf 91' lang='lat' dir='ltr'>in</span> 
     </span>
     <span class='ocr_line' id='line_1_13' title="bbox 168 1289 963 1364; baseline -0.005 -17"><span class='ocrx_word' id='word_1_102' title='bbox 168 1293 220 1347; x_wconf 87' lang='grc' dir='ltr'>ιιοε</span> <span class='ocrx_word' id='word_1_103' title='bbox 242 1290 342 1346; x_wconf 83' lang='lat' dir='ltr'>saeeulo</span> <span class='ocrx_word' id='word_1_104' title='bbox 363 1289 486 1364; x_wconf 80' lang='lat' dir='ltr'>gloriam,</span> <span class='ocrx_word' id='word_1_105' title='bbox 511 1304 566 1344; x_wconf 91' lang='lat' dir='ltr'>non</span> <span class='ocrx_word' id='word_1_106' title='bbox 590 1291 758 1362; x_wconf 80' lang='lat' dir='ltr'>assequitur3</span> <span class='ocrx_word' id='word_1_107' title='bbox 783 1290 826 1345; x_wconf 92' lang='lat' dir='ltr'>vel</span> <span class='ocrx_word' id='word_1_108' title='bbox 840 1290 863 1344; x_wconf 83' lang='lat' dir='ltr'>si</span> <span class='ocrx_word' id='word_1_109' title='bbox 885 1304 963 1344; x_wconf 87' lang='lat' dir='ltr'>asse-</span> 
     </span>
     <span class='ocr_line' id='line_1_14' title="bbox 168 1377 963 1452; baseline -0.005 -18"><span class='ocrx_word' id='word_1_110' title='bbox 168 1380 269 1452; x_wconf 79' lang='lat' dir='ltr'>quitur,</span> <span class='ocrx_word' id='word_1_111' title='bbox 290 1378 392 1434; x_wconf 91' lang='lat' dir='ltr'>inutilis</span> <span class='ocrx_word' id='word_1_112' title='bbox 406 1387 458 1435; x_wconf 73' lang='lat' dir='ltr'>est,</span> <span class='ocrx_word' id='word_1_113' title='bbox 474 1379 540 1434; x_wconf 86' lang='lat' dir='ltr'>Cum</span> <span class='ocrx_word' id='word_1_114' title='bbox 556 1394 621 1435; x_wconf 90' lang='lat' dir='ltr'>vero</span> <span class='ocrx_word' id='word_1_115' title='bbox 636 1378 664 1432; x_wconf 93' lang='grc' dir='ltr'>ιε</span> <span class='ocrx_word' id='word_1_116' title='bbox 679 1379 736 1434; x_wconf 88' lang='lat' dir='ltr'>solo</span> <span class='ocrx_word' id='word_1_117' title='bbox 751 1393 851 1450; x_wconf 87' lang='lat' dir='ltr'>sponso</span> <span class='ocrx_word' id='word_1_118' title='bbox 867 1377 963 1448; x_wconf 85' lang='lat' dir='ltr'>quaerit</span> 
     </span>
     <span class='ocr_line' id='line_1_15' title="bbox 168 1466 963 1542; baseline -0.004 -19"><span class='ocrx_word' id='word_1_119' title='bbox 168 1468 292 1542; x_wconf 81' lang='lat' dir='ltr'>gloriam,</span> <span class='ocrx_word' id='word_1_120' title='bbox 308 1469 389 1522; x_wconf 87' lang='lat' dir='ltr'>otiam</span> <span class='ocrx_word' id='word_1_121' title='bbox 404 1469 529 1523; x_wconf 88' lang='lat' dir='ltr'>nesciens</span> <span class='ocrx_word' id='word_1_122' title='bbox 543 1467 657 1539; x_wconf 79' lang='lat' dir='ltr'><strong>gloriam</strong></span> <span class='ocrx_word' id='word_1_123' title='bbox 667 1467 789 1533; x_wconf 82' lang='lat' dir='ltr'>incurrit,</span> <span class='ocrx_word' id='word_1_124' title='bbox 806 1475 833 1521; x_wconf 89' lang='lat' dir='ltr'>ot</span> <span class='ocrx_word' id='word_1_125' title='bbox 846 1466 963 1538; x_wconf 77' lang='lat' dir='ltr'>gloriam</span> 
     </span>
    </p>
   </div>
   <div class='ocr_carea' id='block_1_4' title="bbox 1014 487 1816 1534">
    <p class='ocr_par' dir='ltr' id='par_1_4' title="bbox 1014 487 1816 1534">
     <span class='ocr_line' id='line_1_16' title="bbox 1016 487 1815 562; baseline -0.004 -15"><span class='ocrx_word' id='word_1_126' title='bbox 1016 490 1109 554; x_wconf 87' lang='lat' dir='ltr'>currit,</span> <span class='ocrx_word' id='word_1_127' title='bbox 1139 489 1237 562; x_wconf 90' lang='lat' dir='ltr'>quibus</span> <span class='ocrx_word' id='word_1_128' title='bbox 1271 489 1345 545; x_wconf 91' lang='lat' dir='ltr'>idem</span> <span class='ocrx_word' id='word_1_129' title='bbox 1370 489 1509 544; x_wconf 76' lang='lat' dir='ltr'>desiderat</span> <span class='ocrx_word' id='word_1_130' title='bbox 1536 487 1608 561; x_wconf 89' lang='lat' dir='ltr'>quod</span> <span class='ocrx_word' id='word_1_131' title='bbox 1645 487 1707 543; x_wconf 88' lang='lat' dir='ltr'>sibi.</span> <span class='ocrx_word' id='word_1_132' title='bbox 1738 488 1815 544; x_wconf 82' lang='lat' dir='ltr'>Felix</span> 
     </span>
     <span class='ocr_line' id='line_1_17' title="bbox 1016 575 1814 649; baseline -0.003 -15"><span class='ocrx_word' id='word_1_133' title='bbox 1016 579 1131 636; x_wconf 87' lang='lat' dir='ltr'>amicitia</span> <span class='ocrx_word' id='word_1_134' title='bbox 1146 586 1174 635; x_wconf 94' lang='lat' dir='ltr'>et</span> <span class='ocrx_word' id='word_1_135' title='bbox 1195 579 1274 634; x_wconf 91' lang='lat' dir='ltr'>beata</span> <span class='ocrx_word' id='word_1_136' title='bbox 1288 577 1412 642; x_wconf 85' lang='lat' dir='ltr'>societas,</span> <span class='ocrx_word' id='word_1_137' title='bbox 1430 577 1476 633; x_wconf 88' lang='lat' dir='ltr'>ubi</span> <span class='ocrx_word' id='word_1_138' title='bbox 1500 577 1546 649; x_wconf 92' lang='lat' dir='ltr'>qui</span> <span class='ocrx_word' id='word_1_139' title='bbox 1562 575 1646 642; x_wconf 90' lang='lat' dir='ltr'>audit,</span> <span class='ocrx_word' id='word_1_140' title='bbox 1664 578 1755 632; x_wconf 89' lang='lat' dir='ltr'>statim</span> <span class='ocrx_word' id='word_1_141' title='bbox 1769 576 1814 632; x_wconf 91' lang='lat' dir='ltr'>di-</span> 
     </span>
     <span class='ocr_line' id='line_1_18' title="bbox 1016 659 1814 747; baseline -0.004 -23"><span class='ocrx_word' id='word_1_142' title='bbox 1016 670 1070 725; x_wconf 89' lang='lat' dir='ltr'>cit:</span> <span class='ocrx_word' id='word_1_143' title='bbox 1088 667 1165 723; x_wconf 88' lang='lat' dir='ltr'>Veni.</span> <span class='ocrx_word' id='word_1_144' title='bbox 1181 665 1301 722; x_wconf 81' lang='lat' dir='ltr'>Rediens</span> <span class='ocrx_word' id='word_1_145' title='bbox 1311 666 1402 739; x_wconf 89' lang='lat' dir='ltr'>itaque</span> <span class='ocrx_word' id='word_1_146' title='bbox 1412 666 1446 720; x_wconf 90' lang='lat' dir='ltr'>ad</span> <span class='ocrx_word' id='word_1_147' title='bbox 1460 668 1601 747; x_wconf 63' lang='lat' dir='ltr'>caulium</span> <span class='ocrx_word' id='word_1_148' title='bbox 1615 659 1698 731; x_wconf 78' lang='lat' dir='ltr'>estet,</span> <span class='ocrx_word' id='word_1_149' title='bbox 1714 666 1814 739; x_wconf 90' lang='lat' dir='ltr'>inquit,</span> 
     </span>
     <span class='ocr_line' id='line_1_19' title="bbox 1016 753 1815 822; baseline -0.004 -11"><span class='ocrx_word' id='word_1_150' title='bbox 1016 753 1815 822; x_wconf 79' lang='lat' dir='ltr'>reeiuuccubitusuo‚nardusmeadeditodoremsuum:</span> 
     </span>
     <span class='ocr_line' id='line_1_20' title="bbox 1017 839 1816 914; baseline -0.001 -16"><span class='ocrx_word' id='word_1_151' title='bbox 1017 846 1068 902; x_wconf 88' lang='lat' dir='ltr'>boc</span> <span class='ocrx_word' id='word_1_152' title='bbox 1092 855 1142 912; x_wconf 91' lang='lat' dir='ltr'>est,</span> <span class='ocrx_word' id='word_1_153' title='bbox 1161 845 1289 900; x_wconf 76' lang='lat' dir='ltr'>Putabam</span> <span class='ocrx_word' id='word_1_154' title='bbox 1313 860 1355 899; x_wconf 94' lang='lat' dir='ltr'>me</span> <span class='ocrx_word' id='word_1_155' title='bbox 1370 843 1451 899; x_wconf 88' lang='lat' dir='ltr'>vilem</span> <span class='ocrx_word' id='word_1_156' title='bbox 1472 850 1501 898; x_wconf 90' lang='lat' dir='ltr'>et</span> <span class='ocrx_word' id='word_1_157' title='bbox 1523 839 1657 914; x_wconf 82' lang='lat' dir='ltr'>abjectam</span> <span class='ocrx_word' id='word_1_158' title='bbox 1681 844 1708 898; x_wconf 91' lang='lat' dir='ltr'>in</span> <span class='ocrx_word' id='word_1_159' title='bbox 1729 843 1816 899; x_wconf 88' lang='lat' dir='ltr'>oculis</span> 
     </span>
     <span class='ocr_line' id='line_1_21' title="bbox 1016 931 1815 1006; baseline -0.004 -17"><span class='ocrx_word' id='word_1_160' title='bbox 1016 933 1117 1005; x_wconf 85' lang='lat' dir='ltr'>sponsi,</span> <span class='ocrx_word' id='word_1_161' title='bbox 1134 933 1267 1006; x_wconf 80' lang='lat' dir='ltr'>quiscum</span> <span class='ocrx_word' id='word_1_162' title='bbox 1286 932 1429 988; x_wconf 87' lang='lat' dir='ltr'>meridiem</span> <span class='ocrx_word' id='word_1_163' title='bbox 1444 939 1472 987; x_wconf 93' lang='lat' dir='ltr'>et</span> <span class='ocrx_word' id='word_1_164' title='bbox 1487 941 1655 1004; x_wconf 87' lang='lat' dir='ltr'>expeterem,</span> <span class='ocrx_word' id='word_1_165' title='bbox 1678 931 1815 1003; x_wconf 80' lang='lat' dir='ltr'>repulsam</span> 
     </span>
     <span class='ocr_line' id='line_1_22' title="bbox 1017 1020 1815 1093; baseline 0.001 -17"><span class='ocrx_word' id='word_1_166' title='bbox 1017 1037 1096 1093; x_wconf 91' lang='lat' dir='ltr'>passa</span> <span class='ocrx_word' id='word_1_167' title='bbox 1118 1038 1187 1077; x_wconf 87' lang='lat' dir='ltr'>sum.</span> <span class='ocrx_word' id='word_1_168' title='bbox 1205 1020 1259 1077; x_wconf 89' lang='lat' dir='ltr'>Sed</span> <span class='ocrx_word' id='word_1_169' title='bbox 1274 1024 1319 1093; x_wconf 90' lang='lat' dir='ltr'>qui</span> <span class='ocrx_word' id='word_1_170' title='bbox 1339 1021 1443 1090; x_wconf 84' lang='lat' dir='ltr'>judicat</span> <span class='ocrx_word' id='word_1_171' title='bbox 1456 1036 1500 1077; x_wconf 93' lang='lat' dir='ltr'>me</span> <span class='ocrx_word' id='word_1_172' title='bbox 1518 1021 1651 1075; x_wconf 85' lang='lat' dir='ltr'>Dominus</span> <span class='ocrx_word' id='word_1_173' title='bbox 1665 1028 1716 1077; x_wconf 91' lang='lat' dir='ltr'>est.</span> <span class='ocrx_word' id='word_1_174' title='bbox 1739 1024 1815 1077; x_wconf 85' lang='lat' dir='ltr'>Dum</span> 
     </span>
     <span class='ocr_line' id='line_1_23' title="bbox 1017 1108 1813 1178; baseline 0 -14"><span class='ocrx_word' id='word_1_175' title='bbox 1017 1110 1089 1164; x_wconf 93' lang='lat' dir='ltr'>enim</span> <span class='ocrx_word' id='word_1_176' title='bbox 1103 1114 1174 1167; x_wconf 82' lang='lat' dir='ltr'>esset</span> <span class='ocrx_word' id='word_1_177' title='bbox 1188 1125 1240 1165; x_wconf 77' lang='lat' dir='ltr'>rex</span> <span class='ocrx_word' id='word_1_178' title='bbox 1255 1124 1332 1163; x_wconf 90' lang='lat' dir='ltr'>meus</span> <span class='ocrx_word' id='word_1_179' title='bbox 1346 1108 1515 1169; x_wconf 88' lang='lat' dir='ltr'>etDominus</span> <span class='ocrx_word' id='word_1_180' title='bbox 1530 1124 1616 1172; x_wconf 89' lang='lat' dir='ltr'>meus,</span> <span class='ocrx_word' id='word_1_181' title='bbox 1638 1124 1686 1178; x_wconf 90' lang='lat' dir='ltr'>pro</span> <span class='ocrx_word' id='word_1_182' title='bbox 1699 1108 1813 1164; x_wconf 91' lang='lat' dir='ltr'>arbitrio</span> 
     </span>
     <span class='ocr_line' id='line_1_24' title="bbox 1014 1196 1815 1267; baseline 0 -15"><span class='ocrx_word' id='word_1_183' title='bbox 1014 1198 1177 1267; x_wconf 84' lang='lat' dir='ltr'>judiciorum</span> <span class='ocrx_word' id='word_1_184' title='bbox 1210 1212 1320 1253; x_wconf 89' lang='lat' dir='ltr'>suorum</span> <span class='ocrx_word' id='word_1_185' title='bbox 1353 1197 1443 1251; x_wconf 90' lang='lat' dir='ltr'>omnia</span> <span class='ocrx_word' id='word_1_186' title='bbox 1480 1196 1631 1266; x_wconf 86' lang='lat' dir='ltr'>disponens</span> <span class='ocrx_word' id='word_1_187' title='bbox 1663 1196 1815 1252; x_wconf 91' lang='lat' dir='ltr'>secundum</span> 
     </span>
     <span class='ocr_line' id='line_1_25' title="bbox 1016 1283 1814 1350; baseline -0.003 -10"><span class='ocrx_word' id='word_1_188' title='bbox 1016 1287 1119 1341; x_wconf 90' lang='lat' dir='ltr'>bonum</span> <span class='ocrx_word' id='word_1_189' title='bbox 1132 1284 1272 1341; x_wconf 90' lang='lat' dir='ltr'>consilium</span> <span class='ocrx_word' id='word_1_190' title='bbox 1286 1283 1504 1349; x_wconf 80' lang='lat' dir='ltr'>voluntatissuae,</span> <span class='ocrx_word' id='word_1_191' title='bbox 1516 1284 1549 1339; x_wconf 82' lang='lat' dir='ltr'>itt</span> <span class='ocrx_word' id='word_1_192' title='bbox 1564 1284 1694 1340; x_wconf 84' lang='lat' dir='ltr'>accubitu</span> <span class='ocrx_word' id='word_1_193' title='bbox 1709 1302 1768 1350; x_wconf 83' lang='lat' dir='ltr'>suo,</span> <span class='ocrx_word' id='word_1_194' title='bbox 1786 1285 1814 1339; x_wconf 94' lang='lat' dir='ltr'>id</span> 
     </span>
     <span class='ocr_line' id='line_1_26' title="bbox 1017 1372 1816 1444; baseline -0.001 -15"><span class='ocrx_word' id='word_1_195' title='bbox 1017 1382 1059 1429; x_wconf 88' lang='lat' dir='ltr'>est</span> <span class='ocrx_word' id='word_1_196' title='bbox 1070 1374 1232 1444; x_wconf 89' lang='lat' dir='ltr'>judiciorum</span> <span class='ocrx_word' id='word_1_197' title='bbox 1255 1388 1365 1428; x_wconf 91' lang='lat' dir='ltr'>suorum</span> <span class='ocrx_word' id='word_1_198' title='bbox 1379 1381 1494 1438; x_wconf 91' lang='lat' dir='ltr'>secreto,</span> <span class='ocrx_word' id='word_1_199' title='bbox 1511 1373 1618 1430; x_wconf 80' lang='lat' dir='ltr'>nardus</span> <span class='ocrx_word' id='word_1_200' title='bbox 1636 1388 1709 1439; x_wconf 86' lang='lat' dir='ltr'>mea,</span> <span class='ocrx_word' id='word_1_201' title='bbox 1729 1372 1816 1428; x_wconf 86' lang='lat' dir='ltr'>idest</span> 
     </span>
     <span class='ocr_line' id='line_1_27' title="bbox 1017 1460 1815 1534; baseline 0 -17"><span class='ocrx_word' id='word_1_202' title='bbox 1017 1463 1152 1517; x_wconf 87' lang='lat' dir='ltr'>humilitas</span> <span class='ocrx_word' id='word_1_203' title='bbox 1170 1462 1204 1517; x_wconf 92' lang='lat' dir='ltr'>de</span> <span class='ocrx_word' id='word_1_204' title='bbox 1224 1461 1310 1534; x_wconf 92' lang='lat' dir='ltr'>priori</span> <span class='ocrx_word' id='word_1_205' title='bbox 1331 1461 1537 1522; x_wconf 80' lang='lat' dir='ltr'>couversatione</span> <span class='ocrx_word' id='word_1_206' title='bbox 1556 1460 1600 1518; x_wconf 90' lang='lat' dir='ltr'>vel</span> <span class='ocrx_word' id='word_1_207' title='bbox 1623 1460 1815 1531; x_wconf 80' lang='lat' dir='ltr'>depresseris</span> 
     </span>
    </p>
   </div>
   <div class='ocr_carea' id='block_1_5' title="bbox 126 1550 1815 5528">
    <p class='ocr_par' dir='ltr' id='par_1_5' title="bbox 126 1550 1815 5528">
     <span class='ocr_line' id='line_1_28' title="bbox 169 1550 1815 1629; baseline -0.004 -17"><span class='ocrx_word' id='word_1_208' title='bbox 169 1574 230 1629; x_wconf 85' lang='lat' dir='ltr'>quae</span> <span class='ocrx_word' id='word_1_209' title='bbox 252 1556 325 1611; x_wconf 89' lang='lat' dir='ltr'>utilis</span> <span class='ocrx_word' id='word_1_210' title='bbox 339 1563 389 1610; x_wconf 93' lang='lat' dir='ltr'>est.</span> <span class='ocrx_word' id='word_1_211' title='bbox 407 1555 482 1612; x_wconf 91' lang='lat' dir='ltr'>Sicut</span> <span class='ocrx_word' id='word_1_212' title='bbox 495 1557 567 1610; x_wconf 92' lang='lat' dir='ltr'>enim</span> <span class='ocrx_word' id='word_1_213' title='bbox 581 1556 609 1611; x_wconf 93' lang='lat' dir='ltr'>in</span> <span class='ocrx_word' id='word_1_214' title='bbox 624 1556 685 1611; x_wconf 90' lang='lat' dir='ltr'>colli</span> <span class='ocrx_word' id='word_1_215' title='bbox 698 1564 858 1611; x_wconf 88' lang='lat' dir='ltr'>ornamento</span> <span class='ocrx_word' id='word_1_216' title='bbox 877 1554 963 1626; x_wconf 89' lang='lat' dir='ltr'>gloria</span> <span class='ocrx_word' id='word_1_217' title='bbox 985 1601 993 1610; x_wconf 93' lang='lat'><em>.</em></span> <span class='ocrx_word' id='word_1_218' title='bbox 1018 1551 1121 1621; x_wconf 85' lang='lat' dir='ltr'>mundi,</span> <span class='ocrx_word' id='word_1_219' title='bbox 1132 1552 1209 1609; x_wconf 82' lang='lat' dir='ltr'>dedit</span> <span class='ocrx_word' id='word_1_220' title='bbox 1224 1551 1408 1623; x_wconf 91' lang='lat' dir='ltr'>inconspectu</span> <span class='ocrx_word' id='word_1_221' title='bbox 1424 1552 1493 1620; x_wconf 81' lang='lat' dir='ltr'>ejus,</span> <span class='ocrx_word' id='word_1_222' title='bbox 1504 1552 1717 1616; x_wconf 85' lang='lat' dir='ltr'>odoremsuum,</span> <span class='ocrx_word' id='word_1_223' title='bbox 1733 1550 1815 1606; x_wconf 91' lang='lat' dir='ltr'>idest</span> 
     </span>
     <span class='ocr_line' id='line_1_29' title="bbox 167 1624 1813 1713; baseline -0.002 -16"><span class='ocrx_word' id='word_1_224' title='bbox 167 1660 197 1699; x_wconf 92' lang='lat' dir='ltr'>se</span> <span class='ocrx_word' id='word_1_225' title='bbox 222 1644 320 1699; x_wconf 90' lang='lat' dir='ltr'>obtulit</span> <span class='ocrx_word' id='word_1_226' title='bbox 342 1643 377 1698; x_wconf 90' lang='lat' dir='ltr'>de</span> <span class='ocrx_word' id='word_1_227' title='bbox 405 1643 541 1713; x_wconf 76' lang='lat' dir='ltr'>exemplo,</span> <span class='ocrx_word' id='word_1_228' title='bbox 565 1642 604 1698; x_wconf 91' lang='lat' dir='ltr'>sic</span> <span class='ocrx_word' id='word_1_229' title='bbox 627 1644 655 1697; x_wconf 93' lang='lat' dir='ltr'>in</span> <span class='ocrx_word' id='word_1_230' title='bbox 684 1652 781 1698; x_wconf 90' lang='lat' dir='ltr'>ornatu</span> <span class='ocrx_word' id='word_1_231' title='bbox 810 1659 904 1697; x_wconf 88' lang='lat' dir='ltr'>aarum</span> <span class='ocrx_word' id='word_1_232' title='bbox 929 1642 962 1696; x_wconf 91' lang='lat' dir='ltr'>de</span> <span class='ocrx_word' id='word_1_233' title='bbox 979 1624 1002 1708; x_wconf 74' lang='grc' dir='ltr'><strong>Β</strong></span> <span class='ocrx_word' id='word_1_234' title='bbox 1017 1642 1166 1696; x_wconf 84' lang='lat' dir='ltr'>secuudum</span> <span class='ocrx_word' id='word_1_235' title='bbox 1189 1639 1345 1711; x_wconf 84' lang='lat' dir='ltr'>qualitatem</span> <span class='ocrx_word' id='word_1_236' title='bbox 1369 1639 1509 1696; x_wconf 89' lang='lat' dir='ltr'>suavitatis</span> <span class='ocrx_word' id='word_1_237' title='bbox 1528 1656 1593 1696; x_wconf 84' lang='lat' dir='ltr'>suae.</span> <span class='ocrx_word' id='word_1_238' title='bbox 1609 1636 1716 1701; x_wconf 81' lang='lat' dir='ltr'>Nardus</span> <span class='ocrx_word' id='word_1_239' title='bbox 1738 1639 1813 1695; x_wconf 92' lang='lat' dir='ltr'>euim</span> 
     </span>
     <span class='ocr_line' id='line_1_30' title="bbox 168 1727 1813 1802; baseline -0.003 -16"><span class='ocrx_word' id='word_1_240' title='bbox 168 1733 263 1787; x_wconf 88' lang='lat' dir='ltr'>verbo.</span> <span class='ocrx_word' id='word_1_241' title='bbox 290 1731 381 1790; x_wconf 80' lang='lat' dir='ltr'>Gloria</span> <span class='ocrx_word' id='word_1_242' title='bbox 410 1731 481 1785; x_wconf 90' lang='lat' dir='ltr'>enim</span> <span class='ocrx_word' id='word_1_243' title='bbox 493 1732 755 1802; x_wconf 84' lang='lat' dir='ltr'>tedebetquaerere,</span> <span class='ocrx_word' id='word_1_244' title='bbox 769 1747 824 1785; x_wconf 90' lang='lat' dir='ltr'>non</span> <span class='ocrx_word' id='word_1_245' title='bbox 839 1739 867 1785; x_wconf 91' lang='lat' dir='ltr'>tu</span> <span class='ocrx_word' id='word_1_246' title='bbox 879 1730 960 1784; x_wconf 92' lang='lat' dir='ltr'>illam.</span> <span class='ocrx_word' id='word_1_247' title='bbox 1018 1729 1102 1784; x_wconf 88' lang='lat' dir='ltr'>herba</span> <span class='ocrx_word' id='word_1_248' title='bbox 1125 1737 1164 1782; x_wconf 94' lang='lat' dir='ltr'>est</span> <span class='ocrx_word' id='word_1_249' title='bbox 1181 1727 1289 1783; x_wconf 89' lang='lat' dir='ltr'>humilis</span> <span class='ocrx_word' id='word_1_250' title='bbox 1304 1735 1333 1783; x_wconf 87' lang='lat' dir='ltr'>et</span> <span class='ocrx_word' id='word_1_251' title='bbox 1346 1728 1432 1782; x_wconf 85' lang='lat' dir='ltr'>calida</span> <span class='ocrx_word' id='word_1_252' title='bbox 1446 1737 1475 1783; x_wconf 92' lang='lat' dir='ltr'>et</span> <span class='ocrx_word' id='word_1_253' title='bbox 1497 1727 1645 1791; x_wconf 78' lang='lat' dir='ltr'>odorifera,</span> <span class='ocrx_word' id='word_1_254' title='bbox 1663 1744 1714 1797; x_wconf 85' lang='lat' dir='ltr'>per·</span> <span class='ocrx_word' id='word_1_255' title='bbox 1731 1742 1813 1799; x_wconf 88' lang='lat' dir='ltr'>quam</span> 
     </span>
     <span class='ocr_line' id='line_1_31' title="bbox 169 1815 1814 1890; baseline -0.003 -16"><span class='ocrx_word' id='word_1_256' title='bbox 169 1819 198 1874; x_wconf 81' lang='lat' dir='ltr'>Si</span> <span class='ocrx_word' id='word_1_257' title='bbox 222 1817 418 1889; x_wconf 83' lang='lat' dir='ltr'>quaerisillam,</span> <span class='ocrx_word' id='word_1_258' title='bbox 444 1818 528 1887; x_wconf 80' lang='lat' dir='ltr'>lngit3</span> <span class='ocrx_word' id='word_1_259' title='bbox 544 1819 566 1872; x_wconf 88' lang='lat' dir='ltr'>si</span> <span class='ocrx_word' id='word_1_260' title='bbox 581 1818 662 1890; x_wconf 86' lang='lat' dir='ltr'>fugis,</span> <span class='ocrx_word' id='word_1_261' title='bbox 679 1819 806 1883; x_wconf 88' lang='lat' dir='ltr'>incurrit;</span> <span class='ocrx_word' id='word_1_262' title='bbox 823 1818 846 1872; x_wconf 91' lang='lat' dir='ltr'>si</span> <span class='ocrx_word' id='word_1_263' title='bbox 865 1817 964 1889; x_wconf 85' lang='lat' dir='ltr'>quaeris</span> <span class='ocrx_word' id='word_1_264' title='bbox 1016 1815 1148 1890; x_wconf 80' lang='lat' dir='ltr'>figuratur</span> <span class='ocrx_word' id='word_1_265' title='bbox 1172 1816 1317 1882; x_wconf 87' lang='lat' dir='ltr'>humilitas,</span> <span class='ocrx_word' id='word_1_266' title='bbox 1343 1816 1445 1871; x_wconf 84' lang='lat' dir='ltr'>fervida</span> <span class='ocrx_word' id='word_1_267' title='bbox 1478 1815 1618 1882; x_wconf 85' lang='lat' dir='ltr'>charitate,</span> <span class='ocrx_word' id='word_1_268' title='bbox 1647 1825 1676 1870; x_wconf 90' lang='lat' dir='ltr'>et</span> <span class='ocrx_word' id='word_1_269' title='bbox 1699 1822 1814 1888; x_wconf 86' lang='lat' dir='ltr'>accepta</span> 
     </span>
     <span class='ocr_line' id='line_1_32' title="bbox 168 1902 1812 1975; baseline -0.002 -13"><span class='ocrx_word' id='word_1_270' title='bbox 168 1921 229 1962; x_wconf 88' lang='lat' dir='ltr'>eam</span> <span class='ocrx_word' id='word_1_271' title='bbox 244 1914 270 1961; x_wconf 89' lang='lat' dir='ltr'>et</span> <span class='ocrx_word' id='word_1_272' title='bbox 285 1906 399 1972; x_wconf 86' lang='lat' dir='ltr'>invenis,</span> <span class='ocrx_word' id='word_1_273' title='bbox 416 1905 512 1961; x_wconf 88' lang='lat' dir='ltr'>nociva</span> <span class='ocrx_word' id='word_1_274' title='bbox 526 1912 568 1960; x_wconf 90' lang='lat' dir='ltr'>est</span> <span class='ocrx_word' id='word_1_275' title='bbox 582 1908 623 1962; x_wconf 90' lang='lat' dir='ltr'>vel</span> <span class='ocrx_word' id='word_1_276' title='bbox 640 1906 750 1962; x_wconf 89' lang='lat' dir='ltr'>inutilis.</span> <span class='ocrx_word' id='word_1_277' title='bbox 1017 1907 1075 1961; x_wconf 88' lang='lat' dir='ltr'>Deo</span> <span class='ocrx_word' id='word_1_278' title='bbox 1090 1922 1124 1960; x_wconf 83' lang='lat' dir='ltr'>ex</span> <span class='ocrx_word' id='word_1_279' title='bbox 1133 1905 1250 1975; x_wconf 85' lang='lat' dir='ltr'>puritate</span> <span class='ocrx_word' id='word_1_280' title='bbox 1264 1904 1432 1959; x_wconf 87' lang='lat' dir='ltr'>intentionis.</span> <span class='ocrx_word' id='word_1_281' title='bbox 1449 1904 1484 1959; x_wconf 86' lang='lat' dir='ltr'>Et</span> <span class='ocrx_word' id='word_1_282' title='bbox 1494 1919 1558 1961; x_wconf 88' lang='lat' dir='ltr'>vere</span> <span class='ocrx_word' id='word_1_283' title='bbox 1571 1902 1752 1961; x_wconf 79' lang='lat' dir='ltr'>uordurmeo</span> <span class='ocrx_word' id='word_1_284' title='bbox 1763 1904 1812 1959; x_wconf 85' lang='lat' dir='ltr'>de·</span> 
     </span>
     <span class='ocr_line' id='line_1_33' title="bbox 202 1991 1812 2066; baseline -0.001 -15"><span class='ocrx_word' id='word_1_285' title='bbox 202 1999 247 2052; x_wconf 72' lang='lat'>25.</span> <span class='ocrx_word' id='word_1_286' title='bbox 267 1995 439 2050; x_wconf 83' lang='lat' dir='ltr'>lluroeuuius</span> <span class='ocrx_word' id='word_1_287' title='bbox 448 2008 549 2049; x_wconf 81' lang='lat' dir='ltr'>aureas</span> <span class='ocrx_word' id='word_1_288' title='bbox 561 1994 698 2063; x_wconf 77' lang='lat' dir='ltr'>faciemus</span> <span class='ocrx_word' id='word_1_289' title='bbox 714 1995 776 2058; x_wconf 86' lang='lat' dir='ltr'>tibi,</span> <span class='ocrx_word' id='word_1_290' title='bbox 790 1995 887 2066; x_wconf 91' lang='lat' dir='ltr'>inquit,</span> <span class='ocrx_word' id='word_1_291' title='bbox 903 2011 965 2050; x_wconf 87' lang='lat' dir='ltr'>uer·</span> <span class='ocrx_word' id='word_1_292' title='bbox 1018 1993 1060 2050; x_wconf 84' lang='lat' dir='ltr'>dit</span> <span class='ocrx_word' id='word_1_293' title='bbox 1074 1994 1186 2050; x_wconf 87' lang='lat' dir='ltr'>odorem</span> <span class='ocrx_word' id='word_1_294' title='bbox 1200 2009 1302 2048; x_wconf 80' lang='lat' dir='ltr'>suum.-</span> <span class='ocrx_word' id='word_1_295' title='bbox 1317 2008 1378 2048; x_wconf 80' lang='lat' dir='ltr'>naun</span> <span class='ocrx_word' id='word_1_296' title='bbox 1388 1993 1542 2062; x_wconf 73' lang='lat' dir='ltr'>fasciculus</span> <span class='ocrx_word' id='word_1_297' title='bbox 1555 1991 1678 2065; x_wconf 74' lang='lat' dir='ltr'>mpruiiae</span> <span class='ocrx_word' id='word_1_298' title='bbox 1692 1991 1812 2049; x_wconf 79' lang='lat' dir='ltr'>dilectus</span> 
     </span>
     <span class='ocr_line' id='line_1_34' title="bbox 166 2079 1812 2154; baseline -0.002 -15"><span class='ocrx_word' id='word_1_299' title='bbox 166 2083 320 2140; x_wconf 67' lang='lat' dir='ltr'>introlatus</span> <span class='ocrx_word' id='word_1_300' title='bbox 335 2087 452 2154; x_wconf 78' lang='lat' dir='ltr'>arpenta</span> <span class='ocrx_word' id='word_1_301' title='bbox 467 2084 590 2153; x_wconf 85' lang='lat' dir='ltr'>(Cautio.</span> <span class='ocrx_word' id='word_1_302' title='bbox 603 2099 622 2150; x_wconf 89' lang='lat' dir='ltr'>t,</span> <span class='ocrx_word' id='word_1_303' title='bbox 633 2084 720 2152; x_wconf 85' lang='grc'>6-10).</span> <span class='ocrx_word' id='word_1_304' title='bbox 736 2083 889 2137; x_wconf 82' lang='lat' dir='ltr'>lluraenulae</span> <span class='ocrx_word' id='word_1_305' title='bbox 904 2093 966 2137; x_wconf 93' lang='lat' dir='ltr'>sunt</span> <span class='ocrx_word' id='word_1_306' title='bbox 1017 2099 1094 2137; x_wconf 86' lang='lat' dir='ltr'>meus</span> <span class='ocrx_word' id='word_1_307' title='bbox 1109 2083 1181 2136; x_wconf 84' lang='lat' dir='ltr'>mitti</span> <span class='ocrx_word' id='word_1_308' title='bbox 1196 2081 1321 2152; x_wconf 81' lang='lat' dir='ltr'>(Cautio.</span> <span class='ocrx_word' id='word_1_309' title='bbox 1338 2098 1356 2147; x_wconf 86' lang='lat' dir='ltr'>t,</span> <span class='ocrx_word' id='word_1_310' title='bbox 1379 2085 1419 2147; x_wconf 90' lang='lat' dir='ltr'>tl,</span> <span class='ocrx_word' id='word_1_311' title='bbox 1432 2083 1490 2153; x_wconf 78' lang='lat'><strong>12);</strong></span> <span class='ocrx_word' id='word_1_312' title='bbox 1504 2082 1530 2135; x_wconf 91' lang='lat' dir='ltr'>id</span> <span class='ocrx_word' id='word_1_313' title='bbox 1543 2090 1585 2137; x_wconf 89' lang='lat' dir='ltr'>est</span> <span class='ocrx_word' id='word_1_314' title='bbox 1598 2081 1707 2137; x_wconf 89' lang='lat' dir='ltr'>dilectio</span> <span class='ocrx_word' id='word_1_315' title='bbox 1721 2079 1812 2136; x_wconf 90' lang='lat' dir='ltr'>dilecti</span> 
     </span>
     <span class='ocr_line' id='line_1_35' title="bbox 166 2169 1812 2242; baseline -0.002 -15"><span class='ocrx_word' id='word_1_316' title='bbox 166 2181 278 2228; x_wconf 88' lang='lat' dir='ltr'>ornatus</span> <span class='ocrx_word' id='word_1_317' title='bbox 291 2169 407 2235; x_wconf 90' lang='lat' dir='ltr'>aurium,</span> <span class='ocrx_word' id='word_1_318' title='bbox 424 2186 484 2241; x_wconf 80' lang='lat' dir='ltr'>quae</span> <span class='ocrx_word' id='word_1_319' title='bbox 507 2186 523 2224; x_wconf 91' lang='lat' dir='ltr'>a</span> <span class='ocrx_word' id='word_1_320' title='bbox 538 2185 637 2240; x_wconf 87' lang='lat' dir='ltr'>sponso</span> <span class='ocrx_word' id='word_1_321' title='bbox 652 2185 760 2240; x_wconf 82' lang='lat' dir='ltr'>spousae</span> <span class='ocrx_word' id='word_1_322' title='bbox 774 2172 881 2234; x_wconf 87' lang='lat' dir='ltr'>dantur,</span> <span class='ocrx_word' id='word_1_323' title='bbox 903 2185 964 2224; x_wconf 91' lang='lat' dir='ltr'>eum</span> <span class='ocrx_word' id='word_1_324' title='bbox 1018 2173 1074 2225; x_wconf 87' lang='grc' dir='ltr'>ιιιει</span> <span class='ocrx_word' id='word_1_325' title='bbox 1088 2178 1160 2242; x_wconf 81' lang='lat' dir='ltr'>(quae</span> <span class='ocrx_word' id='word_1_326' title='bbox 1174 2187 1254 2225; x_wconf 86' lang='lat' dir='ltr'>causa</span> <span class='ocrx_word' id='word_1_327' title='bbox 1265 2171 1329 2224; x_wconf 85' lang='lat' dir='ltr'>milri</span> <span class='ocrx_word' id='word_1_328' title='bbox 1349 2180 1389 2225; x_wconf 93' lang='lat' dir='ltr'>est</span> <span class='ocrx_word' id='word_1_329' title='bbox 1403 2172 1431 2224; x_wconf 93' lang='grc' dir='ltr'>ιε</span> <span class='ocrx_word' id='word_1_330' title='bbox 1448 2171 1498 2226; x_wconf 88' lang='grc' dir='ltr'>ιιοε</span> <span class='ocrx_word' id='word_1_331' title='bbox 1511 2171 1611 2226; x_wconf 88' lang='lat' dir='ltr'>saeculo</span> <span class='ocrx_word' id='word_1_332' title='bbox 1629 2169 1812 2225; x_wconf 90' lang='lat' dir='ltr'>tribulationis</span> 
     </span>
     <span class='ocr_line' id='line_1_36' title="bbox 167 2257 1813 2331; baseline -0.002 -15"><span class='ocrx_word' id='word_1_333' title='bbox 167 2261 253 2316; x_wconf 90' lang='lat' dir='ltr'>bonus</span> <span class='ocrx_word' id='word_1_334' title='bbox 267 2259 347 2315; x_wconf 90' lang='lat' dir='ltr'>datur</span> <span class='ocrx_word' id='word_1_335' title='bbox 358 2258 465 2314; x_wconf 87' lang='lat' dir='ltr'>auditus</span> <span class='ocrx_word' id='word_1_336' title='bbox 480 2259 541 2328; x_wconf 88' lang='lat' dir='ltr'>ejus</span> <span class='ocrx_word' id='word_1_337' title='bbox 550 2258 744 2328; x_wconf 74' lang='lat' dir='ltr'>praedicationi.</span> <span class='ocrx_word' id='word_1_338' title='bbox 763 2257 965 2314; x_wconf 86' lang='lat' dir='ltr'>Vermicuiatos</span> <span class='ocrx_word' id='word_1_339' title='bbox 1018 2270 1045 2314; x_wconf 93' lang='lat' dir='ltr'>et</span> <span class='ocrx_word' id='word_1_340' title='bbox 1059 2258 1258 2324; x_wconf 88' lang='lat' dir='ltr'>amaritudinis,</span> <span class='ocrx_word' id='word_1_341' title='bbox 1274 2259 1308 2314; x_wconf 91' lang='lat' dir='ltr'>de</span> <span class='ocrx_word' id='word_1_342' title='bbox 1324 2274 1378 2330; x_wconf 91' lang='lat' dir='ltr'>quo</span> <span class='ocrx_word' id='word_1_343' title='bbox 1392 2260 1536 2331; x_wconf 76' lang='lat' dir='ltr'>gemebam</span> <span class='ocrx_word' id='word_1_344' title='bbox 1552 2259 1586 2313; x_wconf 91' lang='lat' dir='ltr'>ad</span> <span class='ocrx_word' id='word_1_345' title='bbox 1601 2274 1675 2323; x_wconf 90' lang='lat' dir='ltr'>eum,</span> <span class='ocrx_word' id='word_1_346' title='bbox 1691 2274 1753 2314; x_wconf 87' lang='lat' dir='ltr'>cum</span> <span class='ocrx_word' id='word_1_347' title='bbox 1767 2275 1813 2329; x_wconf 92' lang='lat' dir='ltr'>pn·</span> 
     </span>
     <span class='ocr_line' id='line_1_37' title="bbox 165 2344 1812 2423; baseline -0.002 -20"><span class='ocrx_word' id='word_1_348' title='bbox 165 2352 292 2422; x_wconf 77' lang='lat' dir='ltr'>arpenta,</span> <span class='ocrx_word' id='word_1_349' title='bbox 315 2348 343 2402; x_wconf 88' lang='lat' dir='ltr'>id</span> <span class='ocrx_word' id='word_1_350' title='bbox 359 2355 410 2413; x_wconf 87' lang='lat' dir='ltr'>est,</span> <span class='ocrx_word' id='word_1_351' title='bbox 428 2346 568 2402; x_wconf 87' lang='lat' dir='ltr'>distinctas</span> <span class='ocrx_word' id='word_1_352' title='bbox 583 2346 708 2417; x_wconf 89' lang='lat' dir='ltr'>eloquio:</span> <span class='ocrx_word' id='word_1_353' title='bbox 732 2346 796 2418; x_wconf 89' lang='lat' dir='ltr'>quia</span> <span class='ocrx_word' id='word_1_354' title='bbox 809 2347 864 2402; x_wconf 84' lang='lat' dir='ltr'>etii</span> <span class='ocrx_word' id='word_1_355' title='bbox 878 2344 965 2402; x_wconf 81' lang='lat' dir='ltr'>datur</span> <span class='ocrx_word' id='word_1_356' title='bbox 1018 2356 1133 2423; x_wconf 77' lang='lat' dir='ltr'>gnarent</span> <span class='ocrx_word' id='word_1_357' title='bbox 1157 2356 1251 2402; x_wconf 88' lang='lat' dir='ltr'>contra</span> <span class='ocrx_word' id='word_1_358' title='bbox 1266 2363 1309 2401; x_wconf 92' lang='lat' dir='ltr'>me</span> <span class='ocrx_word' id='word_1_359' title='bbox 1324 2346 1372 2402; x_wconf 82' lang='lat' dir='ltr'>filii</span> <span class='ocrx_word' id='word_1_360' title='bbox 1387 2349 1479 2402; x_wconf 90' lang='lat' dir='ltr'>matris</span> <span class='ocrx_word' id='word_1_361' title='bbox 1497 2349 1577 2418; x_wconf 67' lang='grc' dir='ltr'>ιεεει)</span> <span class='ocrx_word' id='word_1_362' title='bbox 1592 2348 1663 2402; x_wconf 87' lang='lat' dir='ltr'>lacta</span> <span class='ocrx_word' id='word_1_363' title='bbox 1681 2357 1723 2403; x_wconf 91' lang='lat' dir='ltr'>est</span> <span class='ocrx_word' id='word_1_364' title='bbox 1747 2346 1812 2401; x_wconf 88' lang='lat' dir='ltr'>mibi</span> 
     </span>
     <span class='ocr_line' id='line_1_38' title="bbox 165 2433 1811 2511; baseline -0.004 -16"><span class='ocrx_word' id='word_1_365' title='bbox 165 2453 255 2496; x_wconf 83' lang='lat' dir='ltr'>sermo</span> <span class='ocrx_word' id='word_1_366' title='bbox 266 2438 424 2511; x_wconf 76' lang='lat' dir='ltr'>sapientire,</span> <span class='ocrx_word' id='word_1_367' title='bbox 440 2434 513 2506; x_wconf 92' lang='lat' dir='ltr'>quod</span> <span class='ocrx_word' id='word_1_368' title='bbox 527 2433 661 2507; x_wconf 86' lang='lat' dir='ltr'>significat</span> <span class='ocrx_word' id='word_1_369' title='bbox 674 2450 782 2501; x_wconf 74' lang='lat' dir='ltr'>aurum,</span> <span class='ocrx_word' id='word_1_370' title='bbox 798 2436 852 2490; x_wconf 87' lang='lat' dir='ltr'>atii</span> <span class='ocrx_word' id='word_1_371' title='bbox 873 2450 964 2492; x_wconf 81' lang='lat' dir='ltr'>sermo</span> <span class='ocrx_word' id='word_1_372' title='bbox 1018 2437 1127 2507; x_wconf 83' lang='lat' dir='ltr'>myrrha</span> <span class='ocrx_word' id='word_1_373' title='bbox 1141 2437 1249 2508; x_wconf 90' lang='lat' dir='ltr'>quidem</span> <span class='ocrx_word' id='word_1_374' title='bbox 1264 2451 1365 2501; x_wconf 84' lang='lat' dir='ltr'>amara,</span> <span class='ocrx_word' id='word_1_375' title='bbox 1381 2435 1430 2491; x_wconf 92' lang='lat' dir='ltr'>sed</span> <span class='ocrx_word' id='word_1_376' title='bbox 1453 2436 1584 2491; x_wconf 84' lang='lat' dir='ltr'>condiens</span> <span class='ocrx_word' id='word_1_377' title='bbox 1598 2451 1650 2501; x_wconf 86' lang='lat' dir='ltr'>me,</span> <span class='ocrx_word' id='word_1_378' title='bbox 1668 2451 1704 2491; x_wconf 91' lang='lat' dir='ltr'>ne</span> <span class='ocrx_word' id='word_1_379' title='bbox 1717 2442 1811 2506; x_wconf 90' lang='lat' dir='ltr'>putre·</span> 
     </span>
     <span class='ocr_line' id='line_1_39' title="bbox 164 2522 1811 2596; baseline -0.002 -16"><span class='ocrx_word' id='word_1_380' title='bbox 164 2526 297 2582; x_wconf 78' lang='lat' dir='ltr'>scientie</span> <span class='ocrx_word' id='word_1_381' title='bbox 320 2527 347 2595; x_wconf 77' lang='lat' dir='ltr'>(l</span> <span class='ocrx_word' id='word_1_382' title='bbox 361 2526 421 2580; x_wconf 85' lang='lat' dir='ltr'>Cor.</span> <span class='ocrx_word' id='word_1_383' title='bbox 438 2538 489 2588; x_wconf 77' lang='grc' dir='ltr'>ιιι,</span> <span class='ocrx_word' id='word_1_384' title='bbox 507 2527 544 2593; x_wconf 87' lang='grc'>8),</span> <span class='ocrx_word' id='word_1_385' title='bbox 564 2523 635 2594; x_wconf 90' lang='lat' dir='ltr'>quod</span> <span class='ocrx_word' id='word_1_386' title='bbox 660 2522 794 2595; x_wconf 85' lang='lat' dir='ltr'>signifieat</span> <span class='ocrx_word' id='word_1_387' title='bbox 808 2533 960 2595; x_wconf 81' lang='lat' dir='ltr'>argentum.</span> <span class='ocrx_word' id='word_1_388' title='bbox 1017 2540 1090 2579; x_wconf 87' lang='lat' dir='ltr'>scum</span> <span class='ocrx_word' id='word_1_389' title='bbox 1105 2526 1133 2579; x_wconf 92' lang='lat' dir='ltr'>in</span> <span class='ocrx_word' id='word_1_390' title='bbox 1149 2533 1257 2596; x_wconf 87' lang='lat' dir='ltr'>torpore</span> <span class='ocrx_word' id='word_1_391' title='bbox 1272 2524 1422 2580; x_wconf 87' lang='lat' dir='ltr'>securitatis</span> <span class='ocrx_word' id='word_1_392' title='bbox 1446 2534 1473 2579; x_wconf 89' lang='lat' dir='ltr'>et</span> <span class='ocrx_word' id='word_1_393' title='bbox 1487 2523 1669 2596; x_wconf 79' lang='lat' dir='ltr'>negligentiae.</span> <span class='ocrx_word' id='word_1_394' title='bbox 1689 2523 1750 2578; x_wconf 90' lang='lat' dir='ltr'>Non</span> <span class='ocrx_word' id='word_1_395' title='bbox 1769 2531 1811 2577; x_wconf 92' lang='lat' dir='ltr'>est</span> 
     </span>
     <span class='ocr_line' id='line_1_40' title="bbox 164 2608 1811 2684; baseline -0.001 -18"><span class='ocrx_word' id='word_1_396' title='bbox 164 2613 297 2668; x_wconf 87' lang='lat' dir='ltr'>Promittit</span> <span class='ocrx_word' id='word_1_397' title='bbox 321 2613 411 2684; x_wconf 90' lang='lat' dir='ltr'>itaque</span> <span class='ocrx_word' id='word_1_398' title='bbox 427 2626 556 2682; x_wconf 87' lang='lat' dir='ltr'>sponsus,</span> <span class='ocrx_word' id='word_1_399' title='bbox 580 2612 651 2682; x_wconf 89' lang='lat' dir='ltr'>quod</span> <span class='ocrx_word' id='word_1_400' title='bbox 667 2611 781 2667; x_wconf 90' lang='lat' dir='ltr'>interius</span> <span class='ocrx_word' id='word_1_401' title='bbox 799 2619 826 2665; x_wconf 93' lang='grc' dir='ltr'>ει</span> <span class='ocrx_word' id='word_1_402' title='bbox 844 2610 964 2666; x_wconf 83' lang='grc' dir='ltr'>ειιειιεε</span> <span class='ocrx_word' id='word_1_403' title='bbox 1015 2624 1106 2668; x_wconf 91' lang='lat' dir='ltr'>autem</span> <span class='ocrx_word' id='word_1_404' title='bbox 1119 2613 1184 2667; x_wconf 86' lang='lat' dir='ltr'>mihi</span> <span class='ocrx_word' id='word_1_405' title='bbox 1199 2613 1279 2669; x_wconf 89' lang='lat' dir='ltr'>lascis</span> <span class='ocrx_word' id='word_1_406' title='bbox 1293 2614 1421 2684; x_wconf 78' lang='lat' dir='ltr'>myrrhae,</span> <span class='ocrx_word' id='word_1_407' title='bbox 1437 2611 1486 2667; x_wconf 90' lang='lat' dir='ltr'>sed</span> <span class='ocrx_word' id='word_1_408' title='bbox 1505 2610 1672 2682; x_wconf 78' lang='lat' dir='ltr'>fasciculus,</span> <span class='ocrx_word' id='word_1_409' title='bbox 1687 2608 1811 2682; x_wconf 81' lang='lat' dir='ltr'>quindiu</span> 
     </span>
     <span class='ocr_line' id='line_1_41' title="bbox 165 2696 1809 2776; baseline 0.001 -27"><span class='ocrx_word' id='word_1_410' title='bbox 165 2711 226 2749; x_wconf 91' lang='lat' dir='ltr'>eam</span> <span class='ocrx_word' id='word_1_411' title='bbox 236 2696 405 2769; x_wconf 84' lang='lat' dir='ltr'>glorificabit.</span> <span class='ocrx_word' id='word_1_412' title='bbox 426 2699 607 2762; x_wconf 84' lang='lat' dir='ltr'>lluroeuuias,</span> <span class='ocrx_word' id='word_1_413' title='bbox 630 2697 725 2769; x_wconf 90' lang='lat' dir='ltr'>inquit,</span> <span class='ocrx_word' id='word_1_414' title='bbox 744 2702 892 2769; x_wconf 71' lang='lat' dir='ltr'>faciemus,</span> <span class='ocrx_word' id='word_1_415' title='bbox 911 2715 963 2776; x_wconf 89' lang='lat' dir='ltr'>ego</span> <span class='ocrx_word' id='word_1_416' title='bbox 1016 2716 1069 2756; x_wconf 91' lang='grc' dir='ltr'>εεε</span> <span class='ocrx_word' id='word_1_417' title='bbox 1084 2700 1209 2755; x_wconf 86' lang='lat' dir='ltr'>durabit:</span> <span class='ocrx_word' id='word_1_418' title='bbox 1234 2700 1277 2756; x_wconf 90' lang='lat' dir='ltr'>vel</span> <span class='ocrx_word' id='word_1_419' title='bbox 1292 2715 1390 2770; x_wconf 84' lang='lat' dir='ltr'>parvus</span> <span class='ocrx_word' id='word_1_420' title='bbox 1411 2699 1476 2753; x_wconf 88' lang='lat' dir='ltr'>mibi</span> <span class='ocrx_word' id='word_1_421' title='bbox 1494 2716 1550 2770; x_wconf 86' lang='lat' dir='ltr'>prae</span> <span class='ocrx_word' id='word_1_422' title='bbox 1564 2714 1656 2754; x_wconf 90' lang='lat' dir='ltr'>amore</span> <span class='ocrx_word' id='word_1_423' title='bbox 1677 2699 1752 2768; x_wconf 72' lang='lat' dir='ltr'>eius3</span> <span class='ocrx_word' id='word_1_424' title='bbox 1767 2697 1809 2753; x_wconf 88' lang='lat' dir='ltr'>vel</span> 
     </span>
     <span class='ocr_line' id='line_1_42' title="bbox 165 2783 1810 2860; baseline 0.002 -22"><span class='ocrx_word' id='word_1_425' title='bbox 165 2791 191 2838; x_wconf 91' lang='lat' dir='ltr'>et</span> <span class='ocrx_word' id='word_1_426' title='bbox 215 2783 298 2840; x_wconf 89' lang='lat' dir='ltr'>Pater</span> <span class='ocrx_word' id='word_1_427' title='bbox 313 2791 340 2838; x_wconf 89' lang='lat' dir='ltr'>et</span> <span class='ocrx_word' id='word_1_428' title='bbox 355 2783 485 2855; x_wconf 90' lang='lat' dir='ltr'>Spiritus;</span> <span class='ocrx_word' id='word_1_429' title='bbox 509 2801 554 2840; x_wconf 92' lang='lat' dir='ltr'>me</span> <span class='ocrx_word' id='word_1_430' title='bbox 576 2785 746 2857; x_wconf 80' lang='lat' dir='ltr'>sapientiam,</span> <span class='ocrx_word' id='word_1_431' title='bbox 774 2788 853 2843; x_wconf 85' lang='lat' dir='ltr'>Patre</span> <span class='ocrx_word' id='word_1_432' title='bbox 867 2786 960 2844; x_wconf 85' lang='lat' dir='ltr'>effica—</span> <span class='ocrx_word' id='word_1_433' title='bbox 1015 2805 1114 2860; x_wconf 87' lang='lat' dir='ltr'>parvus</span> <span class='ocrx_word' id='word_1_434' title='bbox 1124 2806 1180 2860; x_wconf 86' lang='lat' dir='ltr'>prae</span> <span class='ocrx_word' id='word_1_435' title='bbox 1191 2788 1413 2844; x_wconf 87' lang='lat' dir='ltr'>consideratione</span> <span class='ocrx_word' id='word_1_436' title='bbox 1424 2790 1557 2844; x_wconf 88' lang='lat' dir='ltr'>malorum</span> <span class='ocrx_word' id='word_1_437' title='bbox 1567 2804 1690 2845; x_wconf 84' lang='lat' dir='ltr'>meorum</span> <span class='ocrx_word' id='word_1_438' title='bbox 1699 2795 1810 2860; x_wconf 80' lang='lat' dir='ltr'>praeter-</span> 
     </span>
     <span class='ocr_line' id='line_1_43' title="bbox 163 2871 1809 2945; baseline 0.001 -17"><span class='ocrx_word' id='word_1_439' title='bbox 163 2873 243 2938; x_wconf 86' lang='lat' dir='ltr'>eiam,</span> <span class='ocrx_word' id='word_1_440' title='bbox 262 2871 362 2942; x_wconf 89' lang='lat' dir='ltr'>Spiritu</span> <span class='ocrx_word' id='word_1_441' title='bbox 386 2879 480 2927; x_wconf 91' lang='lat' dir='ltr'>sancto</span> <span class='ocrx_word' id='word_1_442' title='bbox 495 2873 634 2943; x_wconf 83' lang='lat' dir='ltr'>praebente</span> <span class='ocrx_word' id='word_1_443' title='bbox 649 2873 853 2945; x_wconf 88' lang='lat' dir='ltr'>benignitatem.</span> <span class='ocrx_word' id='word_1_444' title='bbox 869 2877 962 2933; x_wconf 84' lang='lat' dir='ltr'>Facie·</span> <span class='ocrx_word' id='word_1_445' title='bbox 1014 2879 1120 2933; x_wconf 91' lang='lat' dir='ltr'>itorum.</span> <span class='ocrx_word' id='word_1_446' title='bbox 1145 2877 1200 2932; x_wconf 89' lang='lat' dir='ltr'>Sed</span> <span class='ocrx_word' id='word_1_447' title='bbox 1226 2878 1334 2933; x_wconf 87' lang='lat' dir='ltr'>laetetur</span> <span class='ocrx_word' id='word_1_448' title='bbox 1347 2876 1421 2942; x_wconf 87' lang='lat' dir='ltr'>Sion,</span> <span class='ocrx_word' id='word_1_449' title='bbox 1443 2884 1471 2931; x_wconf 92' lang='lat' dir='ltr'>et</span> <span class='ocrx_word' id='word_1_450' title='bbox 1494 2877 1630 2933; x_wconf 84' lang='lat' dir='ltr'>exsultent</span> <span class='ocrx_word' id='word_1_451' title='bbox 1653 2876 1715 2932; x_wconf 81' lang='lat' dir='ltr'>filiae</span> <span class='ocrx_word' id='word_1_452' title='bbox 1733 2874 1809 2930; x_wconf 73' lang='lat' dir='ltr'>iudae</span> 
     </span>
     <span class='ocr_line' id='line_1_44' title="bbox 163 2934 1810 3039; baseline 0.002 -25"><span class='ocrx_word' id='word_1_453' title='bbox 163 2976 224 3014; x_wconf 90' lang='lat' dir='ltr'>mus</span> <span class='ocrx_word' id='word_1_454' title='bbox 244 2969 334 3037; x_wconf 90' lang='lat' dir='ltr'>autem</span> <span class='ocrx_word' id='word_1_455' title='bbox 351 2959 385 3015; x_wconf 92' lang='lat' dir='ltr'>de</span> <span class='ocrx_word' id='word_1_456' title='bbox 409 2960 505 3026; x_wconf 87' lang='lat' dir='ltr'>nihilo,</span> <span class='ocrx_word' id='word_1_457' title='bbox 531 2961 614 3016; x_wconf 90' lang='lat' dir='ltr'>idest</span> <span class='ocrx_word' id='word_1_458' title='bbox 637 2977 670 3017; x_wconf 85' lang='lat' dir='ltr'>ex</span> <span class='ocrx_word' id='word_1_459' title='bbox 692 2963 766 3018; x_wconf 92' lang='lat' dir='ltr'>nullo</span> <span class='ocrx_word' id='word_1_460' title='bbox 788 2965 960 3034; x_wconf 86' lang='lat' dir='ltr'>praecedente</span> <span class='ocrx_word' id='word_1_461' title='bbox 976 2934 999 3014; x_wconf 64' lang='lat' dir='ltr'><strong>c</strong></span> <span class='ocrx_word' id='word_1_462' title='bbox 1014 2975 1125 3039; x_wconf 91' lang='lat' dir='ltr'>propter</span> <span class='ocrx_word' id='word_1_463' title='bbox 1138 2965 1240 3035; x_wconf 74' lang='lat' dir='ltr'>iudicia</span> <span class='ocrx_word' id='word_1_464' title='bbox 1255 2974 1310 3032; x_wconf 88' lang='lat' dir='ltr'>tua,</span> <span class='ocrx_word' id='word_1_465' title='bbox 1327 2965 1539 3035; x_wconf 66' lang='lat' dir='ltr'>Domineffsat.</span> <span class='ocrx_word' id='word_1_466' title='bbox 1556 2981 1643 3031; x_wconf 84' lang='lat' dir='ltr'>xavtr,</span> <span class='ocrx_word' id='word_1_467' title='bbox 1663 2966 1726 3036; x_wconf 73' lang='lat' dir='ltr'>lt):</span> <span class='ocrx_word' id='word_1_468' title='bbox 1747 2963 1810 3035; x_wconf 87' lang='lat' dir='ltr'>quia</span> 
     </span>
     <span class='ocr_line' id='line_1_45' title="bbox 163 3048 1808 3127; baseline 0.002 -24"><span class='ocrx_word' id='word_1_469' title='bbox 163 3048 277 3115; x_wconf 87' lang='lat' dir='ltr'>merito;</span> <span class='ocrx_word' id='word_1_470' title='bbox 303 3049 353 3104; x_wconf 88' lang='lat' dir='ltr'>hoe</span> <span class='ocrx_word' id='word_1_471' title='bbox 372 3048 591 3122; x_wconf 80' lang='lat' dir='ltr'>enimstgnificat</span> <span class='ocrx_word' id='word_1_472' title='bbox 612 3065 712 3106; x_wconf 89' lang='lat' dir='ltr'>nomen</span> <span class='ocrx_word' id='word_1_473' title='bbox 735 3052 855 3108; x_wconf 85' lang='lat' dir='ltr'>lacturae.</span> <span class='ocrx_word' id='word_1_474' title='bbox 884 3055 961 3112; x_wconf 78' lang='lat' dir='ltr'>liade</span> <span class='ocrx_word' id='word_1_475' title='bbox 1015 3062 1252 3127; x_wconf 90' lang='lat' dir='ltr'>quantumcunque</span> <span class='ocrx_word' id='word_1_476' title='bbox 1280 3071 1373 3110; x_wconf 91' lang='lat' dir='ltr'>amara</span> <span class='ocrx_word' id='word_1_477' title='bbox 1395 3055 1430 3110; x_wconf 92' lang='lat' dir='ltr'>sit</span> <span class='ocrx_word' id='word_1_478' title='bbox 1458 3057 1579 3126; x_wconf 88' lang='lat' dir='ltr'>myrrha,</span> <span class='ocrx_word' id='word_1_479' title='bbox 1608 3063 1808 3126; x_wconf 88' lang='lat' dir='ltr'>quantumcun-</span> 
     </span>
     <span class='ocr_line' id='line_1_46' title="bbox 162 3136 1810 3217; baseline 0.004 -26"><span class='ocrx_word' id='word_1_480' title='bbox 162 3144 189 3191; x_wconf 91' lang='lat' dir='ltr'>et</span> <span class='ocrx_word' id='word_1_481' title='bbox 202 3136 240 3190; x_wconf 94' lang='lat' dir='ltr'>ibi</span> <span class='ocrx_word' id='word_1_482' title='bbox 255 3136 369 3192; x_wconf 89' lang='lat' dir='ltr'>dicitur:</span> <span class='ocrx_word' id='word_1_483' title='bbox 388 3137 536 3195; x_wconf 81' lang='lat' dir='ltr'>Faciamus</span> <span class='ocrx_word' id='word_1_484' title='bbox 556 3138 697 3195; x_wconf 83' lang='lat' dir='ltr'>bominem</span> <span class='ocrx_word' id='word_1_485' title='bbox 712 3139 792 3209; x_wconf 84' lang='lat' dir='ltr'>(Gen.</span> <span class='ocrx_word' id='word_1_486' title='bbox 807 3158 826 3207; x_wconf 89' lang='lat'>1,</span> <span class='ocrx_word' id='word_1_487' title='bbox 843 3144 899 3209; x_wconf 76' lang='lat' dir='ltr'>td).</span> <span class='ocrx_word' id='word_1_488' title='bbox 913 3143 960 3200; x_wconf 90' lang='lat' dir='ltr'>Vel</span> <span class='ocrx_word' id='word_1_489' title='bbox 1014 3160 1067 3217; x_wconf 89' lang='lat' dir='ltr'>quc</span> <span class='ocrx_word' id='word_1_490' title='bbox 1078 3145 1247 3215; x_wconf 88' lang='lat' dir='ltr'>ponderosus</span> <span class='ocrx_word' id='word_1_491' title='bbox 1257 3145 1292 3199; x_wconf 91' lang='lat' dir='ltr'>sit</span> <span class='ocrx_word' id='word_1_492' title='bbox 1302 3143 1597 3210; x_wconf 80' lang='lat' dir='ltr'>fasciculus,iamedio</span> <span class='ocrx_word' id='word_1_493' title='bbox 1607 3144 1725 3199; x_wconf 83' lang='lat' dir='ltr'>uberum</span> <span class='ocrx_word' id='word_1_494' title='bbox 1735 3158 1810 3200; x_wconf 90' lang='lat' dir='ltr'>meo·</span> 
     </span>
     <span class='ocr_line' id='line_1_47' title="bbox 159 3226 1809 3305; baseline 0.003 -25"><span class='ocrx_word' id='word_1_495' title='bbox 159 3227 310 3297; x_wconf 71' lang='lat' dir='ltr'>faciemus,</span> <span class='ocrx_word' id='word_1_496' title='bbox 327 3242 378 3298; x_wconf 88' lang='lat' dir='ltr'>ego</span> <span class='ocrx_word' id='word_1_497' title='bbox 393 3234 420 3281; x_wconf 92' lang='lat' dir='ltr'>et</span> <span class='ocrx_word' id='word_1_498' title='bbox 430 3226 526 3300; x_wconf 88' lang='lat' dir='ltr'>Angeli</span> <span class='ocrx_word' id='word_1_499' title='bbox 540 3233 567 3281; x_wconf 91' lang='grc' dir='ltr'>ει</span> <span class='ocrx_word' id='word_1_500' title='bbox 576 3228 702 3283; x_wconf 84' lang='grc' dir='ltr'>ιιοειοιεε</span> <span class='ocrx_word' id='word_1_501' title='bbox 716 3229 787 3284; x_wconf 90' lang='lat' dir='ltr'>mei:</span> <span class='ocrx_word' id='word_1_502' title='bbox 804 3246 856 3304; x_wconf 90' lang='lat' dir='ltr'>ego</span> <span class='ocrx_word' id='word_1_503' title='bbox 876 3231 960 3304; x_wconf 89' lang='lat' dir='ltr'>inspi·</span> <span class='ocrx_word' id='word_1_504' title='bbox 1014 3249 1079 3289; x_wconf 87' lang='lat' dir='ltr'>rum</span> <span class='ocrx_word' id='word_1_505' title='bbox 1089 3231 1322 3298; x_wconf 82' lang='lat' dir='ltr'>commorabitur,</span> <span class='ocrx_word' id='word_1_506' title='bbox 1337 3232 1463 3288; x_wconf 89' lang='lat' dir='ltr'>inmedio</span> <span class='ocrx_word' id='word_1_507' title='bbox 1473 3231 1660 3305; x_wconf 88' lang='lat' dir='ltr'>prosperitatis</span> <span class='ocrx_word' id='word_1_508' title='bbox 1670 3241 1698 3287; x_wconf 91' lang='lat' dir='ltr'>et</span> <span class='ocrx_word' id='word_1_509' title='bbox 1710 3230 1809 3286; x_wconf 87' lang='lat' dir='ltr'>adver·</span> 
     </span>
     <span class='ocr_line' id='line_1_48' title="bbox 163 3313 1807 3395; baseline 0.004 -30"><span class='ocrx_word' id='word_1_510' title='bbox 163 3313 257 3376; x_wconf 89' lang='lat' dir='ltr'>raudo,</span> <span class='ocrx_word' id='word_1_511' title='bbox 279 3313 376 3385; x_wconf 81' lang='lat' dir='ltr'>Angcli</span> <span class='ocrx_word' id='word_1_512' title='bbox 392 3314 577 3388; x_wconf 85' lang='lat' dir='ltr'>suggerendo,</span> <span class='ocrx_word' id='word_1_513' title='bbox 593 3315 716 3370; x_wconf 88' lang='lat' dir='ltr'>homines</span> <span class='ocrx_word' id='word_1_514' title='bbox 730 3316 864 3375; x_wconf 90' lang='lat' dir='ltr'>docendo.</span> <span class='ocrx_word' id='word_1_515' title='bbox 885 3320 960 3376; x_wconf 89' lang='lat' dir='ltr'>Deus</span> <span class='ocrx_word' id='word_1_516' title='bbox 1012 3321 1099 3375; x_wconf 83' lang='lat' dir='ltr'>sitatis</span> <span class='ocrx_word' id='word_1_517' title='bbox 1113 3337 1191 3388; x_wconf 84' lang='lat' dir='ltr'>meae,</span> <span class='ocrx_word' id='word_1_518' title='bbox 1208 3323 1235 3375; x_wconf 91' lang='lat' dir='ltr'>in</span> <span class='ocrx_word' id='word_1_519' title='bbox 1249 3321 1338 3377; x_wconf 90' lang='lat' dir='ltr'>medio</span> <span class='ocrx_word' id='word_1_520' title='bbox 1353 3320 1595 3395; x_wconf 81' lang='lat' dir='ltr'>congratulationis</span> <span class='ocrx_word' id='word_1_521' title='bbox 1607 3336 1677 3375; x_wconf 71' lang='lat' dir='ltr'>meaa</span> <span class='ocrx_word' id='word_1_522' title='bbox 1691 3325 1719 3375; x_wconf 88' lang='lat' dir='ltr'>et</span> <span class='ocrx_word' id='word_1_523' title='bbox 1732 3333 1807 3374; x_wconf 90' lang='lat' dir='ltr'>oom-</span> 
     </span>
     <span class='ocr_line' id='line_1_49' title="bbox 161 3401 1808 3479; baseline 0.003 -23"><span class='ocrx_word' id='word_1_524' title='bbox 161 3403 238 3456; x_wconf 89' lang='lat' dir='ltr'>enim</span> <span class='ocrx_word' id='word_1_525' title='bbox 250 3401 325 3457; x_wconf 90' lang='lat' dir='ltr'>videt</span> <span class='ocrx_word' id='word_1_526' title='bbox 335 3403 523 3469; x_wconf 88' lang='lat' dir='ltr'>intentionem,</span> <span class='ocrx_word' id='word_1_527' title='bbox 543 3412 571 3458; x_wconf 94' lang='lat' dir='ltr'>et</span> <span class='ocrx_word' id='word_1_528' title='bbox 581 3403 697 3475; x_wconf 86' lang='lat' dir='ltr'>angelus</span> <span class='ocrx_word' id='word_1_529' title='bbox 710 3404 893 3473; x_wconf 88' lang='lat' dir='ltr'>allectionem,</span> <span class='ocrx_word' id='word_1_530' title='bbox 909 3409 958 3463; x_wconf 89' lang='lat' dir='ltr'>bo·</span> <span class='ocrx_word' id='word_1_531' title='bbox 1013 3409 1145 3479; x_wconf 79' lang='lat' dir='ltr'>passionis</span> <span class='ocrx_word' id='word_1_532' title='bbox 1161 3426 1247 3465; x_wconf 85' lang='lat' dir='ltr'>meae:</span> <span class='ocrx_word' id='word_1_533' title='bbox 1273 3409 1311 3463; x_wconf 92' lang='lat' dir='ltr'>ibi</span> <span class='ocrx_word' id='word_1_534' title='bbox 1327 3410 1547 3475; x_wconf 86' lang='lat' dir='ltr'>commorabitur,</span> <span class='ocrx_word' id='word_1_535' title='bbox 1563 3424 1615 3464; x_wconf 91' lang='lat' dir='ltr'>nec</span> <span class='ocrx_word' id='word_1_536' title='bbox 1636 3407 1700 3463; x_wconf 88' lang='lat' dir='ltr'>inde</span> <span class='ocrx_word' id='word_1_537' title='bbox 1716 3420 1808 3464; x_wconf 85' lang='lat' dir='ltr'>meve-</span> 
     </span>
     <span class='ocr_line' id='line_1_50' title="bbox 160 3488 1805 3569; baseline 0.004 -25"><span class='ocrx_word' id='word_1_538' title='bbox 160 3506 204 3547; x_wconf 92' lang='lat' dir='ltr'>mo</span> <span class='ocrx_word' id='word_1_539' title='bbox 228 3488 337 3548; x_wconf 87' lang='lat' dir='ltr'>iactum.</span> <span class='ocrx_word' id='word_1_540' title='bbox 360 3493 481 3565; x_wconf 80' lang='lat' dir='ltr'>Angelus</span> <span class='ocrx_word' id='word_1_541' title='bbox 504 3492 577 3548; x_wconf 90' lang='lat' dir='ltr'>enim</span> <span class='ocrx_word' id='word_1_542' title='bbox 601 3493 780 3551; x_wconf 90' lang='lat' dir='ltr'>intentionem</span> <span class='ocrx_word' id='word_1_543' title='bbox 805 3511 859 3551; x_wconf 91' lang='grc' dir='ltr'>εεε</span> <span class='ocrx_word' id='word_1_544' title='bbox 873 3496 955 3560; x_wconf 87' lang='lat' dir='ltr'>videt,</span> <span class='ocrx_word' id='word_1_545' title='bbox 1012 3499 1084 3553; x_wconf 86' lang='lat' dir='ltr'>bitur</span> <span class='ocrx_word' id='word_1_546' title='bbox 1098 3498 1125 3552; x_wconf 95' lang='grc' dir='ltr'>ιε</span> <span class='ocrx_word' id='word_1_547' title='bbox 1139 3510 1282 3556; x_wconf 85' lang='lat' dir='ltr'>aeternum.</span> <span class='ocrx_word' id='word_1_548' title='bbox 1293 3497 1350 3553; x_wconf 91' lang='lat' dir='ltr'>Nec</span> <span class='ocrx_word' id='word_1_549' title='bbox 1365 3497 1437 3552; x_wconf 90' lang='lat' dir='ltr'>enim</span> <span class='ocrx_word' id='word_1_550' title='bbox 1447 3499 1573 3569; x_wconf 87' lang='lat' dir='ltr'>gaudebo</span> <span class='ocrx_word' id='word_1_551' title='bbox 1583 3496 1633 3552; x_wconf 92' lang='lat' dir='ltr'>nisi</span> <span class='ocrx_word' id='word_1_552' title='bbox 1642 3496 1670 3551; x_wconf 92' lang='lat' dir='ltr'>in</span> <span class='ocrx_word' id='word_1_553' title='bbox 1680 3496 1805 3560; x_wconf 89' lang='lat' dir='ltr'>Domino,</span> 
     </span>
     <span class='ocr_line' id='line_1_51' title="bbox 159 3579 1808 3657; baseline 0.002 -23"><span class='ocrx_word' id='word_1_554' title='bbox 159 3579 208 3634; x_wconf 90' lang='lat' dir='ltr'>sed</span> <span class='ocrx_word' id='word_1_555' title='bbox 234 3579 406 3635; x_wconf 84' lang='lat' dir='ltr'>allectionem</span> <span class='ocrx_word' id='word_1_556' title='bbox 422 3581 505 3637; x_wconf 90' lang='lat' dir='ltr'>videt.</span> <span class='ocrx_word' id='word_1_557' title='bbox 522 3581 587 3637; x_wconf 92' lang='lat' dir='ltr'>ldeo</span> <span class='ocrx_word' id='word_1_558' title='bbox 611 3583 723 3653; x_wconf 86' lang='lat' dir='ltr'>angelus</span> <span class='ocrx_word' id='word_1_559' title='bbox 746 3584 832 3640; x_wconf 90' lang='lat' dir='ltr'>malus</span> <span class='ocrx_word' id='word_1_560' title='bbox 856 3585 957 3641; x_wconf 91' lang='lat' dir='ltr'>bonum</span> <span class='ocrx_word' id='word_1_561' title='bbox 1012 3603 1061 3642; x_wconf 91' lang='lat' dir='ltr'>nec</span> <span class='ocrx_word' id='word_1_562' title='bbox 1085 3587 1269 3643; x_wconf 84' lang='lat' dir='ltr'>contristabor</span> <span class='ocrx_word' id='word_1_563' title='bbox 1287 3587 1341 3642; x_wconf 91' lang='lat' dir='ltr'>nisi</span> <span class='ocrx_word' id='word_1_564' title='bbox 1361 3586 1389 3641; x_wconf 91' lang='lat' dir='ltr'>in</span> <span class='ocrx_word' id='word_1_565' title='bbox 1404 3587 1529 3643; x_wconf 88' lang='lat' dir='ltr'>Domino.</span> <span class='ocrx_word' id='word_1_566' title='bbox 1556 3585 1652 3642; x_wconf 91' lang='lat' dir='ltr'>Sedet</span> <span class='ocrx_word' id='word_1_567' title='bbox 1676 3585 1735 3657; x_wconf 90' lang='lat' dir='ltr'>ipse</span> <span class='ocrx_word' id='word_1_568' title='bbox 1750 3580 1808 3640; x_wconf 79' lang='lat' dir='ltr'>siv&#39;e</span> 
     </span>
     <span class='ocr_line' id='line_1_52' title="bbox 159 3667 1806 3746; baseline 0.005 -25"><span class='ocrx_word' id='word_1_569' title='bbox 159 3667 246 3722; x_wconf 90' lang='lat' dir='ltr'>Deum</span> <span class='ocrx_word' id='word_1_570' title='bbox 264 3682 317 3721; x_wconf 91' lang='lat' dir='ltr'>non</span> <span class='ocrx_word' id='word_1_571' title='bbox 333 3667 416 3733; x_wconf 88' lang='lat' dir='ltr'>videt,</span> <span class='ocrx_word' id='word_1_572' title='bbox 433 3669 495 3738; x_wconf 88' lang='lat' dir='ltr'>quia</span> <span class='ocrx_word' id='word_1_573' title='bbox 508 3669 580 3724; x_wconf 92' lang='lat' dir='ltr'>idem</span> <span class='ocrx_word' id='word_1_574' title='bbox 592 3678 634 3725; x_wconf 91' lang='lat' dir='ltr'>est</span> <span class='ocrx_word' id='word_1_575' title='bbox 647 3672 731 3736; x_wconf 88' lang='lat' dir='ltr'>Deus,</span> <span class='ocrx_word' id='word_1_576' title='bbox 747 3682 776 3727; x_wconf 92' lang='lat' dir='ltr'>et</span> <span class='ocrx_word' id='word_1_577' title='bbox 789 3671 912 3741; x_wconf 81' lang='lat' dir='ltr'>allectus,</span> <span class='ocrx_word' id='word_1_578' title='bbox 929 3681 957 3729; x_wconf 91' lang='grc' dir='ltr'>ει</span> <span class='ocrx_word' id='word_1_579' title='bbox 1011 3691 1060 3745; x_wconf 94' lang='lat' dir='ltr'>per</span> <span class='ocrx_word' id='word_1_580' title='bbox 1082 3691 1216 3746; x_wconf 90' lang='lat' dir='ltr'>prospera</span> <span class='ocrx_word' id='word_1_581' title='bbox 1229 3692 1273 3731; x_wconf 88' lang='lat' dir='ltr'>me</span> <span class='ocrx_word' id='word_1_582' title='bbox 1289 3675 1455 3742; x_wconf 85' lang='lat' dir='ltr'>consoletur,</span> <span class='ocrx_word' id='word_1_583' title='bbox 1471 3675 1529 3731; x_wconf 83' lang='lat' dir='ltr'>sive</span> <span class='ocrx_word' id='word_1_584' title='bbox 1543 3675 1572 3730; x_wconf 90' lang='lat' dir='ltr'>in</span> <span class='ocrx_word' id='word_1_585' title='bbox 1585 3673 1709 3730; x_wconf 83' lang='lat' dir='ltr'>aduersis</span> <span class='ocrx_word' id='word_1_586' title='bbox 1723 3668 1806 3729; x_wconf 75' lang='lat' dir='ltr'>exer-</span> 
     </span>
     <span class='ocr_line' id='line_1_53' title="bbox 161 3754 1805 3832; baseline 0.005 -22"><span class='ocrx_word' id='word_1_587' title='bbox 161 3755 282 3810; x_wconf 81' lang='lat' dir='ltr'>eoluntas</span> <span class='ocrx_word' id='word_1_588' title='bbox 295 3754 372 3823; x_wconf 80' lang='lat' dir='ltr'>ejus:</span> <span class='ocrx_word' id='word_1_589' title='bbox 389 3770 440 3810; x_wconf 92' lang='lat' dir='ltr'>nec</span> <span class='ocrx_word' id='word_1_590' title='bbox 455 3756 527 3809; x_wconf 88' lang='lat' dir='ltr'>enim</span> <span class='ocrx_word' id='word_1_591' title='bbox 540 3754 664 3812; x_wconf 83' lang='lat' dir='ltr'>ul&#39;srcitur.</span> <span class='ocrx_word' id='word_1_592' title='bbox 681 3757 876 3832; x_wconf 88' lang='lat' dir='ltr'>Suggestiones</span> <span class='ocrx_word' id='word_1_593' title='bbox 890 3776 956 3818; x_wconf 88' lang='lat' dir='ltr'>vero</span> <span class='ocrx_word' id='word_1_594' title='bbox 1008 3772 1079 3828; x_wconf 88' lang='lat' dir='ltr'>eeat,</span> <span class='ocrx_word' id='word_1_595' title='bbox 1105 3764 1243 3820; x_wconf 88' lang='lat' dir='ltr'>demedio</span> <span class='ocrx_word' id='word_1_596' title='bbox 1259 3765 1374 3820; x_wconf 88' lang='lat' dir='ltr'>uberum</span> <span class='ocrx_word' id='word_1_597' title='bbox 1397 3780 1530 3830; x_wconf 89' lang='lat' dir='ltr'>meomm,</span> <span class='ocrx_word' id='word_1_598' title='bbox 1546 3763 1575 3818; x_wconf 94' lang='lat' dir='ltr'>id</span> <span class='ocrx_word' id='word_1_599' title='bbox 1595 3773 1637 3818; x_wconf 91' lang='lat' dir='ltr'>est</span> <span class='ocrx_word' id='word_1_600' title='bbox 1660 3763 1695 3818; x_wconf 92' lang='lat' dir='ltr'>de</span> <span class='ocrx_word' id='word_1_601' title='bbox 1715 3762 1805 3818; x_wconf 84' lang='lat' dir='ltr'>merliu</span> 
     </span>
     <span class='ocr_line' id='line_1_54' title="bbox 160 3842 1806 3924; baseline 0.003 -24"><span class='ocrx_word' id='word_1_602' title='bbox 160 3845 336 3913; x_wconf 74' lang='lat' dir='ltr'>Angelorum,</span> <span class='ocrx_word' id='word_1_603' title='bbox 352 3842 417 3912; x_wconf 76' lang='lat' dir='ltr'>ipsae</span> <span class='ocrx_word' id='word_1_604' title='bbox 433 3851 495 3897; x_wconf 90' lang='lat' dir='ltr'>sunt</span> <span class='ocrx_word' id='word_1_605' title='bbox 508 3843 608 3915; x_wconf 78' lang='lat' dir='ltr'>linguae</span> <span class='ocrx_word' id='word_1_606' title='bbox 620 3859 725 3912; x_wconf 91' lang='lat' dir='ltr'>eorum,</span> <span class='ocrx_word' id='word_1_607' title='bbox 742 3848 776 3902; x_wconf 92' lang='lat' dir='ltr'>de</span> <span class='ocrx_word' id='word_1_608' title='bbox 801 3848 898 3920; x_wconf 92' lang='lat' dir='ltr'>quibus</span> <span class='ocrx_word' id='word_1_609' title='bbox 910 3849 954 3903; x_wconf 88' lang='lat' dir='ltr'>di·</span> <span class='ocrx_word' id='word_1_610' title='bbox 1008 3852 1090 3907; x_wconf 89' lang='lat' dir='ltr'>oorde</span> <span class='ocrx_word' id='word_1_611' title='bbox 1104 3866 1177 3918; x_wconf 88' lang='lat' dir='ltr'>meo,</span> <span class='ocrx_word' id='word_1_612' title='bbox 1192 3868 1248 3908; x_wconf 90' lang='lat' dir='ltr'>nou</span> <span class='ocrx_word' id='word_1_613' title='bbox 1264 3854 1432 3910; x_wconf 87' lang='lat' dir='ltr'>movebitur:</span> <span class='ocrx_word' id='word_1_614' title='bbox 1449 3862 1476 3910; x_wconf 89' lang='lat' dir='ltr'>et</span> <span class='ocrx_word' id='word_1_615' title='bbox 1491 3854 1548 3909; x_wconf 83' lang='lat' dir='ltr'>sive</span> <span class='ocrx_word' id='word_1_616' title='bbox 1563 3850 1806 3924; x_wconf 85' lang='lat' dir='ltr'>congratulandum</span> 
     </span>
     <span class='ocr_line' id='line_1_55' title="bbox 157 3928 1805 4014; baseline 0.006 -30"><span class='ocrx_word' id='word_1_617' title='bbox 157 3930 193 3985; x_wconf 88' lang='lat' dir='ltr'>eit</span> <span class='ocrx_word' id='word_1_618' title='bbox 209 3928 371 3999; x_wconf 87' lang='lat' dir='ltr'>Apostolus;</span> <span class='ocrx_word' id='word_1_619' title='bbox 389 3930 420 3985; x_wconf 85' lang='lat' dir='ltr'>Si</span> <span class='ocrx_word' id='word_1_620' title='bbox 436 3930 540 4001; x_wconf 79' lang='lat' dir='ltr'>tinguis</span> <span class='ocrx_word' id='word_1_621' title='bbox 555 3933 726 4002; x_wconf 78' lang='lat' dir='ltr'>Angelorum</span> <span class='ocrx_word' id='word_1_622' title='bbox 740 3936 837 4008; x_wconf 85' lang='lat' dir='ltr'>loquar</span> <span class='ocrx_word' id='word_1_623' title='bbox 851 3936 877 4008; x_wconf 84' lang='lat' dir='ltr'>(l</span> <span class='ocrx_word' id='word_1_624' title='bbox 890 3938 953 3994; x_wconf 83' lang='lat' dir='ltr'>Cor.</span> <span class='ocrx_word' id='word_1_625' title='bbox 1007 3941 1036 3996; x_wconf 92' lang='lat' dir='ltr'>io</span> <span class='ocrx_word' id='word_1_626' title='bbox 1051 3942 1129 3997; x_wconf 89' lang='lat' dir='ltr'>bouis</span> <span class='ocrx_word' id='word_1_627' title='bbox 1151 3942 1275 4009; x_wconf 84' lang='lat' dir='ltr'>aliorum,</span> <span class='ocrx_word' id='word_1_628' title='bbox 1291 3943 1390 3999; x_wconf 91' lang='lat' dir='ltr'>sivein</span> <span class='ocrx_word' id='word_1_629' title='bbox 1411 3942 1489 3999; x_wconf 90' lang='lat' dir='ltr'>malis</span> <span class='ocrx_word' id='word_1_630' title='bbox 1503 3940 1723 4014; x_wconf 86' lang='lat' dir='ltr'>compatiendum</span> <span class='ocrx_word' id='word_1_631' title='bbox 1733 3940 1805 4006; x_wconf 81' lang='lat' dir='ltr'>milti</span> 
     </span>
     <span class='ocr_line' id='line_1_56' title="bbox 157 4018 1357 4097; baseline 0.006 -25"><span class='ocrx_word' id='word_1_632' title='bbox 157 4032 218 4082; x_wconf 85' lang='lat' dir='ltr'>xrrt,</span> <span class='ocrx_word' id='word_1_633' title='bbox 238 4018 274 4088; x_wconf 89' lang='lat' dir='ltr'>l).</span> <span class='ocrx_word' id='word_1_634' title='bbox 292 4018 360 4071; x_wconf 91' lang='lat' dir='ltr'>Sunt</span> <span class='ocrx_word' id='word_1_635' title='bbox 375 4026 464 4073; x_wconf 91' lang='lat' dir='ltr'>autem</span> <span class='ocrx_word' id='word_1_636' title='bbox 476 4019 534 4074; x_wconf 89' lang='lat' dir='ltr'>haec</span> <span class='ocrx_word' id='word_1_637' title='bbox 549 4020 672 4091; x_wconf 81' lang='lat' dir='ltr'>quadam</span> <span class='ocrx_word' id='word_1_638' title='bbox 686 4022 765 4094; x_wconf 84' lang='lat' dir='ltr'>signa</span> <span class='ocrx_word' id='word_1_639' title='bbox 778 4026 883 4080; x_wconf 78' lang='lat' dir='ltr'>occurs</span> <span class='ocrx_word' id='word_1_640' title='bbox 896 4027 952 4097; x_wconf 88' lang='lat' dir='ltr'>spi·</span> <span class='ocrx_word' id='word_1_641' title='bbox 1006 4030 1050 4095; x_wconf 83' lang='lat' dir='ltr'>sit,</span> <span class='ocrx_word' id='word_1_642' title='bbox 1068 4031 1175 4086; x_wconf 87' lang='lat' dir='ltr'>nonnisi</span> <span class='ocrx_word' id='word_1_643' title='bbox 1189 4032 1217 4085; x_wconf 85' lang='lat' dir='ltr'>in</span> <span class='ocrx_word' id='word_1_644' title='bbox 1231 4031 1357 4087; x_wconf 82' lang='lat' dir='ltr'>Domino.</span> 
     </span>
     <span class='ocr_line' id='line_1_57' title="bbox 157 4100 1804 4192; baseline 0.008 -31"><span class='ocrx_word' id='word_1_645' title='bbox 157 4103 263 4161; x_wconf 89' lang='lat' dir='ltr'>ritualia</span> <span class='ocrx_word' id='word_1_646' title='bbox 286 4105 365 4160; x_wconf 90' lang='lat' dir='ltr'>uobis</span> <span class='ocrx_word' id='word_1_647' title='bbox 378 4105 525 4180; x_wconf 87' lang='lat' dir='ltr'>incognita,</span> <span class='ocrx_word' id='word_1_648' title='bbox 549 4107 647 4178; x_wconf 90' lang='lat' dir='ltr'>quibus</span> <span class='ocrx_word' id='word_1_649' title='bbox 670 4110 721 4164; x_wconf 93' lang='lat' dir='ltr'>sibi</span> <span class='ocrx_word' id='word_1_650' title='bbox 744 4110 898 4181; x_wconf 90' lang='lat' dir='ltr'>loquuntur,</span> <span class='ocrx_word' id='word_1_651' title='bbox 925 4123 953 4171; x_wconf 90' lang='lat' dir='ltr'>et</span> <span class='ocrx_word' id='word_1_652' title='bbox 1043 4119 1625 4192; x_wconf 70' lang='lat' dir='ltr'>nattotrurcppridetecturmmsmttu&#39;in</span> <span class='ocrx_word' id='word_1_653' title='bbox 1640 4100 1738 4177; x_wconf 79' lang='lat' dir='ltr'>niueis.</span> <span class='ocrx_word' id='word_1_654' title='bbox 1751 4121 1804 4176; x_wconf 80' lang='lat' dir='ltr'>Ea-</span> 
     </span>
     <span class='ocr_line' id='line_1_58' title="bbox 156 4192 1804 4319; baseline 0.008 -70"><span class='ocrx_word' id='word_1_655' title='bbox 156 4195 328 4250; x_wconf 90' lang='lat' dir='ltr'>innotescere</span> <span class='ocrx_word' id='word_1_656' title='bbox 352 4192 453 4250; x_wconf 85' lang='lat' dir='ltr'>iaciunt</span> <span class='ocrx_word' id='word_1_657' title='bbox 468 4196 619 4252; x_wconf 85' lang='lat' dir='ltr'>voluntates</span> <span class='ocrx_word' id='word_1_658' title='bbox 640 4213 712 4265; x_wconf 90' lang='lat' dir='ltr'>suas,</span> <span class='ocrx_word' id='word_1_659' title='bbox 729 4216 780 4255; x_wconf 90' lang='lat' dir='ltr'>nec</span> <span class='ocrx_word' id='word_1_660' title='bbox 800 4202 886 4257; x_wconf 88' lang='lat' dir='ltr'>solum</span> <span class='ocrx_word' id='word_1_661' title='bbox 900 4203 950 4259; x_wconf 89' lang='lat' dir='ltr'>sibi</span> <span class='ocrx_word' id='word_1_662' title='bbox 967 4208 1099 4319; x_wconf 70' lang='lat' dir='ltr'>npaddi.</span> <span class='ocrx_word' id='word_1_663' title='bbox 1124 4209 1255 4281; x_wconf 87' lang='lat' dir='ltr'>Superius</span> <span class='ocrx_word' id='word_1_664' title='bbox 1282 4224 1409 4280; x_wconf 91' lang='lat' dir='ltr'>sponsam</span> <span class='ocrx_word' id='word_1_665' title='bbox 1434 4211 1575 4267; x_wconf 80' lang='lat' dir='ltr'>tabescere</span> <span class='ocrx_word' id='word_1_666' title='bbox 1600 4209 1704 4265; x_wconf 89' lang='lat' dir='ltr'>iecerat</span> <span class='ocrx_word' id='word_1_667' title='bbox 1731 4207 1804 4264; x_wconf 85' lang='lat' dir='ltr'>aelus</span> 
     </span>
     <span class='ocr_line' id='line_1_59' title="bbox 155 4282 1803 4368; baseline 0.004 -26"><span class='ocrx_word' id='word_1_668' title='bbox 155 4282 281 4346; x_wconf 83' lang='lat' dir='ltr'>invicem,</span> <span class='ocrx_word' id='word_1_669' title='bbox 307 4283 397 4339; x_wconf 88' lang='lat' dir='ltr'>sedet</span> <span class='ocrx_word' id='word_1_670' title='bbox 416 4285 568 4340; x_wconf 87' lang='lat' dir='ltr'>homiuibus</span> <span class='ocrx_word' id='word_1_671' title='bbox 591 4286 723 4358; x_wconf 88' lang='lat' dir='ltr'>aliquibus</span> <span class='ocrx_word' id='word_1_672' title='bbox 743 4290 893 4361; x_wconf 87' lang='lat' dir='ltr'>angelicam</span> <span class='ocrx_word' id='word_1_673' title='bbox 909 4292 950 4349; x_wconf 86' lang='lat' dir='ltr'>vi·</span> <span class='ocrx_word' id='word_1_674' title='bbox 1005 4313 1080 4363; x_wconf 92' lang='lat' dir='ltr'>suus,</span> <span class='ocrx_word' id='word_1_675' title='bbox 1097 4297 1159 4368; x_wconf 91' lang='lat' dir='ltr'>quia</span> <span class='ocrx_word' id='word_1_676' title='bbox 1174 4297 1251 4353; x_wconf 91' lang='lat' dir='ltr'>obliti</span> <span class='ocrx_word' id='word_1_677' title='bbox 1265 4306 1344 4353; x_wconf 87' lang='lat' dir='ltr'>erant</span> <span class='ocrx_word' id='word_1_678' title='bbox 1358 4299 1440 4354; x_wconf 83' lang='lat' dir='ltr'>verba</span> <span class='ocrx_word' id='word_1_679' title='bbox 1455 4299 1562 4354; x_wconf 85' lang='lat' dir='ltr'>Domini</span> <span class='ocrx_word' id='word_1_680' title='bbox 1577 4296 1678 4353; x_wconf 90' lang='lat' dir='ltr'>inimici</span> <span class='ocrx_word' id='word_1_681' title='bbox 1692 4298 1743 4360; x_wconf 91' lang='lat' dir='ltr'>sui,</span> <span class='ocrx_word' id='word_1_682' title='bbox 1761 4295 1803 4351; x_wconf 82' lang='lat' dir='ltr'>rel</span> 
     </span>
     <span class='ocr_line' id='line_1_60' title="bbox 158 4372 1803 4459; baseline 0.007 -31"><span class='ocrx_word' id='word_1_683' title='bbox 158 4383 211 4430; x_wconf 87' lang='lat' dir='ltr'>tam</span> <span class='ocrx_word' id='word_1_684' title='bbox 226 4372 396 4429; x_wconf 89' lang='lat' dir='ltr'>ducentibus.</span> <span class='ocrx_word' id='word_1_685' title='bbox 412 4374 543 4447; x_wconf 87' lang='lat' dir='ltr'>Linguam</span> <span class='ocrx_word' id='word_1_686' title='bbox 554 4391 620 4447; x_wconf 88' lang='lat' dir='ltr'>ergo</span> <span class='ocrx_word' id='word_1_687' title='bbox 635 4377 801 4449; x_wconf 89' lang='lat' dir='ltr'>Angelorum</span> <span class='ocrx_word' id='word_1_688' title='bbox 814 4380 949 4453; x_wconf 87' lang='lat' dir='ltr'>intelligit,</span> <span class='ocrx_word' id='word_1_689' title='bbox 1005 4385 1050 4456; x_wconf 93' lang='lat' dir='ltr'>qui</span> <span class='ocrx_word' id='word_1_690' title='bbox 1074 4385 1239 4441; x_wconf 91' lang='lat' dir='ltr'>insultabant</span> <span class='ocrx_word' id='word_1_691' title='bbox 1258 4387 1320 4456; x_wconf 89' lang='lat' dir='ltr'>ejus</span> <span class='ocrx_word' id='word_1_692' title='bbox 1342 4386 1487 4458; x_wconf 86' lang='lat' dir='ltr'>nigredini,</span> <span class='ocrx_word' id='word_1_693' title='bbox 1512 4387 1555 4443; x_wconf 87' lang='lat' dir='ltr'>vel</span> <span class='ocrx_word' id='word_1_694' title='bbox 1579 4388 1625 4459; x_wconf 91' lang='lat' dir='ltr'>qui</span> <span class='ocrx_word' id='word_1_695' title='bbox 1646 4387 1803 4458; x_wconf 87' lang='lat' dir='ltr'>pugnabant</span> 
     </span>
     <span class='ocr_line' id='line_1_61' title="bbox 156 4461 1802 4546; baseline 0.007 -28"><span class='ocrx_word' id='word_1_696' title='bbox 156 4461 202 4536; x_wconf 91' lang='lat' dir='ltr'>qui</span> <span class='ocrx_word' id='word_1_697' title='bbox 226 4461 417 4537; x_wconf 85' lang='lat' dir='ltr'>suggestiones</span> <span class='ocrx_word' id='word_1_698' title='bbox 438 4461 545 4518; x_wconf 90' lang='lat' dir='ltr'>illorum</span> <span class='ocrx_word' id='word_1_699' title='bbox 568 4463 704 4536; x_wconf 88' lang='lat' dir='ltr'>intelligit.</span> <span class='ocrx_word' id='word_1_700' title='bbox 728 4465 832 4539; x_wconf 78' lang='lat' dir='ltr'>Lingua</span> <span class='ocrx_word' id='word_1_701' title='bbox 858 4484 951 4524; x_wconf 88' lang='lat' dir='ltr'>eorum</span> <span class='ocrx_word' id='word_1_702' title='bbox 1004 4482 1100 4528; x_wconf 90' lang='lat' dir='ltr'>eontra</span> <span class='ocrx_word' id='word_1_703' title='bbox 1114 4489 1175 4529; x_wconf 91' lang='lat' dir='ltr'>eam</span> <span class='ocrx_word' id='word_1_704' title='bbox 1199 4473 1482 4541; x_wconf 85' lang='lat' dir='ltr'>filiimat1·issuae,et</span> <span class='ocrx_word' id='word_1_705' title='bbox 1503 4484 1654 4546; x_wconf 86' lang='lat' dir='ltr'>posuerunt</span> <span class='ocrx_word' id='word_1_706' title='bbox 1677 4489 1737 4529; x_wconf 91' lang='lat' dir='ltr'>eam</span> <span class='ocrx_word' id='word_1_707' title='bbox 1753 4490 1802 4530; x_wconf 91' lang='lat' dir='ltr'>cu·</span> 
     </span>
     <span class='ocr_line' id='line_1_62' title="bbox 155 4548 1803 4635; baseline 0.01 -34"><span class='ocrx_word' id='word_1_708' title='bbox 155 4548 283 4621; x_wconf 90' lang='lat' dir='ltr'>loquitur,</span> <span class='ocrx_word' id='word_1_709' title='bbox 309 4549 355 4622; x_wconf 93' lang='lat' dir='ltr'>qui</span> <span class='ocrx_word' id='word_1_710' title='bbox 370 4551 438 4606; x_wconf 90' lang='lat' dir='ltr'>sicut</span> <span class='ocrx_word' id='word_1_711' title='bbox 460 4551 587 4607; x_wconf 82' lang='lat' dir='ltr'>Nicolaus</span> <span class='ocrx_word' id='word_1_712' title='bbox 601 4560 630 4608; x_wconf 92' lang='lat' dir='ltr'>et</span> <span class='ocrx_word' id='word_1_713' title='bbox 643 4553 812 4622; x_wconf 87' lang='lat' dir='ltr'>Benedictus,</span> <span class='ocrx_word' id='word_1_714' title='bbox 833 4555 860 4611; x_wconf 88' lang='grc' dir='ltr'>ιιι</span> <span class='ocrx_word' id='word_1_715' title='bbox 875 4573 949 4614; x_wconf 83' lang='grc' dir='ltr'>εοει-</span> <span class='ocrx_word' id='word_1_716' title='bbox 1004 4564 1110 4618; x_wconf 86' lang='lat' dir='ltr'>stodem</span> <span class='ocrx_word' id='word_1_717' title='bbox 1126 4562 1153 4616; x_wconf 94' lang='lat' dir='ltr'>in</span> <span class='ocrx_word' id='word_1_718' title='bbox 1173 4562 1270 4620; x_wconf 86' lang='lat' dir='ltr'>vineis.</span> <span class='ocrx_word' id='word_1_719' title='bbox 1290 4562 1393 4633; x_wconf 85' lang='lat' dir='ltr'>Quibus</span> <span class='ocrx_word' id='word_1_720' title='bbox 1413 4580 1474 4619; x_wconf 91' lang='lat' dir='ltr'>curn</span> <span class='ocrx_word' id='word_1_721' title='bbox 1498 4565 1557 4635; x_wconf 89' lang='lat' dir='ltr'>ipsa</span> <span class='ocrx_word' id='word_1_722' title='bbox 1577 4578 1665 4635; x_wconf 90' lang='lat' dir='ltr'>usque</span> <span class='ocrx_word' id='word_1_723' title='bbox 1686 4562 1722 4616; x_wconf 89' lang='lat' dir='ltr'>ad</span> <span class='ocrx_word' id='word_1_724' title='bbox 1746 4579 1803 4619; x_wconf 84' lang='lat' dir='ltr'>suae</span> 
     </span>
     <span class='ocr_line' id='line_1_63' title="bbox 126 4635 1804 4734; baseline 0.009 -44"><span class='ocrx_word' id='word_1_725' title='bbox 126 4696 127 4701; x_wconf 9' lang='grc' dir='ltr'>η</span> <span class='ocrx_word' id='word_1_726' title='bbox 155 4635 206 4732; x_wconf 76' lang='lat' dir='ltr'>nis,</span> <span class='ocrx_word' id='word_1_727' title='bbox 231 4637 275 4734; x_wconf 78' lang='lat' dir='ltr'>vel</span> <span class='ocrx_word' id='word_1_728' title='bbox 301 4638 360 4692; x_wconf 88' lang='lat' dir='ltr'>aliis</span> <span class='ocrx_word' id='word_1_729' title='bbox 387 4638 548 4710; x_wconf 87' lang='lat' dir='ltr'>quibusdam</span> <span class='ocrx_word' id='word_1_730' title='bbox 569 4641 682 4697; x_wconf 89' lang='lat' dir='ltr'>occultis</span> <span class='ocrx_word' id='word_1_731' title='bbox 701 4643 797 4710; x_wconf 92' lang='lat' dir='ltr'>modis,</span> <span class='ocrx_word' id='word_1_732' title='bbox 822 4646 865 4702; x_wconf 91' lang='lat' dir='ltr'>vel</span> <span class='ocrx_word' id='word_1_733' title='bbox 884 4647 949 4703; x_wconf 88' lang='lat' dir='ltr'>dor·</span> <span class='ocrx_word' id='word_1_734' title='bbox 1005 4651 1092 4708; x_wconf 83' lang='lat' dir='ltr'>viueae</span> <span class='ocrx_word' id='word_1_735' title='bbox 1106 4651 1261 4724; x_wconf 88' lang='lat' dir='ltr'>neglectum</span> <span class='ocrx_word' id='word_1_736' title='bbox 1270 4651 1432 4722; x_wconf 82' lang='lat' dir='ltr'>invigilaret,</span> <span class='ocrx_word' id='word_1_737' title='bbox 1445 4662 1473 4708; x_wconf 90' lang='lat' dir='ltr'>et</span> <span class='ocrx_word' id='word_1_738' title='bbox 1485 4669 1556 4724; x_wconf 89' lang='lat' dir='ltr'>pene</span> <span class='ocrx_word' id='word_1_739' title='bbox 1569 4653 1626 4723; x_wconf 85' lang='lat' dir='ltr'>jum</span> <span class='ocrx_word' id='word_1_740' title='bbox 1640 4652 1804 4721; x_wconf 88' lang='lat' dir='ltr'>desperaret</span> 
     </span>
     <span class='ocr_line' id='line_1_64' title="bbox 155 4725 1800 4812; baseline 0.011 -34"><span class='ocrx_word' id='word_1_741' title='bbox 155 4725 317 4796; x_wconf 78' lang='lat' dir='ltr'>mrenubus3</span> <span class='ocrx_word' id='word_1_742' title='bbox 344 4726 387 4781; x_wconf 82' lang='lat' dir='ltr'>rel</span> <span class='ocrx_word' id='word_1_743' title='bbox 415 4726 496 4798; x_wconf 91' lang='lat' dir='ltr'>lange</span> <span class='ocrx_word' id='word_1_744' title='bbox 526 4729 695 4798; x_wconf 90' lang='lat' dir='ltr'>absentibus,</span> <span class='ocrx_word' id='word_1_745' title='bbox 718 4744 951 4808; x_wconf 74' lang='lat' dir='ltr'>suggeruntque</span> <span class='ocrx_word' id='word_1_746' title='bbox 1005 4739 1103 4806; x_wconf 89' lang='lat' dir='ltr'>decis,</span> <span class='ocrx_word' id='word_1_747' title='bbox 1125 4740 1308 4795; x_wconf 88' lang='lat' dir='ltr'>etincuraet</span> <span class='ocrx_word' id='word_1_748' title='bbox 1327 4740 1355 4795; x_wconf 92' lang='lat' dir='ltr'>in</span> <span class='ocrx_word' id='word_1_749' title='bbox 1369 4741 1547 4797; x_wconf 89' lang='lat' dir='ltr'>sollicitudine</span> <span class='ocrx_word' id='word_1_750' title='bbox 1575 4755 1668 4796; x_wconf 88' lang='lat' dir='ltr'>earum</span> <span class='ocrx_word' id='word_1_751' title='bbox 1696 4739 1800 4812; x_wconf 82' lang='lat' dir='ltr'>caliga-</span> 
     </span>
     <span class='ocr_line' id='line_1_65' title="bbox 155 4812 1802 4901; baseline 0.009 -33"><span class='ocrx_word' id='word_1_752' title='bbox 155 4812 950 4889; x_wconf 73' lang='lat' dir='ltr'>volunttelmurunutusaureassaciemustutuermuu·</span> <span class='ocrx_word' id='word_1_753' title='bbox 1005 4838 1055 4896; x_wconf 91' lang='lat' dir='ltr'>ret,</span> <span class='ocrx_word' id='word_1_754' title='bbox 1082 4828 1221 4884; x_wconf 89' lang='lat' dir='ltr'>meridiem</span> <span class='ocrx_word' id='word_1_755' title='bbox 1247 4829 1339 4901; x_wconf 89' lang='lat' dir='ltr'>sponsi</span> <span class='ocrx_word' id='word_1_756' title='bbox 1363 4830 1534 4900; x_wconf 86' lang='lat' dir='ltr'>expetierat:</span> <span class='ocrx_word' id='word_1_757' title='bbox 1564 4846 1580 4885; x_wconf 89' lang='lat' dir='ltr'>a</span> <span class='ocrx_word' id='word_1_758' title='bbox 1604 4845 1658 4901; x_wconf 89' lang='lat' dir='ltr'>quo</span> <span class='ocrx_word' id='word_1_759' title='bbox 1682 4830 1802 4901; x_wconf 88' lang='lat' dir='ltr'>benigue</span> 
     </span>
     <span class='ocr_line' id='line_1_66' title="bbox 155 4903 1799 4991; baseline 0.007 -33"><span class='ocrx_word' id='word_1_760' title='bbox 155 4903 400 4975; x_wconf 65' lang='lat' dir='ltr'>tensamentum</span> <span class='ocrx_word' id='word_1_761' title='bbox 411 4909 947 4982; x_wconf 88' lang='lat' dir='ltr'>est,serm0nemgratiaesaleconditum.</span> <span class='ocrx_word' id='word_1_762' title='bbox 1002 4915 1131 4984; x_wconf 88' lang='lat' dir='ltr'>coercita,</span> <span class='ocrx_word' id='word_1_763' title='bbox 1150 4933 1311 4990; x_wconf 90' lang='lat' dir='ltr'>rursumque</span> <span class='ocrx_word' id='word_1_764' title='bbox 1325 4919 1519 4986; x_wconf 89' lang='lat' dir='ltr'>consolatione,</span> <span class='ocrx_word' id='word_1_765' title='bbox 1545 4935 1601 4975; x_wconf 93' lang='lat' dir='ltr'>non</span> <span class='ocrx_word' id='word_1_766' title='bbox 1615 4935 1669 4991; x_wconf 89' lang='lat' dir='ltr'>qua</span> <span class='ocrx_word' id='word_1_767' title='bbox 1681 4919 1799 4982; x_wconf 85' lang='lat' dir='ltr'>volebat,</span> 
     </span>
     <span class='ocr_line' id='line_1_67' title="bbox 190 4988 1802 5081; baseline 0.006 -31"><span class='ocrx_word' id='word_1_768' title='bbox 190 4988 271 5048; x_wconf 64' lang='lat'>2²?</span> <span class='ocrx_word' id='word_1_769' title='bbox 287 4995 331 5047; x_wconf 73' lang='grc' dir='ltr'>ιδ.</span> <span class='ocrx_word' id='word_1_770' title='bbox 351 4992 473 5048; x_wconf 85' lang='lat' dir='ltr'>Audiens</span> <span class='ocrx_word' id='word_1_771' title='bbox 487 5009 588 5065; x_wconf 90' lang='lat' dir='ltr'>sponsa</span> <span class='ocrx_word' id='word_1_772' title='bbox 602 4997 748 5071; x_wconf 83' lang='lat' dir='ltr'>benignum</span> <span class='ocrx_word' id='word_1_773' title='bbox 770 5002 863 5071; x_wconf 91' lang='lat' dir='ltr'>sponsi</span> <span class='ocrx_word' id='word_1_774' title='bbox 885 5018 947 5074; x_wconf 91' lang='lat' dir='ltr'>pro·</span> <span class='ocrx_word' id='word_1_775' title='bbox 1002 5007 1051 5064; x_wconf 88' lang='lat' dir='ltr'>sed</span> <span class='ocrx_word' id='word_1_776' title='bbox 1080 5022 1134 5080; x_wconf 89' lang='lat' dir='ltr'>qua</span> <span class='ocrx_word' id='word_1_777' title='bbox 1161 5007 1326 5078; x_wconf 81' lang='lat' dir='ltr'>expediebat</span> <span class='ocrx_word' id='word_1_778' title='bbox 1352 5007 1497 5076; x_wconf 81' lang='lat' dir='ltr'>laeuficata,</span> <span class='ocrx_word' id='word_1_779' title='bbox 1529 5016 1646 5081; x_wconf 86' lang='lat' dir='ltr'>repente</span> <span class='ocrx_word' id='word_1_780' title='bbox 1670 5015 1802 5080; x_wconf 89' lang='lat' dir='ltr'>operante</span> 
     </span>
     <span class='ocr_line' id='line_1_68' title="bbox 153 5081 1801 5170; baseline 0.008 -34"><span class='ocrx_word' id='word_1_781' title='bbox 153 5081 322 5147; x_wconf 86' lang='lat' dir='ltr'>missionem,</span> <span class='ocrx_word' id='word_1_782' title='bbox 348 5082 409 5137; x_wconf 86' lang='lat' dir='ltr'>laeta</span> <span class='ocrx_word' id='word_1_783' title='bbox 428 5082 498 5139; x_wconf 85' lang='lat' dir='ltr'>redit</span> <span class='ocrx_word' id='word_1_784' title='bbox 515 5084 550 5138; x_wconf 89' lang='lat' dir='ltr'>ad</span> <span class='ocrx_word' id='word_1_785' title='bbox 564 5084 791 5145; x_wconf 86' lang='lat' dir='ltr'>adolescentulas.</span> <span class='ocrx_word' id='word_1_786' title='bbox 817 5089 946 5147; x_wconf 89' lang='lat' dir='ltr'>Solatium</span> <span class='ocrx_word' id='word_1_787' title='bbox 1001 5095 1089 5170; x_wconf 90' lang='lat' dir='ltr'>gratia</span> <span class='ocrx_word' id='word_1_788' title='bbox 1108 5096 1152 5151; x_wconf 93' lang='lat' dir='ltr'>ubi</span> <span class='ocrx_word' id='word_1_789' title='bbox 1177 5112 1232 5153; x_wconf 93' lang='lat' dir='ltr'>non</span> <span class='ocrx_word' id='word_1_790' title='bbox 1247 5099 1384 5169; x_wconf 90' lang='lat' dir='ltr'>sperabat,</span> <span class='ocrx_word' id='word_1_791' title='bbox 1408 5098 1534 5165; x_wconf 87' lang='lat' dir='ltr'>smctum,</span> <span class='ocrx_word' id='word_1_792' title='bbox 1559 5096 1673 5166; x_wconf 88' lang='lat' dir='ltr'>invenit,</span> <span class='ocrx_word' id='word_1_793' title='bbox 1693 5086 1801 5152; x_wconf 77' lang='lat' dir='ltr'>botrium</span> 
     </span>
     <span class='ocr_line' id='line_1_69' title="bbox 152 5171 1802 5260; baseline 0.008 -34"><span class='ocrx_word' id='word_1_794' title='bbox 152 5179 194 5226; x_wconf 89' lang='lat' dir='ltr'>est</span> <span class='ocrx_word' id='word_1_795' title='bbox 208 5171 308 5244; x_wconf 88' lang='lat' dir='ltr'>quippe</span> <span class='ocrx_word' id='word_1_796' title='bbox 330 5172 392 5229; x_wconf 86' lang='lat' dir='ltr'>vitae</span> <span class='ocrx_word' id='word_1_797' title='bbox 407 5174 541 5240; x_wconf 85' lang='lat' dir='ltr'>humanae,</span> <span class='ocrx_word' id='word_1_798' title='bbox 556 5177 657 5232; x_wconf 91' lang='lat' dir='ltr'>babere</span> <span class='ocrx_word' id='word_1_799' title='bbox 672 5177 714 5233; x_wconf 91' lang='lat' dir='ltr'>cui</span> <span class='ocrx_word' id='word_1_800' title='bbox 729 5193 776 5234; x_wconf 90' lang='lat' dir='ltr'>car</span> <span class='ocrx_word' id='word_1_801' title='bbox 791 5186 866 5235; x_wconf 93' lang='lat' dir='ltr'>tuum</span> <span class='ocrx_word' id='word_1_802' title='bbox 890 5197 947 5239; x_wconf 82' lang='lat' dir='ltr'>cre</span> <span class='ocrx_word' id='word_1_803' title='bbox 1000 5186 1102 5243; x_wconf 87' lang='lat' dir='ltr'>scilieet</span> <span class='ocrx_word' id='word_1_804' title='bbox 1126 5186 1201 5259; x_wconf 75' lang='lat' dir='ltr'>cypri</span> <span class='ocrx_word' id='word_1_805' title='bbox 1215 5186 1243 5241; x_wconf 94' lang='lat' dir='ltr'>in</span> <span class='ocrx_word' id='word_1_806' title='bbox 1258 5186 1345 5243; x_wconf 86' lang='lat' dir='ltr'>vineis</span> <span class='ocrx_word' id='word_1_807' title='bbox 1357 5188 1498 5260; x_wconf 78' lang='lat' dir='ltr'>Engaddi3</span> <span class='ocrx_word' id='word_1_808' title='bbox 1520 5197 1549 5244; x_wconf 92' lang='lat' dir='ltr'>et</span> <span class='ocrx_word' id='word_1_809' title='bbox 1568 5186 1724 5243; x_wconf 75' lang='lat' dir='ltr'>exclamans</span> <span class='ocrx_word' id='word_1_810' title='bbox 1744 5199 1802 5256; x_wconf 80' lang='lat' dir='ltr'>prae</span> 
     </span>
     <span class='ocr_line' id='line_1_70' title="bbox 152 5258 1800 5358; baseline 0.003 -33"><span class='ocrx_word' id='word_1_811' title='bbox 152 5258 211 5358; x_wconf 46' lang='grc' dir='ltr'>(ἰεῦ,</span> <span class='ocrx_word' id='word_1_812' title='bbox 226 5277 308 5331; x_wconf 75' lang='lat' dir='ltr'>quem</span> <span class='ocrx_word' id='word_1_813' title='bbox 331 5262 489 5334; x_wconf 86' lang='lat' dir='ltr'>participem</span> <span class='ocrx_word' id='word_1_814' title='bbox 501 5265 603 5335; x_wconf 69' lang='lat' dir='ltr'>gaudii,</span> <span class='ocrx_word' id='word_1_815' title='bbox 626 5265 784 5340; x_wconf 76' lang='lat' dir='ltr'>participem</span> <span class='ocrx_word' id='word_1_816' title='bbox 808 5269 890 5325; x_wconf 88' lang='lat' dir='ltr'>etiam</span> <span class='ocrx_word' id='word_1_817' title='bbox 904 5273 944 5328; x_wconf 86' lang='lat' dir='ltr'>t&#39;a-</span> <span class='ocrx_word' id='word_1_818' title='bbox 998 5276 1108 5350; x_wconf 84' lang='lat' dir='ltr'>gaudio,</span> <span class='ocrx_word' id='word_1_819' title='bbox 1124 5280 1237 5345; x_wconf 77' lang='lat' dir='ltr'>botrus,</span> <span class='ocrx_word' id='word_1_820' title='bbox 1248 5276 1344 5349; x_wconf 91' lang='lat' dir='ltr'>iuquit,</span> <span class='ocrx_word' id='word_1_821' title='bbox 1358 5277 1442 5352; x_wconf 81' lang='lat' dir='ltr'>Cypri</span> <span class='ocrx_word' id='word_1_822' title='bbox 1450 5276 1571 5334; x_wconf 82' lang='lat' dir='ltr'>dilectur</span> <span class='ocrx_word' id='word_1_823' title='bbox 1580 5293 1659 5334; x_wconf 81' lang='lat' dir='ltr'>meus</span> <span class='ocrx_word' id='word_1_824' title='bbox 1672 5274 1747 5332; x_wconf 84' lang='lat' dir='ltr'>mibi</span> <span class='ocrx_word' id='word_1_825' title='bbox 1757 5272 1800 5330; x_wconf 85' lang='lat' dir='ltr'>ia·</span> 
     </span>
     <span class='ocr_line' id='line_1_71' title="bbox 150 5349 1802 5438; baseline 0.008 -34"><span class='ocrx_word' id='word_1_826' title='bbox 150 5362 210 5404; x_wconf 74' lang='lat' dir='ltr'>etas</span> <span class='ocrx_word' id='word_1_827' title='bbox 238 5349 339 5407; x_wconf 88' lang='lat' dir='ltr'>doloris</span> <span class='ocrx_word' id='word_1_828' title='bbox 371 5353 417 5408; x_wconf 91' lang='lat' dir='ltr'>tui.</span> <span class='ocrx_word' id='word_1_829' title='bbox 446 5352 552 5426; x_wconf 91' lang='lat' dir='ltr'>Sponsa</span> <span class='ocrx_word' id='word_1_830' title='bbox 573 5355 657 5427; x_wconf 87' lang='lat' dir='ltr'>igitur</span> <span class='ocrx_word' id='word_1_831' title='bbox 688 5358 900 5432; x_wconf 91' lang='lat' dir='ltr'>quotiescunque</span> <span class='ocrx_word' id='word_1_832' title='bbox 927 5379 944 5419; x_wconf 86' lang='lat' dir='ltr'>a</span> <span class='ocrx_word' id='word_1_833' title='bbox 998 5374 1122 5423; x_wconf 87' lang='lat' dir='ltr'>ctusest.</span> <span class='ocrx_word' id='word_1_834' title='bbox 1139 5366 1244 5438; x_wconf 84' lang='lat' dir='ltr'>Cyprus</span> <span class='ocrx_word' id='word_1_835' title='bbox 1258 5365 1347 5421; x_wconf 90' lang='lat' dir='ltr'>insula</span> <span class='ocrx_word' id='word_1_836' title='bbox 1362 5376 1405 5421; x_wconf 72' lang='lat' dir='ltr'>est</span> <span class='ocrx_word' id='word_1_837' title='bbox 1428 5365 1561 5422; x_wconf 88' lang='lat' dir='ltr'>bonarum</span> <span class='ocrx_word' id='word_1_838' title='bbox 1583 5368 1732 5429; x_wconf 86' lang='lat' dir='ltr'>vinearum,</span> <span class='ocrx_word' id='word_1_839' title='bbox 1747 5363 1802 5418; x_wconf 86' lang='lat' dir='ltr'>ler-</span> 
     </span>
     <span class='ocr_line' id='line_1_72' title="bbox 151 5440 1801 5528; baseline 0.012 -36"><span class='ocrx_word' id='word_1_840' title='bbox 151 5450 259 5509; x_wconf 85' lang='lat' dir='ltr'>spoaso</span> <span class='ocrx_word' id='word_1_841' title='bbox 280 5440 380 5512; x_wconf 85' lang='lat' dir='ltr'>accipit</span> <span class='ocrx_word' id='word_1_842' title='bbox 393 5440 446 5498; x_wconf 90' lang='lat' dir='ltr'>olei</span> <span class='ocrx_word' id='word_1_843' title='bbox 465 5441 640 5511; x_wconf 81' lang='lat' dir='ltr'>inlusionem,</span> <span class='ocrx_word' id='word_1_844' title='bbox 655 5446 782 5520; x_wconf 91' lang='lat' dir='ltr'>impletur</span> <span class='ocrx_word' id='word_1_845' title='bbox 800 5465 885 5524; x_wconf 87' lang='lat' dir='ltr'>usque</span> <span class='ocrx_word' id='word_1_846' title='bbox 906 5455 941 5508; x_wconf 90' lang='lat' dir='ltr'>ad</span> <span class='ocrx_word' id='word_1_847' title='bbox 997 5456 1094 5512; x_wconf 87' lang='lat' dir='ltr'>tililate</span> <span class='ocrx_word' id='word_1_848' title='bbox 1118 5454 1235 5511; x_wconf 83' lang='lat' dir='ltr'>nobilis:</span> <span class='ocrx_word' id='word_1_849' title='bbox 1258 5455 1387 5528; x_wconf 87' lang='lat' dir='ltr'>Engaddi</span> <span class='ocrx_word' id='word_1_850' title='bbox 1406 5456 1603 5528; x_wconf 86' lang='lat' dir='ltr'>interpretatur</span> <span class='ocrx_word' id='word_1_851' title='bbox 1626 5459 1698 5513; x_wconf 73' lang='lat' dir='ltr'>loru</span> <span class='ocrx_word' id='word_1_852' title='bbox 1716 5452 1801 5512; x_wconf 83' lang='lat' dir='ltr'>baedi·</span> 
     </span>
    </p>
   </div>
   <div class='ocr_carea' id='block_1_6' title="bbox 0 0 1858 5962">
    <p class='ocr_par' dir='ltr' id='par_1_6' title="bbox 0 0 1858 5962">
     <span class='ocr_line' id='line_1_73' title="bbox 0 0 1858 5962; baseline 0 4"><span class='ocrx_word' id='word_1_853' title='bbox 0 0 1858 5962; x_wconf 95' lang='lat' dir='ltr'> </span> 
     </span>
    </p>
   </div>
  </div>
 </body>
</html>
