3706 5962
149 220 202 277 stlte

601 207 710 271 stulto
728 207 762 270 ttl
776 208 973 270 Ntvtvl‘lhttt
990 210 1019 269 S.
1034 206 1172 271 thNNlS
1193 202 1368 266 Bhf'f'fo'AE.

1746 193 1801 253 996

149 352 221 399 arrato
245 337 465 414 propinquiorem
494 338 617 392 redderet
637 335 785 408 praesentiae
800 336 943 393 Crantoris.
962 354 986 434 Α
1006 352 1080 405 rum,
1094 351 1149 392 non
1165 332 1312 391 nativitatis
1335 327 1493 385 solemnizat
1519 324 1643 382 Ecclesia
1660 340 1668 378 :
1685 327 1801 377 mortem

148 431 237 487 Facile
265 436 355 485 autem
370 430 422 483 hoc
450 443 483 481 ex
499 425 641 499 Evangelii
661 426 820 494 conjectura
848 425 941 496 liquet,

147 521 280 593 quiajam
295 536 340 573 sex
370 532 508 571 mensesa
535 514 712 586 conceptione
730 516 842 570 loannis
862 515 947 571 dellu-

150 618 250 677 xerant,
268 624 329 664 oum
354 607 386 661 ad
402 607 539 677 Virginem
565 604 749 675 archangelus
764 605 864 660 missus
892 611 945 670 est,

147 699 193 771 qui
209 696 410 754 renovationem
424 693 517 748 mundi
532 693 628 764 praedari
647 693 769 768 virgineo
789 710 857 751 nova
876 696 948 749 salu·

150 790 252 844 tatione
272 785 397 856 portavit.
415 785 517 838 Enlrrnc
542 784 625 855 Virgo
649 783 786 840 festinavit
810 784 843 838 ad
862 784 948 839 Elisa·

150 878 225 944 beth,
244 884 270 932 et
293 877 379 930 tribus
401 872 541 928 mensibus
560 880 683 944 cognatm.
697 873 827 945 dignatur
839 873 949 927 visitare

152 965 308 1035 hospitium,
323 964 409 1019 ‹lorroe
423 961 488 1017 noni
507 961 607 1016 mensis
621 960 674 1016 line
688 962 827 1028 concluso,
844 961 945 1016 nativi-

153 1065 194 1110 tas
209 1052 360 1109 immineret
377 1051 549 1106 Patriarehm.
574 1050 626 1105 Alii
660 1050 706 1121 qm
735 1050 833 1106 librum
857 1053 948 1118 justo·

153 1159 213 1199 rum
236 1139 453 1218 diligentioribus
477 1139 562 1194 oculis
585 1137 769 1208 inspexerunt,
790 1155 819 1194 so
848 1139 950 1196 vidisse

154 1238 288 1288 testantur
305 1230 377 1303 quod
404 1229 463 1298 ipsa
482 1228 532 1283 Dei
561 1227 681 1284 (ianitrix
709 1227 812 1284 felicem
834 1245 949 1299 puerum

155 1321 242 1392 primo
267 1320 301 1374 de
327 1327 400 1375 terra
422 1317 528 1384 levavit,
544 1326 571 1373 et
599 1325 721 1388 cognatm
746 1327 850 1390 partum
875 1318 949 1373 omni

153 1414 354 1481 prosoculacst
378 1406 518 1462 servitute.
551 1405 718 1478 Quocunque
746 1415 835 1462 autem
868 1411 949 1462 modo

153 1498 193 1555 rei
206 1495 415 1569 hujusveritatis
426 1496 600 1562 decernatur,
609 1494 683 1566 illud}
695 1509 744 1567 pro
759 1504 832 1552 certo
845 1504 948 1552 certum

152 1595 204 1653 est,
229 1587 293 1658 quia
315 1600 370 1642 non
389 1600 484 1656 parum
499 1584 614 1640 contulit
628 1598 711 1653 puero
735 1584 872 1640 nascituro
897 1597 947 1641 tam

154 1674 218 1732 felix
244 1684 271 1730 et
306 1687 446 1730 morosum
489 1673 654 1728 intemeratae
681 1673 799 1745 Virginis
835 1678 952 1737 consors,

155 1763 234 1820 tium.

191 1853 218 1904 5.
238 1849 358 1917 Quartus
372 1849 459 1903 honor
472 1847 584 1903 loannis
598 1855 640 1903 est
655 1848 793 1904 Gaudium
807 1851 834 1903 in
856 1849 955 1907 nativi·

154 1947 217 1994 tate.
234 1937 378 2004 Erubesce,
394 1934 512 2004 Lucifer,
533 1934 579 2004 qui
604 1950 683 1992 mane
703 1936 844 2003 oriebaris,
861 1946 888 1993 et
909 1954 955 1994 co-

152 2032 266 2081 natuum
281 2035 387 2080 tuorum
402 2022 550 2079 frustratus
574 2022 624 2095 [ul.
653 2023 757 2097 fractis]
777 2025 952 2098 impulsibus,

153 2113 262 2171 tandem
277 2112 397 2183 intellige
412 2111 476 2183 quia
490 2111 517 2165 io
532 2111 688 2169 novissimis
704 2113 800 2168 diebus
828 2123 952 2185 tanquam

47 2240 63 2257 .
157 2200 258 2274 perdix
299 2200 476 2256 stultissimus
506 2199 670 2257 remanebis.
707 2201 953 2258 machinationibus

155 2290 328 2348 misfactum
355 2300 398 2345 est
422 2296 451 2344 ut
474 2289 586 2347 humani
607 2289 719 2361 generis
742 2290 902 2349 universitas
925 2293 953 2347 iu

156 2379 275 2452 peccatis
299 2380 495 2450 conciperetur,
516 2379 545 2434 in
570 2377 669 2433 tristita
704 2388 871 2436 nasceretur.
900 2381 952 2437 Sed

155 2469 283 2526 eccoista
308 2466 489 2524 sanctificatur
518 2468 546 2522 in
573 2476 660 2537 utero,
687 2469 771 2524 oritur
785 2469 812 2526 in
840 2471 952 2546 gaudio,

156 2557 330 2629 letitiamque
346 2558 447 2613 mondo
457 2572 506 2612 sua
521 2556 657 2613 nativitate
676 2555 803 2613 refundit.
818 2559 887 2614 Ecce
901 2573 952 2629 ge·

156 2661 209 2701 nus
222 2653 363 2701 armaturae
387 2645 461 2717 quod
476 2644 526 2701 tibi
545 2643 727 2700 constitueras
742 2646 775 2701 ad
799 2645 951 2712 victoriam,

156 2737 208 2792 hoc
220 2734 316 2791 Joanui
327 2733 447 2791 nascitur
461 2735 494 2788 ad
508 2748 648 2790 coronam.
670 2732 850 2805 apprehende
877 2750 952 2791 arma

1003 437 1093 482 tamen
1110 439 1213 491 eorum,
1233 420 1418 478 natalitiorum
1438 415 1548 472 nomine
1563 413 1722 481 nominans,
1738 410 1802 481 qui·

1002 516 1053 572 bus
1067 515 1152 572 factrus
1168 520 1208 570 est
1231 511 1265 567 de
1281 519 1367 565 morte
1383 507 1489 563 natalis.
1506 506 1583 559 Trrnc
1602 502 1677 559 enim
1706 515 1802 571 empe-

1002 613 1064 659 runt
1083 606 1118 659 da
1133 612 1219 660 morte
1232 600 1306 657 nasci
1322 599 1354 653 ad
1374 599 1467 662 vitam,
1483 611 1545 650 curn
1563 595 1649 651 vitam
1663 591 1801 662 deposne-

1002 702 1063 750 runt
1077 709 1127 766 pro
1151 694 1213 750 vila.
1230 690 1317 758 Hujus
1332 702 1395 743 vero
1417 683 1584 741 nativitatem
1597 696 1702 748 sponsa
1729 679 1804 734 Chri-

1001 784 1035 838 sti
1062 790 1136 838 tanto
1160 779 1283 836 securius
1298 772 1553 833 benevolentissima
1576 770 1735 843 dignatione
1753 784 1803 825 su-

1004 874 1100 944 scepit,
1124 878 1224 944 quanto
1242 866 1407 944 singularius
1425 880 1483 920 eam
1498 861 1622 921 veritatis
1638 861 1805 931 evangelicae

1003 960 1198 1032 irrefragabilis
1209 956 1381 1014 commendat
1395 953 1554 1010 auctoritas.

1037 1055 1064 1105 s.
1081 1050 1198 1118 Quintus
1208 1050 1296 1104 honor
1310 1055 1351 1102 est
1369 1042 1547 1115 Singularitas
1570 1039 1597 1095 in
1625 1039 1807 1096 conversione

1002 1150 1030 1198 el
1048 1140 1262 1198 couversatione.
1278 1138 1349 1193 Intra
1369 1131 1574 1190 teneritudinem
1589 1143 1729 1185 annorum
1742 1129 1807 1183 bea·

1005 1239 1048 1287 tus
1063 1231 1113 1286 iste
1138 1244 1204 1301 puer
1227 1227 1260 1284 ad
1275 1240 1397 1282 eremum
1413 1222 1514 1294 Spiritu
1537 1221 1656 1277 ducente
1671 1218 1807 1274 deductus

1004 1330 1044 1376 est
1061 1341 1067 1377 z
1085 1335 1135 1375 nec
1162 1315 1266 1374 obstitit
1283 1314 1369 1370 atatis
1388 1311 1538 1376 infirmitas,
1564 1325 1646 1381 mam
1676 1307 1807 1376 majestas

1004 1406 1113 1464 Domini
1141 1405 1311 1463 fecundabat.
1329 1400 1447 1475 Spiritus
1471 1399 1543 1455 enim
1557 1407 1670 1453 sanctus
1683 1410 1752 1481 ‘non
1767 1399 1808 1450 at·

1003 1497 1087 1553 tendit
1098 1511 1210 1552 sexuum
1235 1491 1426 1555 differentiam,
1443 1487 1616 1561 fragilitatem
1645 1499 1808 1557 corporum,

1007 1594 1157 1656 temporum
1177 1581 1354 1639 annositatem
1370 1598 1377 1634 ι
1392 1578 1438 1634 sed
1454 1590 1654 1648 quemcunque,
1673 1580 1704 1629 et
1717 1588 1809 1645 quam

1007 1674 1159 1747 doerrnquo,
1183 1678 1210 1728 et
1232 1668 1368 1742 quomodo
1396 1666 1454 1725 vult
1482 1663 1695 1737 dignantissima
1722 1661 1809 1732 replet

1007 1762 1181 1835 benignitate.
1205 1758 1342 1832 Relinquit
1362 1757 1480 1813 ioannes
1510 1753 1653 1822 mundum,
1682 1753 1810 1808 homines

1009 1851 1090 1924 fugit,
1107 1851 1221 1922 patriam
1232 1847 1326 1918 nescit,
1343 1852 1467 1920 parentes
1482 1850 1654 1912 aspernatur,
1669 1847 1701 1897 et
1717 1839 1744 1896 in
1760 1855 1808 1897 so·

1009 1939 1061 1995 lius
1076 1936 1226 1994 Divinitatis
1241 1935 1344 2008 apicem
1373 1933 1469 2005 defigit
1490 1933 1613 1988 obtutus.
1627 1930 1702 1987 Mira
1717 1944 1807 1985 rernm

1008 2025 1309 2094 eon··ersio,hominem
1323 2024 1371 2081 vix
1383 2021 1514 2079 muudum
1522 2021 1696 2092 ingressum,
1716 2017 1808 2074 mmdi

1009 2114 1103 2187 lugere
1117 2111 1254 2184 gloriam3
1277 2119 1303 2167 et
1331 2110 1422 2166 saculi
1445 2107 1604 2181 cupiditates
1631 2121 1692 2162 non
1720 2106 1807 2162 solnm

1008 2202 1138 2269 oblivisci,
1159 2201 1208 2257 sed
1226 2199 1338 2266 nescire,
1355 2206 1570 2271 perpetuumque
1588 2211 1655 2254 oum
1670 2194 1808 2251 divinitate

1007 2292 1108 2348 habore
1121 2288 1303 2347 consortium!
1316 2290 1450 2347 Secessus
1460 2287 1592 2344 montium
1606 2286 1741 2341 silvarum
1764 2300 1805 2339 an·

1007 2380 1106 2437 fractus
1120 2388 1147 2436 et
1174 2379 1283 2438 vallium
1312 2378 1496 2447 subterjacens
1516 2376 1629 2434 vastitas
1648 2389 1738 2447 puero
1759 2389 1807 2445 pa·

1007 2469 1141 2539 triarchae,
1162 2469 1269 2540 quando
1293 2483 1346 2525 uox
1361 2474 1494 2540 coegerat,
1519 2464 1664 2522 domicilia
1686 2464 1805 2534 praebue-

1006 2566 1079 2617 mnt.
1095 2558 1154 2614 Non
1173 2557 1238 2612 mihi
1255 2564 1406 2629 opponatur
1428 2554 1637 2623 teramnanae
1655 2552 1805 2626 pradican-

1007 2648 1041 2702 tis
1056 2647 1271 2720 pueritiaevirtus
1289 2647 1387 2702 audeat
1403 2644 1531 2711 obviare;
1547 2643 1612 2714 quia
1630 2644 1657 2698 si
1677 2643 1726 2698 ille
1739 2656 1805 2698 con·

1006 2743 1127 2792 secratur
1146 2735 1173 2791 in
1190 2735 1356 2807 prophetam,
1373 2733 1453 2790 hicio
1464 2732 1616 2804 plusquam
1636 2731 1805 2804 prophetam.

156 2831 182 2880 et
196 2833 313 2890 scutum,
329 2830 356 2880 et
371 2832 425 2880 toto
439 2821 615 2894 malignitatis
630 2828 683 2876 tuae
693 2823 791 2893 spiritu
804 2822 951 2880 debaecha-
1008 2826 1039 2879 Et
1055 2825 1116 2880 licet
1132 2824 1178 2880 ille
1192 2824 1295 2896 populo
1309 2823 1399 2879 lutura
1410 2822 1551 2894 praedicat,
1565 2836 1621 2878 uon
1641 2828 1733 2878 mutan
1747 2834 1807 2877 ecn-

158 2929 188 2970 re
204 2932 211 2968 :
228 2911 314 2970 618
329 2922 475 2969 nectamen
487 2911 590 2982 poteris
602 2909 714 2968 loannis
724 2912 875 2984 irrumpere
898 2913 953 2985 pri·
969 2916 991 2995 c
1005 2915 1164 2971 versationis
1187 2915 1314 2969 humanae
1326 2912 1444 2970 declinat
1462 2918 1599 2982 aspectus.
1613 2910 1737 2967 loannes
1754 2923 1805 2965 au-

158 3002 297 3072 vilegium,
316 3000 388 3073 quod
417 2999 537 3072 benigna
565 2999 707 3057 scribentis
725 3017 822 3057 munus
842 3002 952 3073 proprio
1008 3010 1063 3059 lem
1077 3005 1164 3059 aetatis
1178 3018 1372 3075 supergressus
1386 2999 1535 3071 infantiam,
1551 3007 1579 3056 et
1591 2998 1735 3055 nobilioris
1753 3013 1806 3072 ge·

160 3091 318 3148 charactere
343 3088 520 3160 consignavit.
546 3087 660 3146 blultnm
678 3089 819 3161 deceptus,
838 3091 952 3146 multum
1008 3090 1301 3165 nerisgenerositatem
1314 3090 1424 3155 oblitus,
1438 3088 1489 3146 soli
1506 3097 1582 3145 vacat
1593 3085 1746 3153 biviuiteti,
1762 3085 1807 3143 ia·

159 3178 270 3235 delusus
284 3193 325 3234 es.
349 3164 390 3235 hu
413 3177 523 3250 ignoras
546 3179 619 3251 quod
648 3177 696 3235 libi
720 3179 761 3235 vir
781 3178 894 3237 bellator
920 3180 954 3235 ab

157 3266 351 3336 adolescentia,
367 3276 394 3324 el
414 3267 496 3323 etium
521 3267 647 3325 amalvis
668 3275 763 3326 vautra
791 3269 955 3343 consurgit?

154 3357 248 3415 Nescis
265 3357 469 3432 qoiaadiebus
498 3359 559 3415 istis
591 3373 712 3432 regnum
741 3358 873 3416 coelorom
900 3359 955 3416 vim

157 3448 267 3520 patitur,
283 3458 311 3504 et
324 3446 435 3504 violenti
445 3445 553 3520 rapiunt
580 3447 672 3504 illud?
686 3448 800 3519 (detta
828 3463 870 3519 xr,
897 3449 954 3520 la.)

154 3538 197 3594 lln
228 3537 331 3595 oblitos
354 3553 395 3608 es,
424 3539 497 3608 quod
524 3537 573 3594 iste
597 3537 714 3594 mittitur
730 3552 824 3608 parare
847 3538 953 3609 plebem

154 3627 302 3697 perfectam
313 3624 451 3683 Domino?
461 3627 539 3698 (Luc.
555 3642 575 3693 r,
585 3628 642 3696 tt.)
658 3627 765 3683 intuere
779 3627 903 3684 ordinem
915 3643 955 3684 re

1009 3188 1068 3238 ctus
1082 3180 1168 3238 forma
1191 3181 1264 3253 vitae,
1282 3181 1473 3237 monachorum
1492 3177 1674 3250 propositum,
1688 3178 1805 3234 anselm

1010 3278 1129 3326 rotarum
1144 3268 1315 3341 principium,
1333 3266 1416 3323 totius
1429 3266 1574 3340 religionis
1593 3263 1723 3322 assertio
1741 3264 1806 3320 Ecce

1009 3360 1067 3414 hmo
1081 3358 1189 3431 quidem
1207 3374 1257 3429 pro
1270 3358 1456 3416 conversione.
1473 3359 1558 3412 l‘orro
1568 3361 1673 3427 quanta
1686 3353 1806 3409 sublimi·

1008 3448 1086 3505 tasin
1109 3448 1314 3505 couversatione
1332 3446 1421 3514 fuerit,
1442 3461 1497 3501 nou
1524 3452 1567 3501 est
1593 3442 1734 3501 canentis
1758 3442 1803 3499 lin·

1008 3553 1068 3609 guae
1083 3537 1250 3595 volubilitate
1262 3535 1460 3606 disserendum,
1477 3533 1523 3590 sod
1541 3532 1713 3606 evangelicae
1725 3530 1805 3606 digni·

1009 3626 1070 3683 tatis
1089 3626 1321 3699 comprobandum
1336 3625 1455 3696 eloquio.
1474 3625 1610 3687 loannes,
1636 3623 1736 3695 inquit,
1758 3620 1804 3678 ic·

156 3731 226 3778 roan,
241 3722 268 3769 et
281 3714 315 3767 ab
331 3713 415 3781 ipsius
438 3713 625 3783 contemtionis
648 3713 803 3769 suminitiis
832 3714 954 3770 iuvenies
1012 3710 1805 3786 bebaluestimenlamdepiliscamelorum,stacteumpel

156 3802 227 3856 harno
248 3799 375 3861 validiori
399 3801 545 3859 conamine
577 3810 647 3856 tuam
672 3800 854 3856 fortitudinem
880 3804 951 3857 irru·
1009 3802 1806 3875 liceantcircelambcvejua·escaaulemejuaeratloca·

155 3890 240 3962 pisse.
268 3891 308 3945 Tu
325 3888 412 3946 fecisti
426 3898 454 3945 ut
471 3887 614 3946 fratricida
630 3890 707 3960 Cain,
725 3889 772 3962 qni
788 3890 889 3962 primus
905 3908 954 3948 na·
1007 3900 1054 3951 sta
1069 3898 1097 3951 ct
1113 3896 1169 3950 reret
1180 3894 1309 3950 silvestre
1320 3893 1428 3963 (iletllr.
1439 3893 1669 3965 trullEcceqm‘
1682 3890 1803 3950 amttllsv

156 3985 265 4044 tuaest,
286 3976 403 4049 pollutus
432 3984 459 4032 el
479 3975 624 4033 obvolutus
647 3978 743 4047 exiret,
762 3990 789 4036 et
814 3979 953 4052 originalis
1008 3975 1803 4054 nascantur,:indomitumqueranttttmttmrattti·

158 4066 260 4136 pcccati
275 4075 480 4138 respergeretur
509 4064 631 4121 infamia.
662 4067 735 4123 liano
756 4070 862 4139 excepit
877 4071 953 4126 orbis
1005 4073 1068 4144 gida
1094 4072 1185 4139 vestis,
1215 4079 1243 4128 et
1266 4072 1421 4130 durissimis
1444 4069 1646 4141 hispiditatibus
1675 4073 1802 4128 eatnteals.

158 4158 310 4221 exterritus,
336 4159 363 4211 et
386 4155 496 4211 humani
510 4154 618 4230 generis
647 4157 790 4213 subsecuta
817 4158 950 4225 nativitas,
1011 4161 1101 4236 rigere
1112 4161 1259 4233 squalifero
1277 4176 1379 4234 corpus
1393 4158 1476 4216 atteia
1498 4157 1677 4230 Patriurehae,
1691 4170 1802 4215 carnem

160 4244 195 4299 ad
211 4242 323 4299 infinitas
341 4243 456 4300 tristitiae
472 4244 611 4300 cumulum
630 4247 953 4319 transmigravitNativi-
972 4200 994 4278 n
1010 4267 1064 4322 que
1079 4250 1249 4308 tenerrimam
1264 4251 1408 4306 immatura
1423 4247 1552 4305 districtio
1572 4247 1732 4319 disciptinae
1749 4245 1802 4302 feri·

156 4341 195 4389 tas
223 4342 312 4389 autem
341 4333 452 4390 Joaunis
481 4334 561 4403 hujus
586 4334 612 4389 in
641 4335 769 4407 gaudium
799 4345 948 4408 cst,etso-

156 4423 317 4479 lemnitatem
332 4424 505 4503 praeclaram..
525 4422 642 4480 Laetatur
660 4425 747 4493 orbis,
775 4433 801 4480 ct
829 4441 877 4496 per
891 4442 955 4498 qua·

155 4518 215 4568 tuor
230 4512 322 4567 mundi
336 4511 444 4568 climata
472 4513 653 4570 circumsonat
680 4515 806 4586 gloriosae
824 4514 954 4572 festivita·

156 4601 190 4656 tis
204 4599 339 4667 instantia,
363 4601 431 4673 ipsis
451 4601 532 4658 etiam
562 4602 638 4659 coelis
656 4602 773 4661 celebris
792 4611 820 4659 et
843 4604 954 4662 famosa.

155 4685 234 4757 Quis,
263 4695 353 4758 putas,
381 4705 448 4760 puer
472 4690 523 4746 isto
552 4691 627 4747 orit?
652 4691 734 4760 (laid.
760 4694 817 4763 66.)
845 4692 956 4750 Amicus

153 4777 257 4848 sponsi,
274 4776 396 4833 inimicus
411 4779 471 4842 sibi,
497 4785 522 4835 te
540 4781 599 4848 ipso
613 4779 756 4850 potentior.
771 4782 955 4839 Consideran-

64 4890 67 4895 ,
156 4868 221 4923 dum
244 4867 440 4938 etiamquuuta
466 4868 596 4938 dignitato
624 4870 783 4940 praepolleat
810 4873 956 4930 nativitatis

156 4958 237 5029 hujus
260 4955 421 5014 celebranda
448 4955 567 5027 devotio,
587 4965 767 5032 quantamque
787 4962 902 5032 gratiam
928 4963 957 5018 iu

156 5047 242 5105 ocrrlis
261 5046 388 5103 Ecclesiae
417 5046 513 5116 poterit
538 5045 669 5104 inveniro.
699 5047 807 5104 Nullius
839 5051 958 5109 hominis

155 5137 323 5194 nativitatem
338 5144 435 5208 praeter
450 5135 535 5192 solius
558 5136 606 5193 Dei
635 5136 848 5194 mereatoritatis
869 5156 957 5197 arcem

154 5227 258 5299 recepit
285 5227 418 5296 Ecclesia,
448 5227 531 5299 hujus
558 5227 635 5284 istius
652 5227 813 5299 exceptione
839 5237 956 5288 servata.

155 5314 236 5374 Novit
258 5317 330 5374 euim
357 5318 420 5389 quia
434 5317 530 5375 melior
544 5326 586 5374 est
600 5317 659 5375 dies
679 5317 775 5376 mortis
792 5318 837 5375 die
860 5320 958 5379 nativi·

1011 4349 1064 4396 talo
1080 4347 1209 4409 coarctat,
1238 4349 1346 4398 teneros
1360 4350 1434 4395 artus
1448 4345 1475 4394 et
1499 4336 1641 4392 sacratiori
1657 4336 1756 4410 spiritu
1768 4349 1803 4393 so

1009 4429 1136 4502 perfusos
1150 4429 1276 4487 continue
1293 4436 1403 4502 ‹prassat
1419 4426 1559 4501 longitudo
1573 4425 1720 4499 martyrii.
1731 4425 1804 4482 Cibus

1011 4530 1101 4576 atatem
1119 4520 1179 4591 ejus
1200 4520 1290 4592 qualis
1314 4520 1388 4575 crat‘l
1410 4520 1471 4573 Nou
1493 4521 1657 4590 qnaerunlur
1681 4515 1804 4590 perditas,

1010 4608 1144 4680 phasiani,
1178 4626 1227 4665 seu
1257 4608 1318 4663 alim
1339 4623 1419 4672 avos;
1450 4621 1568 4677 nonper
1592 4612 1682 4662 totam
1698 4604 1804 4664 currit!

1011 4697 1160 4772 regionem,
1187 4703 1216 4751 ut
1244 4695 1432 4766 patriarchalis
1458 4694 1618 4751 stomachus
1643 4694 1804 4767 impleatur:

1010 4792 1074 4845 crat
1090 4803 1151 4844 esca
1166 4787 1226 4857 ejus
1265 4787 1373 4844 locusta
1386 4791 1414 4844 el
1437 4786 1494 4842 mel
1509 4784 1654 4841 siluestre.
1668 4784 1742 4842 coeb
1754 4796 1806 4841 ron

1011 4877 1140 4948 pascitur,
1157 4881 1183 4931 et
1213 4874 1340 4931 animalis
1356 4872 1480 4932 vilissimi
1504 4872 1617 4929 satiatur
1647 4873 1756 4939 edulio,
1776 4871 1808 4929 ni·

1012 4964 1103 5035 hilque
1127 4970 1236 5021 coctum
1258 4963 1362 5037 accepit
1382 4961 1530 5036 jejunantis
1544 4961 1709 5021 austeritas.
1730 4959 1809 5021 Ctsll·

1013 5063 1077 5128 gato
1091 5053 1178 5110 ventri
1192 5062 1219 5110 et
1238 5054 1365 5110 diuturna
1379 5051 1560 5108 maceratione
1574 5050 1702 5111 distento
1723 5055 1808 5129 ignati

1013 5143 1064 5200 luit
1096 5144 1213 5200 varietas
1242 5143 1417 5210 ferculorum,
1445 5156 1495 5199 nec
1520 5140 1644 5199 introivit
1666 5144 1698 5198 in
1712 5143 1811 5211 osaias

1016 5233 1090 5305 quod
1107 5234 1198 5306 gulam
1209 5234 1338 5301 alliceret,
1349 5228 1751 5302 suffarciretsswventrcm,
1764 5240 1812 5287 sto·

1015 5324 1114 5380 macho
1129 5323 1307 5380 blandiretur.
1322 5323 1396 5379 Elias
1410 5320 1528 5379 comedit
1542 5334 1654 5389 carnes,
1670 5329 1700 5378 et
1718 5323 1744 5379 si
1757 5319 1814 5394 quil

155 5402 218 5459 tatis
245 5402 331 5475 (lieet
357 5422 405 5477 vu,
421 5406 459 5480 2),
479 5414 507 5463 et
526 5407 599 5479 quod
613 5415 689 5465 onus
711 5408 852 5464 hominnm
877 5408 959 5465 tristi·
1027 5413 1100 5468 aliud
1115 5415 1309 5486 apponebatur,
1318 5429 1385 5470 oum
1414 5410 1562 5485 gmtiatom
1592 5410 1709 5469 aenam
1726 5424 1814 5484 pmoe·

155 5490 193 5551 tia
218 5491 372 5551 comitetur.
399 5494 467 5551 lude
488 5503 530 5551 est
557 5498 629 5567 quod
651 5497 723 5554 diem
745 5498 840 5556 mortis
857 5509 958 5572 marty·
1018 5501 1060 5573 pit
1085 5505 1139 5575 (lli
1157 5506 1219 5576 [lep.
1235 5504 1367 5574 aviqblz
1391 5500 1573 5572 occuliquem
1595 5498 1814 5573 legimusexillt
