3706 5962
60 209 114 271 981

515 209 624 273 Sssllsso
644 213 686 274 Dll
704 211 939 276 examassim
957 212 1003 274 SS.
1023 210 1243 274 sttulttttltt.

1648 213 1704 276 982

60 338 243 411 storeaque
262 338 378 410 imprimi
395 347 484 410 potest
492 341 609 398 humano
627 342 703 398 cordi
721 341 852 401 dulcius?
868 356 891 436 Α
906 343 982 399 Tana
995 339 1200 398 recordabimur
1208 339 1394 413 periculorum
1408 339 1436 395 in
1449 339 1700 413 quibusversamnr,

59 427 156 483 Ponite
173 427 231 485 haec
244 442 327 497 super
338 426 527 495 cordavestra,
544 429 592 486 tilii
606 430 778 496 obedientie,
789 445 853 504 gau·
908 428 1110 486 tribulationum
1124 428 1223 499 quibns
1237 427 1394 498 affligimur,
1421 427 1591 486 miseriarum
1605 430 1704 502 quibus

59 514 122 570 dete
143 522 170 570 et
191 513 333 603 exsultate,
349 517 416 587 guia
436 519 564 576 surrexit
589 520 724 576 Dominus
748 523 856 585 aarum

60 606 197 675 apparuit
217 605 336 661 Simoni.

96 694 141 747 ti.
161 691 196 747 lit
210 693 266 764 ipsi
284 693 442 748 narrabant
462 709 524 765 gare
541 699 620 766 gesta
633 701 718 753 erant
741 698 773 753 ia
797 697 844 753 via

60 783 88 836 et
99 780 231 853 quornodo
242 784 430 852 cognoverunt
438 797 502 839 cam
512 782 694 855 infractione
702 786 797 859 penis.
805 786 856 841 Ex·

61 877 173 925 tremam
198 871 267 925 hanc
281 868 428 926 clausulam
457 869 557 928 reterre
575 887 720 945 passumus
748 875 781 930 ad
811 875 856 930 ilia

59 956 145 1012 beatae
158 957 256 1029 quietis
277 958 386 1030 gaudia,
401 975 463 1017 eum
475 960 582 1016 sedebit
596 963 783 1036 unusquisque
804 962 855 1020 snb

58 1047 112 1103 vite
128 1063 187 1114 sua,
203 1056 230 1103 et
243 1049 293 1103 snb
313 1047 425 1107 liculnea
452 1050 481 1106 in
508 1051 708 1122 pulchritudine
727 1053 809 1122 pacis,
826 1054 855 1108 in

59 1137 238 1195 tabernaculis
261 1136 376 1204 fiduciae,
389 1139 415 1193 iu
426 1140 657 1212 requieopulenta
668 1159 675 1198 :
686 1157 747 1199 cuin
763 1142 856 1210 plateae

57 1225 203 1282 Jerusalem
219 1235 372 1284 sternentur
385 1243 462 1296 auro,
477 1237 504 1284 et
517 1243 566 1301 per
580 1245 676 1286 omues
698 1231 774 1287 vicos
794 1232 856 1301 ejus

59 1314 177 1369 Alleluia
184 1317 342 1384 cantabitur,
354 1326 381 1374 et
392 1317 702 1388 implebituriniantibus
715 1329 741 1376 et
755 1321 855 1392 puellis

58 1403 237 1472 sequentibus
252 1403 361 1475 Aguuni
374 1421 540 1478 quocunque
554 1406 626 1474 ierit,
643 1407 672 1462 in
681 1409 802 1466 vestibus
814 1411 855 1464 al·

58 1490 111 1545 bis.
120 1491 196 1547 Tunc
205 1493 376 1548 narrabimus
385 1509 446 1565 qum
455 1501 531 1566 gesta
540 1497 639 1551 suntin
650 1495 703 1562 via,
716 1498 855 1570 quomodo

56 1584 235 1648 cognovimns
248 1581 392 1638 Dominum
402 1581 430 1637 iu
444 1582 573 1640 fractione
585 1584 677 1654 pauis;
692 1601 771 1655 quarn
784 1584 846 1639 dul·

909 516 1081 574 involvimur:
1116 525 1143 572 et
1180 514 1337 571 mirabiliter
1361 514 1522 581 letabimur,
1551 520 1615 589 qnia
1643 518 1704 574 haec

909 606 1000 661 omnia
1013 605 1083 661 velut
1109 604 1205 662 umbra
1223 604 1396 672 trausieruut,
1419 612 1445 659 et
1459 602 1493 658 de
1512 603 1703 671 splendoribus

910 694 936 750 in
951 695 1049 767 quibus
1063 695 1174 762 erimus,
1189 709 1253 751 ossa
1267 692 1483 763 nostrajubilum
1499 693 1701 764 germinabunt.

909 784 985 841 Tune
999 783 1180 856 plantabimus
1199 783 1289 839 vineas
1304 782 1330 836 in
1346 790 1439 837 moute
1454 781 1594 845 Samariae,
1612 791 1640 839 et
1652 799 1702 840 au·

909 873 1014 930 diemus
1027 888 1121 930 vocem
1137 871 1239 947 gaudii,
1252 879 1279 927 et
1288 885 1381 928 vocem
1392 869 1499 939 laetitiae,
1515 885 1610 930 vocem
1623 887 1704 942 spon-

909 960 942 1026 si,
958 971 986 1017 et
998 976 1092 1019 vocem
1106 976 1223 1034 sponsae,
1236 967 1264 1017 et
1281 959 1434 1017 videbimus
1450 959 1566 1035 gloriam
1577 960 1659 1033 regis,
1676 968 1704 1018 et

909 1048 1033 1107 decorem
1058 1049 1171 1124 reginae.
1196 1051 1272 1105 Tunc
1299 1049 1433 1105 laetabitur
1455 1050 1539 1122 Virgo
1553 1050 1581 1104 in
1609 1051 1704 1117 choro,

909 1138 1032 1195 diadema
1044 1139 1123 1212 regni
1136 1146 1246 1210 portans
1259 1138 1288 1193 iu
1302 1138 1390 1210 eapite
1404 1151 1465 1208 suo,
1481 1146 1508 1193 et
1521 1137 1643 1194 ostendet
1658 1154 1706 1194 nu·

911 1226 952 1282 bis
966 1227 1083 1283 fructum
1111 1225 1272 1284 sanctissimi
1297 1225 1398 1285 ventris
1411 1225 1465 1283 sui.
1480 1225 1510 1280 lu
1538 1225 1705 1283 humanitate

910 1321 1002 1371 nostra
1028 1315 1162 1372 videbitur
1189 1313 1321 1371 Dominus
1340 1312 1495 1383 majestatis.
1511 1312 1587 1368 Tunc
1604 1311 1705 1369 videbit

911 1411 938 1468 et
955 1403 1049 1459 alsluet
1061 1411 1088 1460 et
1102 1402 1241 1459 mirabitur
1251 1413 1278 1459 et
1291 1401 1446 1457 dilatabitur
1460 1416 1507 1458 cor
1521 1409 1654 1467 nostrum,
1670 1401 1705 1456 si·

911 1492 965 1547 mul
989 1492 1172 1558 laudabimus;
1202 1492 1266 1565 quie
1294 1491 1372 1548 oculo
1394 1492 1428 1547 ad
1452 1491 1570 1558 oculum,
1591 1497 1704 1561 aspectu

910 1590 1004 1638 eontra
1016 1589 1155 1651 aspectum
1169 1579 1330 1645 videbimus,
1345 1578 1415 1636 faeie
1428 1580 1462 1634 ad
1486 1579 1580 1636 taciem
1602 1593 1705 1649 cogno·

56 1668 125 1723 citer
139 1682 188 1723 uos
211 1669 333 1725 humiliat
347 1670 391 1725 liic
401 1672 428 1726 in
442 1672 500 1727 loeo
515 1671 678 1743 aDlictionis,
690 1681 721 1729 ut
733 1673 846 1729 delicie·
868 1659 890 1737 Β
906 1686 1022 1738 mutus,
1038 1683 1085 1726 ore
1098 1669 1133 1724 ad
1147 1685 1179 1726 os
1194 1668 1383 1740 colloquemur
1398 1667 1532 1724 dieentes:
1556 1666 1630 1738 Tibi,
1645 1668 1703 1723 Do-

56 1761 101 1807 tur
116 1754 143 1808 in
159 1756 283 1811 cordibus
297 1761 397 1813 nostris
412 1776 421 1826 ς
436 1761 482 1830 qui
500 1761 605 1816 secreta
618 1775 667 1816 saa
680 1760 853 1817 absdondita

30 1842 36 1848 “
57 1843 228 1915 sapientibus
252 1854 279 1900 et
302 1846 489 1915 prudentibus,
506 1855 532 1904 et
548 1848 648 1906 revelat
661 1863 693 1905 ea
720 1848 850 1920 parvulis.

908 1759 988 1825 mine,
1003 1764 1121 1832 potestas
1141 1764 1168 1814 et
1183 1757 1337 1828 imperium,
1359 1755 1406 1811 tibi
1426 1757 1514 1812 honor
1526 1762 1553 1810 et
1566 1755 1664 1830 gioria,
1675 1762 1702 1811 ts

907 1846 995 1904 audet
1009 1847 1097 1903 omnis
1119 1845 1232 1917 spiritus
1251 1848 1277 1900 in
1292 1844 1391 1901 saecula
1413 1843 1586 1900 saeculorum.
1603 1845 1701 1900 Amen.

284 2150 469 2242 ssime
505 2151 573 2240 DE
607 2148 987 2243 excelientis
1020 2143 1098 2235 SS·
1120 2143 1469 2237 SACRAMENTl

601 2362 646 2420 ET
664 2360 854 2419 DlGNITATE
872 2355 1116 2416 stcssuuotttlt.

731 2473 1014 2502 »w

180 2619 268 2678 668
285 2625 344 2679 Non
358 2629 400 2679 est
411 2628 438 2682 δ.
455 2623 602 2689 Bernardi,
616 2624 664 2681 sed
675 2621 824 2693 cajrasdum
833 2636 891 2678 aaa
902 2617 1065 2688 sacerdotis,
1081 2620 1158 2674 utec
1170 2630 1248 2670 aum.
1261 2617 1288 2680 3,
1304 2614 1359 2667 det
1373 2609 1567 2680 tbaattigttur.

730 2778 1037 2811 ...ψ--

61 2907 167 2962 Panem
178 2907 343 2978 angelorum
353 2907 535 2963 manducauit
545 2906 636 2964 bonae.
648 2904 735 2977 (Psal.
751 2917 852 2966 astru,
869 2912 891 2992 Β
905 2905 983 2953 tarrae
996 2895 1131 2952 stabilitus
1145 2900 1196 2960 est,
1206 2891 1273 2948 aivis
1282 2904 1406 2961 supernae
1416 2886 1565 2944 Jerusalem
1574 2884 1701 2958 designa·

322 3001 327 3011 “
424 2998 481 3065 25).

97 3091 122 3141 t.
146 3085 205 3140 Nou
234 3087 316 3141 lateat
338 3100 398 3156 vos,
428 3084 539 3143 verendi
567 3082 732 3149 sacerdotes,
756 3079 854 3138 seriem

60 3177 129 3232 hanc
147 3172 225 3229 vobis
252 3174 401 3240 recitatam,
420 3173 511 3231 verbis
532 3172 707 3237 succinctam,
726 3182 854 3226 sensuum

58 3264 237 3338 spiritualium
250 3266 389 3335 majestate
410 3263 531 3332 apprime
545 3261 603 3317 lore
626 3261 778 3317 secundam.
799 3258 855 3314 Vo-

60 3355 205 3410 bisantem
220 3351 315 3422 potissi
328 3367 391 3407 num
406 3351 542 3406 incumbit
556 3366 612 3422 prae
631 3347 738 3404 caeteris
761 3344 854 3418 audire

60 3442 134 3515 qnod
152 3440 329 3513 proponimus
345 3456 414 3509 ;nec
428 3439 516 3495 solum
530 3438 634 3503 audire,
643 3436 690 3491 sed
699 3433 804 3492 lidelius
818 3447 848 3488 re

61 3548 171 3602 ponere,
187 3539 214 3587 et
227 3541 354 3602 tauquam
367 3527 493 3585 animalia
513 3526 615 3583 munda
636 3525 794 3597 propensius
807 3524 855 3580 de-

60 3620 129 3676 betis
147 3618 291 3676 ruminare.
307 3617 406 3673 Beatus
432 3615 477 3672 ille
491 3615 577 3673 David
591 3612 782 3686 Prophetarum
798 3610 855 3666 exi·

60 3709 143 3779 mins,
172 3708 229 3762 Deo
251 3704 350 3763 viventi
374 3704 561 3772 elterissimus,
580 3703 607 3759 iu
622 3700 720 3773 spiritu
735 3706 796 3755 ante
811 3716 855 3754 se·

60 3797 169 3853 dentem
184 3798 212 3852 iu
235 3795 338 3852 thronis
352 3805 454 3866 raptus,
470 3794 575 3865 legerat
591 3793 617 3848 in
632 3790 750 3863 quodam
764 3803 856 3860 prom·

59 3886 165 3958 ptuario
189 3885 377 3953 mysteriorum
401 3900 461 3956 quae
482 3890 509 3941 et
522 3890 622 3956 quanta
641 3879 773 3938 Dominus
786 3895 855 3935 nau·

60 3974 175 4048 fraganti
190 3974 290 4028 mundo
305 3989 353 4042 per
375 3982 493 4028 vestrum
512 3971 657 4029 clementer
678 3976 737 4026 erat
749 3966 856 4025 exhibi-

909 2995 952 3044 tus
965 2995 1013 3059 est,
1025 2984 1190 3045 domesticus
1203 2981 1311 3041 Domini
1325 2980 1411 3038 iactus
1424 2987 1485 3038 est:
1510 2979 1589 3049 euius
1607 2992 1700 3034 amora

908 3084 935 3134 et
948 3076 1087 3150 agnitione
1100 3075 1200 3131 ditatus
1218 3080 1269 3141 est,
1286 3087 1399 3130 consors
1412 3070 1588 3145 Angelorum,
1617 3067 1702 3124 irater

907 3172 934 3221 et
960 3166 1079 3223 cobaeres
1093 3161 1244 3222 caelestium
1257 3161 1397 3228 virtutum,
1418 3157 1485 3215 nibil
1498 3172 1613 3231 prorsus
1628 3156 1701 3212 iudi·

908 3255 1015 3327 gentiae,
1031 3254 1098 3309 nihil
1112 3253 1232 3308 sentiens
1246 3247 1396 3304 molestiae:
1412 3246 1455 3302 aui
1480 3255 1558 3302 eraut
1570 3246 1597 3299 in
1611 3260 1703 3319 prorn-

909 3349 957 3415 ptu
976 3358 1037 3413 qnae
1050 3339 1211 3412 postulabat,
1235 3350 1289 3392 uon
1307 3334 1369 3391 dieo
1381 3333 1525 3390 necessitas
1540 3335 1590 3400 [cl.
1608 3347 1705 3390 ueces-

909 3429 1011 3503 sitatol,
1027 3430 1074 3484 sed
1089 3427 1169 3484 etiam
1184 3427 1229 3496 pie
1252 3424 1376 3481 voluntas
1394 3421 1443 3493 [at.
1467 3421 1627 3495 voluntatel,
1642 3437 1704 3477 eum

909 3519 975 3576 nibil
989 3527 1062 3576 osset
1076 3517 1103 3572 iu
1117 3515 1208 3572 anima
1228 3511 1301 3583 quod
1317 3509 1477 3575 attenderet,
1498 3509 1565 3564 nihil
1584 3511 1707 3566 incarne

907 3609 980 3681 quod
994 3607 1115 3680 puderet.
1127 3604 1176 3662 llic
1191 3605 1278 3660 honor
1291 3610 1318 3658 et
1333 3602 1395 3657 hee
1412 3609 1469 3656 erat
1484 3599 1605 3674 dignitas
1618 3600 1708 3656 homi·

908 3697 959 3764 uis,
983 3694 1135 3769 prosperari
1159 3700 1185 3752 et
1212 3691 1309 3749 llorere
1322 3689 1350 3745 in
1369 3689 1528 3763 praemissis.
1543 3689 1579 3746 Bt
1594 3691 1652 3747 haec
1673 3704 1708 3746 ex

909 3787 978 3844 Deo.

944 3878 972 3932 2.
993 3872 1048 3930 Sed
1058 3873 1147 3944 potins
1170 3870 1198 3926 iu
1214 3869 1316 3926 bonore
1330 3866 1443 3940 quidex
1457 3882 1486 3923 se
1509 3865 1579 3923 toret
1592 3879 1647 3921 nou
1662 3864 1709 3920 in·

910 3962 1023 4029 tellexit,
1038 3960 1120 4016 limus
1140 3957 1275 4028 videlieet,
1292 3956 1393 4029 pulvis,
1409 3954 1503 4011 lolium
1528 3953 1643 4024 aridum,
1659 3953 1710 4010 sti-

61 4074 136 4118 turus
164 4059 351 4131 ministerium,
377 4061 424 4132 qui
457 4061 576 4117 coeiestis
612 4058 719 4116 consilii
747 4069 856 4115 meatus
909 4055 975 4124 pala
988 4051 1068 4117 sicca,
1084 4050 1158 4105 lutea
1171 4054 1198 4104 et
1212 4046 1315 4121 fragilis
1341 4053 1418 4117 testa,
1440 4043 1519 4116 pellis
1542 4043 1710 4101 morticina:

61 4151 203 4219 interpres,
219 4149 385 4219 gratulanter
397 4148 527 4207 concinit:
556 4152 663 4207 Panem
687 4147 856 4219 Angelorum
909 4141 956 4198 sed
970 4140 1107 4210 intumuit,
1123 4149 1149 4195 et
1162 4137 1241 4211 plane
1254 4135 1383 4208 desipuit,
1407 4126 1520 4190 honoris
1541 4131 1650 4204 fastigio
1664 4133 1712 4189 de-
1739 4140 1742 4145 '

60 4238 244 4298 manducavit
266 4237 356 4293 bomo.
380 4236 458 4292 Unde
476 4237 511 4293 ad
526 4237 726 4307 exprimendam
746 4235 786 4291 rai
801 4245 855 4291 tam
870 4208 894 4286 ὓ
909 4231 1030 4288 laetatus.
1046 4231 1082 4287 Et
1097 4226 1225 4285 continno
1248 4225 1276 4280 iu
1294 4239 1324 4280 se
1338 4229 1468 4295 expertus
1481 4230 1535 4292 est,
1549 4222 1623 4292 quod
1638 4226 1713 4278 tanto

62 4329 207 4384 fructuosae
221 4325 409 4382 certitudinem
431 4324 548 4381 dilucide
561 4324 677 4398 signavit
692 4323 857 4396 preteritum
910 4328 971 4392 post
984 4328 1106 4391 tempore
1120 4319 1202 4372 bono
1216 4312 1249 4369 de
1264 4311 1328 4368 tiliis
1342 4309 1508 4382 captiuitatis
1527 4315 1554 4365 et
1569 4306 1714 4379 prudenter

63 4433 112 4488 pro
127 4416 229 4483 lutnro,
246 4419 361 4483 Panem,
378 4414 511 4486 iuquiens,
528 4414 697 4486 Angelorum
705 4412 860 4469 mamura-
911 4408 1036 4476 advertit,
1051 4413 1079 4462 et
1103 4403 1236 4461 veraciter
1256 4399 1371 4472 protulit
1383 4399 1492 4456 diceus:
1515 4398 1569 4466 Qut
1585 4412 1614 4452 se
1627 4399 1714 4469 putat

63 4509 104 4563 uit
119 4505 210 4564 bomo.
229 4504 253 4561 0
267 4504 399 4573 stupenda
417 4503 466 4560 Dei
491 4499 645 4558 miseratio!
668 4501 787 4558 Verbum
800 4515 860 4555 aar·
912 4493 1020 4570 aliquid
1032 4510 1089 4552 esse
1103 4509 1170 4550 aum
1182 4490 1256 4548 mittit
1265 4492 1314 4556 sit,
1331 4492 1427 4562 ipsese
1437 4486 1547 4544 arturit
1561 4485 1659 4558 (Galat
1673 4499 1713 4550 vt,

63 4613 138 4662 nem,
155 4595 372 4671 Deusciuerenr,
385 4592 484 4665 figulus
503 4592 601 4656 lutum,
618 4590 672 4646 vita
687 4588 857 4645 morticinam
914 4587 953 4648 3).
980 4583 1026 4640 lae
1047 4583 1155 4651 misero,
1179 4579 1253 4650 quod
1275 4591 1329 4634 uon
1344 4576 1393 4632 luit
1406 4577 1453 4648 qui
1464 4575 1521 4649 jam
1535 4581 1599 4633 tunc
1610 4574 1715 4633 diceret

64 4683 161 4750 induit,
177 4694 206 4738 ut
217 4684 338 4753 jumenta
357 4683 550 4738 manducarent
566 4695 659 4752 panem
682 4679 860 4747 Angelorum.
914 4673 959 4730 ei:
981 4668 1199 4743 Quidsapertis,
1217 4672 1295 4725 terra
1309 4664 1441 4725 etcim'c?
1455 4664 1550 4736 (deaii.
1566 4682 1594 4737 x,
1610 4662 1651 4736 9.)
1666 4665 1716 4721 Re·

64 4774 195 4830 Homines
216 4776 436 4842 jumentaerant.
453 4769 623 4828 llomoeuim
639 4784 700 4824 curn
717 4767 862 4823 inhonore
918 4762 1026 4836 pentina
1047 4760 1130 4832 igitur
1150 4757 1328 4815 conversione
1349 4770 1379 4812 se
1404 4753 1493 4826 ipsum
1517 4753 1619 4811 invenit
1633 4755 1715 4811 bomo

64 4870 146 4927 esset,
162 4877 215 4917 non
232 4861 379 4927 intellexit3
410 4868 580 4932 comparatus
594 4867 635 4915 est
648 4855 780 4928 jumentis
792 4854 861 4911 iusi·
917 4860 1025 4927 propter
1038 4847 1219 4904 infirmitatem
1239 4845 1375 4915 jacentem
1395 4844 1423 4900 in
1436 4841 1554 4901 stabulo.
1571 4842 1718 4900 Stabulum

66 4951 211 5021 pientibus,
223 4961 250 5005 et
268 4949 362 5004 similis
378 4949 513 5005 inatrisost
527 4948 581 5003 iilis
596 4949 684 5017 (Psat.
702 4960 800 5013 xcviii,
817 4948 860 5014 13,
915 4941 986 5010 Quia
1002 4947 1043 4998 est
1053 4940 1067 4994 ‘l
1077 4940 1192 4996 Mundus
1206 4946 1257 4995 est.
1268 4938 1302 4994 Et
1317 4944 1429 5011 propter
1441 4931 1597 5005 pecorinam
1611 4930 1716 4987 simili·

67 5044 125 5110 tl).
140 5041 198 5095 Non
222 5048 262 5096 est
279 5037 431 5112 indignum,
458 5038 512 5094 imo
535 5036 673 5106 festivum,
689 5035 812 5093 recolere
836 5034 863 5090 in
918 5031 1037 5090 tudinem
1055 5029 1183 5102 indigens
1201 5038 1259 5084 erat
1288 5026 1361 5083 iuno.
1392 5026 1544 5096 liapropter
1570 5021 1718 5078 cibuscoe·
1748 5092 1753 5097 .

67 5138 167 5202 quanta
176 5127 341 5184 sublimitate
355 5129 436 5182 homo
450 5126 573 5182 conditus
587 5124 677 5183 tuerit.
698 5121 790 5182 669
813 5122 865 5178 Sed
915 5121 992 5180 lestis
1002 5119 1114 5177 mutavit
1128 5135 1157 5176 se
1171 5118 1199 5174 in
1213 5116 1344 5190 pabulum
1355 5113 1475 5187 peeoris,
1498 5111 1609 5168 homine
1627 5121 1717 5167 muta·

67 5235 160 5292 operm
188 5219 305 5289 pretium
328 5225 370 5272 est
395 5225 592 5286 cousequenter
615 5215 762 5282 attendere,
785 5228 864 5284 quam
917 5221 946 5268 to
961 5210 988 5265 in
1005 5225 1096 5282 pecus.
1111 5207 1194 5264 Panis
1221 5204 1294 5262 cuitu
1318 5202 1487 5276 Angelorum
1510 5198 1597 5255 iactus
1620 5206 1662 5254 est
1676 5196 1719 5254 ie·

68 5307 187 5381 graviter
210 5308 312 5363 corruit
338 5303 427 5359 minus
451 5303 588 5374 pensando
611 5302 677 5377 quid
702 5318 735 5359 ex
754 5316 796 5371 se,
821 5301 864 5357 vel
918 5317 1004 5358 num:
1019 5301 1119 5358 Unicus
1134 5295 1231 5362 Patris,
1250 5295 1322 5352 lilius
1337 5292 1464 5351 hominis.
1486 5289 1604 5348 Verbum
1618 5291 1719 5361 quippo

67 5396 132 5469 quid
162 5404 234 5449 esset
252 5409 283 5449 er
303 5395 369 5451 Deo.
401 5393 506 5449 Primus
525 5407 754 5466 namqneparens
771 5397 867 5448 noster
918 5388 1267 5463 carosactumeet(toam
1287 5400 1307 5453 t,
1324 5383 1384 5455 tii:
1406 5382 1520 5452 etjurta
1542 5379 1716 5452 proplietam,

69 5485 187 5557 paradisi
203 5485 294 5541 accola
312 5483 363 5558 [at.
389 5482 487 5558 incola]
501 5483 662 5542 constitutus
675 5492 725 5548 est,
742 5480 868 5538 domiuus
921 5481 1018 5538 Omnis
1032 5495 1098 5535 earo
1118 5479 1217 5548 [caum
1241 5474 1320 5547 (laci.
1344 5488 1388 5544 xe,
1404 5473 1443 5542 6).
1463 5468 1618 5535 comeduut,
1636 5467 1719 5541 igitur
