3706 5962
64 136 168 199 457⁴

483 128 756 193 naculuauovns
780 127 825 191 ux
853 133 880 192 s.
905 132 1072 196 nnananm
1090 120 1306 201 'smaounus

1662 136 1716 203 tid

65 257 143 330 Quid
156 263 198 312 est
211 254 285 326 qaod
299 253 375 326 dicit,
391 256 422 311 ia
441 257 654 328 regeneratione
665 256 735 311 faut
748 274 808 328 quae
823 267 864 314 est
880 273 904 351 g
923 260 1042 326 randum,
1060 268 1088 317 et
1101 261 1323 321 conformandam
1336 266 1443 338 corpori
1458 269 1519 337 ejus
1537 268 1564 323 in
1583 269 1669 342 gloria
1685 276 1713 324 et

66 349 130 405 lraec
143 361 213 403 nova
228 345 424 417 regeneratio?
439 345 534 419 Neque
548 345 620 402 euim
638 348 693 417 jam
708 348 863 418 ignoramus
919 346 1049 404 claritate.

66 434 198 508 quoniam
212 441 321 505 oportet
335 434 473 489 hominem
493 434 567 490 nasci
578 434 679 500 denuo,
691 451 745 490 non
758 452 861 493 exsan-

63 525 205 597 guinibus,
222 539 313 596 neque
328 540 365 580 ex
379 523 518 581 voluntate
542 523 603 592 viri,
619 524 667 579 sed
693 541 725 580 cx
740 540 810 596 aqua
835 535 863 581 et

65 613 171 685 Spiritu
184 619 280 668 sancto
297 614 389 681 (dean.
401 627 442 683 ιιι,
466 614 540 681 3-5.)
560 613 694 669 Caeterum
717 630 778 669 curn
790 614 863 670 nulla

64 714 148 758 tenus
162 702 197 756 ad
212 716 273 755 eam
289 699 528 774 regenerationem
542 701 631 756 valeat
646 702 704 757 haec
717 702 862 773 promissio

64 790 216 861 pertinere,
232 787 302 845 forte
318 788 444 845 etaltera
459 790 666 860 regeneratione
674 805 743 861 opus
757 807 817 846 esse
828 792 863 846 vi·

62 878 165 936 detur:
183 894 235 934 nec
247 877 335 933 solum
349 878 451 943 denuo,
466 877 516 932 sed
531 887 558 933 et
574 878 653 934 tertio
669 880 807 935 hominem
819 895 863 934 na-

62 968 103 1024 sei
128 981 244 1022 necesse
273 975 325 1021 est.
354 963 450 1021 Infelix
470 980 532 1038 ego,
550 975 576 1021 et
605 965 765 1022 miserabilis
785 983 864 1024 casus

64 1072 157 1117 meus,
173 1055 217 1112 cui
232 1069 286 1110 non
306 1068 359 1110 nna
372 1052 480 1120 sufficit,
493 1054 537 1109 cni
547 1053 645 1126 duplex
657 1063 698 1111 est
709 1055 862 1111 necessaria

66 1143 254 1216 regeneratio.
270 1142 404 1198 Nimirum
414 1159 448 1197 ex
458 1157 572 1212 corpore
584 1150 611 1199 et
621 1144 712 1198 anima
723 1151 861 1217 constans,

66 1231 156 1288 cecidi
179 1239 251 1287 totus
272 1231 368 1287 simul:
393 1230 473 1285 simul
497 1239 568 1286 totus
591 1232 703 1288 omnino
719 1247 862 1304 resurgere

67 1336 126 1378 non
140 1336 261 1393 possum.
286 1325 328 1374 An
355 1334 421 1376 vero
442 1318 555 1393 dignum
578 1336 632 1375 non
652 1328 734 1376 estut
748 1337 781 1376 ea
802 1338 864 1392 quae

62 1409 174 1466 ridetur
187 1409 286 1480 potior,
308 1408 435 1480 priorque
450 1408 538 1479 portio
550 1411 717 1479 reparetur?
730 1412 765 1463 At
774 1401 863 1480 ipsam

1027 437 1133 496 XXXI.
1148 472 1182 481 —
1199 443 1231 498 tle
1239 458 1297 497 nen
1306 440 1478 499 resideamus
1493 448 1524 500 ia
1540 447 1595 500 aria.

952 528 995 581 37.
1006 528 1037 581 lu
1049 530 1267 601 regeneratione,
1277 531 1371 603 inquit,
1380 551 1444 590 cam
1452 535 1711 592 sederitFitc'uslso·

917 613 1710 692 acinisinsedemcjestatissuoe,sedebitisetcordiani.

918 715 979 768 xix,
997 704 1052 774 ιθ),
1069 712 1123 760 etc.
1144 706 1363 779 Consequemini,
1385 711 1431 775 ait,
1448 726 1528 782 quem
1548 709 1710 782 sequImlni:

918 798 945 844 ut
960 807 1020 846 cnm
1035 793 1093 863 ipse
1108 793 1221 861 sederit,
1237 804 1266 850 et
1280 813 1328 852 vos
1338 799 1440 870 pariter
1453 799 1580 855 sedeatis.
1598 797 1711 868 Quando

917 879 989 934 enim
1007 880 1053 936 ille
1069 883 1170 937 resedit
1186 884 1213 938 in
1229 886 1339 953 mundo,
1361 887 1470 960 quando
1484 887 1610 950 substitit,
1629 901 1713 960 quau·

917 968 951 1022 do
966 969 1106 1025 reclinavit
1119 972 1221 1042 caput?
1239 973 1390 1030 Exsultavit
1409 976 1444 1031 ad
1458 977 1620 1032 currendam
1640 974 1711 1031 viam

918 1057 1004 1125 (Psal.
1021 1073 1099 1127 xvia,
1124 1061 1162 1130 6),
1187 1060 1385 1119 benefaciendo
1409 1065 1564 1134 pertransiit
1580 1065 1654 1135 (Act.
1679 1075 1710 1130 x,

917 1147 977 1213 38);
994 1145 1094 1216 quippe
1110 1163 1161 1202 nec
1175 1148 1279 1216 nidum,
1295 1167 1346 1206 nec
1359 1151 1476 1217 foveam,
1493 1168 1544 1208 nec
1559 1153 1648 1207 locum
1662 1152 1711 1207 ha·

917 1232 985 1286 bens
999 1234 1026 1288 ln
1037 1233 1206 1292 diversorio:
1222 1238 1320 1303 donec,
1336 1255 1421 1311 opera
1437 1240 1546 1297 taudem
1561 1239 1634 1312 qnod
1648 1255 1710 1296 sus·

917 1331 1026 1389 ceperat
1041 1332 1236 1391 consummato,
1252 1327 1365 1382 sedendi
1380 1336 1545 1399 praeceptum
1561 1335 1713 1384 mereretur

918 1408 1051 1478 accipere,
1069 1419 1096 1465 et
1115 1411 1219 1469 diceret
1238 1413 1370 1471 Dominus
1389 1416 1508 1472 Domino
1527 1432 1588 1473 meo
1600 1435 1606 1471 :
1620 1415 1713 1474 Sedea

62 1512 132 1554 sane
144 1497 265 1554 animam
279 1512 339 1552 esse
350 1512 431 1552 nemo
444 1512 517 1552 sanae
529 1496 630 1551 mentis
643 1495 761 1568 ignorat.
786 1497 862 1553 Prior
917 1496 1028 1553 dextris
1042 1499 1114 1556 meis
1129 1502 1217 1569 (Psut.
1233 1517 1292 1570 cix,
1310 1503 1345 1575 t).
1362 1503 1496 1577 insipiens
1512 1515 1540 1560 tu
1555 1505 1600 1578 qui
1614 1503 1712 1576 praeei-

62 1601 132 1659 ergo
146 1584 292 1652 reficiatur,
310 1601 371 1657 quae
387 1584 460 1656 prior
475 1584 592 1640 corruit:
613 1584 766 1656 praesertim
789 1585 861 1656 quod
879 1569 901 1646 Β
916 1583 982 1640 dere
996 1584 1074 1657 eligis
1090 1603 1171 1658 quam
1187 1591 1348 1658 consedere,
1366 1608 1493 1663 quaerens
1507 1594 1534 1648 in
1554 1593 1652 1649 itinere
1668 1592 1712 1648 di·

62 1677 98 1733 ab
113 1676 178 1746 eius
191 1673 269 1747 culpa
287 1673 398 1730 alterius
418 1689 499 1743 poena
514 1673 657 1744 prodierit,
672 1682 699 1728 et
711 1673 794 1744 ipsius
806 1689 863 1730 cor-

63 1762 154 1836 ruptio
180 1777 322 1833 corporeae
336 1777 446 1834 quoquc
464 1760 545 1816 fuerit
568 1777 648 1816 causa
671 1761 861 1832 corruptionis.

61 1853 134 1910 llinc
148 1850 279 1924 estquod
293 1850 436 1906 animabus
455 1851 573 1919 primum
593 1850 717 1908 Salvator
738 1849 860 1916 advenit,

61 1941 159 1999 tollere
179 1939 274 2011 utique
289 1945 400 2011 peccata
420 1939 526 2007 mundi,
537 1953 592 1994 non
608 1937 747 1995 molestias
760 1938 860 1994 carnis.

61 2031 143 2102 Quod
155 2045 223 2086 sane
236 2027 408 2084 manifestius
424 2027 514 2084 docuit
529 2027 556 2081 in
571 2044 601 2083 se
616 2027 685 2099 ipsu,
697 2027 860 2098 poenisom·

62 2120 145 2175 nibus
158 2132 258 2190 corpus
282 2131 434 2187 exponens,
456 2115 575 2170 animam
600 2125 690 2170 autem
713 2116 862 2170 immunem

916 1673 1056 1728 verticula.
1086 1675 1131 1731 llle
1165 1676 1320 1735 ministrare
1357 1681 1441 1745 venit,
1479 1697 1534 1738 non
1566 1679 1712 1738 ministrari

916 1762 1027 1829 (Natta.
1049 1777 1100 1830 xx,
1120 1766 1166 1836 28)
1187 1784 1192 1823 :
1212 1774 1241 1822 tu
1259 1783 1342 1839 supra
1367 1769 1536 1840 magistrum,
1552 1778 1580 1826 et
1598 1769 1714 1826 Domino

915 1851 1013 1920 major,
1029 1849 1083 1907 imo
1110 1869 1161 1909 aec
1189 1854 1349 1926 disprulua,
1378 1857 1503 1928 profecto
1529 1874 1580 1914 nec
1607 1870 1714 1928 servus,

916 1939 1076 1996 recumbere
1087 1943 1144 2010 jam
1159 1941 1271 1997 festinas
1281 1943 1295 2001 l
1306 1947 1462 2002 Paululam
1471 1946 1601 2014 dormies,
1608 1948 1714 2020 portla-

919 2027 977 2082 lam
992 2027 1172 2095 dormitabis,
1179 2034 1716 2109 paululumconseresmcnasfl’rovm,

918 2115 972 2184 lo).
989 2115 1036 2171 llle
1052 2118 1113 2172 salit
1127 2119 1154 2173 ln
1170 2121 1316 2188 montibus,
1342 2123 1457 2178 transilit
1469 2125 1563 2181 colles.
1575 2125 1666 2181 Clamu
1680 2123 1713 2180 ad

63 2222 178 2279 prorsus
190 2205 372 2264 custodiensa
383 2212 505 2276 peccato.
915 2217 987 2270 eum,
1004 2205 1094 2259 anima
1113 2222 1192 2264 mea:
1217 2206 1303 2265 lralve
1313 2227 1358 2268 me
1370 2215 1435 2283 pest
1452 2217 1488 2279 te,
1505 2215 1538 2271 in
1565 2214 1649 2271 odore
1662 2229 1715 2270 arr·

915 2296 1085 2362 gaesatorum
1096 2297 1212 2352 tuorum
1226 2313 1372 2355 carrcrrsas
1382 2300 1478 2370 (Ceret.
1495 2317 1515 2367 ι,
1534 2304 1572 2372 3).
1588 2301 1715 2373 Alioquin

85 2337 182 2395 m·
197 2368 233 2380 ““
250 2340 281 2396 m
297 2342 407 2408 mmm
423 2352 482 2392 Μ
496 2337 721 2409 'emmaum'
735 2352 836 2408 mm
918 2381 1027 2450 quando
1042 2397 1103 2435 eum
1120 2383 1293 2450 remorando,
1308 2387 1486 2457 tepescendo,
1498 2389 1639 2459 pausando
1649 2404 1714 2446 con-

387 2445 537 2515 exspectet·
915 2468 991 2538 sequi
1006 2471 1118 2540 speras?
1129 2471 1277 2527 Exsultavit
1288 2479 1318 2527 ut
1328 2474 1406 2545 gigas
1415 2477 1448 2529 ad
1459 2477 1623 2533 currendam
1632 2477 1714 2538 viam.

97 2562 145 2616 36.
162 2558 223 2614 Νοι
237 2556 276 2611 sic
290 2557 371 2614 hodie
385 2555 432 2611 filii
446 2557 597 2621 hominum,
614 2571 668 2611 non
683 2554 732 2623 sic,
744 2555 793 2610 sed
808 2556 863 2610 ani·
915 2553 1034 2612 Hilarem
1049 2558 1109 2613 sine
1124 2557 1207 2615 dubio
1231 2560 1317 2632 diligit
1340 2571 1506 2621 secutorem.
1531 2564 1656 2622 Necdum
1678 2566 1713 2621 ad

63 2663 119 2703 mae
132 2661 228 2702 curam
243 2643 396 2717 negligunt,
408 2660 502 2701 curam
513 2652 606 2700 autem
616 2643 705 2699 carnis
720 2642 862 2714 perficiunt
915 2642 1038 2699 bravium
1061 2646 1220 2716 pervenisti,
1235 2646 1352 2703 necdum
1375 2651 1579 2721 apprehendisti
1601 2662 1712 2710 meum.

62 2737 91 2791 in
106 2732 184 2793 omni
205 2732 351 2790 desiderio.
367 2734 464 2806 Neque
479 2748 595 2805 peccare
610 2738 744 2799 metuunt,
756 2731 804 2787 scd
815 2749 863 2802 pu·
915 2729 1033 2787 Grandis
1045 2734 1132 2788 adbuc
1147 2742 1232 2791 restat
1246 2736 1289 2791 via
1303 2754 1309 2790 :
1323 2737 1377 2792 noli
1397 2738 1494 2795 sistere
1512 2740 1638 2811 gradum,
1661 2740 1716 2796 nuli

62 2824 136 2882 uiri:
152 2838 205 2879 nec
224 2822 317 2879 virtuti
332 2822 422 2878 cordis
436 2836 520 2892 opera
538 2821 627 2887 datur,
647 2820 696 2875 sed
717 2819 863 2876 valetudini
916 2819 941 2874 in
962 2822 1052 2878 medio
1065 2822 1162 2879 itinere
1177 2823 1309 2880 residere.
1326 2824 1358 2880 ln
1377 2826 1486 2893 sudore,
1503 2827 1600 2901 inquit,
1621 2831 1715 2887 cattas

62 2910 200 2983 turperis,
216 2911 271 2965 imo
286 2909 368 2964 etiam
383 2908 528 2980 voluptati.¹
546 2908 587 2963 De
602 2907 696 2963 schola
709 2906 861 2979 Hippocra-
876 2862 898 2941 c
919 2910 963 2966 tei
974 2911 1100 2968 comedes
1110 2928 1216 2983 ponem
1232 2917 1324 2981 team,
1337 2912 1422 2970 donec
1437 2915 1469 2970 in
1486 2919 1601 2985 terram,
1614 2916 1649 2974 de
1662 2932 1716 2991 qao

63 3000 99 3056 tis
112 2994 204 3056 m
223 3008 251 3053 ct
266 2997 375 3069 Epicuri
398 2996 553 3052 didicerunt
575 2996 650 3051 haec:
676 3011 766 3067 neque
789 2994 863 3051 enirn
916 3002 1096 3069 sempteses,
1112 3001 1265 3056 revertaris
1280 3001 1359 3071 (Gerr.
1373 3016 1415 3068 ur,
1432 3003 1488 3073 ts).
1512 3004 1548 3059 Et
1565 3013 1630 3061 tuuc
1648 3019 1716 3060 sane

63 3088 121 3144 suis
144 3087 272 3144 Christus
294 3085 434 3158 discipulis
455 3086 551 3141 borum
574 3083 714 3157 quidpiam
738 3083 861 3150 tradidit;
918 3095 1025 3157 tempus
1044 3087 1096 3142 crit
1117 3087 1231 3160 requiei,
1254 3088 1379 3144 nimirum
1401 3091 1511 3162 quando
1534 3093 1589 3162 jam
1605 3079 1716 3165 spIritus
1810 3077 1818 3087 ¹

62 3177 125 3244 sed,
140 3177 260 3243 Discite,
276 3175 373 3247 inquit,
385 3191 456 3232 eane
466 3174 695 3248 quiemits'ssam
709 3167 864 3231 etbumilis
917 3174 975 3245 ipse
991 3176 1063 3230 dicet
1079 3183 1109 3230 ut
1123 3176 1280 3248 requiescas
1302 3193 1318 3231 a
1341 3177 1481 3234 laboribus
1506 3179 1569 3234 tuis.
1592 3179 1715 3238 Necdum

62 3263 163 3324 corde?
173 3262 464 3336 (Narttxraslrittl
475 3260 863 3334 homiaem,usqaeqaoqrael
918 3272 1007 3317 tamen
1023 3263 1075 3318 erit
1085 3272 1272 3318 consummata
1281 3279 1342 3335 pax,
1356 3264 1472 3320 necdum
1488 3265 1609 3337 perfecta
1624 3269 1714 3340 quies,

63 3350 402 3428 cerdefatqatddithitts
412 3347 865 3423 vanitatemetqaoeritismestda-
917 3351 1036 3422 deniqne
1052 3351 1171 3406 necdum
1187 3352 1276 3407 sessio
1290 3351 1381 3423 plena.
1736 3404 1739 3409 ,

62 3443 266 3515 ciemflPscl.
281 3459 322 3508 ιι,
347 3445 386 3512 3.)
417 3440 536 3513 Tempus
557 3441 609 3495 hoc
632 3439 784 3506 animabus,
808 3454 863 3494 nou
919 3438 1038 3494 XXXll.
1055 3467 1091 3480 -
1109 3438 1248 3506 Quomodo
1257 3455 1335 3496 nanc
1344 3440 1427 3497 natta
1436 3447 1562 3512 exparte
1576 3441 1713 3500 sames.

63 3531 227 3605 corporibus
242 3537 284 3587 est
296 3529 485 3602 assignatum:
506 3528 566 3585 dies
580 3527 674 3584 salutis
688 3527 792 3601 utique,
809 3542 863 3582 non
954 3528 997 3581 38.
1009 3526 1039 3580 ln
1047 3526 1375 3599 regeneratteeeinquit,
1383 3544 1448 3584 cam
1454 3528 1655 3587 sederttlliltes
1667 3530 1715 3588 be·

63 3620 223 3695 voluptatis.
249 3619 346 3674 Omnia
371 3627 479 3689 tempus
502 3618 605 3673 habent
626 3616 728 3689 (Eccle.
750 3632 792 3687 ru,
815 3619 861 3686 l):
896 3611 899 3617 ’
917 3615 1006 3671 minis
1021 3616 1053 3670 in
1067 3615 1130 3670 sede
1144 3615 1304 3687 rnejestute's
1317 3631 1385 3682 saoe,
1395 3613 1524 3674 sedeldis
1534 3620 1562 3673 et
1571 3632 1629 3674 vos.
1639 3617 1714 3676 Felix

63 3710 210 3769 animabus
225 3724 297 3764 nunc
311 3723 424 3779 operam
439 3708 505 3761 darc
530 3722 643 3762 necesse
669 3714 719 3762 est.
743 3705 812 3760 Nam
836 3703 864 3759 in
919 3701 1111 3776 regeneratiol
1129 3701 1244 3772 Quando
1258 3703 1330 3760 enim
1347 3720 1477 3761 renascar
1494 3705 1529 3760 ad
1549 3705 1712 3776 sessionem,

63 3815 146 3857 carne
156 3798 205 3872 qni
215 3798 343 3862 seminat,
356 3796 442 3852 solam
456 3794 556 3851 exinde
566 3802 651 3850 metet
661 3792 864 3866 corruptionem
918 3792 1092 3848 miserhomo
1107 3802 1187 3848 natus
1200 3792 1234 3846 ad
1249 3792 1391 3850 laborem?
1405 3794 1429 3851 0
1444 3794 1466 3849 si
1481 3810 1599 3868 unquam
1614 3795 1713 3853 sedero

64 3887 175 3958 (delet.
190 3902 229 3953 vt,
246 3891 286 3958 8).
298 3883 580 3956 atneme,inquiunt,
591 3883 863 3940 caraemsaemodie
920 3888 1001 3947 totns,
1018 3882 1096 3951 cujus
1111 3881 1193 3936 modo
1208 3896 1244 3937 ne
1258 3882 1371 3938 minima
1385 3883 1496 3956 quidem
1517 3885 1605 3957 portio
1623 3887 1711 3954 sedet,

66 3976 164 4035 tutata
174 3973 287 4048 (Eples.
300 3989 328 4039 v,
338 3974 394 4042 ιθ).
413 3973 512 4029 Verum
531 3980 589 4027 est:
603 3973 652 4027 sed
667 3971 863 4027 zelumhabens
917 3967 945 4022 in
969 3984 1023 4041 quo
1047 3968 1115 4024 nibil
1137 3969 1322 4043 tranquillum,
1345 3971 1411 4028 nibil
1432 3973 1563 4045 quietum,
1588 3974 1713 4032 sedatum

65 4066 170 4139 absque
190 4062 316 4129 scientia,
337 4061 401 4116 dum
428 4061 559 4132 prodesse
585 4059 706 4126 festinat,
727 4059 863 4116 invenitur
918 4057 993 4127 nibil,
1009 4057 1075 4113 nibil
1091 4074 1209 4132 unquam
1223 4060 1250 4115 in
1267 4061 1363 4117 eodem
1376 4078 1540 4133 permanens
1552 4064 1643 4121 statu!
1658 4063 1712 4122 Se.

67 4155 175 4210 obesse.
191 4151 260 4207 Cum
276 4150 350 4206 enim
363 4150 496 4221 judIcium
520 4148 609 4205 carnis
630 4163 665 4204 ex
683 4147 772 4203 anima
792 4164 861 4220 pen·
878 4167 901 4245 n
918 4146 1017 4205 debitis
1031 4154 1059 4203 et
1072 4164 1128 4206 vos.
1145 4148 1286 4204 Osesslol
1303 4146 1370 4217 Quis
1382 4148 1448 4203 milvi
1461 4149 1560 4204 tribuat
1575 4157 1604 4205 ut
1622 4149 1713 4224 dignis

68 4242 139 4309 dest,
158 4240 236 4296 carni
250 4238 316 4301 nibil
329 4246 421 4310 potest
454 4237 544 4293 utilius
567 4253 647 4308 quam
670 4237 742 4292 salus
764 4237 863 4292 auimae
919 4237 1070 4308 exprimam
1085 4236 1176 4293 verbis
1192 4252 1252 4309 quae
1270 4236 1305 4292 de
1320 4237 1443 4293 sessione
1462 4239 1513 4293 lrac
1532 4237 1623 4293 cordis
1640 4238 1712 4293 affe·

68 4328 214 4403 provideri,
229 4337 259 4383 ut
273 4325 401 4385 videlicet
416 4327 444 4381 in
466 4333 588 4397 tempore
612 4326 647 4381 sit
663 4331 804 4396 respectus
827 4326 861 4380 il-
917 4326 1008 4381 ctione
1021 4324 1171 4395 concipiet
1186 4325 1240 4381 imo
1251 4327 1311 4397 quis
1326 4325 1425 4381 tribuat
1444 4325 1508 4379 mitri
1523 4324 1654 4381 sessionis
1665 4325 1713 4382 bn·

71 4418 131 4489 lins3
147 4425 186 4484 et,
205 4418 278 4474 socia
298 4416 442 4488 passionis,
459 4415 594 4471 felicitatis
614 4429 722 4487 quoque
746 4430 861 4470 consor-

73 4509 135 4564 tium
149 4515 298 4564 mereatnr.
315 4507 392 4563 Unde
408 4505 554 4578 Apostolus
568 4505 671 4576 inquit:
690 4503 862 4561 Selectorem

67 4590 862 4670 'exspectamasoominamnoseramtesumdarietemque

73 4675 862 4755 reformabitcorpashumititatisnostroe,corsfigurctum

70 4767 861 4846 ‘corporicluritatissuoe(Plre'tipp.ur,tlt-tt).Requiesce

74 4855 99 4911 in
115 4857 165 4914 bac
178 4874 238 4931 spe,
260 4873 324 4914 caru
338 4859 456 4916 misera:
483 4859 529 4932 qui
546 4867 656 4932 propter
675 4859 794 4915 animam
811 4873 861 4914 ve-

74 4942 118 5010 uit,
133 4960 183 5017 pro
196 4954 223 5001 te
244 4961 354 5019 quoquc
368 4955 498 5004 venturus
512 4957 569 5015 esv3
585 4947 631 5019 qui
650 4947 807 5003 reformavit
826 4945 861 5000 il-

71 5028 130 5099 um,
147 5033 183 5089 tui
200 5048 311 5107 quoque
323 5051 379 5091 non
395 5034 571 5092 obliviscetur
585 5037 612 5090 in
627 5035 719 5092 finem.
736 5037 862 5112 Regene·

72 5115 142 5177 retur
150 5121 262 5178 interim
278 5124 381 5192 anima;
398 5135 434 5193 et,
453 5133 581 5198 anquam
597 5125 722 5196 praescita
741 5132 769 5179 et
787 5141 860 5196 prae-

70 5207 239 5267 destinatae
267 5214 395 5282 Domino,
417 5215 565 5271 conformis
592 5213 638 5268 flet
671 5213 781 5288 imagini
804 5213 862 5268 Filii

69 5301 126 5372 ejus
141 5302 172 5359 in
194 5303 405 5362 mansuetudine
420 5312 448 5360 et
466 5303 618 5359 humilitate
645 5303 745 5361 cordis.
774 5300 863 5375 Ipsius

69 5389 140 5450 enin
161 5393 265 5451 niente
282 5402 310 5450 te
326 5409 435 5467 quoque
457 5391 717 5466 noverisaliquando
744 5407 862 5462 regene-

178 5489 305 5559 Parnon.
327 5490 510 5558 CLXXXIV.

917 4413 961 4482 jus
975 4412 1174 4484 imperturbata
1189 4412 1240 4468 frui
1256 4413 1362 4484 requie,
1381 4429 1462 4484 quarn
1477 4411 1614 4476 desidero,
1629 4427 1713 4484 quam

917 4500 1007 4571 cupio,
1024 4516 1105 4572 quam
1121 4499 1251 4571 requiret
1273 4500 1340 4555 Ecce
1354 4500 1438 4568 enim,
1455 4506 1484 4555 ut
1498 4500 1563 4570 dixi,
1579 4500 1619 4556 nil
1631 4501 1658 4556 in
1668 4517 1712 4556 me

918 4589 1006 4656 seder,
1026 4589 1075 4646 sed
1090 4598 1188 4645 cuncta
1202 4589 1228 4643 in
1243 4598 1318 4645 motu
1333 4597 1406 4658 sunt,
1421 4589 1512 4646 omnia
1533 4596 1640 4658 nutant,
1662 4589 1713 4648 du-

919 4685 1012 4733 ctuant
1027 4675 1167 4734 universa.
1191 4677 1333 4734 Postremo
1364 4676 1411 4733 ubi
1439 4667 1605 4751 concupiscit
1624 4677 1713 4737 adbuc

916 4781 980 4822 caro
998 4766 1133 4823 adversus
1145 4765 1281 4839 spiritum,
1300 4766 1412 4840 spiritus
1432 4769 1563 4826 adversus
1590 4785 1712 4837 carneam

918 4856 1046 4928 quidnam
1066 4855 1186 4912 hominis
1199 4856 1298 4913 sedere
1314 4856 1578 4915 videturtNecsola
1587 4859 1641 4929 jam
1652 4871 1715 4912 con·

916 4944 1085 5016 cupiscentia
1099 4961 1200 5017 pacem
1214 4948 1316 5015 turbat,
1338 4946 1452 5019 impedit
1464 4947 1625 5012 sessionem,
1641 4951 1715 5001 vetat

917 5049 978 5089 esse
995 5035 1134 5105 sedatum;
1155 5033 1204 5091 sed
1219 5033 1319 5104 duplex
1336 5034 1606 5107 quoquesecundum
1615 5046 1715 5102 corpus

917 5122 1046 5180 miserum
1065 5121 1160 5182 80⁰
1174 5123 1312 5179 hominem
1325 5121 1451 5177 contritio
1464 5129 1554 5191 vexat,
1569 5119 1714 5193 praesentis

926 5212 1056 5272 videlicet
1071 5229 1168 5271 sensus
1181 5212 1293 5279 doloris,
1317 5220 1343 5266 et
1373 5213 1468 5267 mortis
1490 5220 1580 5268 metus
1607 5212 1714 5269 futurae.

930 5303 1062 5360 Nimirum
1081 5318 1142 5359 cum
1157 5309 1185 5357 et
1199 5298 1327 5372 passibile
1354 5299 1390 5356 sit
1414 5309 1440 5356 et
1465 5300 1590 5377 mortale,
1618 5302 1718 5377 duplex

929 5391 1103 5449 nihilominus
1134 5390 1250 5445 animam
1287 5387 1388 5462 agitare
1425 5388 1577 5447 sollicitudo
1613 5390 1721 5450 videtur

1581 5494 1721 5567 lt,
