<?xml version="1.0" encoding="UTF-8"?>
<!DOCTYPE html PUBLIC "-//W3C//DTD XHTML 1.0 Transitional//EN"
    "http://www.w3.org/TR/xhtml1/DTD/xhtml1-transitional.dtd">
<html xmlns="http://www.w3.org/1999/xhtml" xml:lang="en" lang="en">
 <head>
  <title>
</title>
<meta http-equiv="Content-Type" content="text/html;charset=utf-8" />
  <meta name='ocr-system' content='tesseract 3.04.00' />
  <meta name='ocr-capabilities' content='ocr_page ocr_carea ocr_par ocr_line ocrx_word'/>
</head>
<body>
  <div class='ocr_page' id='page_1' title='image "./patrologiaecurs00unkngoog_0090.png"; bbox 0 0 3706 5962; ppageno 0'>
   <div class='ocr_carea' id='block_1_1' title="bbox 179 144 1820 249">
    <p class='ocr_par' dir='ltr' id='par_1_1' title="bbox 179 144 1820 249">
     <span class='ocr_line' id='line_1_1' title="bbox 179 144 1820 249; baseline -0.001 -11"><span class='ocrx_word' id='word_1_1' title='bbox 179 187 229 249; x_wconf 73' lang='lat' dir='ltr'><strong>ter</strong></span> <span class='ocrx_word' id='word_1_2' title='bbox 370 154 373 161; x_wconf 75' lang='grc'><em>“</em></span> <span class='ocrx_word' id='word_1_3' title='bbox 618 144 621 150; x_wconf 70' lang='grc'>’</span> <span class='ocrx_word' id='word_1_4' title='bbox 824 173 1020 237; x_wconf 82' lang='lat' dir='ltr'><strong>statuantur</strong></span> <span class='ocrx_word' id='word_1_5' title='bbox 1038 174 1175 236; x_wconf 87' lang='lat' dir='ltr'><strong>tantus</strong></span> <span class='ocrx_word' id='word_1_6' title='bbox 1768 176 1820 237; x_wconf 83' lang='lat' dir='ltr'><strong>tua</strong></span> 
     </span>
    </p>
   </div>
   <div class='ocr_carea' id='block_1_2' title="bbox 105 298 1820 5528">
    <p class='ocr_par' dir='ltr' id='par_1_2' title="bbox 105 298 1820 5528">
     <span class='ocr_line' id='line_1_2' title="bbox 176 298 1820 395; baseline -0.008 -24"><span class='ocrx_word' id='word_1_7' title='bbox 176 315 248 371; x_wconf 86' lang='lat' dir='ltr'><strong>Bene</strong></span> <span class='ocrx_word' id='word_1_8' title='bbox 260 308 383 383; x_wconf 85' lang='lat' dir='ltr'><strong>ungeris,</strong></span> <span class='ocrx_word' id='word_1_9' title='bbox 400 305 531 379; x_wconf 87' lang='lat' dir='ltr'><strong>sispiritu</strong></span> <span class='ocrx_word' id='word_1_10' title='bbox 546 304 668 378; x_wconf 83' lang='lat' dir='ltr'><strong>ungeris.</strong></span> <span class='ocrx_word' id='word_1_11' title='bbox 686 305 752 366; x_wconf 92' lang='lat' dir='ltr'><strong>ldeo</strong></span> <span class='ocrx_word' id='word_1_12' title='bbox 761 304 801 362; x_wconf 87' lang='lat' dir='ltr'><strong>sic</strong></span> <span class='ocrx_word' id='word_1_13' title='bbox 814 317 928 377; x_wconf 84' lang='lat' dir='ltr'><strong>ungere,</strong></span> <span class='ocrx_word' id='word_1_14' title='bbox 940 307 970 356; x_wconf 92' lang='lat' dir='ltr'><strong>ut</strong></span> <span class='ocrx_word' id='word_1_15' title='bbox 986 316 1010 395; x_wconf 60' lang='lat' dir='ltr'><strong>g</strong></span> <span class='ocrx_word' id='word_1_16' title='bbox 1028 302 1062 356; x_wconf 91' lang='lat' dir='ltr'><strong>rit</strong></span> <span class='ocrx_word' id='word_1_17' title='bbox 1076 316 1148 358; x_wconf 90' lang='lat' dir='ltr'><strong>eam.</strong></span> <span class='ocrx_word' id='word_1_18' title='bbox 1162 299 1266 358; x_wconf 92' lang='lat' dir='ltr'><strong>Omnes</strong></span> <span class='ocrx_word' id='word_1_19' title='bbox 1279 298 1353 356; x_wconf 85' lang='lat' dir='ltr'><strong>eninr</strong></span> <span class='ocrx_word' id='word_1_20' title='bbox 1376 313 1561 373; x_wconf 77' lang='lat' dir='ltr'><strong>resurgemus,</strong></span> <span class='ocrx_word' id='word_1_21' title='bbox 1581 299 1632 356; x_wconf 89' lang='lat' dir='ltr'><strong>sed</strong></span> <span class='ocrx_word' id='word_1_22' title='bbox 1647 314 1703 360; x_wconf 93' lang='lat' dir='ltr'><strong>nou</strong></span> <span class='ocrx_word' id='word_1_23' title='bbox 1722 315 1820 362; x_wconf 84' lang='lat' dir='ltr'><strong>omnes</strong></span> 
     </span>
     <span class='ocr_line' id='line_1_3' title="bbox 175 388 1479 466; baseline -0.013 -7"><span class='ocrx_word' id='word_1_24' title='bbox 175 418 240 459; x_wconf 90' lang='lat' dir='ltr'><strong>caro</strong></span> <span class='ocrx_word' id='word_1_25' title='bbox 254 401 281 455; x_wconf 92' lang='lat' dir='ltr'><strong>in</strong></span> <span class='ocrx_word' id='word_1_26' title='bbox 294 409 320 455; x_wconf 93' lang='lat' dir='ltr'><strong>te</strong></span> <span class='ocrx_word' id='word_1_27' title='bbox 334 398 493 453; x_wconf 88' lang='lat' dir='ltr'><strong>immutetur</strong></span> <span class='ocrx_word' id='word_1_28' title='bbox 507 402 618 466; x_wconf 86' lang='lat' dir='ltr'><strong>propter</strong></span> <span class='ocrx_word' id='word_1_29' title='bbox 628 395 729 451; x_wconf 88' lang='lat' dir='ltr'><strong>oleum.</strong></span> <span class='ocrx_word' id='word_1_30' title='bbox 745 391 843 450; x_wconf 89' lang='lat' dir='ltr'><strong>Oleum</strong></span> <span class='ocrx_word' id='word_1_31' title='bbox 852 407 906 447; x_wconf 92' lang='lat' dir='ltr'><strong>non</strong></span> <span class='ocrx_word' id='word_1_32' title='bbox 922 389 970 444; x_wconf 90' lang='lat' dir='ltr'><strong>im·</strong></span> <span class='ocrx_word' id='word_1_33' title='bbox 1024 389 1228 448; x_wconf 80' lang='lat' dir='ltr'><strong>immutabimur</strong></span> <span class='ocrx_word' id='word_1_34' title='bbox 1240 392 1266 462; x_wconf 89' lang='grc'><strong>(1</strong></span> <span class='ocrx_word' id='word_1_35' title='bbox 1275 392 1334 447; x_wconf 83' lang='lat' dir='ltr'><strong>Cor.</strong></span> <span class='ocrx_word' id='word_1_36' title='bbox 1351 405 1407 458; x_wconf 88' lang='lat' dir='ltr'><strong>xv.,</strong></span> <span class='ocrx_word' id='word_1_37' title='bbox 1423 388 1479 460; x_wconf 82' lang='grc'>51).</span> 
     </span>
     <span class='ocr_line' id='line_1_4' title="bbox 175 476 1819 554; baseline -0.005 -7"><span class='ocrx_word' id='word_1_38' title='bbox 175 497 294 547; x_wconf 90' lang='lat' dir='ltr'><strong>mutetur</strong></span> <span class='ocrx_word' id='word_1_39' title='bbox 304 495 350 542; x_wconf 91' lang='lat' dir='ltr'><strong>aut</strong></span> <span class='ocrx_word' id='word_1_40' title='bbox 358 485 497 541; x_wconf 89' lang='lat' dir='ltr'><strong>minuatur</strong></span> <span class='ocrx_word' id='word_1_41' title='bbox 504 490 616 554; x_wconf 90' lang='lat' dir='ltr'><strong>propter</strong></span> <span class='ocrx_word' id='word_1_42' title='bbox 625 481 863 549; x_wconf 83' lang='lat' dir='ltr'><strong>carnemoleum,</strong></span> <span class='ocrx_word' id='word_1_43' title='bbox 877 480 932 537; x_wconf 90' lang='lat' dir='ltr'><strong>imo</strong></span> <span class='ocrx_word' id='word_1_44' title='bbox 942 485 970 535; x_wconf 91' lang='lat' dir='ltr'><strong>et</strong></span> <span class='ocrx_word' id='word_1_45' title='bbox 1060 484 1086 536; x_wconf 78' lang='lat' dir='ltr'><strong>i.</strong></span> <span class='ocrx_word' id='word_1_46' title='bbox 1105 482 1245 553; x_wconf 88' lang='lat' dir='ltr'><strong>Oquanta</strong></span> <span class='ocrx_word' id='word_1_47' title='bbox 1267 479 1353 536; x_wconf 90' lang='lat' dir='ltr'><strong>virtus</strong></span> <span class='ocrx_word' id='word_1_48' title='bbox 1366 476 1498 550; x_wconf 79' lang='lat' dir='ltr'><strong>unguenti</strong></span> <span class='ocrx_word' id='word_1_49' title='bbox 1520 476 1634 546; x_wconf 87' lang='lat' dir='ltr'><strong>illius,a</strong></span> <span class='ocrx_word' id='word_1_50' title='bbox 1657 480 1735 549; x_wconf 83' lang='lat' dir='ltr'><strong>cujus</strong></span> <span class='ocrx_word' id='word_1_51' title='bbox 1749 480 1819 539; x_wconf 87' lang='lat' dir='ltr'><strong>iacie</strong></span> 
     </span>
     <span class='ocr_line' id='line_1_5' title="bbox 175 567 1820 651; baseline -0.003 -17"><span class='ocrx_word' id='word_1_52' title='bbox 175 584 345 651; x_wconf 76' lang='lat' dir='ltr'><strong>unguentum</strong></span> <span class='ocrx_word' id='word_1_53' title='bbox 359 589 415 629; x_wconf 92' lang='lat' dir='ltr'><strong>non</strong></span> <span class='ocrx_word' id='word_1_54' title='bbox 424 573 459 628; x_wconf 95' lang='lat' dir='ltr'><strong>de</strong></span> <span class='ocrx_word' id='word_1_55' title='bbox 470 571 559 643; x_wconf 91' lang='lat' dir='ltr'><strong>capite</strong></span> <span class='ocrx_word' id='word_1_56' title='bbox 572 579 618 626; x_wconf 90' lang='lat' dir='ltr'><strong>tuo</strong></span> <span class='ocrx_word' id='word_1_57' title='bbox 631 571 762 637; x_wconf 86' lang='lat' dir='ltr'><strong>discedat,</strong></span> <span class='ocrx_word' id='word_1_58' title='bbox 776 570 824 628; x_wconf 91' lang='lat' dir='ltr'><strong>sed</strong></span> <span class='ocrx_word' id='word_1_59' title='bbox 839 571 969 625; x_wconf 80' lang='lat' dir='ltr'><strong>exuberet</strong></span> <span class='ocrx_word' id='word_1_60' title='bbox 1023 569 1204 640; x_wconf 88' lang='lat' dir='ltr'><strong>corruptionis</strong></span> <span class='ocrx_word' id='word_1_61' title='bbox 1229 578 1282 624; x_wconf 92' lang='lat' dir='ltr'><strong>tam</strong></span> <span class='ocrx_word' id='word_1_62' title='bbox 1304 575 1419 623; x_wconf 80' lang='lat' dir='ltr'><strong>vetustae</strong></span> <span class='ocrx_word' id='word_1_63' title='bbox 1442 567 1537 639; x_wconf 87' lang='lat' dir='ltr'><strong>jugum</strong></span> <span class='ocrx_word' id='word_1_64' title='bbox 1566 576 1776 639; x_wconf 80' lang='lat' dir='ltr'><strong>computrescet,</strong></span> <span class='ocrx_word' id='word_1_65' title='bbox 1791 581 1820 629; x_wconf 92' lang='lat' dir='ltr'><strong>et</strong></span> 
     </span>
     <span class='ocr_line' id='line_1_6' title="bbox 175 654 1819 733; baseline -0.005 -11"><span class='ocrx_word' id='word_1_66' title='bbox 175 664 360 722; x_wconf 89' lang='lat' dir='ltr'><strong>etdesceudat</strong></span> <span class='ocrx_word' id='word_1_67' title='bbox 369 677 454 733; x_wconf 90' lang='lat' dir='ltr'><strong>usque</strong></span> <span class='ocrx_word' id='word_1_68' title='bbox 464 660 498 715; x_wconf 91' lang='lat' dir='ltr'><strong>ad</strong></span> <span class='ocrx_word' id='word_1_69' title='bbox 509 660 595 731; x_wconf 90' lang='lat' dir='ltr'><strong>pedes</strong></span> <span class='ocrx_word' id='word_1_70' title='bbox 606 676 613 713; x_wconf 90' lang='lat'>:</span> <span class='ocrx_word' id='word_1_71' title='bbox 625 661 688 731; x_wconf 85' lang='lat' dir='ltr'><strong>quia</strong></span> <span class='ocrx_word' id='word_1_72' title='bbox 699 667 813 731; x_wconf 86' lang='lat' dir='ltr'><strong>utraque</strong></span> <span class='ocrx_word' id='word_1_73' title='bbox 823 659 851 712; x_wconf 91' lang='lat' dir='ltr'><strong>in</strong></span> <span class='ocrx_word' id='word_1_74' title='bbox 862 656 967 713; x_wconf 84' lang='lat' dir='ltr'><strong>Christo</strong></span> <span class='ocrx_word' id='word_1_75' title='bbox 1023 673 1087 714; x_wconf 92' lang='lat' dir='ltr'><strong>caro</strong></span> <span class='ocrx_word' id='word_1_76' title='bbox 1100 673 1161 729; x_wconf 87' lang='lat' dir='ltr'><strong>quae</strong></span> <span class='ocrx_word' id='word_1_77' title='bbox 1174 663 1335 727; x_wconf 88' lang='lat' dir='ltr'><strong>consumpta</strong></span> <span class='ocrx_word' id='word_1_78' title='bbox 1350 655 1400 710; x_wconf 83' lang='lat' dir='ltr'><strong>luit</strong></span> <span class='ocrx_word' id='word_1_79' title='bbox 1414 670 1430 710; x_wconf 92' lang='lat' dir='ltr'><strong>a</strong></span> <span class='ocrx_word' id='word_1_80' title='bbox 1444 654 1593 726; x_wconf 82' lang='lat' dir='ltr'><strong>suppliciis,</strong></span> <span class='ocrx_word' id='word_1_81' title='bbox 1608 665 1761 713; x_wconf 87' lang='lat' dir='ltr'><strong>revertetur</strong></span> <span class='ocrx_word' id='word_1_82' title='bbox 1784 660 1819 715; x_wconf 91' lang='lat' dir='ltr'><strong>ad</strong></span> 
     </span>
     <span class='ocr_line' id='line_1_7' title="bbox 174 742 1819 821; baseline -0.003 -13"><span class='ocrx_word' id='word_1_83' title='bbox 174 755 301 811; x_wconf 85' lang='lat' dir='ltr'><strong>lesunon</strong></span> <span class='ocrx_word' id='word_1_84' title='bbox 311 762 365 807; x_wconf 90' lang='lat' dir='ltr'><strong>tam</strong></span> <span class='ocrx_word' id='word_1_85' title='bbox 380 758 460 805; x_wconf 89' lang='lat' dir='ltr'><strong>uncta</strong></span> <span class='ocrx_word' id='word_1_86' title='bbox 470 763 551 821; x_wconf 87' lang='lat' dir='ltr'><strong>quam</strong></span> <span class='ocrx_word' id='word_1_87' title='bbox 562 747 671 818; x_wconf 83' lang='lat' dir='ltr'><strong>perlusa</strong></span> <span class='ocrx_word' id='word_1_88' title='bbox 682 756 746 803; x_wconf 89' lang='lat' dir='ltr'><strong>sunt</strong></span> <span class='ocrx_word' id='word_1_89' title='bbox 757 755 906 820; x_wconf 91' lang='lat' dir='ltr'><strong>unguento.</strong></span> <span class='ocrx_word' id='word_1_90' title='bbox 923 747 967 799; x_wconf 91' lang='lat' dir='ltr'><strong>ln·</strong></span> <span class='ocrx_word' id='word_1_91' title='bbox 1022 744 1081 800; x_wconf 89' lang='lat' dir='ltr'><strong>dies</strong></span> <span class='ocrx_word' id='word_1_92' title='bbox 1099 742 1290 800; x_wconf 78' lang='lat' dir='ltr'><strong>adolescentiae</strong></span> <span class='ocrx_word' id='word_1_93' title='bbox 1304 759 1369 814; x_wconf 88' lang='lat' dir='ltr'><strong>suae,</strong></span> <span class='ocrx_word' id='word_1_94' title='bbox 1385 742 1574 799; x_wconf 77' lang='lat' dir='ltr'><strong>adolescentia</strong></span> <span class='ocrx_word' id='word_1_95' title='bbox 1589 759 1650 814; x_wconf 87' lang='lat' dir='ltr'><strong>qnae</strong></span> <span class='ocrx_word' id='word_1_96' title='bbox 1665 760 1720 801; x_wconf 93' lang='lat' dir='ltr'><strong>non</strong></span> <span class='ocrx_word' id='word_1_97' title='bbox 1734 745 1819 803; x_wconf 87' lang='lat' dir='ltr'><strong>disce·</strong></span> 
     </span>
     <span class='ocr_line' id='line_1_8' title="bbox 176 831 1817 909; baseline -0.002 -12"><span class='ocrx_word' id='word_1_98' title='bbox 176 848 229 898; x_wconf 92' lang='lat' dir='ltr'><strong>tret</strong></span> <span class='ocrx_word' id='word_1_99' title='bbox 243 842 334 896; x_wconf 91' lang='lat' dir='ltr'><strong>oleum</strong></span> <span class='ocrx_word' id='word_1_100' title='bbox 348 836 477 893; x_wconf 91' lang='lat' dir='ltr'><strong>interiora</strong></span> <span class='ocrx_word' id='word_1_101' title='bbox 491 843 546 902; x_wconf 93' lang='lat' dir='ltr'><strong>tua,</strong></span> <span class='ocrx_word' id='word_1_102' title='bbox 567 835 633 907; x_wconf 89' lang='lat' dir='ltr'><strong>ipsis</strong></span> <span class='ocrx_word' id='word_1_103' title='bbox 652 836 798 891; x_wconf 86' lang='lat' dir='ltr'><strong>imbibatur</strong></span> <span class='ocrx_word' id='word_1_104' title='bbox 812 834 964 905; x_wconf 76' lang='lat' dir='ltr'><strong>affectibus,</strong></span> <span class='ocrx_word' id='word_1_105' title='bbox 1021 832 1067 889; x_wconf 90' lang='lat' dir='ltr'><strong>dat</strong></span> <span class='ocrx_word' id='word_1_106' title='bbox 1081 833 1133 889; x_wconf 89' lang='lat' dir='ltr'><strong>alia</strong></span> <span class='ocrx_word' id='word_1_107' title='bbox 1147 841 1225 890; x_wconf 87' lang='lat' dir='ltr'><strong>aetate</strong></span> <span class='ocrx_word' id='word_1_108' title='bbox 1241 833 1415 891; x_wconf 87' lang='lat' dir='ltr'><strong>succedente.</strong></span> <span class='ocrx_word' id='word_1_109' title='bbox 1437 831 1539 889; x_wconf 83' lang='lat' dir='ltr'><strong>Efficax</strong></span> <span class='ocrx_word' id='word_1_110' title='bbox 1554 834 1665 892; x_wconf 90' lang='lat' dir='ltr'><strong>omnino</strong></span> <span class='ocrx_word' id='word_1_111' title='bbox 1688 851 1817 909; x_wconf 87' lang='lat' dir='ltr'><strong>unguen·</strong></span> 
     </span>
     <span class='ocr_line' id='line_1_9' title="bbox 174 923 1817 996; baseline -0.001 -11"><span class='ocrx_word' id='word_1_112' title='bbox 174 940 204 985; x_wconf 90' lang='lat' dir='ltr'><strong>ut</strong></span> <span class='ocrx_word' id='word_1_113' title='bbox 223 928 368 986; x_wconf 85' lang='lat' dir='ltr'><strong>carnalitas</strong></span> <span class='ocrx_word' id='word_1_114' title='bbox 387 925 475 981; x_wconf 90' lang='lat' dir='ltr'><strong>omnis</strong></span> <span class='ocrx_word' id='word_1_115' title='bbox 494 925 522 979; x_wconf 92' lang='lat' dir='ltr'><strong>in</strong></span> <span class='ocrx_word' id='word_1_116' title='bbox 545 931 571 980; x_wconf 92' lang='lat' dir='ltr'><strong>te</strong></span> <span class='ocrx_word' id='word_1_117' title='bbox 594 932 711 980; x_wconf 89' lang='lat' dir='ltr'><strong>mutetur</strong></span> <span class='ocrx_word' id='word_1_118' title='bbox 735 932 846 995; x_wconf 89' lang='lat' dir='ltr'><strong>propter</strong></span> <span class='ocrx_word' id='word_1_119' title='bbox 862 923 964 979; x_wconf 90' lang='lat' dir='ltr'><strong>oleum.</strong></span> <span class='ocrx_word' id='word_1_120' title='bbox 1022 929 1089 988; x_wconf 92' lang='lat' dir='ltr'><strong>tum,</strong></span> <span class='ocrx_word' id='word_1_121' title='bbox 1105 939 1156 994; x_wconf 90' lang='lat' dir='ltr'><strong>per</strong></span> <span class='ocrx_word' id='word_1_122' title='bbox 1169 924 1242 995; x_wconf 90' lang='lat' dir='ltr'><strong>quod</strong></span> <span class='ocrx_word' id='word_1_123' title='bbox 1256 932 1311 977; x_wconf 92' lang='lat' dir='ltr'><strong>tam</strong></span> <span class='ocrx_word' id='word_1_124' title='bbox 1325 923 1475 979; x_wconf 85' lang='lat' dir='ltr'><strong>inueterata</strong></span> <span class='ocrx_word' id='word_1_125' title='bbox 1490 923 1631 978; x_wconf 90' lang='lat' dir='ltr'><strong>sanabitur</strong></span> <span class='ocrx_word' id='word_1_126' title='bbox 1641 926 1777 996; x_wconf 88' lang='lat' dir='ltr'><strong>contritio,</strong></span> <span class='ocrx_word' id='word_1_127' title='bbox 1789 937 1817 983; x_wconf 88' lang='lat' dir='ltr'><strong>et</strong></span> 
     </span>
     <span class='ocr_line' id='line_1_10' title="bbox 173 1010 1816 1085; baseline -0.001 -13"><span class='ocrx_word' id='word_1_128' title='bbox 173 1018 233 1073; x_wconf 85' lang='lat' dir='ltr'><strong>Erit</strong></span> <span class='ocrx_word' id='word_1_129' title='bbox 259 1015 331 1071; x_wconf 90' lang='lat' dir='ltr'><strong>enim</strong></span> <span class='ocrx_word' id='word_1_130' title='bbox 359 1012 468 1085; x_wconf 88' lang='lat' dir='ltr'><strong>quando</strong></span> <span class='ocrx_word' id='word_1_131' title='bbox 497 1018 525 1066; x_wconf 92' lang='lat' dir='ltr'><strong>et</strong></span> <span class='ocrx_word' id='word_1_132' title='bbox 552 1026 616 1067; x_wconf 95' lang='grc' dir='ltr'><strong>οπο</strong></span> <span class='ocrx_word' id='word_1_133' title='bbox 644 1011 831 1066; x_wconf 78' lang='lat' dir='ltr'><strong>immutabitur</strong></span> <span class='ocrx_word' id='word_1_134' title='bbox 853 1019 965 1083; x_wconf 90' lang='lat' dir='ltr'><strong>propter</strong></span> <span class='ocrx_word' id='word_1_135' title='bbox 1021 1018 1075 1066; x_wconf 90' lang='lat' dir='ltr'><strong>tam</strong></span> <span class='ocrx_word' id='word_1_136' title='bbox 1102 1027 1206 1067; x_wconf 88' lang='lat' dir='ltr'><strong>annosa</strong></span> <span class='ocrx_word' id='word_1_137' title='bbox 1233 1012 1324 1067; x_wconf 87' lang='lat' dir='ltr'><strong>sanies</strong></span> <span class='ocrx_word' id='word_1_138' title='bbox 1354 1012 1382 1066; x_wconf 93' lang='lat' dir='ltr'><strong>in</strong></span> <span class='ocrx_word' id='word_1_139' title='bbox 1411 1010 1555 1066; x_wconf 90' lang='lat' dir='ltr'><strong>sanitatem</strong></span> <span class='ocrx_word' id='word_1_140' title='bbox 1582 1011 1816 1085; x_wconf 89' lang='lat' dir='ltr'><strong>incorruptibilem</strong></span> 
     </span>
     <span class='ocr_line' id='line_1_11' title="bbox 174 1098 1816 1184; baseline -0.002 -23"><span class='ocrx_word' id='word_1_141' title='bbox 174 1105 273 1162; x_wconf 88' lang='lat' dir='ltr'><strong>oleum.</strong></span> <span class='ocrx_word' id='word_1_142' title='bbox 291 1104 393 1159; x_wconf 88' lang='lat' dir='ltr'><strong>Unctus</strong></span> <span class='ocrx_word' id='word_1_143' title='bbox 407 1109 451 1156; x_wconf 92' lang='lat' dir='ltr'><strong>est</strong></span> <span class='ocrx_word' id='word_1_144' title='bbox 465 1107 492 1155; x_wconf 92' lang='lat' dir='ltr'><strong>et</strong></span> <span class='ocrx_word' id='word_1_145' title='bbox 506 1099 632 1170; x_wconf 87' lang='lat' dir='ltr'><strong>perfusus</strong></span> <span class='ocrx_word' id='word_1_146' title='bbox 645 1099 814 1155; x_wconf 83' lang='lat' dir='ltr'><strong>oleolaetitiae</strong></span> <span class='ocrx_word' id='word_1_147' title='bbox 828 1115 886 1169; x_wconf 80' lang='lat' dir='ltr'><strong>prta</strong></span> <span class='ocrx_word' id='word_1_148' title='bbox 899 1115 964 1154; x_wconf 90' lang='lat' dir='ltr'><strong>con·</strong></span> <span class='ocrx_word' id='word_1_149' title='bbox 1019 1107 1203 1155; x_wconf 86' lang='lat' dir='ltr'><strong>convertetur.</strong></span> <span class='ocrx_word' id='word_1_150' title='bbox 1227 1099 1359 1155; x_wconf 86' lang='lat' dir='ltr'><strong>Ecclesiae</strong></span> <span class='ocrx_word' id='word_1_151' title='bbox 1380 1098 1522 1169; x_wconf 92' lang='lat' dir='ltr'><strong>proprium</strong></span> <span class='ocrx_word' id='word_1_152' title='bbox 1546 1107 1588 1154; x_wconf 86' lang='lat' dir='ltr'><strong>est</strong></span> <span class='ocrx_word' id='word_1_153' title='bbox 1614 1100 1666 1156; x_wconf 88' lang='lat' dir='ltr'><strong>boc</strong></span> <span class='ocrx_word' id='word_1_154' title='bbox 1690 1118 1816 1184; x_wconf 80' lang='lat' dir='ltr'><strong>unguen·</strong></span> 
     </span>
     <span class='ocr_line' id='line_1_12' title="bbox 172 1185 1814 1261; baseline -0.001 -12"><span class='ocrx_word' id='word_1_155' title='bbox 172 1193 292 1249; x_wconf 88' lang='lat' dir='ltr'><strong>sortibus</strong></span> <span class='ocrx_word' id='word_1_156' title='bbox 306 1190 363 1246; x_wconf 87' lang='lat' dir='ltr'><strong>suis</strong></span> <span class='ocrx_word' id='word_1_157' title='bbox 381 1189 467 1260; x_wconf 84' lang='lat' dir='ltr'><strong>(Psoi.</strong></span> <span class='ocrx_word' id='word_1_158' title='bbox 484 1202 560 1256; x_wconf 86' lang='lat' dir='ltr'><strong>xstv,</strong></span> <span class='ocrx_word' id='word_1_159' title='bbox 578 1188 616 1257; x_wconf 84' lang='lat'><strong>8).</strong></span> <span class='ocrx_word' id='word_1_160' title='bbox 627 1187 690 1243; x_wconf 90' lang='lat' dir='ltr'><strong>ldeo</strong></span> <span class='ocrx_word' id='word_1_161' title='bbox 704 1188 778 1242; x_wconf 88' lang='lat' dir='ltr'><strong>solus</strong></span> <span class='ocrx_word' id='word_1_162' title='bbox 792 1196 855 1242; x_wconf 91' lang='lat' dir='ltr'><strong>ante</strong></span> <span class='ocrx_word' id='word_1_163' title='bbox 870 1203 963 1242; x_wconf 92' lang='lat' dir='ltr'><strong>resur·</strong></span> <span class='ocrx_word' id='word_1_164' title='bbox 1020 1195 1077 1241; x_wconf 91' lang='lat' dir='ltr'><strong>tum</strong></span> <span class='ocrx_word' id='word_1_165' title='bbox 1094 1201 1100 1240; x_wconf 94' lang='lat'><strong>:</strong></span> <span class='ocrx_word' id='word_1_166' title='bbox 1116 1187 1178 1242; x_wconf 93' lang='lat' dir='ltr'><strong>ideo</strong></span> <span class='ocrx_word' id='word_1_167' title='bbox 1192 1188 1337 1242; x_wconf 87' lang='lat' dir='ltr'><strong>Christiani</strong></span> <span class='ocrx_word' id='word_1_168' title='bbox 1351 1186 1477 1243; x_wconf 91' lang='lat' dir='ltr'><strong>dicuntur</strong></span> <span class='ocrx_word' id='word_1_169' title='bbox 1487 1185 1535 1240; x_wconf 83' lang='lat' dir='ltr'><strong>filii</strong></span> <span class='ocrx_word' id='word_1_170' title='bbox 1544 1189 1604 1258; x_wconf 77' lang='lat' dir='ltr'><strong>eJus</strong></span> <span class='ocrx_word' id='word_1_171' title='bbox 1618 1188 1755 1261; x_wconf 85' lang='lat' dir='ltr'><strong>aSponso</strong></span> <span class='ocrx_word' id='word_1_172' title='bbox 1766 1206 1814 1247; x_wconf 92' lang='lat' dir='ltr'><strong>suo</strong></span> 
     </span>
     <span class='ocr_line' id='line_1_13' title="bbox 174 1274 1813 1350; baseline -0.002 -14"><span class='ocrx_word' id='word_1_173' title='bbox 174 1280 303 1338; x_wconf 86' lang='lat' dir='ltr'><strong>rectionis</strong></span> <span class='ocrx_word' id='word_1_174' title='bbox 316 1288 422 1350; x_wconf 91' lang='lat' dir='ltr'><strong>tempus</strong></span> <span class='ocrx_word' id='word_1_175' title='bbox 436 1277 527 1333; x_wconf 88' lang='lat' dir='ltr'><strong>dicere</strong></span> <span class='ocrx_word' id='word_1_176' title='bbox 541 1277 627 1347; x_wconf 91' lang='lat' dir='ltr'><strong>potuit</strong></span> <span class='ocrx_word' id='word_1_177' title='bbox 640 1291 646 1330; x_wconf 92' lang='lat'>:</span> <span class='ocrx_word' id='word_1_178' title='bbox 660 1279 964 1334; x_wconf 81' lang='lat' dir='ltr'><strong>Coromauimrnutaio</strong></span> <span class='ocrx_word' id='word_1_179' title='bbox 1019 1274 1136 1340; x_wconf 89' lang='lat' dir='ltr'><strong>Christo,</strong></span> <span class='ocrx_word' id='word_1_180' title='bbox 1152 1274 1236 1329; x_wconf 89' lang='lat' dir='ltr'><strong>idest</strong></span> <span class='ocrx_word' id='word_1_181' title='bbox 1258 1280 1348 1329; x_wconf 88' lang='lat' dir='ltr'><strong>uncto.</strong></span> <span class='ocrx_word' id='word_1_182' title='bbox 1366 1274 1401 1327; x_wconf 81' lang='lat' dir='ltr'><strong>Et</strong></span> <span class='ocrx_word' id='word_1_183' title='bbox 1424 1275 1481 1343; x_wconf 89' lang='lat' dir='ltr'><strong>jam</strong></span> <span class='ocrx_word' id='word_1_184' title='bbox 1504 1275 1659 1345; x_wconf 89' lang='lat' dir='ltr'><strong>accepimus</strong></span> <span class='ocrx_word' id='word_1_185' title='bbox 1684 1276 1736 1332; x_wconf 91' lang='lat' dir='ltr'><strong>boc</strong></span> <span class='ocrx_word' id='word_1_186' title='bbox 1759 1294 1813 1333; x_wconf 92' lang='lat' dir='ltr'><strong>un-</strong></span> 
     </span>
     <span class='ocr_line' id='line_1_14' title="bbox 173 1361 1814 1442; baseline -0.004 -14"><span class='ocrx_word' id='word_1_187' title='bbox 173 1375 342 1442; x_wconf 70' lang='lat' dir='ltr'><strong>eapropter</strong></span> <span class='ocrx_word' id='word_1_188' title='bbox 358 1369 451 1424; x_wconf 85' lang='lat' dir='ltr'><strong>oleum</strong></span> <span class='ocrx_word' id='word_1_189' title='bbox 465 1366 555 1438; x_wconf 83' lang='lat' dir='ltr'><strong>(Psoi.</strong></span> <span class='ocrx_word' id='word_1_190' title='bbox 568 1381 645 1432; x_wconf 84' lang='lat' dir='ltr'><strong>cuttu,</strong></span> <span class='ocrx_word' id='word_1_191' title='bbox 661 1368 717 1436; x_wconf 78' lang='grc'>24).</span> <span class='ocrx_word' id='word_1_192' title='bbox 731 1366 795 1421; x_wconf 85' lang='lat' dir='ltr'><strong>lure</strong></span> <span class='ocrx_word' id='word_1_193' title='bbox 809 1365 964 1435; x_wconf 86' lang='lat' dir='ltr'><strong>anticipavit</strong></span> <span class='ocrx_word' id='word_1_194' title='bbox 1018 1371 1150 1435; x_wconf 92' lang='lat' dir='ltr'><strong>guentum</strong></span> <span class='ocrx_word' id='word_1_195' title='bbox 1165 1363 1193 1417; x_wconf 92' lang='lat' dir='ltr'><strong>in</strong></span> <span class='ocrx_word' id='word_1_196' title='bbox 1207 1362 1382 1433; x_wconf 89' lang='lat' dir='ltr'><strong>Baptismate.</strong></span> <span class='ocrx_word' id='word_1_197' title='bbox 1397 1362 1450 1417; x_wconf 88' lang='lat' dir='ltr'><strong>Sed</strong></span> <span class='ocrx_word' id='word_1_198' title='bbox 1471 1361 1540 1417; x_wconf 89' lang='lat' dir='ltr'><strong>sicut</strong></span> <span class='ocrx_word' id='word_1_199' title='bbox 1554 1362 1593 1418; x_wconf 89' lang='lat' dir='ltr'><strong>ibi</strong></span> <span class='ocrx_word' id='word_1_200' title='bbox 1608 1374 1750 1435; x_wconf 90' lang='lat' dir='ltr'><strong>operatum</strong></span> <span class='ocrx_word' id='word_1_201' title='bbox 1772 1374 1814 1422; x_wconf 87' lang='lat' dir='ltr'><strong>est</strong></span> 
     </span>
     <span class='ocr_line' id='line_1_15' title="bbox 172 1449 1813 1525; baseline -0.002 -12"><span class='ocrx_word' id='word_1_202' title='bbox 172 1457 324 1513; x_wconf 90' lang='lat' dir='ltr'><strong>communis</strong></span> <span class='ocrx_word' id='word_1_203' title='bbox 359 1456 454 1510; x_wconf 89' lang='lat' dir='ltr'><strong>boram</strong></span> <span class='ocrx_word' id='word_1_204' title='bbox 485 1453 680 1510; x_wconf 86' lang='lat' dir='ltr'><strong>immutationis</strong></span> <span class='ocrx_word' id='word_1_205' title='bbox 706 1468 771 1509; x_wconf 88' lang='lat' dir='ltr'><strong>caro</strong></span> <span class='ocrx_word' id='word_1_206' title='bbox 792 1452 921 1508; x_wconf 89' lang='lat' dir='ltr'><strong>immunis</strong></span> <span class='ocrx_word' id='word_1_207' title='bbox 947 1470 963 1509; x_wconf 92' lang='lat' dir='ltr'><strong>a</strong></span> <span class='ocrx_word' id='word_1_208' title='bbox 1018 1452 1052 1507; x_wconf 88' lang='lat' dir='ltr'><strong>ad</strong></span> <span class='ocrx_word' id='word_1_209' title='bbox 1067 1450 1373 1519; x_wconf 88' lang='lat' dir='ltr'><strong>sanctiticationem,ita</strong></span> <span class='ocrx_word' id='word_1_210' title='bbox 1392 1450 1461 1506; x_wconf 89' lang='lat' dir='ltr'><strong>etin</strong></span> <span class='ocrx_word' id='word_1_211' title='bbox 1480 1449 1533 1507; x_wconf 85' lang='lat' dir='ltr'><strong>fine</strong></span> <span class='ocrx_word' id='word_1_212' title='bbox 1549 1458 1813 1525; x_wconf 87' lang='lat' dir='ltr'><strong>temporumopera-</strong></span> 
     </span>
     <span class='ocr_line' id='line_1_16' title="bbox 171 1539 1813 1614; baseline -0.002 -14"><span class='ocrx_word' id='word_1_213' title='bbox 171 1543 379 1601; x_wconf 90' lang='lat' dir='ltr'><strong>carnalitate.0</strong></span> <span class='ocrx_word' id='word_1_214' title='bbox 402 1543 469 1598; x_wconf 92' lang='lat' dir='ltr'><strong>bora</strong></span> <span class='ocrx_word' id='word_1_215' title='bbox 491 1541 627 1612; x_wconf 89' lang='lat' dir='ltr'><strong>optabilis,</strong></span> <span class='ocrx_word' id='word_1_216' title='bbox 648 1557 664 1597; x_wconf 97' lang='grc' dir='ltr'><strong>ο</strong></span> <span class='ocrx_word' id='word_1_217' title='bbox 687 1541 766 1598; x_wconf 88' lang='lat' dir='ltr'><strong>dulce</strong></span> <span class='ocrx_word' id='word_1_218' title='bbox 782 1551 960 1614; x_wconf 80' lang='lat' dir='ltr'><strong>unguentum,</strong></span> <span class='ocrx_word' id='word_1_219' title='bbox 1017 1540 1090 1595; x_wconf 91' lang='lat' dir='ltr'><strong>bitur</strong></span> <span class='ocrx_word' id='word_1_220' title='bbox 1112 1540 1147 1594; x_wconf 90' lang='lat' dir='ltr'><strong>ad</strong></span> <span class='ocrx_word' id='word_1_221' title='bbox 1170 1539 1318 1614; x_wconf 87' lang='lat' dir='ltr'><strong>gloriosam</strong></span> <span class='ocrx_word' id='word_1_222' title='bbox 1341 1539 1417 1595; x_wconf 92' lang='lat' dir='ltr'><strong>illam</strong></span> <span class='ocrx_word' id='word_1_223' title='bbox 1443 1541 1676 1608; x_wconf 86' lang='lat' dir='ltr'><strong>immutationem,</strong></span> <span class='ocrx_word' id='word_1_224' title='bbox 1703 1543 1813 1613; x_wconf 87' lang='lat' dir='ltr'><strong>quando</strong></span> 
     </span>
     <span class='ocr_line' id='line_1_17' title="bbox 172 1628 1809 1745; baseline -0.001 -57"><span class='ocrx_word' id='word_1_225' title='bbox 172 1635 280 1705; x_wconf 86' lang='lat' dir='ltr'><strong>quando</strong></span> <span class='ocrx_word' id='word_1_226' title='bbox 294 1640 322 1687; x_wconf 91' lang='lat' dir='ltr'><strong>et</strong></span> <span class='ocrx_word' id='word_1_227' title='bbox 339 1647 390 1702; x_wconf 91' lang='lat' dir='ltr'><strong>per</strong></span> <span class='ocrx_word' id='word_1_228' title='bbox 408 1631 482 1701; x_wconf 89' lang='lat' dir='ltr'><strong>quod</strong></span> <span class='ocrx_word' id='word_1_229' title='bbox 500 1646 565 1686; x_wconf 92' lang='lat' dir='ltr'><strong>caro</strong></span> <span class='ocrx_word' id='word_1_230' title='bbox 586 1629 718 1687; x_wconf 89' lang='lat' dir='ltr'><strong>dissoluta</strong></span> <span class='ocrx_word' id='word_1_231' title='bbox 731 1631 860 1686; x_wconf 86' lang='lat' dir='ltr'><strong>ascendet</strong></span> <span class='ocrx_word' id='word_1_232' title='bbox 875 1630 903 1685; x_wconf 91' lang='lat' dir='ltr'><strong>in</strong></span> <span class='ocrx_word' id='word_1_233' title='bbox 916 1631 961 1684; x_wconf 89' lang='lat' dir='ltr'><strong>in·</strong></span> <span class='ocrx_word' id='word_1_234' title='bbox 979 1667 1002 1745; x_wconf 68' lang='grc' dir='ltr'><strong><em>Β</em></strong></span> <span class='ocrx_word' id='word_1_235' title='bbox 1016 1645 1080 1686; x_wconf 89' lang='grc' dir='ltr'><strong>οπο</strong></span> <span class='ocrx_word' id='word_1_236' title='bbox 1091 1629 1233 1684; x_wconf 89' lang='lat' dir='ltr'><strong>immutata</strong></span> <span class='ocrx_word' id='word_1_237' title='bbox 1248 1629 1299 1684; x_wconf 88' lang='lat' dir='ltr'><strong>erit</strong></span> <span class='ocrx_word' id='word_1_238' title='bbox 1313 1635 1431 1701; x_wconf 88' lang='lat' dir='ltr'><strong>propter</strong></span> <span class='ocrx_word' id='word_1_239' title='bbox 1446 1630 1546 1685; x_wconf 89' lang='lat' dir='ltr'><strong>oleum.</strong></span> <span class='ocrx_word' id='word_1_240' title='bbox 1563 1628 1630 1696; x_wconf 81' lang='lat' dir='ltr'><strong>Quis</strong></span> <span class='ocrx_word' id='word_1_241' title='bbox 1651 1630 1702 1686; x_wconf 90' lang='lat' dir='ltr'><strong>scit</strong></span> <span class='ocrx_word' id='word_1_242' title='bbox 1718 1631 1809 1687; x_wconf 89' lang='lat' dir='ltr'><strong>sinon</strong></span> 
     </span>
     <span class='ocr_line' id='line_1_18' title="bbox 171 1716 1811 1792; baseline -0.002 -15"><span class='ocrx_word' id='word_1_243' title='bbox 171 1718 389 1792; x_wconf 90' lang='lat' dir='ltr'><strong>corruptionem!</strong></span> <span class='ocrx_word' id='word_1_244' title='bbox 415 1719 486 1772; x_wconf 91' lang='lat' dir='ltr'><strong>Nam</strong></span> <span class='ocrx_word' id='word_1_245' title='bbox 505 1727 567 1773; x_wconf 88' lang='lat' dir='ltr'><strong>unte</strong></span> <span class='ocrx_word' id='word_1_246' title='bbox 585 1716 662 1772; x_wconf 92' lang='lat' dir='ltr'><strong>illum</strong></span> <span class='ocrx_word' id='word_1_247' title='bbox 675 1725 775 1773; x_wconf 90' lang='lat' dir='ltr'><strong>statum</strong></span> <span class='ocrx_word' id='word_1_248' title='bbox 789 1719 883 1790; x_wconf 88' lang='lat' dir='ltr'><strong>quidni</strong></span> <span class='ocrx_word' id='word_1_249' title='bbox 896 1719 962 1775; x_wconf 90' lang='lat' dir='ltr'><strong>des·</strong></span> <span class='ocrx_word' id='word_1_250' title='bbox 1015 1718 1123 1773; x_wconf 91' lang='lat' dir='ltr'><strong>interim</strong></span> <span class='ocrx_word' id='word_1_251' title='bbox 1150 1719 1263 1773; x_wconf 91' lang='lat' dir='ltr'><strong>morbus</strong></span> <span class='ocrx_word' id='word_1_252' title='bbox 1287 1717 1391 1772; x_wconf 90' lang='lat' dir='ltr'><strong>sinatur</strong></span> <span class='ocrx_word' id='word_1_253' title='bbox 1409 1717 1550 1783; x_wconf 81' lang='lat' dir='ltr'><strong>desaevire,</strong></span> <span class='ocrx_word' id='word_1_254' title='bbox 1576 1725 1604 1772; x_wconf 93' lang='lat' dir='ltr'><strong>ut</strong></span> <span class='ocrx_word' id='word_1_255' title='bbox 1626 1732 1660 1772; x_wconf 88' lang='lat' dir='ltr'><strong>cx</strong></span> <span class='ocrx_word' id='word_1_256' title='bbox 1683 1718 1811 1775; x_wconf 85' lang='lat' dir='ltr'><strong>violentia</strong></span> 
     </span>
     <span class='ocr_line' id='line_1_19' title="bbox 170 1804 1810 1878; baseline -0.004 -13"><span class='ocrx_word' id='word_1_257' title='bbox 170 1808 304 1865; x_wconf 89' lang='lat' dir='ltr'><strong>cendatin</strong></span> <span class='ocrx_word' id='word_1_258' title='bbox 320 1805 538 1877; x_wconf 81' lang='lat' dir='ltr'><strong>corruptionem?</strong></span> <span class='ocrx_word' id='word_1_259' title='bbox 1016 1806 1105 1862; x_wconf 90' lang='lat' dir='ltr'><strong>morbi</strong></span> <span class='ocrx_word' id='word_1_260' title='bbox 1127 1807 1212 1863; x_wconf 82' lang='lat' dir='ltr'><strong>virtus</strong></span> <span class='ocrx_word' id='word_1_261' title='bbox 1235 1805 1388 1861; x_wconf 90' lang='lat' dir='ltr'><strong>declaretur</strong></span> <span class='ocrx_word' id='word_1_262' title='bbox 1410 1804 1545 1861; x_wconf 75' lang='lat' dir='ltr'><strong>remedii?</strong></span> <span class='ocrx_word' id='word_1_263' title='bbox 1567 1806 1642 1860; x_wconf 90' lang='lat' dir='ltr'><strong>Bene</strong></span> <span class='ocrx_word' id='word_1_264' title='bbox 1665 1821 1732 1878; x_wconf 85' lang='lat' dir='ltr'><strong>ergo</strong></span> <span class='ocrx_word' id='word_1_265' title='bbox 1756 1822 1810 1860; x_wconf 91' lang='lat' dir='ltr'><strong>un·</strong></span> 
     </span>
     <span class='ocr_line' id='line_1_20' title="bbox 206 1892 1809 1968; baseline -0.001 -16"><span class='ocrx_word' id='word_1_266' title='bbox 206 1901 233 1952; x_wconf 83' lang='lat'><strong>3.</strong></span> <span class='ocrx_word' id='word_1_267' title='bbox 249 1895 361 1952; x_wconf 86' lang='lat' dir='ltr'><strong>Vidistis</strong></span> <span class='ocrx_word' id='word_1_268' title='bbox 376 1895 503 1950; x_wconf 91' lang='lat' dir='ltr'><strong>hesterno</strong></span> <span class='ocrx_word' id='word_1_269' title='bbox 518 1893 573 1965; x_wconf 92' lang='lat' dir='ltr'><strong>die,</strong></span> <span class='ocrx_word' id='word_1_270' title='bbox 593 1894 700 1962; x_wconf 84' lang='lat' dir='ltr'><strong>tratres,</strong></span> <span class='ocrx_word' id='word_1_271' title='bbox 716 1893 858 1965; x_wconf 83' lang='lat' dir='ltr'><strong>aspexistis</strong></span> <span class='ocrx_word' id='word_1_272' title='bbox 872 1892 962 1965; x_wconf 79' lang='lat' dir='ltr'><strong>lacry-</strong></span> <span class='ocrx_word' id='word_1_273' title='bbox 1015 1898 1111 1968; x_wconf 80' lang='lat' dir='ltr'><strong>guenti</strong></span> <span class='ocrx_word' id='word_1_274' title='bbox 1126 1897 1206 1966; x_wconf 87' lang='lat' dir='ltr'><strong>hujus</strong></span> <span class='ocrx_word' id='word_1_275' title='bbox 1219 1895 1288 1950; x_wconf 88' lang='lat' dir='ltr'><strong>odor</strong></span> <span class='ocrx_word' id='word_1_276' title='bbox 1310 1895 1524 1961; x_wconf 87' lang='lat' dir='ltr'><strong>commendatur,</strong></span> <span class='ocrx_word' id='word_1_277' title='bbox 1540 1911 1573 1950; x_wconf 93' lang='lat' dir='ltr'><strong>eo</strong></span> <span class='ocrx_word' id='word_1_278' title='bbox 1597 1893 1669 1966; x_wconf 88' lang='lat' dir='ltr'><strong>quod</strong></span> <span class='ocrx_word' id='word_1_279' title='bbox 1691 1895 1809 1967; x_wconf 89' lang='lat' dir='ltr'><strong>gratiam</strong></span> 
     </span>
     <span class='ocr_line' id='line_1_21' title="bbox 169 1981 1809 2054; baseline -0.001 -15"><span class='ocrx_word' id='word_1_280' title='bbox 169 1984 314 2040; x_wconf 78' lang='lat' dir='ltr'><strong>mobilibus</strong></span> <span class='ocrx_word' id='word_1_281' title='bbox 341 1981 428 2039; x_wconf 93' lang='lat' dir='ltr'><strong>oculis</strong></span> <span class='ocrx_word' id='word_1_282' title='bbox 454 1998 564 2038; x_wconf 91' lang='lat' dir='ltr'><strong>carnem</strong></span> <span class='ocrx_word' id='word_1_283' title='bbox 601 1982 729 2038; x_wconf 89' lang='lat' dir='ltr'><strong>miseram</strong></span> <span class='ocrx_word' id='word_1_284' title='bbox 760 1991 960 2051; x_wconf 89' lang='lat' dir='ltr'><strong>commutatam,</strong></span> <span class='ocrx_word' id='word_1_285' title='bbox 1015 1987 1085 2054; x_wconf 79' lang='lat' dir='ltr'><strong>eJ‘us,</strong></span> <span class='ocrx_word' id='word_1_286' title='bbox 1101 2001 1132 2041; x_wconf 92' lang='lat' dir='ltr'><strong>ac</strong></span> <span class='ocrx_word' id='word_1_287' title='bbox 1148 1984 1170 2040; x_wconf 91' lang='lat' dir='ltr'><strong>si</strong></span> <span class='ocrx_word' id='word_1_288' title='bbox 1185 1985 1220 2039; x_wconf 94' lang='lat' dir='ltr'><strong>de</strong></span> <span class='ocrx_word' id='word_1_289' title='bbox 1233 1984 1314 2054; x_wconf 90' lang='lat' dir='ltr'><strong>longe</strong></span> <span class='ocrx_word' id='word_1_290' title='bbox 1339 1983 1437 2050; x_wconf 89' lang='lat' dir='ltr'><strong>adhuc,</strong></span> <span class='ocrx_word' id='word_1_291' title='bbox 1454 1982 1610 2038; x_wconf 85' lang='lat' dir='ltr'><strong>odoramur.</strong></span> <span class='ocrx_word' id='word_1_292' title='bbox 1634 1982 1712 2052; x_wconf 80' lang='lat' dir='ltr'><strong>Quod</strong></span> <span class='ocrx_word' id='word_1_293' title='bbox 1735 1982 1809 2038; x_wconf 89' lang='lat' dir='ltr'><strong>aliud</strong></span> 
     </span>
     <span class='ocr_line' id='line_1_22' title="bbox 169 2070 1808 2142; baseline -0.002 -12"><span class='ocrx_word' id='word_1_294' title='bbox 169 2089 281 2130; x_wconf 89' lang='lat' dir='ltr'><strong>carnem</strong></span> <span class='ocrx_word' id='word_1_295' title='bbox 304 2073 515 2129; x_wconf 89' lang='lat' dir='ltr'><strong>descendentem</strong></span> <span class='ocrx_word' id='word_1_296' title='bbox 538 2071 573 2127; x_wconf 92' lang='lat' dir='ltr'><strong>de</strong></span> <span class='ocrx_word' id='word_1_297' title='bbox 600 2070 825 2142; x_wconf 85' lang='lat' dir='ltr'><strong>corruptibilitate</strong></span> <span class='ocrx_word' id='word_1_298' title='bbox 847 2073 876 2126; x_wconf 92' lang='lat' dir='ltr'><strong>in</strong></span> <span class='ocrx_word' id='word_1_299' title='bbox 901 2086 963 2128; x_wconf 93' lang='lat' dir='ltr'><strong>cor·</strong></span> <span class='ocrx_word' id='word_1_300' title='bbox 1015 2072 1093 2127; x_wconf 89' lang='lat' dir='ltr'><strong>dabis</strong></span> <span class='ocrx_word' id='word_1_301' title='bbox 1108 2072 1257 2127; x_wconf 87' lang='lat' dir='ltr'><strong>antidotum</strong></span> <span class='ocrx_word' id='word_1_302' title='bbox 1272 2079 1326 2125; x_wconf 86' lang='lat' dir='ltr'><strong>turn</strong></span> <span class='ocrx_word' id='word_1_303' title='bbox 1341 2070 1439 2126; x_wconf 83' lang='lat' dir='ltr'><strong>efficax</strong></span> <span class='ocrx_word' id='word_1_304' title='bbox 1453 2072 1486 2126; x_wconf 91' lang='lat' dir='ltr'><strong>ad</strong></span> <span class='ocrx_word' id='word_1_305' title='bbox 1503 2070 1681 2142; x_wconf 89' lang='lat' dir='ltr'><strong>mitigandum</strong></span> <span class='ocrx_word' id='word_1_306' title='bbox 1699 2087 1808 2128; x_wconf 91' lang='lat' dir='ltr'><strong>omnem</strong></span> 
     </span>
     <span class='ocr_line' id='line_1_23' title="bbox 169 2157 1810 2234; baseline -0.001 -17"><span class='ocrx_word' id='word_1_307' title='bbox 169 2162 323 2234; x_wconf 91' lang='lat' dir='ltr'><strong>ruptionem</strong></span> <span class='ocrx_word' id='word_1_308' title='bbox 345 2181 352 2216; x_wconf 91' lang='lat'>:</span> <span class='ocrx_word' id='word_1_309' title='bbox 374 2169 403 2216; x_wconf 87' lang='lat' dir='ltr'><strong>et</strong></span> <span class='ocrx_word' id='word_1_310' title='bbox 424 2158 535 2231; x_wconf 89' lang='lat' dir='ltr'><strong>quidem</strong></span> <span class='ocrx_word' id='word_1_311' title='bbox 562 2159 628 2215; x_wconf 88' lang='lat' dir='ltr'><strong>satis</strong></span> <span class='ocrx_word' id='word_1_312' title='bbox 652 2160 725 2215; x_wconf 90' lang='lat' dir='ltr'><strong>lente</strong></span> <span class='ocrx_word' id='word_1_313' title='bbox 747 2168 774 2214; x_wconf 88' lang='lat' dir='ltr'><strong>et</strong></span> <span class='ocrx_word' id='word_1_314' title='bbox 796 2175 858 2216; x_wconf 92' lang='lat' dir='ltr'><strong>cum</strong></span> <span class='ocrx_word' id='word_1_315' title='bbox 885 2176 963 2216; x_wconf 89' lang='lat' dir='ltr'><strong>ntora</strong></span> <span class='ocrx_word' id='word_1_316' title='bbox 1015 2159 1125 2227; x_wconf 89' lang='lat' dir='ltr'><strong>mentis,</strong></span> <span class='ocrx_word' id='word_1_317' title='bbox 1150 2175 1211 2231; x_wconf 73' lang='lat' dir='ltr'><strong>quae</strong></span> <span class='ocrx_word' id='word_1_318' title='bbox 1233 2165 1323 2230; x_wconf 88' lang='lat' dir='ltr'><strong>potest</strong></span> <span class='ocrx_word' id='word_1_319' title='bbox 1342 2157 1478 2226; x_wconf 87' lang='lat' dir='ltr'><strong>accidere,</strong></span> <span class='ocrx_word' id='word_1_320' title='bbox 1503 2158 1712 2228; x_wconf 83' lang='lat' dir='ltr'><strong>desolationem,</strong></span> <span class='ocrx_word' id='word_1_321' title='bbox 1741 2175 1810 2230; x_wconf 88' lang='lat' dir='ltr'><strong>quo·</strong></span> 
     </span>
     <span class='ocr_line' id='line_1_24' title="bbox 169 2247 1811 2320; baseline -0.002 -14"><span class='ocrx_word' id='word_1_322' title='bbox 169 2251 394 2315; x_wconf 86' lang='lat' dir='ltr'><strong>descendentem,</strong></span> <span class='ocrx_word' id='word_1_323' title='bbox 410 2264 461 2305; x_wconf 91' lang='lat' dir='ltr'><strong>nec</strong></span> <span class='ocrx_word' id='word_1_324' title='bbox 474 2263 554 2319; x_wconf 90' lang='lat' dir='ltr'><strong>posse</strong></span> <span class='ocrx_word' id='word_1_325' title='bbox 568 2247 676 2320; x_wconf 90' lang='lat' dir='ltr'><strong>penitus</strong></span> <span class='ocrx_word' id='word_1_326' title='bbox 686 2248 831 2320; x_wconf 88' lang='lat' dir='ltr'><strong>cormmpi.</strong></span> <span class='ocrx_word' id='word_1_327' title='bbox 848 2248 963 2304; x_wconf 83' lang='lat' dir='ltr'><strong>Videba-</strong></span> <span class='ocrx_word' id='word_1_328' title='bbox 1015 2249 1097 2304; x_wconf 89' lang='lat' dir='ltr'><strong>modo</strong></span> <span class='ocrx_word' id='word_1_329' title='bbox 1111 2247 1241 2303; x_wconf 87' lang='lat' dir='ltr'><strong>fidissima</strong></span> <span class='ocrx_word' id='word_1_330' title='bbox 1255 2262 1319 2319; x_wconf 90' lang='lat' dir='ltr'><strong>spes</strong></span> <span class='ocrx_word' id='word_1_331' title='bbox 1333 2254 1375 2301; x_wconf 89' lang='lat' dir='ltr'><strong>est</strong></span> <span class='ocrx_word' id='word_1_332' title='bbox 1389 2247 1594 2303; x_wconf 88' lang='lat' dir='ltr'><strong>resurrectionis</strong></span> <span class='ocrx_word' id='word_1_333' title='bbox 1608 2247 1715 2318; x_wconf 82' lang='lat' dir='ltr'><strong>iuturae,</strong></span> <span class='ocrx_word' id='word_1_334' title='bbox 1727 2255 1754 2303; x_wconf 90' lang='lat' dir='ltr'><strong>et</strong></span> <span class='ocrx_word' id='word_1_335' title='bbox 1768 2247 1811 2303; x_wconf 84' lang='lat' dir='ltr'><strong>le·</strong></span> 
     </span>
     <span class='ocr_line' id='line_1_25' title="bbox 169 2335 1810 2410; baseline -0.004 -14"><span class='ocrx_word' id='word_1_336' title='bbox 169 2348 214 2396; x_wconf 91' lang='lat' dir='ltr'><strong>tur</strong></span> <span class='ocrx_word' id='word_1_337' title='bbox 227 2339 308 2408; x_wconf 85' lang='lat' dir='ltr'><strong>velle,</strong></span> <span class='ocrx_word' id='word_1_338' title='bbox 324 2354 423 2410; x_wconf 86' lang='lat' dir='ltr'><strong>corpus</strong></span> <span class='ocrx_word' id='word_1_339' title='bbox 436 2337 511 2410; x_wconf 78' lang='lat' dir='ltr'><strong>quod</strong></span> <span class='ocrx_word' id='word_1_340' title='bbox 525 2347 715 2410; x_wconf 90' lang='lat' dir='ltr'><strong>occupaverat,</strong></span> <span class='ocrx_word' id='word_1_341' title='bbox 731 2337 886 2394; x_wconf 87' lang='lat' dir='ltr'><strong>baereditate</strong></span> <span class='ocrx_word' id='word_1_342' title='bbox 900 2353 961 2410; x_wconf 88' lang='lat' dir='ltr'><strong>pos·</strong></span> <span class='ocrx_word' id='word_1_343' title='bbox 1015 2337 1074 2393; x_wconf 90' lang='lat' dir='ltr'><strong>licis</strong></span> <span class='ocrx_word' id='word_1_344' title='bbox 1089 2336 1161 2392; x_wconf 87' lang='lat' dir='ltr'><strong>illius</strong></span> <span class='ocrx_word' id='word_1_345' title='bbox 1175 2336 1410 2392; x_wconf 77' lang='lat' dir='ltr'><strong>commutationis?</strong></span> <span class='ocrx_word' id='word_1_346' title='bbox 1423 2337 1485 2391; x_wconf 87' lang='lat' dir='ltr'><strong>Non</strong></span> <span class='ocrx_word' id='word_1_347' title='bbox 1501 2337 1585 2391; x_wconf 89' lang='lat' dir='ltr'><strong>habet</strong></span> <span class='ocrx_word' id='word_1_348' title='bbox 1599 2336 1725 2392; x_wconf 84' lang='lat' dir='ltr'><strong>doctriua</strong></span> <span class='ocrx_word' id='word_1_349' title='bbox 1735 2335 1810 2392; x_wconf 86' lang='lat' dir='ltr'><strong>Geu-</strong></span> 
     </span>
     <span class='ocr_line' id='line_1_26' title="bbox 169 2424 1810 2496; baseline -0.002 -13"><span class='ocrx_word' id='word_1_350' title='bbox 169 2427 258 2483; x_wconf 88' lang='lat' dir='ltr'><strong>sidere</strong></span> <span class='ocrx_word' id='word_1_351' title='bbox 277 2426 337 2496; x_wconf 90' lang='lat' dir='ltr'><strong>ipsa</strong></span> <span class='ocrx_word' id='word_1_352' title='bbox 359 2424 497 2496; x_wconf 88' lang='lat' dir='ltr'><strong>corruptio</strong></span> <span class='ocrx_word' id='word_1_353' title='bbox 504 2441 513 2494; x_wconf 89' lang='lat'>;</span> <span class='ocrx_word' id='word_1_354' title='bbox 531 2432 560 2479; x_wconf 92' lang='lat' dir='ltr'><strong>et</strong></span> <span class='ocrx_word' id='word_1_355' title='bbox 574 2440 609 2480; x_wconf 93' lang='lat' dir='ltr'><strong>ne</strong></span> <span class='ocrx_word' id='word_1_356' title='bbox 632 2425 771 2482; x_wconf 88' lang='lat' dir='ltr'><strong>desineret</strong></span> <span class='ocrx_word' id='word_1_357' title='bbox 790 2435 960 2496; x_wconf 89' lang='lat' dir='ltr'><strong>putrescere,</strong></span> <span class='ocrx_word' id='word_1_358' title='bbox 1016 2427 1101 2482; x_wconf 90' lang='lat' dir='ltr'><strong>tilium</strong></span> <span class='ocrx_word' id='word_1_359' title='bbox 1133 2425 1340 2482; x_wconf 88' lang='lat' dir='ltr'><strong>resurrectionis</strong></span> <span class='ocrx_word' id='word_1_360' title='bbox 1363 2424 1569 2491; x_wconf 91' lang='lat' dir='ltr'><strong>credulitatem,</strong></span> <span class='ocrx_word' id='word_1_361' title='bbox 1595 2433 1622 2479; x_wconf 91' lang='lat' dir='ltr'><strong>et</strong></span> <span class='ocrx_word' id='word_1_362' title='bbox 1653 2425 1810 2481; x_wconf 80' lang='lat' dir='ltr'><strong>iudaeorum</strong></span> 
     </span>
     <span class='ocr_line' id='line_1_27' title="bbox 168 2511 1811 2586; baseline 0.001 -16"><span class='ocrx_word' id='word_1_363' title='bbox 168 2530 224 2571; x_wconf 92' lang='lat' dir='ltr'><strong>non</strong></span> <span class='ocrx_word' id='word_1_364' title='bbox 246 2513 353 2569; x_wconf 85' lang='lat' dir='ltr'><strong>sinebat</strong></span> <span class='ocrx_word' id='word_1_365' title='bbox 377 2511 573 2583; x_wconf 87' lang='lat' dir='ltr'><strong>perputruisse.</strong></span> <span class='ocrx_word' id='word_1_366' title='bbox 601 2511 751 2566; x_wconf 87' lang='lat' dir='ltr'><strong>Cobibebat</strong></span> <span class='ocrx_word' id='word_1_367' title='bbox 778 2511 860 2580; x_wconf 83' lang='lat' dir='ltr'><strong>uires,</strong></span> <span class='ocrx_word' id='word_1_368' title='bbox 884 2512 962 2583; x_wconf 88' lang='lat' dir='ltr'><strong>quasi</strong></span> <span class='ocrx_word' id='word_1_369' title='bbox 1015 2515 1124 2571; x_wconf 89' lang='lat' dir='ltr'><strong>traditio</strong></span> <span class='ocrx_word' id='word_1_370' title='bbox 1137 2531 1193 2571; x_wconf 92' lang='lat' dir='ltr'><strong>non</strong></span> <span class='ocrx_word' id='word_1_371' title='bbox 1207 2521 1282 2571; x_wconf 89' lang='lat' dir='ltr'><strong>tenet</strong></span> <span class='ocrx_word' id='word_1_372' title='bbox 1307 2513 1388 2570; x_wconf 77' lang='grc' dir='ltr'><strong>ΙθῚ</strong></span> <span class='ocrx_word' id='word_1_373' title='bbox 1411 2513 1580 2586; x_wconf 85' lang='lat' dir='ltr'><strong>qualitatem.</strong></span> <span class='ocrx_word' id='word_1_374' title='bbox 1600 2514 1641 2568; x_wconf 92' lang='lat' dir='ltr'><strong>llli</strong></span> <span class='ocrx_word' id='word_1_375' title='bbox 1664 2529 1719 2570; x_wconf 90' lang='lat' dir='ltr'><strong>uon</strong></span> <span class='ocrx_word' id='word_1_376' title='bbox 1746 2529 1811 2571; x_wconf 90' lang='lat' dir='ltr'><strong>cre·</strong></span> 
     </span>
     <span class='ocr_line' id='line_1_28' title="bbox 168 2599 1808 2675; baseline -0.001 -16"><span class='ocrx_word' id='word_1_377' title='bbox 168 2604 253 2660; x_wconf 93' lang='lat' dir='ltr'><strong>nollet</strong></span> <span class='ocrx_word' id='word_1_378' title='bbox 275 2600 452 2658; x_wconf 88' lang='lat' dir='ltr'><strong>substantiam</strong></span> <span class='ocrx_word' id='word_1_379' title='bbox 475 2599 600 2655; x_wconf 88' lang='lat' dir='ltr'><strong>celeriter</strong></span> <span class='ocrx_word' id='word_1_380' title='bbox 622 2615 794 2665; x_wconf 90' lang='lat' dir='ltr'><strong>consumere,</strong></span> <span class='ocrx_word' id='word_1_381' title='bbox 819 2609 848 2655; x_wconf 91' lang='lat' dir='ltr'><strong>ut</strong></span> <span class='ocrx_word' id='word_1_382' title='bbox 861 2601 961 2656; x_wconf 89' lang='lat' dir='ltr'><strong>diutius</strong></span> <span class='ocrx_word' id='word_1_383' title='bbox 1015 2608 1100 2671; x_wconf 82' lang='lat' dir='ltr'><strong>dunt;</strong></span> <span class='ocrx_word' id='word_1_384' title='bbox 1117 2604 1162 2659; x_wconf 92' lang='lat' dir='ltr'><strong>isti</strong></span> <span class='ocrx_word' id='word_1_385' title='bbox 1174 2606 1263 2659; x_wconf 91' lang='lat' dir='ltr'><strong>minus</strong></span> <span class='ocrx_word' id='word_1_386' title='bbox 1278 2603 1368 2675; x_wconf 91' lang='lat' dir='ltr'><strong>plene,</strong></span> <span class='ocrx_word' id='word_1_387' title='bbox 1381 2603 1430 2658; x_wconf 91' lang='lat' dir='ltr'><strong>sed</strong></span> <span class='ocrx_word' id='word_1_388' title='bbox 1445 2617 1541 2674; x_wconf 87' lang='lat' dir='ltr'><strong>parurn</strong></span> <span class='ocrx_word' id='word_1_389' title='bbox 1555 2617 1622 2672; x_wconf 93' lang='lat' dir='ltr'><strong>pure</strong></span> <span class='ocrx_word' id='word_1_390' title='bbox 1631 2603 1665 2658; x_wconf 91' lang='lat' dir='ltr'><strong>de</strong></span> <span class='ocrx_word' id='word_1_391' title='bbox 1676 2602 1808 2675; x_wconf 89' lang='lat' dir='ltr'><strong>spirituali</strong></span> 
     </span>
     <span class='ocr_line' id='line_1_29' title="bbox 167 2686 1808 2767; baseline -0.002 -16"><span class='ocrx_word' id='word_1_392' title='bbox 167 2690 280 2747; x_wconf 77' lang='lat' dir='ltr'><strong>inficere</strong></span> <span class='ocrx_word' id='word_1_393' title='bbox 296 2696 399 2760; x_wconf 67' lang='grc'><strong>1108581·</strong></span> <span class='ocrx_word' id='word_1_394' title='bbox 409 2688 488 2756; x_wconf 67' lang='lat' dir='ltr'><strong>Nam,</strong></span> <span class='ocrx_word' id='word_1_395' title='bbox 504 2703 566 2743; x_wconf 71' lang='lat' dir='ltr'><strong>tum</strong></span> <span class='ocrx_word' id='word_1_396' title='bbox 576 2686 730 2743; x_wconf 72' lang='lat' dir='ltr'><strong>fueriicaro</strong></span> <span class='ocrx_word' id='word_1_397' title='bbox 740 2687 849 2744; x_wconf 65' lang='lat' dir='ltr'><strong>redacta</strong></span> <span class='ocrx_word' id='word_1_398' title='bbox 859 2689 889 2743; x_wconf 80' lang='lat' dir='ltr'><strong>in</strong></span> <span class='ocrx_word' id='word_1_399' title='bbox 902 2690 961 2760; x_wconf 82' lang='lat' dir='ltr'><strong>pul·</strong></span> <span class='ocrx_word' id='word_1_400' title='bbox 1014 2693 1221 2751; x_wconf 88' lang='lat' dir='ltr'><strong>resurrectionis</strong></span> <span class='ocrx_word' id='word_1_401' title='bbox 1244 2693 1339 2767; x_wconf 84' lang='lat' dir='ltr'><strong>gloria,</strong></span> <span class='ocrx_word' id='word_1_402' title='bbox 1364 2700 1392 2747; x_wconf 90' lang='lat' dir='ltr'><strong>et</strong></span> <span class='ocrx_word' id='word_1_403' title='bbox 1402 2690 1526 2763; x_wconf 91' lang='lat' dir='ltr'><strong>angelica</strong></span> <span class='ocrx_word' id='word_1_404' title='bbox 1544 2691 1721 2747; x_wconf 89' lang='lat' dir='ltr'><strong>similitudine</strong></span> <span class='ocrx_word' id='word_1_405' title='bbox 1744 2707 1808 2747; x_wconf 89' lang='lat' dir='ltr'><strong>seu·</strong></span> 
     </span>
     <span class='ocr_line' id='line_1_30' title="bbox 167 2775 1805 2852; baseline -0.001 -18"><span class='ocrx_word' id='word_1_406' title='bbox 167 2794 271 2844; x_wconf 85' lang='lat' dir='ltr'><strong>rerem,</strong></span> <span class='ocrx_word' id='word_1_407' title='bbox 298 2776 364 2849; x_wconf 88' lang='lat' dir='ltr'><strong>quid</strong></span> <span class='ocrx_word' id='word_1_408' title='bbox 383 2776 471 2830; x_wconf 84' lang='lat' dir='ltr'><strong>babet</strong></span> <span class='ocrx_word' id='word_1_409' title='bbox 493 2775 564 2828; x_wconf 89' lang='lat' dir='ltr'><strong>ultra</strong></span> <span class='ocrx_word' id='word_1_410' title='bbox 586 2775 741 2845; x_wconf 89' lang='lat' dir='ltr'><strong>corruptela</strong></span> <span class='ocrx_word' id='word_1_411' title='bbox 763 2777 838 2847; x_wconf 86' lang='lat' dir='ltr'><strong>quod</strong></span> <span class='ocrx_word' id='word_1_412' title='bbox 857 2776 960 2835; x_wconf 81' lang='lat' dir='ltr'><strong>iaciat?</strong></span> <span class='ocrx_word' id='word_1_413' title='bbox 1014 2782 1090 2838; x_wconf 92' lang='lat' dir='ltr'><strong>tiunt.</strong></span> <span class='ocrx_word' id='word_1_414' title='bbox 1105 2780 1227 2837; x_wconf 82' lang='lat' dir='ltr'><strong>Gentiles</strong></span> <span class='ocrx_word' id='word_1_415' title='bbox 1245 2780 1378 2852; x_wconf 72' lang='lat' dir='ltr'><strong>unguenti</strong></span> <span class='ocrx_word' id='word_1_416' title='bbox 1391 2779 1472 2849; x_wconf 81' lang='lat' dir='ltr'><strong>hujus</strong></span> <span class='ocrx_word' id='word_1_417' title='bbox 1486 2779 1601 2835; x_wconf 91' lang='lat' dir='ltr'><strong>odorem</strong></span> <span class='ocrx_word' id='word_1_418' title='bbox 1615 2781 1805 2835; x_wconf 88' lang='lat' dir='ltr'><strong>nontrahunt:</strong></span> 
     </span>
     <span class='ocr_line' id='line_1_31' title="bbox 169 2863 1804 2940; baseline -0.001 -15"><span class='ocrx_word' id='word_1_419' title='bbox 169 2868 265 2925; x_wconf 72' lang='lat' dir='ltr'><strong>unane</strong></span> <span class='ocrx_word' id='word_1_420' title='bbox 284 2880 348 2920; x_wconf 86' lang='lat' dir='ltr'><strong>coro</strong></span> <span class='ocrx_word' id='word_1_421' title='bbox 362 2867 474 2935; x_wconf 75' lang='lat' dir='ltr'><strong>senum,</strong></span> <span class='ocrx_word' id='word_1_422' title='bbox 489 2867 517 2920; x_wconf 84' lang='lat' dir='ltr'><strong>at</strong></span> <span class='ocrx_word' id='word_1_423' title='bbox 532 2863 625 2921; x_wconf 82' lang='lat' dir='ltr'><strong>omnis</strong></span> <span class='ocrx_word' id='word_1_424' title='bbox 638 2864 729 2934; x_wconf 80' lang='lat' dir='ltr'><strong>gioria</strong></span> <span class='ocrx_word' id='word_1_425' title='bbox 743 2864 805 2933; x_wconf 83' lang='lat' dir='ltr'><strong>ejus</strong></span> <span class='ocrx_word' id='word_1_426' title='bbox 815 2866 896 2934; x_wconf 78' lang='lat' dir='ltr'><strong>quusi</strong></span> <span class='ocrx_word' id='word_1_427' title='bbox 909 2866 960 2934; x_wconf 81' lang='lat' dir='ltr'><strong>lica</strong></span> <span class='ocrx_word' id='word_1_428' title='bbox 1013 2869 1105 2937; x_wconf 76' lang='lat' dir='ltr'><strong>iudaei,</strong></span> <span class='ocrx_word' id='word_1_429' title='bbox 1122 2867 1232 2940; x_wconf 87' lang='lat' dir='ltr'><strong>quidem</strong></span> <span class='ocrx_word' id='word_1_430' title='bbox 1247 2883 1303 2923; x_wconf 92' lang='lat' dir='ltr'><strong>uon</strong></span> <span class='ocrx_word' id='word_1_431' title='bbox 1317 2868 1407 2940; x_wconf 89' lang='lat' dir='ltr'><strong>ipsum</strong></span> <span class='ocrx_word' id='word_1_432' title='bbox 1427 2875 1455 2924; x_wconf 89' lang='lat' dir='ltr'><strong>et</strong></span> <span class='ocrx_word' id='word_1_433' title='bbox 1478 2868 1630 2940; x_wconf 88' lang='lat' dir='ltr'><strong>proprium,</strong></span> <span class='ocrx_word' id='word_1_434' title='bbox 1647 2868 1696 2925; x_wconf 89' lang='lat' dir='ltr'><strong>sed</strong></span> <span class='ocrx_word' id='word_1_435' title='bbox 1711 2869 1804 2924; x_wconf 90' lang='lat' dir='ltr'><strong>nescio</strong></span> 
     </span>
     <span class='ocr_line' id='line_1_32' title="bbox 165 2950 1806 3029; baseline 0.002 -19"><span class='ocrx_word' id='word_1_436' title='bbox 165 2955 236 3025; x_wconf 77' lang='lat' dir='ltr'><strong>serti.</strong></span> <span class='ocrx_word' id='word_1_437' title='bbox 257 2952 440 3010; x_wconf 65' lang='lat' dir='ltr'><strong>Demaratum</strong></span> <span class='ocrx_word' id='word_1_438' title='bbox 454 2953 497 3006; x_wconf 81' lang='lat' dir='ltr'><strong>eti</strong></span> <span class='ocrx_word' id='word_1_439' title='bbox 515 2952 625 3020; x_wconf 75' lang='lat' dir='ltr'><strong>senum,</strong></span> <span class='ocrx_word' id='word_1_440' title='bbox 651 2950 794 3006; x_wconf 85' lang='lat' dir='ltr'><strong>eteccidit</strong></span> <span class='ocrx_word' id='word_1_441' title='bbox 814 2952 957 3021; x_wconf 69' lang='lat' dir='ltr'><strong>tinnitum.</strong></span> <span class='ocrx_word' id='word_1_442' title='bbox 1013 2973 1093 3028; x_wconf 88' lang='lat' dir='ltr'><strong>quern</strong></span> <span class='ocrx_word' id='word_1_443' title='bbox 1117 2957 1199 3012; x_wconf 91' lang='lat' dir='ltr'><strong>alium</strong></span> <span class='ocrx_word' id='word_1_444' title='bbox 1223 2966 1250 3012; x_wconf 91' lang='lat' dir='ltr'><strong>et</strong></span> <span class='ocrx_word' id='word_1_445' title='bbox 1269 2957 1451 3013; x_wconf 91' lang='lat' dir='ltr'><strong>adulterinum</strong></span> <span class='ocrx_word' id='word_1_446' title='bbox 1474 2971 1523 3027; x_wconf 91' lang='lat' dir='ltr'><strong>pro</strong></span> <span class='ocrx_word' id='word_1_447' title='bbox 1548 2972 1592 3012; x_wconf 90' lang='lat' dir='ltr'><strong>eo.</strong></span> <span class='ocrx_word' id='word_1_448' title='bbox 1616 2956 1696 3029; x_wconf 79' lang='lat' dir='ltr'><strong>Apud</strong></span> <span class='ocrx_word' id='word_1_449' title='bbox 1719 2957 1806 3014; x_wconf 87' lang='lat' dir='ltr'><strong>solam</strong></span> 
     </span>
     <span class='ocr_line' id='line_1_33' title="bbox 166 3034 1805 3119; baseline -0.006 -21"><span class='ocrx_word' id='word_1_450' title='bbox 166 3046 251 3113; x_wconf 83' lang='lat' dir='ltr'><strong>xs,6,</strong></span> <span class='ocrx_word' id='word_1_451' title='bbox 264 3038 463 3114; x_wconf 57' lang='lat' dir='ltr'><strong>iteraveritis</strong></span> <span class='ocrx_word' id='word_1_452' title='bbox 476 3036 959 3109; x_wconf 86' lang='lat' dir='ltr'><strong>prophetauelocitatemdelectionis</strong></span> <span class='ocrx_word' id='word_1_453' title='bbox 973 3034 995 3114; x_wconf 73' lang='lat' dir='ltr'>c</span> <span class='ocrx_word' id='word_1_454' title='bbox 1011 3045 1160 3102; x_wconf 73' lang='lat' dir='ltr'><strong>Ecclesiam</strong></span> <span class='ocrx_word' id='word_1_455' title='bbox 1175 3046 1306 3118; x_wconf 75' lang='lat' dir='ltr'><strong>unguenti</strong></span> <span class='ocrx_word' id='word_1_456' title='bbox 1323 3045 1394 3101; x_wconf 77' lang='lat' dir='ltr'><strong>illius</strong></span> <span class='ocrx_word' id='word_1_457' title='bbox 1407 3045 1477 3102; x_wconf 73' lang='lat' dir='ltr'><strong>odor</strong></span> <span class='ocrx_word' id='word_1_458' title='bbox 1497 3052 1523 3100; x_wconf 74' lang='lat' dir='ltr'><strong>et</strong></span> <span class='ocrx_word' id='word_1_459' title='bbox 1544 3044 1665 3119; x_wconf 69' lang='lat' dir='ltr'><strong>integer,</strong></span> <span class='ocrx_word' id='word_1_460' title='bbox 1690 3052 1718 3101; x_wconf 71' lang='lat' dir='ltr'><strong>er</strong></span> <span class='ocrx_word' id='word_1_461' title='bbox 1737 3059 1805 3116; x_wconf 67' lang='lat' dir='ltr'><strong>pro.</strong></span> 
     </span>
     <span class='ocr_line' id='line_1_34' title="bbox 105 3125 1806 3209; baseline 0.001 -22"><span class='ocrx_word' id='word_1_462' title='bbox 105 3152 108 3159; x_wconf 71' lang='grc'><strong>’</strong></span> <span class='ocrx_word' id='word_1_463' title='bbox 165 3129 309 3203; x_wconf 79' lang='lat' dir='ltr'><strong>expressit,</strong></span> <span class='ocrx_word' id='word_1_464' title='bbox 326 3143 380 3199; x_wconf 89' lang='lat' dir='ltr'><strong>qua</strong></span> <span class='ocrx_word' id='word_1_465' title='bbox 395 3126 474 3182; x_wconf 77' lang='lat' dir='ltr'><strong>laete</strong></span> <span class='ocrx_word' id='word_1_466' title='bbox 489 3141 552 3182; x_wconf 91' lang='lat' dir='ltr'><strong>earo</strong></span> <span class='ocrx_word' id='word_1_467' title='bbox 567 3125 662 3180; x_wconf 90' lang='lat' dir='ltr'><strong>llorida</strong></span> <span class='ocrx_word' id='word_1_468' title='bbox 676 3133 704 3181; x_wconf 93' lang='lat' dir='ltr'><strong>et</strong></span> <span class='ocrx_word' id='word_1_469' title='bbox 716 3125 790 3182; x_wconf 90' lang='lat' dir='ltr'><strong>vitali</strong></span> <span class='ocrx_word' id='word_1_470' title='bbox 803 3127 957 3197; x_wconf 90' lang='lat' dir='ltr'><strong>pubescens</strong></span> <span class='ocrx_word' id='word_1_471' title='bbox 1010 3134 1087 3205; x_wconf 91' lang='lat' dir='ltr'><strong>prius</strong></span> <span class='ocrx_word' id='word_1_472' title='bbox 1113 3132 1215 3190; x_wconf 85' lang='lat' dir='ltr'><strong>existit.</strong></span> <span class='ocrx_word' id='word_1_473' title='bbox 1238 3133 1304 3190; x_wconf 91' lang='lat' dir='ltr'><strong>ldeo</strong></span> <span class='ocrx_word' id='word_1_474' title='bbox 1327 3133 1396 3190; x_wconf 93' lang='lat' dir='ltr'><strong>odor</strong></span> <span class='ocrx_word' id='word_1_475' title='bbox 1416 3140 1619 3209; x_wconf 88' lang='lat' dir='ltr'><strong>unguentorum</strong></span> <span class='ocrx_word' id='word_1_476' title='bbox 1640 3133 1699 3204; x_wconf 83' lang='lat' dir='ltr'><strong>ejus</strong></span> <span class='ocrx_word' id='word_1_477' title='bbox 1722 3148 1806 3206; x_wconf 92' lang='lat' dir='ltr'><strong>super</strong></span> 
     </span>
     <span class='ocr_line' id='line_1_35' title="bbox 164 3213 1716 3286; baseline -0.007 -10"><span class='ocrx_word' id='word_1_478' title='bbox 164 3220 267 3286; x_wconf 90' lang='lat' dir='ltr'><strong>calore,</strong></span> <span class='ocrx_word' id='word_1_479' title='bbox 282 3224 310 3274; x_wconf 93' lang='lat' dir='ltr'><strong>et</strong></span> <span class='ocrx_word' id='word_1_480' title='bbox 320 3229 400 3271; x_wconf 91' lang='lat' dir='ltr'><strong>roseo</strong></span> <span class='ocrx_word' id='word_1_481' title='bbox 413 3213 504 3270; x_wconf 92' lang='lat' dir='ltr'><strong>colore</strong></span> <span class='ocrx_word' id='word_1_482' title='bbox 518 3213 639 3285; x_wconf 85' lang='lat' dir='ltr'><strong>pulchra,</strong></span> <span class='ocrx_word' id='word_1_483' title='bbox 651 3214 700 3270; x_wconf 90' lang='lat' dir='ltr'><strong>sed</strong></span> <span class='ocrx_word' id='word_1_484' title='bbox 714 3214 748 3270; x_wconf 93' lang='lat' dir='ltr'><strong>de</strong></span> <span class='ocrx_word' id='word_1_485' title='bbox 763 3223 837 3270; x_wconf 88' lang='lat' dir='ltr'><strong>terra</strong></span> <span class='ocrx_word' id='word_1_486' title='bbox 850 3217 957 3273; x_wconf 89' lang='lat' dir='ltr'><strong>succisa</strong></span> <span class='ocrx_word' id='word_1_487' title='bbox 1010 3222 1100 3279; x_wconf 80' lang='lat' dir='ltr'><strong>omnia</strong></span> <span class='ocrx_word' id='word_1_488' title='bbox 1113 3230 1245 3278; x_wconf 75' lang='lat' dir='ltr'><strong>aromata,</strong></span> <span class='ocrx_word' id='word_1_489' title='bbox 1709 3259 1716 3270; x_wconf 87' lang='lat'><strong>,</strong></span> 
     </span>
     <span class='ocr_line' id='line_1_36' title="bbox 164 3302 1805 3383; baseline -0.003 -16"><span class='ocrx_word' id='word_1_490' title='bbox 164 3307 322 3372; x_wconf 84' lang='lat' dir='ltr'><strong>virentium,</strong></span> <span class='ocrx_word' id='word_1_491' title='bbox 338 3304 490 3362; x_wconf 88' lang='lat' dir='ltr'><strong>exsiccatur</strong></span> <span class='ocrx_word' id='word_1_492' title='bbox 505 3302 615 3376; x_wconf 87' lang='lat' dir='ltr'><strong>quidem</strong></span> <span class='ocrx_word' id='word_1_493' title='bbox 629 3302 728 3369; x_wconf 88' lang='lat' dir='ltr'><strong>subito,</strong></span> <span class='ocrx_word' id='word_1_494' title='bbox 745 3303 795 3360; x_wconf 91' lang='lat' dir='ltr'><strong>sed</strong></span> <span class='ocrx_word' id='word_1_495' title='bbox 809 3320 864 3361; x_wconf 93' lang='lat' dir='ltr'><strong>non</strong></span> <span class='ocrx_word' id='word_1_496' title='bbox 878 3322 956 3363; x_wconf 91' lang='lat' dir='ltr'><strong>com-</strong></span> <span class='ocrx_word' id='word_1_497' title='bbox 1045 3312 1071 3366; x_wconf 80' lang='lat' dir='ltr'><strong>b.</strong></span> <span class='ocrx_word' id='word_1_498' title='bbox 1087 3312 1161 3367; x_wconf 88' lang='lat' dir='ltr'><strong>Bona</strong></span> <span class='ocrx_word' id='word_1_499' title='bbox 1175 3317 1324 3383; x_wconf 89' lang='lat' dir='ltr'><strong>unguenta,</strong></span> <span class='ocrx_word' id='word_1_500' title='bbox 1341 3309 1542 3381; x_wconf 88' lang='lat' dir='ltr'><strong>impassibilitas</strong></span> <span class='ocrx_word' id='word_1_501' title='bbox 1561 3316 1589 3365; x_wconf 92' lang='lat' dir='ltr'><strong>et</strong></span> <span class='ocrx_word' id='word_1_502' title='bbox 1602 3307 1741 3380; x_wconf 89' lang='lat' dir='ltr'><strong>patientia.</strong></span> <span class='ocrx_word' id='word_1_503' title='bbox 1751 3307 1805 3362; x_wconf 78' lang='lat' dir='ltr'><strong>Per</strong></span> 
     </span>
     <span class='ocr_line' id='line_1_37' title="bbox 163 3391 1805 3471; baseline -0.002 -17"><span class='ocrx_word' id='word_1_504' title='bbox 163 3396 295 3470; x_wconf 89' lang='lat' dir='ltr'><strong>putrescit</strong></span> <span class='ocrx_word' id='word_1_505' title='bbox 310 3403 364 3450; x_wconf 89' lang='lat' dir='ltr'><strong>tam</strong></span> <span class='ocrx_word' id='word_1_506' title='bbox 378 3393 441 3450; x_wconf 91' lang='lat' dir='ltr'><strong>cito.</strong></span> <span class='ocrx_word' id='word_1_507' title='bbox 458 3394 534 3465; x_wconf 86' lang='lat' dir='ltr'><strong>Ergo</strong></span> <span class='ocrx_word' id='word_1_508' title='bbox 549 3391 604 3448; x_wconf 89' lang='lat' dir='ltr'><strong>leni</strong></span> <span class='ocrx_word' id='word_1_509' title='bbox 628 3391 772 3449; x_wconf 90' lang='lat' dir='ltr'><strong>collatione</strong></span> <span class='ocrx_word' id='word_1_510' title='bbox 786 3393 957 3451; x_wconf 85' lang='lat' dir='ltr'><strong>celeritatem</strong></span> <span class='ocrx_word' id='word_1_511' title='bbox 1009 3400 1085 3456; x_wconf 91' lang='lat' dir='ltr'><strong>illam</strong></span> <span class='ocrx_word' id='word_1_512' title='bbox 1099 3416 1162 3456; x_wconf 86' lang='lat' dir='ltr'><strong>caro</strong></span> <span class='ocrx_word' id='word_1_513' title='bbox 1178 3399 1338 3456; x_wconf 89' lang='lat' dir='ltr'><strong>resuscitata</strong></span> <span class='ocrx_word' id='word_1_514' title='bbox 1352 3398 1415 3454; x_wconf 82' lang='lat' dir='ltr'><strong>laedi</strong></span> <span class='ocrx_word' id='word_1_515' title='bbox 1432 3414 1488 3455; x_wconf 92' lang='lat' dir='ltr'><strong>non</strong></span> <span class='ocrx_word' id='word_1_516' title='bbox 1503 3397 1604 3471; x_wconf 91' lang='lat' dir='ltr'><strong>poterit</strong></span> <span class='ocrx_word' id='word_1_517' title='bbox 1620 3406 1627 3452; x_wconf 75' lang='lat' dir='ltr'><strong>t</strong></span> <span class='ocrx_word' id='word_1_518' title='bbox 1648 3413 1700 3467; x_wconf 92' lang='lat' dir='ltr'><strong>per</strong></span> <span class='ocrx_word' id='word_1_519' title='bbox 1722 3396 1805 3452; x_wconf 91' lang='lat' dir='ltr'><strong>istam</strong></span> 
     </span>
     <span class='ocr_line' id='line_1_38' title="bbox 163 3480 1805 3560; baseline -0.002 -17"><span class='ocrx_word' id='word_1_520' title='bbox 163 3488 260 3544; x_wconf 83' lang='lat' dir='ltr'><strong>subitae</strong></span> <span class='ocrx_word' id='word_1_521' title='bbox 273 3481 492 3542; x_wconf 89' lang='lat' dir='ltr'><strong>commutationis</strong></span> <span class='ocrx_word' id='word_1_522' title='bbox 502 3480 628 3548; x_wconf 86' lang='lat' dir='ltr'><strong>ostendit,</strong></span> <span class='ocrx_word' id='word_1_523' title='bbox 644 3496 699 3536; x_wconf 93' lang='lat' dir='ltr'><strong>non</strong></span> <span class='ocrx_word' id='word_1_524' title='bbox 710 3481 791 3537; x_wconf 82' lang='lat' dir='ltr'><strong>lentae</strong></span> <span class='ocrx_word' id='word_1_525' title='bbox 804 3491 831 3538; x_wconf 93' lang='lat' dir='ltr'><strong>et</strong></span> <span class='ocrx_word' id='word_1_526' title='bbox 841 3484 956 3554; x_wconf 83' lang='lat' dir='ltr'><strong>putridae</strong></span> <span class='ocrx_word' id='word_1_527' title='bbox 1008 3505 1087 3546; x_wconf 90' lang='lat' dir='ltr'><strong>mens</strong></span> <span class='ocrx_word' id='word_1_528' title='bbox 1103 3489 1147 3560; x_wconf 91' lang='lat' dir='ltr'><strong>pia</strong></span> <span class='ocrx_word' id='word_1_529' title='bbox 1161 3488 1234 3544; x_wconf 90' lang='lat' dir='ltr'><strong>inter</strong></span> <span class='ocrx_word' id='word_1_530' title='bbox 1246 3487 1455 3560; x_wconf 85' lang='lat' dir='ltr'><strong>prouocationes</strong></span> <span class='ocrx_word' id='word_1_531' title='bbox 1468 3493 1497 3542; x_wconf 90' lang='lat' dir='ltr'><strong>et</strong></span> <span class='ocrx_word' id='word_1_532' title='bbox 1511 3485 1625 3557; x_wconf 86' lang='lat' dir='ltr'><strong>injurias</strong></span> <span class='ocrx_word' id='word_1_533' title='bbox 1638 3484 1723 3541; x_wconf 80' lang='lat' dir='ltr'><strong>illesa</strong></span> <span class='ocrx_word' id='word_1_534' title='bbox 1738 3499 1805 3541; x_wconf 89' lang='lat' dir='ltr'><strong>con·</strong></span> 
     </span>
     <span class='ocr_line' id='line_1_39' title="bbox 162 3568 1804 3649; baseline -0.004 -15"><span class='ocrx_word' id='word_1_535' title='bbox 162 3572 345 3647; x_wconf 89' lang='lat' dir='ltr'><strong>corruptionis</strong></span> <span class='ocrx_word' id='word_1_536' title='bbox 359 3570 494 3644; x_wconf 83' lang='lat' dir='ltr'><strong>expressit</strong></span> <span class='ocrx_word' id='word_1_537' title='bbox 507 3568 660 3628; x_wconf 86' lang='lat' dir='ltr'><strong>horrorem.</strong></span> <span class='ocrx_word' id='word_1_538' title='bbox 674 3569 785 3626; x_wconf 85' lang='lat' dir='ltr'><strong>Videres</strong></span> <span class='ocrx_word' id='word_1_539' title='bbox 803 3571 831 3625; x_wconf 90' lang='lat' dir='ltr'><strong>in</strong></span> <span class='ocrx_word' id='word_1_540' title='bbox 845 3571 891 3627; x_wconf 91' lang='lat' dir='ltr'><strong>illu</strong></span> <span class='ocrx_word' id='word_1_541' title='bbox 905 3587 955 3628; x_wconf 87' lang='lat' dir='ltr'><strong>ca-</strong></span> <span class='ocrx_word' id='word_1_542' title='bbox 1009 3577 1088 3634; x_wconf 90' lang='lat' dir='ltr'><strong>sistit.</strong></span> <span class='ocrx_word' id='word_1_543' title='bbox 1114 3579 1166 3633; x_wconf 88' lang='lat' dir='ltr'><strong>Per</strong></span> <span class='ocrx_word' id='word_1_544' title='bbox 1188 3576 1262 3632; x_wconf 91' lang='lat' dir='ltr'><strong>illam</strong></span> <span class='ocrx_word' id='word_1_545' title='bbox 1287 3577 1378 3649; x_wconf 88' lang='lat' dir='ltr'><strong>quieto</strong></span> <span class='ocrx_word' id='word_1_546' title='bbox 1398 3584 1427 3631; x_wconf 93' lang='lat' dir='ltr'><strong>et</strong></span> <span class='ocrx_word' id='word_1_547' title='bbox 1448 3576 1613 3632; x_wconf 91' lang='lat' dir='ltr'><strong>inconcusso</strong></span> <span class='ocrx_word' id='word_1_548' title='bbox 1630 3574 1692 3645; x_wconf 80' lang='lat' dir='ltr'><strong>jure</strong></span> <span class='ocrx_word' id='word_1_549' title='bbox 1714 3573 1804 3630; x_wconf 88' lang='lat' dir='ltr'><strong>carnis</strong></span> 
     </span>
     <span class='ocr_line' id='line_1_40' title="bbox 162 3657 1804 3737; baseline 0.003 -23"><span class='ocrx_word' id='word_1_550' title='bbox 162 3664 263 3721; x_wconf 74' lang='lat' dir='ltr'><strong>devere</strong></span> <span class='ocrx_word' id='word_1_551' title='bbox 281 3677 344 3718; x_wconf 88' lang='lat' dir='ltr'><strong>ossa</strong></span> <span class='ocrx_word' id='word_1_552' title='bbox 357 3677 419 3732; x_wconf 83' lang='lat' dir='ltr'><strong>quae</strong></span> <span class='ocrx_word' id='word_1_553' title='bbox 440 3666 511 3715; x_wconf 90' lang='lat' dir='ltr'><strong>tecta</strong></span> <span class='ocrx_word' id='word_1_554' title='bbox 530 3657 646 3728; x_wconf 85' lang='lat' dir='ltr'><strong>lucrant,</strong></span> <span class='ocrx_word' id='word_1_555' title='bbox 667 3659 791 3730; x_wconf 84' lang='lat' dir='ltr'><strong>quaedam</strong></span> <span class='ocrx_word' id='word_1_556' title='bbox 806 3661 954 3731; x_wconf 86' lang='lat' dir='ltr'><strong>denudata,</strong></span> <span class='ocrx_word' id='word_1_557' title='bbox 1008 3676 1109 3722; x_wconf 89' lang='lat' dir='ltr'><strong>nostrae</strong></span> <span class='ocrx_word' id='word_1_558' title='bbox 1136 3674 1236 3721; x_wconf 85' lang='lat' dir='ltr'><strong>terram</strong></span> <span class='ocrx_word' id='word_1_559' title='bbox 1259 3665 1419 3721; x_wconf 85' lang='lat' dir='ltr'><strong>haereditate</strong></span> <span class='ocrx_word' id='word_1_560' title='bbox 1441 3664 1614 3737; x_wconf 87' lang='lat' dir='ltr'><strong>possidemus</strong></span> <span class='ocrx_word' id='word_1_561' title='bbox 1633 3678 1706 3734; x_wconf 88' lang='lat' dir='ltr'><strong>:per</strong></span> <span class='ocrx_word' id='word_1_562' title='bbox 1730 3663 1804 3719; x_wconf 91' lang='lat' dir='ltr'><strong>banc</strong></span> 
     </span>
     <span class='ocr_line' id='line_1_41' title="bbox 162 3747 1804 3828; baseline -0.001 -20"><span class='ocrx_word' id='word_1_563' title='bbox 162 3753 288 3828; x_wconf 86' lang='lat' dir='ltr'><strong>quaedam</strong></span> <span class='ocrx_word' id='word_1_564' title='bbox 302 3748 412 3824; x_wconf 87' lang='lat' dir='ltr'><strong>thidetn</strong></span> <span class='ocrx_word' id='word_1_565' title='bbox 426 3747 515 3803; x_wconf 89' lang='lat' dir='ltr'><strong>adbuc</strong></span> <span class='ocrx_word' id='word_1_566' title='bbox 529 3762 584 3802; x_wconf 94' lang='lat' dir='ltr'><strong>non</strong></span> <span class='ocrx_word' id='word_1_567' title='bbox 600 3753 654 3800; x_wconf 89' lang='lat' dir='ltr'><strong>tam</strong></span> <span class='ocrx_word' id='word_1_568' title='bbox 669 3753 740 3802; x_wconf 88' lang='lat' dir='ltr'><strong>tecta</strong></span> <span class='ocrx_word' id='word_1_569' title='bbox 758 3762 840 3818; x_wconf 85' lang='lat' dir='ltr'><strong>quam</strong></span> <span class='ocrx_word' id='word_1_570' title='bbox 853 3751 956 3821; x_wconf 89' lang='lat' dir='ltr'><strong>polluta</strong></span> <span class='ocrx_word' id='word_1_571' title='bbox 1007 3770 1081 3824; x_wconf 83' lang='lat' dir='ltr'><strong>uero,</strong></span> <span class='ocrx_word' id='word_1_572' title='bbox 1106 3755 1192 3824; x_wconf 90' lang='lat' dir='ltr'><strong>ipsam</strong></span> <span class='ocrx_word' id='word_1_573' title='bbox 1215 3753 1342 3809; x_wconf 89' lang='lat' dir='ltr'><strong>animam.</strong></span> <span class='ocrx_word' id='word_1_574' title='bbox 1364 3755 1397 3810; x_wconf 82' lang='lat' dir='ltr'><strong>ltt</strong></span> <span class='ocrx_word' id='word_1_575' title='bbox 1412 3753 1567 3826; x_wconf 84' lang='lat' dir='ltr'><strong>patientia,</strong></span> <span class='ocrx_word' id='word_1_576' title='bbox 1583 3751 1682 3824; x_wconf 88' lang='lat' dir='ltr'><strong>inquit,</strong></span> <span class='ocrx_word' id='word_1_577' title='bbox 1706 3755 1804 3808; x_wconf 80' lang='lat' dir='ltr'><strong>costra</strong></span> 
     </span>
     <span class='ocr_line' id='line_1_42' title="bbox 162 3834 1804 3918; baseline -0.003 -17"><span class='ocrx_word' id='word_1_578' title='bbox 162 3849 190 3901; x_wconf 94' lang='lat' dir='ltr'><strong>et</strong></span> <span class='ocrx_word' id='word_1_579' title='bbox 203 3840 323 3899; x_wconf 84' lang='lat' dir='ltr'><strong>involuta</strong></span> <span class='ocrx_word' id='word_1_580' title='bbox 338 3836 491 3910; x_wconf 90' lang='lat' dir='ltr'><strong>putredine.</strong></span> <span class='ocrx_word' id='word_1_581' title='bbox 516 3834 694 3890; x_wconf 89' lang='lat' dir='ltr'><strong>Grassabatur</strong></span> <span class='ocrx_word' id='word_1_582' title='bbox 707 3834 736 3891; x_wconf 90' lang='lat' dir='ltr'><strong>in</strong></span> <span class='ocrx_word' id='word_1_583' title='bbox 759 3851 842 3892; x_wconf 89' lang='lat' dir='ltr'><strong>carne</strong></span> <span class='ocrx_word' id='word_1_584' title='bbox 854 3837 956 3894; x_wconf 90' lang='lat' dir='ltr'><strong>misera</strong></span> <span class='ocrx_word' id='word_1_585' title='bbox 1005 3843 1183 3918; x_wconf 82' lang='lat' dir='ltr'><strong>possidebitis</strong></span> <span class='ocrx_word' id='word_1_586' title='bbox 1195 3844 1309 3902; x_wconf 80' lang='lat' dir='ltr'><strong>unimur</strong></span> <span class='ocrx_word' id='word_1_587' title='bbox 1323 3849 1429 3900; x_wconf 81' lang='lat' dir='ltr'><strong>vestrae</strong></span> <span class='ocrx_word' id='word_1_588' title='bbox 1446 3845 1522 3914; x_wconf 85' lang='lat' dir='ltr'><strong>(luc.</strong></span> <span class='ocrx_word' id='word_1_589' title='bbox 1540 3858 1602 3911; x_wconf 84' lang='lat' dir='ltr'><strong>xxx,</strong></span> <span class='ocrx_word' id='word_1_590' title='bbox 1618 3842 1743 3914; x_wconf 75' lang='lat' dir='ltr'><strong>li).lpsa</strong></span> <span class='ocrx_word' id='word_1_591' title='bbox 1752 3856 1804 3914; x_wconf 91' lang='lat' dir='ltr'><strong>pa·</strong></span> 
     </span>
     <span class='ocr_line' id='line_1_43' title="bbox 163 3922 1803 4005; baseline -0.002 -15"><span class='ocrx_word' id='word_1_592' title='bbox 163 3933 246 4004; x_wconf 80' lang='lat' dir='ltr'><strong>longa</strong></span> <span class='ocrx_word' id='word_1_593' title='bbox 260 3926 408 3998; x_wconf 82' lang='lat' dir='ltr'><strong>corruptio,</strong></span> <span class='ocrx_word' id='word_1_594' title='bbox 425 3933 453 3980; x_wconf 77' lang='lat' dir='ltr'><strong>ei</strong></span> <span class='ocrx_word' id='word_1_595' title='bbox 467 3923 605 3997; x_wconf 73' lang='lat' dir='ltr'><strong>attingens</strong></span> <span class='ocrx_word' id='word_1_596' title='bbox 623 3922 710 3980; x_wconf 79' lang='lat' dir='ltr'><strong>anne</strong></span> <span class='ocrx_word' id='word_1_597' title='bbox 728 3926 858 3997; x_wconf 90' lang='lat' dir='ltr'><strong>usquead</strong></span> <span class='ocrx_word' id='word_1_598' title='bbox 872 3927 956 3985; x_wconf 90' lang='lat' dir='ltr'><strong>linem</strong></span> <span class='ocrx_word' id='word_1_599' title='bbox 1008 3933 1104 3989; x_wconf 87' lang='lat' dir='ltr'><strong>tientia</strong></span> <span class='ocrx_word' id='word_1_600' title='bbox 1117 3931 1182 4005; x_wconf 90' lang='lat' dir='ltr'><strong>quid</strong></span> <span class='ocrx_word' id='word_1_601' title='bbox 1196 3933 1270 3989; x_wconf 92' lang='lat' dir='ltr'><strong>aliud</strong></span> <span class='ocrx_word' id='word_1_602' title='bbox 1285 3940 1338 4000; x_wconf 90' lang='lat' dir='ltr'><strong>est,</strong></span> <span class='ocrx_word' id='word_1_603' title='bbox 1353 3932 1406 3988; x_wconf 91' lang='lat' dir='ltr'><strong>nisi</strong></span> <span class='ocrx_word' id='word_1_604' title='bbox 1419 3931 1493 3988; x_wconf 87' lang='lat' dir='ltr'><strong>velut</strong></span> <span class='ocrx_word' id='word_1_605' title='bbox 1507 3932 1617 4004; x_wconf 85' lang='lat' dir='ltr'><strong>quidam</strong></span> <span class='ocrx_word' id='word_1_606' title='bbox 1636 3931 1733 3986; x_wconf 78' lang='lat' dir='ltr'><strong>suturae</strong></span> <span class='ocrx_word' id='word_1_607' title='bbox 1748 3930 1803 3986; x_wconf 91' lang='lat' dir='ltr'><strong>im·</strong></span> 
     </span>
     <span class='ocr_line' id='line_1_44' title="bbox 162 4012 1803 4094; baseline -0.001 -17"><span class='ocrx_word' id='word_1_608' title='bbox 162 4019 278 4085; x_wconf 78' lang='lat' dir='ltr'><strong>fortiter,</strong></span> <span class='ocrx_word' id='word_1_609' title='bbox 303 4013 495 4071; x_wconf 89' lang='lat' dir='ltr'><strong>miserabiliter</strong></span> <span class='ocrx_word' id='word_1_610' title='bbox 509 4012 659 4084; x_wconf 85' lang='lat' dir='ltr'><strong>dissipabat</strong></span> <span class='ocrx_word' id='word_1_611' title='bbox 672 4014 772 4069; x_wconf 87' lang='lat' dir='ltr'><strong>omnia.</strong></span> <span class='ocrx_word' id='word_1_612' title='bbox 788 4018 913 4072; x_wconf 89' lang='lat' dir='ltr'><strong>Poteram</strong></span> <span class='ocrx_word' id='word_1_613' title='bbox 928 4025 955 4074; x_wconf 93' lang='lat' dir='ltr'><strong>et</strong></span> <span class='ocrx_word' id='word_1_614' title='bbox 1007 4022 1193 4094; x_wconf 86' lang='lat' dir='ltr'><strong>passibilitatis</strong></span> <span class='ocrx_word' id='word_1_615' title='bbox 1206 4021 1297 4077; x_wconf 82' lang='lat' dir='ltr'><strong>odori</strong></span> <span class='ocrx_word' id='word_1_616' title='bbox 1311 4021 1367 4077; x_wconf 93' lang='lat' dir='ltr'><strong>lllic</strong></span> <span class='ocrx_word' id='word_1_617' title='bbox 1386 4021 1458 4076; x_wconf 90' lang='lat' dir='ltr'><strong>mala</strong></span> <span class='ocrx_word' id='word_1_618' title='bbox 1472 4020 1546 4076; x_wconf 90' lang='lat' dir='ltr'><strong>nulla</strong></span> <span class='ocrx_word' id='word_1_619' title='bbox 1563 4020 1719 4076; x_wconf 83' lang='lat' dir='ltr'><strong>inseruntur</strong></span> <span class='ocrx_word' id='word_1_620' title='bbox 1735 4037 1741 4077; x_wconf 96' lang='lat'><strong>:</strong></span> <span class='ocrx_word' id='word_1_621' title='bbox 1758 4019 1803 4075; x_wconf 91' lang='lat' dir='ltr'><strong>bic</strong></span> 
     </span>
     <span class='ocr_line' id='line_1_45' title="bbox 161 4101 1802 4183; baseline 0.002 -25"><span class='ocrx_word' id='word_1_622' title='bbox 161 4123 215 4181; x_wconf 79' lang='lat' dir='ltr'><strong>ego</strong></span> <span class='ocrx_word' id='word_1_623' title='bbox 229 4106 321 4163; x_wconf 88' lang='lat' dir='ltr'><strong>dicere</strong></span> <span class='ocrx_word' id='word_1_624' title='bbox 339 4118 345 4158; x_wconf 95' lang='lat'><strong>:</strong></span> <span class='ocrx_word' id='word_1_625' title='bbox 361 4101 528 4175; x_wconf 87' lang='lat' dir='ltr'><strong>Disponebet</strong></span> <span class='ocrx_word' id='word_1_626' title='bbox 541 4101 633 4158; x_wconf 91' lang='lat' dir='ltr'><strong>omnia</strong></span> <span class='ocrx_word' id='word_1_627' title='bbox 643 4102 733 4157; x_wconf 88' lang='lat' dir='ltr'><strong>carnis</strong></span> <span class='ocrx_word' id='word_1_628' title='bbox 748 4103 818 4173; x_wconf 86' lang='lat' dir='ltr'><strong>ejus,</strong></span> <span class='ocrx_word' id='word_1_629' title='bbox 833 4119 867 4160; x_wconf 92' lang='lat' dir='ltr'><strong>eo</strong></span> <span class='ocrx_word' id='word_1_630' title='bbox 881 4107 955 4178; x_wconf 81' lang='lat' dir='ltr'><strong>quod</strong></span> <span class='ocrx_word' id='word_1_631' title='bbox 1007 4127 1072 4169; x_wconf 84' lang='lat' dir='ltr'><strong>uero</strong></span> <span class='ocrx_word' id='word_1_632' title='bbox 1086 4110 1223 4182; x_wconf 85' lang='lat' dir='ltr'><strong>patientiae</strong></span> <span class='ocrx_word' id='word_1_633' title='bbox 1237 4109 1381 4179; x_wconf 86' lang='lat' dir='ltr'><strong>beneficio,</strong></span> <span class='ocrx_word' id='word_1_634' title='bbox 1392 4124 1424 4164; x_wconf 85' lang='lat' dir='ltr'><strong>ac</strong></span> <span class='ocrx_word' id='word_1_635' title='bbox 1438 4109 1461 4165; x_wconf 88' lang='lat' dir='ltr'><strong>si</strong></span> <span class='ocrx_word' id='word_1_636' title='bbox 1471 4118 1611 4183; x_wconf 86' lang='lat' dir='ltr'><strong>unguento</strong></span> <span class='ocrx_word' id='word_1_637' title='bbox 1620 4108 1737 4181; x_wconf 86' lang='lat' dir='ltr'><strong>quodam</strong></span> <span class='ocrx_word' id='word_1_638' title='bbox 1747 4107 1802 4162; x_wconf 89' lang='lat' dir='ltr'><strong>mi-</strong></span> 
     </span>
     <span class='ocr_line' id='line_1_46' title="bbox 161 4189 1802 4272; baseline 0 -20"><span class='ocrx_word' id='word_1_639' title='bbox 161 4194 302 4268; x_wconf 89' lang='lat' dir='ltr'><strong>dissipatio</strong></span> <span class='ocrx_word' id='word_1_640' title='bbox 324 4193 369 4248; x_wconf 91' lang='lat' dir='ltr'><strong>illa</strong></span> <span class='ocrx_word' id='word_1_641' title='bbox 387 4190 465 4248; x_wconf 92' lang='lat' dir='ltr'><strong>nutui</strong></span> <span class='ocrx_word' id='word_1_642' title='bbox 483 4189 581 4248; x_wconf 86' lang='lat' dir='ltr'><strong>dirinae</strong></span> <span class='ocrx_word' id='word_1_643' title='bbox 603 4189 787 4262; x_wconf 89' lang='lat' dir='ltr'><strong>dispositionis</strong></span> <span class='ocrx_word' id='word_1_644' title='bbox 805 4193 951 4264; x_wconf 77' lang='lat' dir='ltr'><strong>seruiebat,</strong></span> <span class='ocrx_word' id='word_1_645' title='bbox 1008 4199 1145 4272; x_wconf 88' lang='lat' dir='ltr'><strong>tigatorio,</strong></span> <span class='ocrx_word' id='word_1_646' title='bbox 1164 4199 1247 4255; x_wconf 87' lang='lat' dir='ltr'><strong>etiarn</strong></span> <span class='ocrx_word' id='word_1_647' title='bbox 1273 4215 1333 4272; x_wconf 85' lang='lat' dir='ltr'><strong>quae</strong></span> <span class='ocrx_word' id='word_1_648' title='bbox 1357 4198 1434 4254; x_wconf 91' lang='lat' dir='ltr'><strong>illata</strong></span> <span class='ocrx_word' id='word_1_649' title='bbox 1458 4206 1531 4266; x_wconf 91' lang='lat' dir='ltr'><strong>sunt,</strong></span> <span class='ocrx_word' id='word_1_650' title='bbox 1555 4215 1609 4254; x_wconf 91' lang='lat' dir='ltr'><strong>non</strong></span> <span class='ocrx_word' id='word_1_651' title='bbox 1633 4197 1802 4253; x_wconf 92' lang='lat' dir='ltr'><strong>sentiuntur.</strong></span> 
     </span>
     <span class='ocr_line' id='line_1_47' title="bbox 159 4278 1803 4360; baseline -0.003 -15"><span class='ocrx_word' id='word_1_652' title='bbox 159 4286 257 4345; x_wconf 81' lang='lat' dir='ltr'><strong>llisara</strong></span> <span class='ocrx_word' id='word_1_653' title='bbox 271 4281 456 4346; x_wconf 85' lang='lat' dir='ltr'><strong>commutatio,</strong></span> <span class='ocrx_word' id='word_1_654' title='bbox 478 4279 527 4336; x_wconf 73' lang='lat' dir='ltr'><strong>sed</strong></span> <span class='ocrx_word' id='word_1_655' title='bbox 541 4279 654 4352; x_wconf 66' lang='lat' dir='ltr'><strong>pulchri</strong></span> <span class='ocrx_word' id='word_1_656' title='bbox 664 4278 742 4348; x_wconf 91' lang='lat' dir='ltr'><strong>ratio,</strong></span> <span class='ocrx_word' id='word_1_657' title='bbox 758 4296 813 4353; x_wconf 68' lang='lat'><strong>(111⁸</strong></span> <span class='ocrx_word' id='word_1_658' title='bbox 827 4282 884 4339; x_wconf 73' lang='lat'><strong>⁰00</strong></span> <span class='ocrx_word' id='word_1_659' title='bbox 897 4284 953 4356; x_wconf 69' lang='lat' dir='ltr'><strong>plt-</strong></span> <span class='ocrx_word' id='word_1_660' title='bbox 1004 4288 1108 4346; x_wconf 82' lang='lat' dir='ltr'><strong>Efficax</strong></span> <span class='ocrx_word' id='word_1_661' title='bbox 1123 4295 1151 4345; x_wconf 89' lang='lat' dir='ltr'><strong>et</strong></span> <span class='ocrx_word' id='word_1_662' title='bbox 1164 4288 1230 4345; x_wconf 89' lang='lat' dir='ltr'><strong>utile</strong></span> <span class='ocrx_word' id='word_1_663' title='bbox 1248 4287 1359 4344; x_wconf 92' lang='lat' dir='ltr'><strong>omnino</strong></span> <span class='ocrx_word' id='word_1_664' title='bbox 1382 4295 1561 4360; x_wconf 89' lang='lat' dir='ltr'><strong>unguentum,</strong></span> <span class='ocrx_word' id='word_1_665' title='bbox 1587 4287 1661 4360; x_wconf 91' lang='lat' dir='ltr'><strong>quod</strong></span> <span class='ocrx_word' id='word_1_666' title='bbox 1683 4292 1712 4341; x_wconf 88' lang='lat' dir='ltr'><strong>et</strong></span> <span class='ocrx_word' id='word_1_667' title='bbox 1729 4285 1803 4341; x_wconf 90' lang='lat' dir='ltr'><strong>iuter</strong></span> 
     </span>
     <span class='ocr_line' id='line_1_48' title="bbox 159 4369 1802 4490; baseline -0.002 -56"><span class='ocrx_word' id='word_1_668' title='bbox 159 4376 215 4436; x_wconf 92' lang='lat' dir='ltr'><strong>cuit</strong></span> <span class='ocrx_word' id='word_1_669' title='bbox 227 4378 258 4432; x_wconf 90' lang='lat' dir='ltr'><strong>ut</strong></span> <span class='ocrx_word' id='word_1_670' title='bbox 270 4372 361 4430; x_wconf 90' lang='lat' dir='ltr'><strong>carnis</strong></span> <span class='ocrx_word' id='word_1_671' title='bbox 383 4370 471 4446; x_wconf 85' lang='lat' dir='ltr'><strong>gloria</strong></span> <span class='ocrx_word' id='word_1_672' title='bbox 492 4369 600 4426; x_wconf 86' lang='lat' dir='ltr'><strong>nonnisi</strong></span> <span class='ocrx_word' id='word_1_673' title='bbox 612 4385 663 4443; x_wconf 89' lang='lat' dir='ltr'><strong>per</strong></span> <span class='ocrx_word' id='word_1_674' title='bbox 676 4370 849 4442; x_wconf 87' lang='lat' dir='ltr'><strong>putredinem</strong></span> <span class='ocrx_word' id='word_1_675' title='bbox 862 4371 950 4429; x_wconf 93' lang='lat' dir='ltr'><strong>dedu·</strong></span> <span class='ocrx_word' id='word_1_676' title='bbox 966 4413 989 4490; x_wconf 71' lang='lat' dir='ltr'>n</span> <span class='ocrx_word' id='word_1_677' title='bbox 1005 4378 1094 4436; x_wconf 88' lang='lat' dir='ltr'><strong>carnis</strong></span> <span class='ocrx_word' id='word_1_678' title='bbox 1107 4377 1265 4435; x_wconf 86' lang='lat' dir='ltr'><strong>vexationes</strong></span> <span class='ocrx_word' id='word_1_679' title='bbox 1279 4377 1399 4434; x_wconf 88' lang='lat' dir='ltr'><strong>animum</strong></span> <span class='ocrx_word' id='word_1_680' title='bbox 1414 4379 1448 4433; x_wconf 88' lang='lat' dir='ltr'><strong>ab</strong></span> <span class='ocrx_word' id='word_1_681' title='bbox 1461 4377 1561 4448; x_wconf 84' lang='lat' dir='ltr'><strong>injuria</strong></span> <span class='ocrx_word' id='word_1_682' title='bbox 1575 4383 1675 4445; x_wconf 90' lang='lat' dir='ltr'><strong>tuetur,</strong></span> <span class='ocrx_word' id='word_1_683' title='bbox 1693 4381 1721 4429; x_wconf 91' lang='lat' dir='ltr'><strong>et</strong></span> <span class='ocrx_word' id='word_1_684' title='bbox 1733 4389 1802 4430; x_wconf 91' lang='lat' dir='ltr'><strong>con·</strong></span> 
     </span>
     <span class='ocr_line' id='line_1_49' title="bbox 159 4459 1802 4537; baseline -0.002 -16"><span class='ocrx_word' id='word_1_685' title='bbox 159 4472 236 4525; x_wconf 84' lang='lat' dir='ltr'><strong>cetur</strong></span> <span class='ocrx_word' id='word_1_686' title='bbox 248 4464 276 4518; x_wconf 93' lang='lat' dir='ltr'><strong>in</strong></span> <span class='ocrx_word' id='word_1_687' title='bbox 290 4462 441 4536; x_wconf 84' lang='lat' dir='ltr'><strong>puluerem.</strong></span> <span class='ocrx_word' id='word_1_688' title='bbox 457 4459 555 4519; x_wconf 74' lang='lat' dir='ltr'><strong>Setiae</strong></span> <span class='ocrx_word' id='word_1_689' title='bbox 567 4475 652 4526; x_wconf 92' lang='lat' dir='ltr'><strong>mors,</strong></span> <span class='ocrx_word' id='word_1_690' title='bbox 667 4460 761 4518; x_wconf 75' lang='lat' dir='ltr'><strong>serint</strong></span> <span class='ocrx_word' id='word_1_691' title='bbox 774 4470 802 4518; x_wconf 89' lang='lat' dir='ltr'><strong>et</strong></span> <span class='ocrx_word' id='word_1_692' title='bbox 811 4471 951 4535; x_wconf 81' lang='lat' dir='ltr'><strong>grassetur</strong></span> <span class='ocrx_word' id='word_1_693' title='bbox 1006 4466 1074 4524; x_wconf 90' lang='lat' dir='ltr'><strong>tinet</strong></span> <span class='ocrx_word' id='word_1_694' title='bbox 1087 4482 1122 4522; x_wconf 92' lang='lat' dir='ltr'><strong>ne</strong></span> <span class='ocrx_word' id='word_1_695' title='bbox 1137 4467 1252 4537; x_wconf 78' lang='lat' dir='ltr'><strong>tanseat,</strong></span> <span class='ocrx_word' id='word_1_696' title='bbox 1264 4484 1299 4523; x_wconf 92' lang='lat' dir='ltr'><strong>ne</strong></span> <span class='ocrx_word' id='word_1_697' title='bbox 1309 4466 1429 4537; x_wconf 84' lang='lat' dir='ltr'><strong>deliciet,</strong></span> <span class='ocrx_word' id='word_1_698' title='bbox 1445 4483 1481 4522; x_wconf 93' lang='lat' dir='ltr'><strong>ue</strong></span> <span class='ocrx_word' id='word_1_699' title='bbox 1496 4467 1613 4521; x_wconf 89' lang='lat' dir='ltr'><strong>laboret.</strong></span> <span class='ocrx_word' id='word_1_700' title='bbox 1628 4465 1687 4537; x_wconf 82' lang='lat' dir='ltr'><strong>Ego</strong></span> <span class='ocrx_word' id='word_1_701' title='bbox 1702 4462 1802 4518; x_wconf 89' lang='lat' dir='ltr'><strong>utilita-</strong></span> 
     </span>
     <span class='ocr_line' id='line_1_50' title="bbox 157 4551 1801 4629; baseline -0.004 -17"><span class='ocrx_word' id='word_1_702' title='bbox 157 4556 217 4629; x_wconf 85' lang='lat' dir='ltr'><strong>ipsa</strong></span> <span class='ocrx_word' id='word_1_703' title='bbox 229 4552 365 4626; x_wconf 89' lang='lat' dir='ltr'><strong>corruptio</strong></span> <span class='ocrx_word' id='word_1_704' title='bbox 391 4552 420 4608; x_wconf 92' lang='lat' dir='ltr'><strong>iu</strong></span> <span class='ocrx_word' id='word_1_705' title='bbox 443 4566 554 4608; x_wconf 88' lang='lat' dir='ltr'><strong>carnem</strong></span> <span class='ocrx_word' id='word_1_706' title='bbox 577 4551 723 4605; x_wconf 92' lang='lat' dir='ltr'><strong>humanam</strong></span> <span class='ocrx_word' id='word_1_707' title='bbox 748 4551 950 4624; x_wconf 91' lang='lat' dir='ltr'><strong>:depopuletur</strong></span> <span class='ocrx_word' id='word_1_708' title='bbox 1004 4563 1060 4612; x_wconf 95' lang='lat' dir='ltr'><strong>tem</strong></span> <span class='ocrx_word' id='word_1_709' title='bbox 1076 4556 1208 4628; x_wconf 87' lang='lat' dir='ltr'><strong>unguenti</strong></span> <span class='ocrx_word' id='word_1_710' title='bbox 1231 4557 1311 4627; x_wconf 89' lang='lat' dir='ltr'><strong>bujus</strong></span> <span class='ocrx_word' id='word_1_711' title='bbox 1339 4554 1468 4626; x_wconf 85' lang='lat' dir='ltr'><strong>praedico,</strong></span> <span class='ocrx_word' id='word_1_712' title='bbox 1493 4561 1520 4607; x_wconf 91' lang='lat' dir='ltr'><strong>tu</strong></span> <span class='ocrx_word' id='word_1_713' title='bbox 1544 4551 1613 4607; x_wconf 82' lang='lat' dir='ltr'><strong>forte</strong></span> <span class='ocrx_word' id='word_1_714' title='bbox 1632 4551 1801 4622; x_wconf 87' lang='lat' dir='ltr'><strong>voluptatem</strong></span> 
     </span>
     <span class='ocr_line' id='line_1_51' title="bbox 158 4638 1802 4718; baseline -0.005 -16"><span class='ocrx_word' id='word_1_715' title='bbox 158 4659 220 4702; x_wconf 88' lang='lat' dir='ltr'><strong>eam</strong></span> <span class='ocrx_word' id='word_1_716' title='bbox 234 4651 364 4716; x_wconf 83' lang='lat' dir='ltr'><strong>qtrantunt</strong></span> <span class='ocrx_word' id='word_1_717' title='bbox 377 4649 478 4714; x_wconf 88' lang='lat' dir='ltr'><strong>potest,</strong></span> <span class='ocrx_word' id='word_1_718' title='bbox 493 4639 611 4696; x_wconf 91' lang='lat' dir='ltr'><strong>deducat</strong></span> <span class='ocrx_word' id='word_1_719' title='bbox 621 4655 681 4696; x_wconf 90' lang='lat' dir='ltr'><strong>eam</strong></span> <span class='ocrx_word' id='word_1_720' title='bbox 690 4640 779 4712; x_wconf 90' lang='lat' dir='ltr'><strong>primo</strong></span> <span class='ocrx_word' id='word_1_721' title='bbox 793 4641 948 4711; x_wconf 88' lang='lat' dir='ltr'><strong>insaniem,</strong></span> <span class='ocrx_word' id='word_1_722' title='bbox 1004 4645 1111 4718; x_wconf 86' lang='lat' dir='ltr'><strong>quaeris.</strong></span> <span class='ocrx_word' id='word_1_723' title='bbox 1125 4643 1168 4700; x_wconf 91' lang='lat' dir='ltr'><strong>Nc</strong></span> <span class='ocrx_word' id='word_1_724' title='bbox 1183 4643 1211 4700; x_wconf 93' lang='lat' dir='ltr'><strong>in</strong></span> <span class='ocrx_word' id='word_1_725' title='bbox 1233 4645 1286 4700; x_wconf 91' lang='lat' dir='ltr'><strong>boc</strong></span> <span class='ocrx_word' id='word_1_726' title='bbox 1309 4643 1419 4715; x_wconf 87' lang='lat' dir='ltr'><strong>quidem</strong></span> <span class='ocrx_word' id='word_1_727' title='bbox 1439 4643 1533 4709; x_wconf 81' lang='lat' dir='ltr'><strong>deero,</strong></span> <span class='ocrx_word' id='word_1_728' title='bbox 1559 4649 1588 4697; x_wconf 90' lang='lat' dir='ltr'><strong>et</strong></span> <span class='ocrx_word' id='word_1_729' title='bbox 1610 4640 1700 4697; x_wconf 89' lang='lat' dir='ltr'><strong>adhuc</strong></span> <span class='ocrx_word' id='word_1_730' title='bbox 1721 4638 1802 4696; x_wconf 88' lang='lat' dir='ltr'><strong>vobis</strong></span> 
     </span>
     <span class='ocr_line' id='line_1_52' title="bbox 156 4731 1801 4809; baseline -0.01 -11"><span class='ocrx_word' id='word_1_731' title='bbox 156 4739 256 4798; x_wconf 89' lang='lat' dir='ltr'><strong>deinde</strong></span> <span class='ocrx_word' id='word_1_732' title='bbox 282 4739 311 4794; x_wconf 91' lang='lat' dir='ltr'><strong>iu</strong></span> <span class='ocrx_word' id='word_1_733' title='bbox 324 4739 457 4795; x_wconf 88' lang='lat' dir='ltr'><strong>cinerem.</strong></span> <span class='ocrx_word' id='word_1_734' title='bbox 479 4737 548 4792; x_wconf 89' lang='lat' dir='ltr'><strong>Nam</strong></span> <span class='ocrx_word' id='word_1_735' title='bbox 563 4737 616 4793; x_wconf 91' lang='lat' dir='ltr'><strong>huc</strong></span> <span class='ocrx_word' id='word_1_736' title='bbox 630 4753 715 4809; x_wconf 92' lang='lat' dir='ltr'><strong>usque</strong></span> <span class='ocrx_word' id='word_1_737' title='bbox 738 4745 836 4809; x_wconf 89' lang='lat' dir='ltr'><strong>potest,</strong></span> <span class='ocrx_word' id='word_1_738' title='bbox 853 4747 881 4796; x_wconf 92' lang='lat' dir='ltr'><strong>et</strong></span> <span class='ocrx_word' id='word_1_739' title='bbox 895 4754 950 4797; x_wconf 92' lang='lat' dir='ltr'><strong>non</strong></span> <span class='ocrx_word' id='word_1_740' title='bbox 1003 4734 1225 4791; x_wconf 81' lang='lat' dir='ltr'><strong>excellentiorem</strong></span> <span class='ocrx_word' id='word_1_741' title='bbox 1247 4734 1402 4788; x_wconf 90' lang='lat' dir='ltr'><strong>unctionem</strong></span> <span class='ocrx_word' id='word_1_742' title='bbox 1427 4732 1595 4787; x_wconf 90' lang='lat' dir='ltr'><strong>demonstro.</strong></span> <span class='ocrx_word' id='word_1_743' title='bbox 1625 4731 1712 4787; x_wconf 72' lang='lat' dir='ltr'><strong>Oinoe</strong></span> <span class='ocrx_word' id='word_1_744' title='bbox 1730 4746 1801 4802; x_wconf 77' lang='lat' dir='ltr'><strong>guat-</strong></span> 
     </span>
     <span class='ocr_line' id='line_1_53' title="bbox 155 4819 1801 4901; baseline -0.006 -16"><span class='ocrx_word' id='word_1_745' title='bbox 155 4828 281 4901; x_wconf 89' lang='lat' dir='ltr'><strong>amplius,</strong></span> <span class='ocrx_word' id='word_1_746' title='bbox 296 4843 379 4900; x_wconf 89' lang='lat' dir='ltr'><strong>quarn</strong></span> <span class='ocrx_word' id='word_1_747' title='bbox 392 4825 420 4881; x_wconf 94' lang='lat' dir='ltr'><strong>in</strong></span> <span class='ocrx_word' id='word_1_748' title='bbox 429 4824 570 4897; x_wconf 83' lang='lat' dir='ltr'><strong>pulverem</strong></span> <span class='ocrx_word' id='word_1_749' title='bbox 581 4822 727 4893; x_wconf 89' lang='lat' dir='ltr'><strong>deducere,</strong></span> <span class='ocrx_word' id='word_1_750' title='bbox 745 4825 849 4883; x_wconf 87' lang='lat' dir='ltr'><strong>scilicet</strong></span> <span class='ocrx_word' id='word_1_751' title='bbox 858 4829 949 4884; x_wconf 90' lang='lat' dir='ltr'><strong>carnia</strong></span> <span class='ocrx_word' id='word_1_752' title='bbox 1003 4821 1189 4895; x_wconf 69' lang='lat' dir='ltr'><strong>diteminquit,</strong></span> <span class='ocrx_word' id='word_1_753' title='bbox 1200 4821 1377 4889; x_wconf 75' lang='lat' dir='ltr'><strong>existimate,</strong></span> <span class='ocrx_word' id='word_1_754' title='bbox 1385 4824 1569 4892; x_wconf 57' lang='lat' dir='ltr'><strong>[ratramnum</strong></span> <span class='ocrx_word' id='word_1_755' title='bbox 1578 4820 1611 4874; x_wconf 84' lang='lat' dir='ltr'><strong>in</strong></span> <span class='ocrx_word' id='word_1_756' title='bbox 1623 4819 1801 4877; x_wconf 77' lang='lat' dir='ltr'><strong>tentationes</strong></span> 
     </span>
     <span class='ocr_line' id='line_1_54' title="bbox 153 4909 1801 4993; baseline -0.007 -19"><span class='ocrx_word' id='word_1_757' title='bbox 153 4916 270 4993; x_wconf 90' lang='lat' dir='ltr'><strong>gloriam</strong></span> <span class='ocrx_word' id='word_1_758' title='bbox 287 4918 368 4973; x_wconf 89' lang='lat' dir='ltr'><strong>:Non</strong></span> <span class='ocrx_word' id='word_1_759' title='bbox 391 4915 426 4969; x_wconf 90' lang='lat' dir='ltr'><strong>ad</strong></span> <span class='ocrx_word' id='word_1_760' title='bbox 448 4913 562 4970; x_wconf 89' lang='lat' dir='ltr'><strong>nibilum</strong></span> <span class='ocrx_word' id='word_1_761' title='bbox 585 4928 748 4972; x_wconf 88' lang='lat' dir='ltr'><strong>consumere</strong></span> <span class='ocrx_word' id='word_1_762' title='bbox 771 4917 845 4972; x_wconf 89' lang='lat' dir='ltr'><strong>valet</strong></span> <span class='ocrx_word' id='word_1_763' title='bbox 858 4918 949 4973; x_wconf 88' lang='lat' dir='ltr'><strong>carnis</strong></span> <span class='ocrx_word' id='word_1_764' title='bbox 1001 4916 1095 4971; x_wconf 83' lang='lat' dir='ltr'><strong>curios</strong></span> <span class='ocrx_word' id='word_1_765' title='bbox 1105 4909 1376 4982; x_wconf 62' lang='lat' dir='ltr'><strong>inciderititvncob.</strong></span> <span class='ocrx_word' id='word_1_766' title='bbox 1387 4915 1449 4981; x_wconf 80' lang='lat'><strong>1,2).</strong></span> <span class='ocrx_word' id='word_1_767' title='bbox 1460 4911 1504 4967; x_wconf 77' lang='lat' dir='ltr'><strong>dn</strong></span> <span class='ocrx_word' id='word_1_768' title='bbox 1514 4926 1570 4966; x_wconf 92' lang='lat' dir='ltr'><strong>nnn</strong></span> <span class='ocrx_word' id='word_1_769' title='bbox 1580 4909 1629 4965; x_wconf 89' lang='lat' dir='ltr'><strong>tibi</strong></span> <span class='ocrx_word' id='word_1_770' title='bbox 1637 4909 1744 4966; x_wconf 85' lang='lat' dir='ltr'><strong>videtur</strong></span> <span class='ocrx_word' id='word_1_771' title='bbox 1754 4925 1801 4965; x_wconf 89' lang='lat' dir='ltr'><strong>ex-</strong></span> 
     </span>
     <span class='ocr_line' id='line_1_55' title="bbox 153 4996 1799 5076; baseline -0.009 -10"><span class='ocrx_word' id='word_1_772' title='bbox 153 5007 345 5072; x_wconf 88' lang='lat' dir='ltr'><strong>substantiam,</strong></span> <span class='ocrx_word' id='word_1_773' title='bbox 365 5018 418 5061; x_wconf 91' lang='lat' dir='ltr'><strong>nec</strong></span> <span class='ocrx_word' id='word_1_774' title='bbox 439 5002 547 5076; x_wconf 89' lang='lat' dir='ltr'><strong>penitus</strong></span> <span class='ocrx_word' id='word_1_775' title='bbox 561 5017 735 5072; x_wconf 91' lang='lat' dir='ltr'><strong>consumere,</strong></span> <span class='ocrx_word' id='word_1_776' title='bbox 751 5020 802 5061; x_wconf 90' lang='lat' dir='ltr'><strong>nec</strong></span> <span class='ocrx_word' id='word_1_777' title='bbox 815 5014 947 5076; x_wconf 90' lang='lat' dir='ltr'><strong>perpetuo</strong></span> <span class='ocrx_word' id='word_1_778' title='bbox 1000 5001 1152 5060; x_wconf 88' lang='lat' dir='ltr'><strong>cellentiori</strong></span> <span class='ocrx_word' id='word_1_779' title='bbox 1167 5007 1305 5072; x_wconf 82' lang='lat' dir='ltr'><strong>unguento</strong></span> <span class='ocrx_word' id='word_1_780' title='bbox 1320 5000 1457 5072; x_wconf 81' lang='lat' dir='ltr'><strong>pertusus,</strong></span> <span class='ocrx_word' id='word_1_781' title='bbox 1473 4998 1609 5073; x_wconf 85' lang='lat' dir='ltr'><strong>quinovit</strong></span> <span class='ocrx_word' id='word_1_782' title='bbox 1631 4998 1660 5053; x_wconf 91' lang='lat' dir='ltr'><strong>in</strong></span> <span class='ocrx_word' id='word_1_783' title='bbox 1673 4996 1799 5053; x_wconf 85' lang='lat' dir='ltr'><strong>adversis</strong></span> 
     </span>
     <span class='ocr_line' id='line_1_56' title="bbox 152 5086 1799 5170; baseline -0.007 -17"><span class='ocrx_word' id='word_1_784' title='bbox 152 5096 304 5170; x_wconf 90' lang='lat' dir='ltr'><strong>possidere.</strong></span> <span class='ocrx_word' id='word_1_785' title='bbox 329 5095 425 5150; x_wconf 90' lang='lat' dir='ltr'><strong>Donec</strong></span> <span class='ocrx_word' id='word_1_786' title='bbox 446 5099 579 5150; x_wconf 88' lang='lat' dir='ltr'><strong>atteretur</strong></span> <span class='ocrx_word' id='word_1_787' title='bbox 592 5093 702 5163; x_wconf 84' lang='lat' dir='ltr'><strong>coelum,</strong></span> <span class='ocrx_word' id='word_1_788' title='bbox 722 5107 777 5148; x_wconf 92' lang='lat' dir='ltr'><strong>non</strong></span> <span class='ocrx_word' id='word_1_789' title='bbox 797 5102 948 5167; x_wconf 87' lang='lat' dir='ltr'><strong>consurget</strong></span> <span class='ocrx_word' id='word_1_790' title='bbox 999 5091 1132 5167; x_wconf 88' lang='lat' dir='ltr'><strong>gaudere,</strong></span> <span class='ocrx_word' id='word_1_791' title='bbox 1148 5107 1230 5164; x_wconf 90' lang='lat' dir='ltr'><strong>qnam</strong></span> <span class='ocrx_word' id='word_1_792' title='bbox 1244 5089 1290 5163; x_wconf 89' lang='lat' dir='ltr'><strong>qui</strong></span> <span class='ocrx_word' id='word_1_793' title='bbox 1305 5090 1399 5146; x_wconf 93' lang='lat' dir='ltr'><strong>didicit</strong></span> <span class='ocrx_word' id='word_1_794' title='bbox 1412 5089 1441 5145; x_wconf 92' lang='lat' dir='ltr'><strong>in</strong></span> <span class='ocrx_word' id='word_1_795' title='bbox 1455 5090 1521 5162; x_wconf 87' lang='lat' dir='ltr'><strong>ipsis</strong></span> <span class='ocrx_word' id='word_1_796' title='bbox 1536 5105 1591 5146; x_wconf 93' lang='lat' dir='ltr'><strong>non</strong></span> <span class='ocrx_word' id='word_1_797' title='bbox 1615 5086 1799 5145; x_wconf 81' lang='lat' dir='ltr'><strong>contristarit</strong></span> 
     </span>
     <span class='ocr_line' id='line_1_57' title="bbox 152 5180 1799 5258; baseline -0.008 -15"><span class='ocrx_word' id='word_1_798' title='bbox 152 5181 946 5258; x_wconf 60' lang='lat' dir='ltr'><strong>&lt;innaturalemtamentunceonsurget.1uneenim</strong></span> <span class='ocrx_word' id='word_1_799' title='bbox 998 5181 1087 5238; x_wconf 88' lang='lat' dir='ltr'><strong>llinus</strong></span> <span class='ocrx_word' id='word_1_800' title='bbox 1108 5182 1181 5238; x_wconf 90' lang='lat' dir='ltr'><strong>enim</strong></span> <span class='ocrx_word' id='word_1_801' title='bbox 1204 5188 1246 5236; x_wconf 89' lang='lat' dir='ltr'><strong>est</strong></span> <span class='ocrx_word' id='word_1_802' title='bbox 1270 5195 1325 5254; x_wconf 90' lang='lat' dir='ltr'><strong>quo</strong></span> <span class='ocrx_word' id='word_1_803' title='bbox 1345 5180 1424 5238; x_wconf 91' lang='lat' dir='ltr'><strong>dolor</strong></span> <span class='ocrx_word' id='word_1_804' title='bbox 1446 5180 1609 5248; x_wconf 90' lang='lat' dir='ltr'><strong>excluditur,</strong></span> <span class='ocrx_word' id='word_1_805' title='bbox 1636 5191 1719 5250; x_wconf 88' lang='lat' dir='ltr'><strong>quam</strong></span> <span class='ocrx_word' id='word_1_806' title='bbox 1743 5189 1799 5248; x_wconf 84' lang='lat' dir='ltr'><strong>quo</strong></span> 
     </span>
     <span class='ocr_line' id='line_1_58' title="bbox 152 5264 1798 5345; baseline -0.006 -15"><span class='ocrx_word' id='word_1_807' title='bbox 152 5272 276 5330; x_wconf 81' lang='lat' dir='ltr'><strong>effundet</strong></span> <span class='ocrx_word' id='word_1_808' title='bbox 291 5273 422 5331; x_wconf 86' lang='lat' dir='ltr'><strong>Dominus</strong></span> <span class='ocrx_word' id='word_1_809' title='bbox 438 5272 473 5329; x_wconf 91' lang='lat' dir='ltr'><strong>de</strong></span> <span class='ocrx_word' id='word_1_810' title='bbox 485 5272 585 5345; x_wconf 88' lang='lat' dir='ltr'><strong>Spiritu</strong></span> <span class='ocrx_word' id='word_1_811' title='bbox 601 5287 650 5330; x_wconf 90' lang='lat' dir='ltr'><strong>suo</strong></span> <span class='ocrx_word' id='word_1_812' title='bbox 666 5287 748 5343; x_wconf 88' lang='lat' dir='ltr'><strong>super</strong></span> <span class='ocrx_word' id='word_1_813' title='bbox 762 5285 872 5329; x_wconf 89' lang='lat' dir='ltr'><strong>omnem</strong></span> <span class='ocrx_word' id='word_1_814' title='bbox 886 5287 944 5330; x_wconf 92' lang='lat' dir='ltr'><strong>car·</strong></span> <span class='ocrx_word' id='word_1_815' title='bbox 997 5271 1091 5329; x_wconf 78' lang='lat' dir='ltr'><strong>letitia</strong></span> <span class='ocrx_word' id='word_1_816' title='bbox 1104 5272 1245 5330; x_wconf 88' lang='lat' dir='ltr'><strong>suadetur.</strong></span> <span class='ocrx_word' id='word_1_817' title='bbox 1260 5269 1383 5343; x_wconf 89' lang='lat' dir='ltr'><strong>Denique</strong></span> <span class='ocrx_word' id='word_1_818' title='bbox 1396 5277 1424 5326; x_wconf 90' lang='lat' dir='ltr'><strong>et</strong></span> <span class='ocrx_word' id='word_1_819' title='bbox 1437 5269 1562 5326; x_wconf 88' lang='lat' dir='ltr'><strong>inimicos</strong></span> <span class='ocrx_word' id='word_1_820' title='bbox 1574 5283 1630 5323; x_wconf 91' lang='lat' dir='ltr'><strong>non</strong></span> <span class='ocrx_word' id='word_1_821' title='bbox 1653 5264 1736 5321; x_wconf 91' lang='lat' dir='ltr'><strong>modo</strong></span> <span class='ocrx_word' id='word_1_822' title='bbox 1751 5269 1798 5320; x_wconf 91' lang='lat' dir='ltr'><strong>to-</strong></span> 
     </span>
     <span class='ocr_line' id='line_1_59' title="bbox 151 5353 1796 5435; baseline -0.007 -16"><span class='ocrx_word' id='word_1_823' title='bbox 151 5377 216 5419; x_wconf 88' lang='lat' dir='ltr'><strong>nem</strong></span> <span class='ocrx_word' id='word_1_824' title='bbox 233 5363 311 5434; x_wconf 77' lang='lat' dir='ltr'><strong>(loci.</strong></span> <span class='ocrx_word' id='word_1_825' title='bbox 331 5378 363 5430; x_wconf 92' lang='lat' dir='ltr'><strong>u,</strong></span> <span class='ocrx_word' id='word_1_826' title='bbox 377 5363 434 5435; x_wconf 79' lang='lat' dir='ltr'><strong>tt),</strong></span> <span class='ocrx_word' id='word_1_827' title='bbox 450 5370 514 5420; x_wconf 89' lang='lat' dir='ltr'><strong>tune</strong></span> <span class='ocrx_word' id='word_1_828' title='bbox 528 5376 593 5419; x_wconf 90' lang='lat' dir='ltr'><strong>caro</strong></span> <span class='ocrx_word' id='word_1_829' title='bbox 608 5367 765 5418; x_wconf 88' lang='lat' dir='ltr'><strong>sanctorum</strong></span> <span class='ocrx_word' id='word_1_830' title='bbox 780 5361 832 5417; x_wconf 91' lang='lat' dir='ltr'><strong>erit</strong></span> <span class='ocrx_word' id='word_1_831' title='bbox 847 5361 945 5420; x_wconf 88' lang='lat' dir='ltr'><strong>immu·</strong></span> <span class='ocrx_word' id='word_1_832' title='bbox 996 5362 1095 5434; x_wconf 79' lang='lat' dir='ltr'><strong>leuare,</strong></span> <span class='ocrx_word' id='word_1_833' title='bbox 1107 5364 1192 5420; x_wconf 82' lang='lat' dir='ltr'><strong>sedet</strong></span> <span class='ocrx_word' id='word_1_834' title='bbox 1204 5374 1297 5417; x_wconf 89' lang='lat' dir='ltr'><strong>amare</strong></span> <span class='ocrx_word' id='word_1_835' title='bbox 1308 5360 1532 5434; x_wconf 79' lang='lat' dir='ltr'><strong>jubetursponsa</strong></span> <span class='ocrx_word' id='word_1_836' title='bbox 1542 5354 1652 5415; x_wconf 82' lang='lat' dir='ltr'><strong>Christi.</strong></span> <span class='ocrx_word' id='word_1_837' title='bbox 1664 5353 1796 5426; x_wconf 77' lang='lat' dir='ltr'><strong>Diligite,</strong></span> 
     </span>
     <span class='ocr_line' id='line_1_60' title="bbox 149 5444 1797 5528; baseline -0.008 -14"><span class='ocrx_word' id='word_1_838' title='bbox 149 5457 206 5514; x_wconf 87' lang='lat' dir='ltr'><strong>rata</strong></span> <span class='ocrx_word' id='word_1_839' title='bbox 219 5458 330 5526; x_wconf 90' lang='lat' dir='ltr'><strong>propter</strong></span> <span class='ocrx_word' id='word_1_840' title='bbox 348 5452 448 5523; x_wconf 84' lang='lat' dir='ltr'><strong>oleum,</strong></span> <span class='ocrx_word' id='word_1_841' title='bbox 466 5467 499 5512; x_wconf 89' lang='lat' dir='ltr'><strong>eo</strong></span> <span class='ocrx_word' id='word_1_842' title='bbox 514 5449 587 5526; x_wconf 89' lang='lat' dir='ltr'><strong>quod</strong></span> <span class='ocrx_word' id='word_1_843' title='bbox 602 5449 718 5524; x_wconf 86' lang='lat' dir='ltr'><strong>Spiritus</strong></span> <span class='ocrx_word' id='word_1_844' title='bbox 731 5449 843 5510; x_wconf 87' lang='lat' dir='ltr'><strong>Domini</strong></span> <span class='ocrx_word' id='word_1_845' title='bbox 855 5467 944 5512; x_wconf 88' lang='lat' dir='ltr'><strong>unxe-</strong></span> <span class='ocrx_word' id='word_1_846' title='bbox 996 5451 1095 5528; x_wconf 88' lang='lat' dir='ltr'><strong>inquit,</strong></span> <span class='ocrx_word' id='word_1_847' title='bbox 1109 5452 1240 5515; x_wconf 77' lang='lat' dir='ltr'><strong>inimicos</strong></span> <span class='ocrx_word' id='word_1_848' title='bbox 1250 5453 1355 5512; x_wconf 77' lang='lat' dir='ltr'><strong>taetros</strong></span> <span class='ocrx_word' id='word_1_849' title='bbox 1365 5451 1441 5524; x_wconf 82' lang='lat' dir='ltr'><strong>(tue.</strong></span> <span class='ocrx_word' id='word_1_850' title='bbox 1452 5463 1490 5521; x_wconf 87' lang='lat' dir='ltr'><strong>rt,</strong></span> <span class='ocrx_word' id='word_1_851' title='bbox 1504 5451 1558 5523; x_wconf 79' lang='lat'><strong>35).</strong></span> <span class='ocrx_word' id='word_1_852' title='bbox 1569 5448 1646 5509; x_wconf 88' lang='lat' dir='ltr'><strong>Dona</strong></span> <span class='ocrx_word' id='word_1_853' title='bbox 1655 5459 1725 5518; x_wconf 88' lang='lat' dir='ltr'><strong>ergo</strong></span> <span class='ocrx_word' id='word_1_854' title='bbox 1735 5444 1797 5515; x_wconf 84' lang='lat' dir='ltr'><strong>ejus</strong></span> 
     </span>
    </p>
   </div>
   <div class='ocr_carea' id='block_1_3' title="bbox 0 0 1858 5962">
    <p class='ocr_par' dir='ltr' id='par_1_3' title="bbox 0 0 1858 5962">
     <span class='ocr_line' id='line_1_61' title="bbox 0 0 1858 5962; baseline 0 7"><span class='ocrx_word' id='word_1_855' title='bbox 0 0 1858 5962; x_wconf 95' lang='lat' dir='ltr'><strong> </strong></span> 
     </span>
    </p>
   </div>
  </div>
 </body>
</html>
