<?xml version="1.0" encoding="UTF-8"?>
<!DOCTYPE html PUBLIC "-//W3C//DTD XHTML 1.0 Transitional//EN"
    "http://www.w3.org/TR/xhtml1/DTD/xhtml1-transitional.dtd">
<html xmlns="http://www.w3.org/1999/xhtml" xml:lang="en" lang="en">
 <head>
  <title>
</title>
<meta http-equiv="Content-Type" content="text/html;charset=utf-8" />
  <meta name='ocr-system' content='tesseract 3.04.00' />
  <meta name='ocr-capabilities' content='ocr_page ocr_carea ocr_par ocr_line ocrx_word'/>
</head>
<body>
  <div class='ocr_page' id='page_1' title='image "./patrologiaecurs00unkngoog_0124.png"; bbox 0 0 3706 5962; ppageno 0'>
   <div class='ocr_carea' id='block_1_1' title="bbox 170 214 226 274">
    <p class='ocr_par' dir='ltr' id='par_1_1' title="bbox 170 214 226 274">
     <span class='ocr_line' id='line_1_1' title="bbox 170 214 226 274; baseline 0 -1"><span class='ocrx_word' id='word_1_1' title='bbox 170 214 226 274; x_wconf 71' lang='lat'>235</span> 
     </span>
    </p>
   </div>
   <div class='ocr_carea' id='block_1_2' title="bbox 823 204 1173 270">
    <p class='ocr_par' dir='ltr' id='par_1_2' title="bbox 823 204 1173 270">
     <span class='ocr_line' id='line_1_2' title="bbox 823 204 1173 270; baseline -0.003 -3"><span class='ocrx_word' id='word_1_2' title='bbox 823 205 1018 270; x_wconf 72' lang='lat' dir='ltr'>amandari</span> <span class='ocrx_word' id='word_1_3' title='bbox 1035 204 1173 267; x_wconf 72' lang='lat' dir='ltr'>malus</span> 
     </span>
    </p>
   </div>
   <div class='ocr_carea' id='block_1_3' title="bbox 1766 210 1823 273">
    <p class='ocr_par' dir='ltr' id='par_1_3' title="bbox 1766 210 1823 273">
     <span class='ocr_line' id='line_1_3' title="bbox 1766 210 1823 273; baseline 0 0"><span class='ocrx_word' id='word_1_4' title='bbox 1766 210 1823 273; x_wconf 76' lang='lat' dir='ltr'>tto</span> 
     </span>
    </p>
   </div>
   <div class='ocr_carea' id='block_1_4' title="bbox 158 309 1836 498">
    <p class='ocr_par' dir='ltr' id='par_1_4' title="bbox 158 309 1836 498">
     <span class='ocr_line' id='line_1_4' title="bbox 159 309 1836 427; baseline -0.001 -34"><span class='ocrx_word' id='word_1_5' title='bbox 159 339 272 395; x_wconf 89' lang='lat' dir='ltr'>forsitan</span> <span class='ocrx_word' id='word_1_6' title='bbox 282 344 343 392; x_wconf 89' lang='lat' dir='ltr'>tuos</span> <span class='ocrx_word' id='word_1_7' title='bbox 356 333 511 392; x_wconf 90' lang='lat' dir='ltr'>inclementi</span> <span class='ocrx_word' id='word_1_8' title='bbox 521 333 601 391; x_wconf 91' lang='lat' dir='ltr'>oculo</span> <span class='ocrx_word' id='word_1_9' title='bbox 616 333 766 405; x_wconf 83' lang='lat' dir='ltr'>respicere,</span> <span class='ocrx_word' id='word_1_10' title='bbox 783 343 810 390; x_wconf 93' lang='lat' dir='ltr'>et</span> <span class='ocrx_word' id='word_1_11' title='bbox 831 331 961 405; x_wconf 89' lang='lat' dir='ltr'>resupino</span> <span class='ocrx_word' id='word_1_12' title='bbox 977 348 1001 427; x_wconf 58' lang='grc' dir='ltr'><strong>Α</strong></span> <span class='ocrx_word' id='word_1_13' title='bbox 1017 332 1110 390; x_wconf 89' lang='lat' dir='ltr'>audite</span> <span class='ocrx_word' id='word_1_14' title='bbox 1133 331 1308 405; x_wconf 89' lang='lat' dir='ltr'>liquefactum</span> <span class='ocrx_word' id='word_1_15' title='bbox 1332 331 1461 389; x_wconf 89' lang='lat' dir='ltr'>affectum</span> <span class='ocrx_word' id='word_1_16' title='bbox 1485 331 1620 404; x_wconf 90' lang='lat' dir='ltr'>discipuli.</span> <span class='ocrx_word' id='word_1_17' title='bbox 1637 335 1704 407; x_wconf 81' lang='lat' dir='ltr'>ligo,</span> <span class='ocrx_word' id='word_1_18' title='bbox 1720 309 1836 410; x_wconf 85' lang='lat' dir='ltr'>inquit,</span> 
     </span>
     <span class='ocr_line' id='line_1_5' title="bbox 158 421 1821 498; baseline 0.001 -16"><span class='ocrx_word' id='word_1_19' title='bbox 158 428 228 484; x_wconf 89' lang='lat' dir='ltr'>fastu</span> <span class='ocrx_word' id='word_1_20' title='bbox 244 425 392 498; x_wconf 76' lang='lat' dir='ltr'>praeterire,</span> <span class='ocrx_word' id='word_1_21' title='bbox 413 424 435 478; x_wconf 91' lang='lat' dir='ltr'>si</span> <span class='ocrx_word' id='word_1_22' title='bbox 449 430 541 480; x_wconf 91' lang='lat' dir='ltr'>tamen</span> <span class='ocrx_word' id='word_1_23' title='bbox 561 424 600 479; x_wconf 89' lang='lat' dir='ltr'>tui</span> <span class='ocrx_word' id='word_1_24' title='bbox 621 430 724 479; x_wconf 91' lang='lat' dir='ltr'>tantum</span> <span class='ocrx_word' id='word_1_25' title='bbox 744 431 848 494; x_wconf 89' lang='lat' dir='ltr'>essent,</span> <span class='ocrx_word' id='word_1_26' title='bbox 864 431 891 478; x_wconf 91' lang='lat' dir='ltr'>et</span> <span class='ocrx_word' id='word_1_27' title='bbox 907 438 961 479; x_wconf 90' lang='lat' dir='ltr'>non</span> <span class='ocrx_word' id='word_1_28' title='bbox 1017 440 1075 479; x_wconf 88' lang='lat' dir='ltr'>uon</span> <span class='ocrx_word' id='word_1_29' title='bbox 1084 421 1260 488; x_wconf 83' lang='lat' dir='ltr'>contradico,</span> <span class='ocrx_word' id='word_1_30' title='bbox 1284 425 1446 479; x_wconf 73' lang='lat' dir='ltr'><strong><em>retrorsum</em></strong></span> <span class='ocrx_word' id='word_1_31' title='bbox 1459 437 1516 478; x_wconf 84' lang='lat' dir='ltr'>non</span> <span class='ocrx_word' id='word_1_32' title='bbox 1542 422 1612 479; x_wconf 87' lang='lat' dir='ltr'>obit.</span> <span class='ocrx_word' id='word_1_33' title='bbox 1629 423 1821 498; x_wconf 82' lang='lat' dir='ltr'>Auditisquo-</span> 
     </span>
    </p>
   </div>
   <div class='ocr_carea' id='block_1_5' title="bbox 156 512 961 1736">
    <p class='ocr_par' dir='ltr' id='par_1_5' title="bbox 156 512 961 1736">
     <span class='ocr_line' id='line_1_6' title="bbox 156 512 961 584; baseline -0.006 -11"><span class='ocrx_word' id='word_1_34' title='bbox 156 516 265 573; x_wconf 86' lang='lat' dir='ltr'>Domini</span> <span class='ocrx_word' id='word_1_35' title='bbox 278 515 327 569; x_wconf 89' lang='lat' dir='ltr'>tui.</span> <span class='ocrx_word' id='word_1_36' title='bbox 342 513 427 583; x_wconf 85' lang='lat' dir='ltr'>Quam</span> <span class='ocrx_word' id='word_1_37' title='bbox 444 513 529 569; x_wconf 92' lang='lat' dir='ltr'>durus</span> <span class='ocrx_word' id='word_1_38' title='bbox 543 513 628 579; x_wconf 89' lang='lat' dir='ltr'>iores,</span> <span class='ocrx_word' id='word_1_39' title='bbox 647 513 670 568; x_wconf 93' lang='lat' dir='ltr'>si</span> <span class='ocrx_word' id='word_1_40' title='bbox 684 513 719 568; x_wconf 92' lang='lat' dir='ltr'>de</span> <span class='ocrx_word' id='word_1_41' title='bbox 739 520 785 568; x_wconf 91' lang='lat' dir='ltr'>tuo</span> <span class='ocrx_word' id='word_1_42' title='bbox 802 512 895 584; x_wconf 88' lang='lat' dir='ltr'>largiri</span> <span class='ocrx_word' id='word_1_43' title='bbox 911 512 961 568; x_wconf 93' lang='lat' dir='ltr'>de-</span> 
     </span>
     <span class='ocr_line' id='line_1_7' title="bbox 159 600 961 676; baseline -0.007 -16"><span class='ocrx_word' id='word_1_44' title='bbox 159 607 250 674; x_wconf 87' lang='lat' dir='ltr'>beres,</span> <span class='ocrx_word' id='word_1_45' title='bbox 267 602 313 676; x_wconf 94' lang='lat' dir='ltr'>qui</span> <span class='ocrx_word' id='word_1_46' title='bbox 329 601 437 659; x_wconf 88' lang='lat' dir='ltr'>Domini</span> <span class='ocrx_word' id='word_1_47' title='bbox 451 601 628 658; x_wconf 74' lang='lat' dir='ltr'>substantiam</span> <span class='ocrx_word' id='word_1_48' title='bbox 649 608 703 656; x_wconf 88' lang='lat' dir='ltr'>tam</span> <span class='ocrx_word' id='word_1_49' title='bbox 720 617 803 656; x_wconf 82' lang='lat' dir='ltr'>asaro</span> <span class='ocrx_word' id='word_1_50' title='bbox 827 609 854 656; x_wconf 89' lang='lat' dir='ltr'>et</span> <span class='ocrx_word' id='word_1_51' title='bbox 869 600 961 655; x_wconf 92' lang='lat' dir='ltr'>immi-</span> 
     </span>
     <span class='ocr_line' id='line_1_8' title="bbox 159 688 960 762; baseline -0.006 -13"><span class='ocrx_word' id='word_1_52' title='bbox 159 703 225 749; x_wconf 91' lang='lat' dir='ltr'>nuto</span> <span class='ocrx_word' id='word_1_53' title='bbox 236 694 317 748; x_wconf 92' lang='lat' dir='ltr'>etiam</span> <span class='ocrx_word' id='word_1_54' title='bbox 334 691 395 746; x_wconf 89' lang='lat' dir='ltr'>filiis</span> <span class='ocrx_word' id='word_1_55' title='bbox 407 690 506 746; x_wconf 86' lang='lat' dir='ltr'>affectu</span> <span class='ocrx_word' id='word_1_56' title='bbox 519 690 691 762; x_wconf 80' lang='lat' dir='ltr'>dispartiris?</span> <span class='ocrx_word' id='word_1_57' title='bbox 702 692 852 762; x_wconf 83' lang='lat' dir='ltr'>Dispersit,</span> <span class='ocrx_word' id='word_1_58' title='bbox 861 688 960 761; x_wconf 87' lang='lat' dir='ltr'>inquit,</span> 
     </span>
     <span class='ocr_line' id='line_1_9' title="bbox 161 776 961 854; baseline -0.006 -18"><span class='ocrx_word' id='word_1_59' title='bbox 161 781 239 840; x_wconf 84' lang='lat' dir='ltr'>dedit</span> <span class='ocrx_word' id='word_1_60' title='bbox 244 780 417 854; x_wconf 84' lang='lat' dir='ltr'>pauperibus</span> <span class='ocrx_word' id='word_1_61' title='bbox 429 781 516 852; x_wconf 81' lang='lat' dir='ltr'>(Psoi.</span> <span class='ocrx_word' id='word_1_62' title='bbox 538 795 593 847; x_wconf 83' lang='lat' dir='ltr'>oxi,</span> <span class='ocrx_word' id='word_1_63' title='bbox 610 779 649 850; x_wconf 81' lang='grc'>9).</span> <span class='ocrx_word' id='word_1_64' title='bbox 662 778 715 834; x_wconf 87' lang='lat' dir='ltr'>Sed</span> <span class='ocrx_word' id='word_1_65' title='bbox 731 788 760 834; x_wconf 92' lang='lat' dir='ltr'>tu</span> <span class='ocrx_word' id='word_1_66' title='bbox 772 776 885 834; x_wconf 75' lang='lat' dir='ltr'>forsitan</span> <span class='ocrx_word' id='word_1_67' title='bbox 899 792 961 849; x_wconf 92' lang='lat' dir='ltr'>pau·</span> 
     </span>
     <span class='ocr_line' id='line_1_10' title="bbox 160 866 959 943; baseline -0.008 -17"><span class='ocrx_word' id='word_1_68' title='bbox 160 887 242 943; x_wconf 90' lang='lat' dir='ltr'>peres</span> <span class='ocrx_word' id='word_1_69' title='bbox 256 869 356 926; x_wconf 88' lang='lat' dir='ltr'>nescis.</span> <span class='ocrx_word' id='word_1_70' title='bbox 371 867 452 936; x_wconf 86' lang='lat' dir='ltr'>Quid,</span> <span class='ocrx_word' id='word_1_71' title='bbox 465 869 489 923; x_wconf 90' lang='lat' dir='ltr'>si</span> <span class='ocrx_word' id='word_1_72' title='bbox 504 867 576 924; x_wconf 87' lang='lat' dir='ltr'>dieat</span> <span class='ocrx_word' id='word_1_73' title='bbox 592 867 639 922; x_wconf 91' lang='lat' dir='ltr'>tibi</span> <span class='ocrx_word' id='word_1_74' title='bbox 653 867 727 923; x_wconf 92' lang='lat' dir='ltr'>Deus</span> <span class='ocrx_word' id='word_1_75' title='bbox 745 887 750 924; x_wconf 93' lang='lat'>:</span> <span class='ocrx_word' id='word_1_76' title='bbox 768 866 959 938; x_wconf 87' lang='lat' dir='ltr'>imperfectum</span> 
     </span>
     <span class='ocr_line' id='line_1_11' title="bbox 161 953 961 1014; baseline -0.008 0"><span class='ocrx_word' id='word_1_77' title='bbox 161 975 250 1014; x_wconf 89' lang='lat' dir='ltr'>meum</span> <span class='ocrx_word' id='word_1_78' title='bbox 270 972 325 1013; x_wconf 92' lang='lat' dir='ltr'>nou</span> <span class='ocrx_word' id='word_1_79' title='bbox 348 956 474 1013; x_wconf 90' lang='lat' dir='ltr'>viderunt</span> <span class='ocrx_word' id='word_1_80' title='bbox 487 956 559 1013; x_wconf 91' lang='lat' dir='ltr'>oculi</span> <span class='ocrx_word' id='word_1_81' title='bbox 578 954 638 1012; x_wconf 85' lang='lat' dir='ltr'>tuif</span> <span class='ocrx_word' id='word_1_82' title='bbox 653 956 683 1010; x_wconf 90' lang='lat' dir='ltr'>ln</span> <span class='ocrx_word' id='word_1_83' title='bbox 705 955 774 1011; x_wconf 90' lang='lat' dir='ltr'>libro</span> <span class='ocrx_word' id='word_1_84' title='bbox 789 960 834 1011; x_wconf 89' lang='lat' dir='ltr'>tuo</span> <span class='ocrx_word' id='word_1_85' title='bbox 850 953 961 1010; x_wconf 88' lang='lat' dir='ltr'>nonnisi</span> 
     </span>
     <span class='ocr_line' id='line_1_12' title="bbox 161 1042 960 1119; baseline -0.008 -17"><span class='ocrx_word' id='word_1_86' title='bbox 161 1047 275 1119; x_wconf 91' lang='lat' dir='ltr'>perfecti</span> <span class='ocrx_word' id='word_1_87' title='bbox 290 1055 352 1101; x_wconf 88' lang='lat' dir='ltr'>sunt</span> <span class='ocrx_word' id='word_1_88' title='bbox 366 1045 459 1116; x_wconf 91' lang='lat' dir='ltr'>scripti</span> <span class='ocrx_word' id='word_1_89' title='bbox 475 1047 562 1114; x_wconf 85' lang='lat' dir='ltr'>(Psoi,</span> <span class='ocrx_word' id='word_1_90' title='bbox 577 1060 672 1115; x_wconf 83' lang='lat' dir='ltr'>exvur,</span> <span class='ocrx_word' id='word_1_91' title='bbox 688 1046 744 1115; x_wconf 80' lang='lat' dir='ltr'>io),</span> <span class='ocrx_word' id='word_1_92' title='bbox 765 1044 798 1099; x_wconf 91' lang='lat' dir='ltr'>de</span> <span class='ocrx_word' id='word_1_93' title='bbox 811 1042 960 1116; x_wconf 88' lang='lat' dir='ltr'>perficien-</span> 
     </span>
     <span class='ocr_line' id='line_1_13' title="bbox 160 1131 959 1197; baseline -0.004 -7"><span class='ocrx_word' id='word_1_94' title='bbox 160 1135 202 1190; x_wconf 84' lang='lat' dir='ltr'>dis</span> <span class='ocrx_word' id='word_1_95' title='bbox 224 1135 296 1191; x_wconf 91' lang='lat' dir='ltr'>nulla</span> <span class='ocrx_word' id='word_1_96' title='bbox 320 1144 346 1190; x_wconf 92' lang='lat' dir='ltr'>te</span> <span class='ocrx_word' id='word_1_97' title='bbox 370 1148 434 1189; x_wconf 87' lang='lat' dir='ltr'>euro</span> <span class='ocrx_word' id='word_1_98' title='bbox 449 1142 544 1190; x_wconf 91' lang='lat' dir='ltr'>tenore</span> <span class='ocrx_word' id='word_1_99' title='bbox 564 1132 714 1188; x_wconf 88' lang='lat' dir='ltr'>consuevit.</span> <span class='ocrx_word' id='word_1_100' title='bbox 731 1131 814 1188; x_wconf 86' lang='lat' dir='ltr'>Malos</span> <span class='ocrx_word' id='word_1_101' title='bbox 828 1131 959 1197; x_wconf 91' lang='lat' dir='ltr'>medicus,</span> 
     </span>
     <span class='ocr_line' id='line_1_14' title="bbox 160 1219 959 1296; baseline -0.006 -16"><span class='ocrx_word' id='word_1_102' title='bbox 160 1226 206 1296; x_wconf 89' lang='lat' dir='ltr'>qui</span> <span class='ocrx_word' id='word_1_103' title='bbox 220 1231 324 1280; x_wconf 82' lang='lat' dir='ltr'>nonest</span> <span class='ocrx_word' id='word_1_104' title='bbox 334 1237 402 1294; x_wconf 91' lang='lat' dir='ltr'>opus</span> <span class='ocrx_word' id='word_1_105' title='bbox 412 1221 532 1294; x_wconf 87' lang='lat' dir='ltr'>aegrotis,</span> <span class='ocrx_word' id='word_1_106' title='bbox 545 1222 593 1277; x_wconf 88' lang='lat' dir='ltr'>sed</span> <span class='ocrx_word' id='word_1_107' title='bbox 603 1221 675 1276; x_wconf 90' lang='lat' dir='ltr'>bene</span> <span class='ocrx_word' id='word_1_108' title='bbox 685 1221 829 1289; x_wconf 89' lang='lat' dir='ltr'>habentes,</span> <span class='ocrx_word' id='word_1_109' title='bbox 844 1219 959 1276; x_wconf 89' lang='lat' dir='ltr'>fortasse</span> 
     </span>
     <span class='ocr_line' id='line_1_15' title="bbox 159 1308 960 1380; baseline -0.007 -11"><span class='ocrx_word' id='word_1_110' title='bbox 159 1313 327 1370; x_wconf 79' lang='lat' dir='ltr'>exulcerans.</span> <span class='ocrx_word' id='word_1_111' title='bbox 344 1313 371 1368; x_wconf 90' lang='lat' dir='ltr'>Si</span> <span class='ocrx_word' id='word_1_112' title='bbox 387 1326 441 1366; x_wconf 91' lang='lat' dir='ltr'>non</span> <span class='ocrx_word' id='word_1_113' title='bbox 455 1311 497 1366; x_wconf 87' lang='lat' dir='ltr'>vis</span> <span class='ocrx_word' id='word_1_114' title='bbox 511 1316 647 1366; x_wconf 85' lang='lat' dir='ltr'>errantem</span> <span class='ocrx_word' id='word_1_115' title='bbox 662 1324 796 1380; x_wconf 82' lang='lat' dir='ltr'>quaerere,</span> <span class='ocrx_word' id='word_1_116' title='bbox 813 1308 960 1364; x_wconf 86' lang='lat' dir='ltr'>saltemoc-</span> 
     </span>
     <span class='ocr_line' id='line_1_16' title="bbox 159 1397 959 1470; baseline -0.01 -12"><span class='ocrx_word' id='word_1_117' title='bbox 159 1416 239 1458; x_wconf 88' lang='lat' dir='ltr'>curre</span> <span class='ocrx_word' id='word_1_118' title='bbox 258 1400 418 1458; x_wconf 88' lang='lat' dir='ltr'>revertenti.</span> <span class='ocrx_word' id='word_1_119' title='bbox 440 1397 524 1470; x_wconf 79' lang='lat' dir='ltr'>Aperi</span> <span class='ocrx_word' id='word_1_120' title='bbox 539 1400 650 1470; x_wconf 85' lang='lat' dir='ltr'>januam</span> <span class='ocrx_word' id='word_1_121' title='bbox 669 1397 874 1465; x_wconf 84' lang='lat' dir='ltr'>misericordiae,</span> <span class='ocrx_word' id='word_1_122' title='bbox 891 1405 918 1452; x_wconf 90' lang='lat' dir='ltr'>et</span> <span class='ocrx_word' id='word_1_123' title='bbox 936 1397 959 1452; x_wconf 93' lang='lat' dir='ltr'>si</span> 
     </span>
     <span class='ocr_line' id='line_1_17' title="bbox 158 1484 958 1560; baseline -0.008 -15"><span class='ocrx_word' id='word_1_124' title='bbox 158 1504 214 1545; x_wconf 90' lang='lat' dir='ltr'>noo</span> <span class='ocrx_word' id='word_1_125' title='bbox 229 1489 407 1560; x_wconf 76' lang='lat' dir='ltr'>poenitentem</span> <span class='ocrx_word' id='word_1_126' title='bbox 418 1495 530 1558; x_wconf 91' lang='lat' dir='ltr'>propter</span> <span class='ocrx_word' id='word_1_127' title='bbox 539 1486 686 1551; x_wconf 84' lang='lat' dir='ltr'>Christum,</span> <span class='ocrx_word' id='word_1_128' title='bbox 700 1485 807 1557; x_wconf 81' lang='lat' dir='ltr'>suscipe</span> <span class='ocrx_word' id='word_1_129' title='bbox 822 1485 865 1542; x_wconf 91' lang='lat' dir='ltr'>vol</span> <span class='ocrx_word' id='word_1_130' title='bbox 880 1484 958 1540; x_wconf 87' lang='lat' dir='ltr'>Chri·</span> 
     </span>
     <span class='ocr_line' id='line_1_18' title="bbox 158 1574 958 1651; baseline -0.008 -18"><span class='ocrx_word' id='word_1_131' title='bbox 158 1586 228 1634; x_wconf 90' lang='lat' dir='ltr'>stum</span> <span class='ocrx_word' id='word_1_132' title='bbox 242 1578 269 1633; x_wconf 91' lang='lat' dir='ltr'>in</span> <span class='ocrx_word' id='word_1_133' title='bbox 293 1576 454 1651; x_wconf 84' lang='lat' dir='ltr'>poenitente.</span> <span class='ocrx_word' id='word_1_134' title='bbox 470 1575 613 1648; x_wconf 82' lang='lat' dir='ltr'>liquescat</span> <span class='ocrx_word' id='word_1_135' title='bbox 632 1575 722 1630; x_wconf 87' lang='lat' dir='ltr'>anima</span> <span class='ocrx_word' id='word_1_136' title='bbox 741 1582 785 1630; x_wconf 88' lang='lat' dir='ltr'>tua</span> <span class='ocrx_word' id='word_1_137' title='bbox 801 1574 958 1630; x_wconf 90' lang='lat' dir='ltr'>misericor-</span> 
     </span>
     <span class='ocr_line' id='line_1_19' title="bbox 157 1663 960 1736; baseline -0.006 -14"><span class='ocrx_word' id='word_1_138' title='bbox 157 1667 208 1724; x_wconf 83' lang='lat' dir='ltr'>diae</span> <span class='ocrx_word' id='word_1_139' title='bbox 223 1683 296 1734; x_wconf 91' lang='lat' dir='ltr'>rore,</span> <span class='ocrx_word' id='word_1_140' title='bbox 312 1673 341 1723; x_wconf 88' lang='lat' dir='ltr'>et</span> <span class='ocrx_word' id='word_1_141' title='bbox 358 1666 393 1720; x_wconf 93' lang='lat' dir='ltr'>ad</span> <span class='ocrx_word' id='word_1_142' title='bbox 408 1665 549 1721; x_wconf 88' lang='lat' dir='ltr'>clamantis</span> <span class='ocrx_word' id='word_1_143' title='bbox 569 1671 597 1720; x_wconf 89' lang='lat' dir='ltr'>et</span> <span class='ocrx_word' id='word_1_144' title='bbox 616 1663 749 1736; x_wconf 80' lang='lat' dir='ltr'>pulsantis</span> <span class='ocrx_word' id='word_1_145' title='bbox 767 1664 832 1720; x_wconf 86' lang='lat' dir='ltr'>tesu</span> <span class='ocrx_word' id='word_1_146' title='bbox 847 1679 960 1719; x_wconf 89' lang='lat' dir='ltr'>succen-</span> 
     </span>
    </p>
   </div>
   <div class='ocr_carea' id='block_1_6' title="bbox 1012 509 1821 1738">
    <p class='ocr_par' dir='ltr' id='par_1_6' title="bbox 1012 509 1821 1738">
     <span class='ocr_line' id='line_1_20' title="bbox 1017 509 1821 588; baseline 0.006 -21"><span class='ocrx_word' id='word_1_147' title='bbox 1017 512 1097 567; x_wconf 91' lang='lat' dir='ltr'>modo</span> <span class='ocrx_word' id='word_1_148' title='bbox 1111 510 1245 583; x_wconf 91' lang='lat' dir='ltr'>sequitur,</span> <span class='ocrx_word' id='word_1_149' title='bbox 1260 509 1352 567; x_wconf 87' lang='lat' dir='ltr'>audite</span> <span class='ocrx_word' id='word_1_150' title='bbox 1366 513 1421 582; x_wconf 85' lang='lat' dir='ltr'>jam</span> <span class='ocrx_word' id='word_1_151' title='bbox 1437 512 1470 567; x_wconf 89' lang='lat' dir='ltr'>ad</span> <span class='ocrx_word' id='word_1_152' title='bbox 1492 527 1573 582; x_wconf 91' lang='lat' dir='ltr'>quam</span> <span class='ocrx_word' id='word_1_153' title='bbox 1590 511 1694 569; x_wconf 87' lang='lat' dir='ltr'>infima.</span> <span class='ocrx_word' id='word_1_154' title='bbox 1713 516 1821 588; x_wconf 80' lang='lat' dir='ltr'>Corpus</span> 
     </span>
     <span class='ocr_line' id='line_1_21' title="bbox 1014 598 1819 673; baseline 0.006 -17"><span class='ocrx_word' id='word_1_155' title='bbox 1014 618 1108 656; x_wconf 87' lang='lat' dir='ltr'>meum</span> <span class='ocrx_word' id='word_1_156' title='bbox 1122 598 1187 656; x_wconf 87' lang='lat' dir='ltr'>dedi</span> <span class='ocrx_word' id='word_1_157' title='bbox 1199 601 1433 672; x_wconf 84' lang='lat' dir='ltr'>percutientibus,</span> <span class='ocrx_word' id='word_1_158' title='bbox 1449 605 1477 657; x_wconf 90' lang='lat' dir='ltr'>et</span> <span class='ocrx_word' id='word_1_159' title='bbox 1491 616 1576 673; x_wconf 80' lang='lat' dir='ltr'>penos</span> <span class='ocrx_word' id='word_1_160' title='bbox 1590 618 1667 658; x_wconf 88' lang='lat' dir='ltr'>meus</span> <span class='ocrx_word' id='word_1_161' title='bbox 1682 604 1819 662; x_wconf 86' lang='lat' dir='ltr'>vellenti-</span> 
     </span>
     <span class='ocr_line' id='line_1_22' title="bbox 1014 689 1820 762; baseline 0.004 -15"><span class='ocrx_word' id='word_1_162' title='bbox 1014 690 1077 747; x_wconf 88' lang='lat' dir='ltr'>bus:</span> <span class='ocrx_word' id='word_1_163' title='bbox 1100 690 1207 760; x_wconf 79' lang='lat' dir='ltr'>sociem</span> <span class='ocrx_word' id='word_1_164' title='bbox 1221 706 1314 745; x_wconf 83' lang='lat' dir='ltr'>meum</span> <span class='ocrx_word' id='word_1_165' title='bbox 1328 705 1388 745; x_wconf 87' lang='lat' dir='ltr'>non</span> <span class='ocrx_word' id='word_1_166' title='bbox 1402 692 1494 745; x_wconf 86' lang='lat' dir='ltr'>auerti</span> <span class='ocrx_word' id='word_1_167' title='bbox 1507 691 1540 747; x_wconf 85' lang='lat' dir='ltr'>ob</span> <span class='ocrx_word' id='word_1_168' title='bbox 1562 689 1777 762; x_wconf 72' lang='lat' dir='ltr'>increpantibus</span> <span class='ocrx_word' id='word_1_169' title='bbox 1790 699 1820 750; x_wconf 89' lang='lat' dir='ltr'>et</span> 
     </span>
     <span class='ocr_line' id='line_1_23' title="bbox 1014 778 1817 855; baseline 0.006 -21"><span class='ocrx_word' id='word_1_170' title='bbox 1014 779 1231 851; x_wconf 82' lang='lat' dir='ltr'>conspuentibus</span> <span class='ocrx_word' id='word_1_171' title='bbox 1246 778 1279 832; x_wconf 84' lang='lat' dir='ltr'>iu</span> <span class='ocrx_word' id='word_1_172' title='bbox 1289 795 1333 834; x_wconf 88' lang='lat' dir='ltr'>me</span> <span class='ocrx_word' id='word_1_173' title='bbox 1346 778 1423 849; x_wconf 85' lang='lat' dir='ltr'>(lsai.</span> <span class='ocrx_word' id='word_1_174' title='bbox 1434 794 1459 845; x_wconf 81' lang='lat' dir='ltr'>a,</span> <span class='ocrx_word' id='word_1_175' title='bbox 1469 782 1496 848; x_wconf 79' lang='lat'>5,</span> <span class='ocrx_word' id='word_1_176' title='bbox 1509 778 1547 850; x_wconf 84' lang='grc'>6).</span> <span class='ocrx_word' id='word_1_177' title='bbox 1560 779 1665 836; x_wconf 80' lang='lat' dir='ltr'>hanon</span> <span class='ocrx_word' id='word_1_178' title='bbox 1675 779 1727 836; x_wconf 88' lang='lat' dir='ltr'>iste</span> <span class='ocrx_word' id='word_1_179' title='bbox 1738 799 1817 855; x_wconf 83' lang='lat' dir='ltr'>quas.</span> 
     </span>
     <span class='ocr_line' id='line_1_24' title="bbox 1015 866 1817 942; baseline 0.005 -20"><span class='ocrx_word' id='word_1_180' title='bbox 1015 866 1048 922; x_wconf 93' lang='lat' dir='ltr'>ad</span> <span class='ocrx_word' id='word_1_181' title='bbox 1062 883 1160 940; x_wconf 90' lang='lat' dir='ltr'>aspera</span> <span class='ocrx_word' id='word_1_182' title='bbox 1173 874 1201 923; x_wconf 93' lang='lat' dir='ltr'>et</span> <span class='ocrx_word' id='word_1_183' title='bbox 1215 867 1326 938; x_wconf 89' lang='lat' dir='ltr'>abjecta</span> <span class='ocrx_word' id='word_1_184' title='bbox 1342 867 1493 935; x_wconf 85' lang='lat' dir='ltr'>descendit,</span> <span class='ocrx_word' id='word_1_185' title='bbox 1509 884 1564 923; x_wconf 91' lang='lat' dir='ltr'>non</span> <span class='ocrx_word' id='word_1_186' title='bbox 1576 868 1662 940; x_wconf 87' lang='lat' dir='ltr'>rigide</span> <span class='ocrx_word' id='word_1_187' title='bbox 1677 870 1817 942; x_wconf 86' lang='lat' dir='ltr'>resistens,</span> 
     </span>
     <span class='ocr_line' id='line_1_25' title="bbox 1014 954 1818 1029; baseline 0.004 -17"><span class='ocrx_word' id='word_1_188' title='bbox 1014 956 1063 1012; x_wconf 91' lang='lat' dir='ltr'>sed</span> <span class='ocrx_word' id='word_1_189' title='bbox 1087 955 1259 1029; x_wconf 83' lang='lat' dir='ltr'>liquefactus,</span> <span class='ocrx_word' id='word_1_190' title='bbox 1276 954 1447 1027; x_wconf 86' lang='lat' dir='ltr'>effectusque</span> <span class='ocrx_word' id='word_1_191' title='bbox 1469 957 1615 1012; x_wconf 90' lang='lat' dir='ltr'>tractabilis</span> <span class='ocrx_word' id='word_1_192' title='bbox 1637 958 1671 1013; x_wconf 90' lang='lat' dir='ltr'>ad</span> <span class='ocrx_word' id='word_1_193' title='bbox 1693 960 1818 1015; x_wconf 87' lang='lat' dir='ltr'>auditum</span> 
     </span>
     <span class='ocr_line' id='line_1_26' title="bbox 1014 1043 1816 1117; baseline 0.005 -17"><span class='ocrx_word' id='word_1_194' title='bbox 1014 1044 1128 1101; x_wconf 90' lang='lat' dir='ltr'>calentis</span> <span class='ocrx_word' id='word_1_195' title='bbox 1143 1043 1269 1117; x_wconf 81' lang='lat' dir='ltr'>eloquii?</span> <span class='ocrx_word' id='word_1_196' title='bbox 1290 1045 1363 1117; x_wconf 82' lang='lat' dir='ltr'>Ergo</span> <span class='ocrx_word' id='word_1_197' title='bbox 1378 1043 1424 1117; x_wconf 89' lang='lat' dir='ltr'>qui</span> <span class='ocrx_word' id='word_1_198' title='bbox 1439 1044 1594 1114; x_wconf 85' lang='lat' dir='ltr'>hujusmodi</span> <span class='ocrx_word' id='word_1_199' title='bbox 1617 1046 1776 1103; x_wconf 88' lang='lat' dir='ltr'>humilitatis</span> <span class='ocrx_word' id='word_1_200' title='bbox 1791 1057 1816 1104; x_wconf 89' lang='lat' dir='ltr'>et</span> 
     </span>
     <span class='ocr_line' id='line_1_27' title="bbox 1013 1131 1817 1209; baseline 0.004 -19"><span class='ocrx_word' id='word_1_201' title='bbox 1013 1132 1176 1190; x_wconf 73' lang='lat' dir='ltr'>obedientiae</span> <span class='ocrx_word' id='word_1_202' title='bbox 1190 1132 1316 1204; x_wconf 88' lang='lat' dir='ltr'>liquescit</span> <span class='ocrx_word' id='word_1_203' title='bbox 1332 1131 1442 1200; x_wconf 83' lang='lat' dir='ltr'>allecto,</span> <span class='ocrx_word' id='word_1_204' title='bbox 1463 1148 1518 1190; x_wconf 91' lang='lat' dir='ltr'>non</span> <span class='ocrx_word' id='word_1_205' title='bbox 1535 1133 1633 1207; x_wconf 86' lang='lat' dir='ltr'>frigida</span> <span class='ocrx_word' id='word_1_206' title='bbox 1647 1136 1817 1209; x_wconf 87' lang='lat' dir='ltr'>tumentique</span> 
     </span>
     <span class='ocr_line' id='line_1_28' title="bbox 1014 1219 1817 1296; baseline 0.007 -20"><span class='ocrx_word' id='word_1_207' title='bbox 1014 1221 1084 1278; x_wconf 89' lang='lat' dir='ltr'>mole</span> <span class='ocrx_word' id='word_1_208' title='bbox 1108 1219 1253 1279; x_wconf 91' lang='lat' dir='ltr'>immobilis</span> <span class='ocrx_word' id='word_1_209' title='bbox 1276 1229 1304 1277; x_wconf 90' lang='lat' dir='ltr'>et</span> <span class='ocrx_word' id='word_1_210' title='bbox 1328 1221 1478 1293; x_wconf 81' lang='lat' dir='ltr'>rigescens,</span> <span class='ocrx_word' id='word_1_211' title='bbox 1499 1238 1551 1295; x_wconf 91' lang='lat' dir='ltr'>pro</span> <span class='ocrx_word' id='word_1_212' title='bbox 1572 1239 1621 1279; x_wconf 91' lang='lat' dir='ltr'>suo</span> <span class='ocrx_word' id='word_1_213' title='bbox 1644 1226 1715 1295; x_wconf 88' lang='lat' dir='ltr'>jore,</span> <span class='ocrx_word' id='word_1_214' title='bbox 1735 1225 1817 1296; x_wconf 85' lang='lat' dir='ltr'>hujus</span> 
     </span>
     <span class='ocr_line' id='line_1_29' title="bbox 1012 1308 1815 1381; baseline 0.007 -15"><span class='ocrx_word' id='word_1_215' title='bbox 1012 1309 1064 1368; x_wconf 90' lang='lat' dir='ltr'>sihi</span> <span class='ocrx_word' id='word_1_216' title='bbox 1077 1308 1156 1367; x_wconf 92' lang='lat' dir='ltr'>verbi</span> <span class='ocrx_word' id='word_1_217' title='bbox 1170 1325 1250 1366; x_wconf 90' lang='lat' dir='ltr'>usum</span> <span class='ocrx_word' id='word_1_218' title='bbox 1264 1308 1383 1381; x_wconf 79' lang='lat' dir='ltr'>gloriose</span> <span class='ocrx_word' id='word_1_219' title='bbox 1399 1311 1541 1381; x_wconf 74' lang='lat' dir='ltr'>praesumit</span> <span class='ocrx_word' id='word_1_220' title='bbox 1558 1329 1563 1368; x_wconf 95' lang='lat'>:</span> <span class='ocrx_word' id='word_1_221' title='bbox 1581 1311 1685 1368; x_wconf 79' lang='lat' dir='ltr'>Animo</span> <span class='ocrx_word' id='word_1_222' title='bbox 1697 1330 1763 1371; x_wconf 87' lang='lat' dir='ltr'>meo</span> <span class='ocrx_word' id='word_1_223' title='bbox 1777 1314 1815 1372; x_wconf 86' lang='lat' dir='ltr'>ts&#39;-</span> 
     </span>
     <span class='ocr_line' id='line_1_30' title="bbox 1013 1397 1814 1471; baseline 0.006 -17"><span class='ocrx_word' id='word_1_224' title='bbox 1013 1401 1142 1471; x_wconf 77' lang='lat' dir='ltr'>quesootu</span> <span class='ocrx_word' id='word_1_225' title='bbox 1165 1401 1218 1471; x_wconf 88' lang='lat' dir='ltr'>est,</span> <span class='ocrx_word' id='word_1_226' title='bbox 1229 1401 1263 1454; x_wconf 85' lang='lat' dir='ltr'>ut</span> <span class='ocrx_word' id='word_1_227' title='bbox 1271 1397 1394 1454; x_wconf 87' lang='lat' dir='ltr'>dilectus</span> <span class='ocrx_word' id='word_1_228' title='bbox 1404 1399 1516 1454; x_wconf 81' lang='lat' dir='ltr'>locutus</span> <span class='ocrx_word' id='word_1_229' title='bbox 1526 1405 1577 1456; x_wconf 89' lang='lat' dir='ltr'>est.</span> <span class='ocrx_word' id='word_1_230' title='bbox 1590 1401 1692 1457; x_wconf 89' lang='lat' dir='ltr'>Omira</span> <span class='ocrx_word' id='word_1_231' title='bbox 1701 1401 1743 1458; x_wconf 88' lang='lat' dir='ltr'>vis</span> <span class='ocrx_word' id='word_1_232' title='bbox 1753 1418 1814 1459; x_wconf 90' lang='lat' dir='ltr'>ver·</span> 
     </span>
     <span class='ocr_line' id='line_1_31' title="bbox 1012 1485 1815 1562; baseline 0.006 -20"><span class='ocrx_word' id='word_1_233' title='bbox 1012 1487 1049 1555; x_wconf 91' lang='lat' dir='ltr'>bi,</span> <span class='ocrx_word' id='word_1_234' title='bbox 1061 1495 1088 1543; x_wconf 91' lang='lat' dir='ltr'>et</span> <span class='ocrx_word' id='word_1_235' title='bbox 1102 1487 1186 1562; x_wconf 90' lang='lat' dir='ltr'>ignita</span> <span class='ocrx_word' id='word_1_236' title='bbox 1199 1488 1378 1559; x_wconf 84' lang='lat' dir='ltr'>vehementer</span> <span class='ocrx_word' id='word_1_237' title='bbox 1390 1485 1396 1542; x_wconf 92' lang='lat' dir='ltr'>l</span> <span class='ocrx_word' id='word_1_238' title='bbox 1417 1487 1570 1544; x_wconf 88' lang='lat' dir='ltr'>Inflammat</span> <span class='ocrx_word' id='word_1_239' title='bbox 1594 1504 1652 1558; x_wconf 92' lang='lat' dir='ltr'>cor,</span> <span class='ocrx_word' id='word_1_240' title='bbox 1668 1498 1815 1548; x_wconf 84' lang='lat' dir='ltr'>commutat</span> 
     </span>
     <span class='ocr_line' id='line_1_32' title="bbox 1012 1574 1814 1649; baseline 0.002 -18"><span class='ocrx_word' id='word_1_241' title='bbox 1012 1591 1104 1642; x_wconf 90' lang='lat' dir='ltr'>renes,</span> <span class='ocrx_word' id='word_1_242' title='bbox 1119 1575 1147 1630; x_wconf 90' lang='lat' dir='ltr'>in</span> <span class='ocrx_word' id='word_1_243' title='bbox 1165 1574 1279 1631; x_wconf 88' lang='lat' dir='ltr'>nihilum</span> <span class='ocrx_word' id='word_1_244' title='bbox 1294 1574 1321 1629; x_wconf 90' lang='lat' dir='ltr'>in</span> <span class='ocrx_word' id='word_1_245' title='bbox 1336 1582 1485 1646; x_wconf 87' lang='lat' dir='ltr'>conspectu</span> <span class='ocrx_word' id='word_1_246' title='bbox 1499 1592 1549 1632; x_wconf 90' lang='lat' dir='ltr'>suo</span> <span class='ocrx_word' id='word_1_247' title='bbox 1564 1585 1692 1649; x_wconf 90' lang='lat' dir='ltr'>respectu</span> <span class='ocrx_word' id='word_1_248' title='bbox 1707 1578 1758 1634; x_wconf 85' lang='lat' dir='ltr'>Del</span> <span class='ocrx_word' id='word_1_249' title='bbox 1772 1580 1814 1635; x_wconf 90' lang='lat' dir='ltr'>sui</span> 
     </span>
     <span class='ocr_line' id='line_1_33' title="bbox 1012 1661 1809 1738; baseline 0.004 -20"><span class='ocrx_word' id='word_1_250' title='bbox 1012 1664 1130 1719; x_wconf 86' lang='lat' dir='ltr'>animam</span> <span class='ocrx_word' id='word_1_251' title='bbox 1144 1663 1244 1738; x_wconf 77' lang='lat' dir='ltr'>redigit</span> <span class='ocrx_word' id='word_1_252' title='bbox 1256 1682 1263 1730; x_wconf 89' lang='lat'>;</span> <span class='ocrx_word' id='word_1_253' title='bbox 1278 1679 1294 1717; x_wconf 90' lang='lat' dir='ltr'>a</span> <span class='ocrx_word' id='word_1_254' title='bbox 1318 1680 1347 1720; x_wconf 92' lang='lat' dir='ltr'>se</span> <span class='ocrx_word' id='word_1_255' title='bbox 1360 1664 1420 1736; x_wconf 90' lang='lat' dir='ltr'>ipso</span> <span class='ocrx_word' id='word_1_256' title='bbox 1434 1662 1586 1737; x_wconf 86' lang='lat' dir='ltr'>liquescere</span> <span class='ocrx_word' id='word_1_257' title='bbox 1601 1672 1629 1721; x_wconf 88' lang='lat' dir='ltr'>et</span> <span class='ocrx_word' id='word_1_258' title='bbox 1639 1664 1759 1725; x_wconf 71' lang='lat' dir='ltr'>deficere</span> <span class='ocrx_word' id='word_1_259' title='bbox 1773 1661 1809 1722; x_wconf 91' lang='lat' dir='ltr'>fa·</span> 
     </span>
    </p>
   </div>
   <div class='ocr_carea' id='block_1_7' title="bbox 152 1734 1813 2894">
    <p class='ocr_par' dir='ltr' id='par_1_7' title="bbox 152 1734 1813 2894">
     <span class='ocr_line' id='line_1_34' title="bbox 157 1734 1813 1828; baseline 0 -17"><span class='ocrx_word' id='word_1_260' title='bbox 157 1757 237 1811; x_wconf 86' lang='lat' dir='ltr'>datur</span> <span class='ocrx_word' id='word_1_261' title='bbox 251 1755 397 1827; x_wconf 92' lang='lat' dir='ltr'>eloquium.</span> <span class='ocrx_word' id='word_1_262' title='bbox 414 1754 471 1810; x_wconf 89' lang='lat' dir='ltr'>Vox</span> <span class='ocrx_word' id='word_1_263' title='bbox 487 1752 653 1824; x_wconf 83' lang='lat' dir='ltr'>poenitentis,</span> <span class='ocrx_word' id='word_1_264' title='bbox 679 1767 730 1808; x_wconf 85' lang='lat' dir='ltr'>vox</span> <span class='ocrx_word' id='word_1_265' title='bbox 746 1752 885 1824; x_wconf 89' lang='lat' dir='ltr'>pauperis,</span> <span class='ocrx_word' id='word_1_266' title='bbox 907 1769 958 1809; x_wconf 85' lang='lat' dir='ltr'>vox</span> <span class='ocrx_word' id='word_1_267' title='bbox 974 1734 997 1812; x_wconf 72' lang='grc' dir='ltr'><strong><em>Β</em></strong></span> <span class='ocrx_word' id='word_1_268' title='bbox 1012 1753 1057 1818; x_wconf 89' lang='lat' dir='ltr'>eit,</span> <span class='ocrx_word' id='word_1_269' title='bbox 1074 1761 1102 1808; x_wconf 87' lang='lat' dir='ltr'>ut</span> <span class='ocrx_word' id='word_1_270' title='bbox 1115 1755 1172 1823; x_wconf 84' lang='lat' dir='ltr'>jam</span> <span class='ocrx_word' id='word_1_271' title='bbox 1187 1752 1277 1807; x_wconf 84' lang='lat' dir='ltr'>auium</span> <span class='ocrx_word' id='word_1_272' title='bbox 1291 1765 1347 1806; x_wconf 89' lang='lat' dir='ltr'>non</span> <span class='ocrx_word' id='word_1_273' title='bbox 1362 1751 1395 1807; x_wconf 90' lang='lat' dir='ltr'>sit</span> <span class='ocrx_word' id='word_1_274' title='bbox 1410 1767 1512 1821; x_wconf 91' lang='lat' dir='ltr'>secum,</span> <span class='ocrx_word' id='word_1_275' title='bbox 1529 1754 1578 1808; x_wconf 89' lang='lat' dir='ltr'>sed</span> <span class='ocrx_word' id='word_1_276' title='bbox 1589 1753 1659 1809; x_wconf 89' lang='lat' dir='ltr'>sicut</span> <span class='ocrx_word' id='word_1_277' title='bbox 1669 1756 1813 1828; x_wconf 85' lang='lat' dir='ltr'>sequentia</span> 
     </span>
     <span class='ocr_line' id='line_1_35' title="bbox 158 1840 1811 1914; baseline 0.001 -14"><span class='ocrx_word' id='word_1_278' title='bbox 158 1852 201 1900; x_wconf 88' lang='lat' dir='ltr'>est</span> <span class='ocrx_word' id='word_1_279' title='bbox 214 1845 289 1900; x_wconf 87' lang='lat' dir='ltr'>Jesu.</span> <span class='ocrx_word' id='word_1_280' title='bbox 310 1844 375 1899; x_wconf 90' lang='lat' dir='ltr'>ideo</span> <span class='ocrx_word' id='word_1_281' title='bbox 395 1859 456 1899; x_wconf 91' lang='lat' dir='ltr'>cum</span> <span class='ocrx_word' id='word_1_282' title='bbox 471 1842 549 1898; x_wconf 90' lang='lat' dir='ltr'>audis</span> <span class='ocrx_word' id='word_1_283' title='bbox 564 1842 634 1897; x_wconf 91' lang='lat' dir='ltr'>hano</span> <span class='ocrx_word' id='word_1_284' title='bbox 648 1856 754 1906; x_wconf 86' lang='lat' dir='ltr'>vocem,</span> <span class='ocrx_word' id='word_1_285' title='bbox 771 1841 899 1898; x_wconf 90' lang='lat' dir='ltr'>clementi</span> <span class='ocrx_word' id='word_1_286' title='bbox 915 1841 957 1896; x_wconf 88' lang='lat' dir='ltr'>af·</span> <span class='ocrx_word' id='word_1_287' title='bbox 1012 1840 1152 1897; x_wconf 88' lang='lat' dir='ltr'>continent</span> <span class='ocrx_word' id='word_1_288' title='bbox 1167 1841 1248 1913; x_wconf 85' lang='lat' dir='ltr'>hujus</span> <span class='ocrx_word' id='word_1_289' title='bbox 1262 1840 1406 1897; x_wconf 87' lang='lat' dir='ltr'>versiculi:</span> <span class='ocrx_word' id='word_1_290' title='bbox 1419 1841 1473 1912; x_wconf 78' lang='lat' dir='ltr'>Ego</span> <span class='ocrx_word' id='word_1_291' title='bbox 1490 1857 1599 1914; x_wconf 84' lang='lat' dir='ltr'>semper</span> <span class='ocrx_word' id='word_1_292' title='bbox 1613 1846 1706 1900; x_wconf 86' lang='lat' dir='ltr'>tecum</span> <span class='ocrx_word' id='word_1_293' title='bbox 1722 1844 1811 1912; x_wconf 76' lang='lat' dir='ltr'>(Prot.</span> 
     </span>
     <span class='ocr_line' id='line_1_36' title="bbox 161 1923 1813 2003; baseline 0.002 -18"><span class='ocrx_word' id='word_1_294' title='bbox 161 1931 233 1988; x_wconf 87' lang='lat' dir='ltr'>fectu</span> <span class='ocrx_word' id='word_1_295' title='bbox 255 1931 387 2003; x_wconf 88' lang='lat' dir='ltr'>liquescat</span> <span class='ocrx_word' id='word_1_296' title='bbox 407 1930 498 1985; x_wconf 90' lang='lat' dir='ltr'>anima</span> <span class='ocrx_word' id='word_1_297' title='bbox 518 1936 574 1996; x_wconf 91' lang='lat' dir='ltr'>tua,</span> <span class='ocrx_word' id='word_1_298' title='bbox 590 1936 620 1984; x_wconf 92' lang='lat' dir='ltr'>ut</span> <span class='ocrx_word' id='word_1_299' title='bbox 637 1938 665 1984; x_wconf 93' lang='lat' dir='ltr'>et</span> <span class='ocrx_word' id='word_1_300' title='bbox 679 1936 707 1984; x_wconf 91' lang='lat' dir='ltr'>tu</span> <span class='ocrx_word' id='word_1_301' title='bbox 722 1945 784 1985; x_wconf 89' lang='lat' dir='ltr'>cum</span> <span class='ocrx_word' id='word_1_302' title='bbox 798 1943 899 2000; x_wconf 88' lang='lat' dir='ltr'>sponsa</span> <span class='ocrx_word' id='word_1_303' title='bbox 913 1929 954 1984; x_wconf 91' lang='lat' dir='ltr'>di·</span> <span class='ocrx_word' id='word_1_304' title='bbox 1010 1943 1101 1994; x_wconf 78' lang='lat' dir='ltr'>anxir,</span> <span class='ocrx_word' id='word_1_305' title='bbox 1111 1923 1214 2001; x_wconf 78' lang='lat'>21-23).</span> <span class='ocrx_word' id='word_1_306' title='bbox 1231 1930 1296 1985; x_wconf 89' lang='lat' dir='ltr'>ldeo</span> <span class='ocrx_word' id='word_1_307' title='bbox 1317 1946 1372 1985; x_wconf 91' lang='lat' dir='ltr'>non</span> <span class='ocrx_word' id='word_1_308' title='bbox 1389 1929 1418 1984; x_wconf 92' lang='lat' dir='ltr'>in</span> <span class='ocrx_word' id='word_1_309' title='bbox 1438 1947 1478 2000; x_wconf 90' lang='lat' dir='ltr'>se,</span> <span class='ocrx_word' id='word_1_310' title='bbox 1495 1946 1550 1987; x_wconf 90' lang='lat' dir='ltr'>nou</span> <span class='ocrx_word' id='word_1_311' title='bbox 1565 1947 1669 1999; x_wconf 89' lang='lat' dir='ltr'>secum,</span> <span class='ocrx_word' id='word_1_312' title='bbox 1687 1931 1737 1987; x_wconf 88' lang='lat' dir='ltr'>sed</span> <span class='ocrx_word' id='word_1_313' title='bbox 1750 1949 1813 1990; x_wconf 91' lang='lat' dir='ltr'>cum</span> 
     </span>
     <span class='ocr_line' id='line_1_37' title="bbox 157 2016 1812 2094; baseline 0 -17"><span class='ocrx_word' id='word_1_314' title='bbox 157 2021 438 2093; x_wconf 85' lang='lat' dir='ltr'>cerequeas:Animo</span> <span class='ocrx_word' id='word_1_315' title='bbox 448 2019 673 2091; x_wconf 77' lang='lat' dir='ltr'>meutiquesocto</span> <span class='ocrx_word' id='word_1_316' title='bbox 683 2024 736 2084; x_wconf 87' lang='lat' dir='ltr'>est,</span> <span class='ocrx_word' id='word_1_317' title='bbox 746 2016 909 2074; x_wconf 84' lang='lat' dir='ltr'>utditeotus</span> <span class='ocrx_word' id='word_1_318' title='bbox 921 2021 957 2075; x_wconf 93' lang='lat' dir='ltr'>to·</span> <span class='ocrx_word' id='word_1_319' title='bbox 1010 2018 1068 2073; x_wconf 89' lang='lat' dir='ltr'>Deo</span> <span class='ocrx_word' id='word_1_320' title='bbox 1084 2034 1132 2075; x_wconf 89' lang='lat' dir='ltr'>suo</span> <span class='ocrx_word' id='word_1_321' title='bbox 1148 2026 1209 2084; x_wconf 70' lang='grc' dir='ltr'>θεῖς</span> <span class='ocrx_word' id='word_1_322' title='bbox 1228 2016 1311 2077; x_wconf 70' lang='grc'>154</span> <span class='ocrx_word' id='word_1_323' title='bbox 1327 2035 1437 2092; x_wconf 88' lang='lat' dir='ltr'>semper</span> <span class='ocrx_word' id='word_1_324' title='bbox 1454 2019 1620 2092; x_wconf 88' lang='lat' dir='ltr'>obsequens,</span> <span class='ocrx_word' id='word_1_325' title='bbox 1636 2029 1664 2077; x_wconf 90' lang='lat' dir='ltr'>et</span> <span class='ocrx_word' id='word_1_326' title='bbox 1679 2029 1812 2094; x_wconf 90' lang='lat' dir='ltr'>quantum</span> 
     </span>
     <span class='ocr_line' id='line_1_38' title="bbox 155 2106 1809 2182; baseline 0.001 -16"><span class='ocrx_word' id='word_1_327' title='bbox 155 2116 242 2168; x_wconf 79' lang='lat' dir='ltr'>cutus</span> <span class='ocrx_word' id='word_1_328' title='bbox 265 2115 317 2169; x_wconf 85' lang='lat' dir='ltr'>est.</span> <span class='ocrx_word' id='word_1_329' title='bbox 347 2108 474 2164; x_wconf 84' lang='lat' dir='ltr'>Ausculta</span> <span class='ocrx_word' id='word_1_330' title='bbox 497 2111 526 2164; x_wconf 89' lang='lat' dir='ltr'>et</span> <span class='ocrx_word' id='word_1_331' title='bbox 547 2108 637 2163; x_wconf 90' lang='lat' dir='ltr'>recole</span> <span class='ocrx_word' id='word_1_332' title='bbox 662 2106 727 2179; x_wconf 94' lang='lat' dir='ltr'>quid</span> <span class='ocrx_word' id='word_1_333' title='bbox 747 2106 852 2163; x_wconf 89' lang='lat' dir='ltr'>locutus</span> <span class='ocrx_word' id='word_1_334' title='bbox 865 2107 956 2163; x_wconf 85' lang='lat' dir='ltr'>hieriae</span> <span class='ocrx_word' id='word_1_335' title='bbox 1009 2107 1100 2170; x_wconf 91' lang='lat' dir='ltr'>datur,</span> <span class='ocrx_word' id='word_1_336' title='bbox 1114 2123 1245 2180; x_wconf 89' lang='lat' dir='ltr'>sequens,</span> <span class='ocrx_word' id='word_1_337' title='bbox 1258 2107 1370 2164; x_wconf 90' lang='lat' dir='ltr'>sednon</span> <span class='ocrx_word' id='word_1_338' title='bbox 1386 2124 1535 2181; x_wconf 87' lang='lat' dir='ltr'>assequens</span> <span class='ocrx_word' id='word_1_339' title='bbox 1548 2125 1658 2182; x_wconf 85' lang='lat' dir='ltr'>semper</span> <span class='ocrx_word' id='word_1_340' title='bbox 1672 2124 1721 2182; x_wconf 91' lang='lat' dir='ltr'>pro</span> <span class='ocrx_word' id='word_1_341' title='bbox 1735 2119 1809 2178; x_wconf 87' lang='lat' dir='ltr'>voto,</span> 
     </span>
     <span class='ocr_line' id='line_1_39' title="bbox 156 2195 1808 2275; baseline 0.001 -21"><span class='ocrx_word' id='word_1_342' title='bbox 156 2199 333 2275; x_wconf 85' lang='lat' dir='ltr'>llagdalenae,</span> <span class='ocrx_word' id='word_1_343' title='bbox 363 2198 426 2271; x_wconf 91' lang='lat' dir='ltr'>quid</span> <span class='ocrx_word' id='word_1_344' title='bbox 454 2196 561 2253; x_wconf 90' lang='lat' dir='ltr'>mulieri</span> <span class='ocrx_word' id='word_1_345' title='bbox 584 2195 612 2251; x_wconf 90' lang='lat' dir='ltr'>in</span> <span class='ocrx_word' id='word_1_346' title='bbox 640 2195 773 2251; x_wconf 91' lang='lat' dir='ltr'>adulterio</span> <span class='ocrx_word' id='word_1_347' title='bbox 801 2195 956 2266; x_wconf 89' lang='lat' dir='ltr'>deprehen-</span> <span class='ocrx_word' id='word_1_348' title='bbox 1009 2211 1059 2251; x_wconf 91' lang='lat' dir='ltr'>nec</span> <span class='ocrx_word' id='word_1_349' title='bbox 1073 2196 1118 2252; x_wconf 92' lang='lat' dir='ltr'>illo</span> <span class='ocrx_word' id='word_1_350' title='bbox 1141 2196 1286 2253; x_wconf 83' lang='lat' dir='ltr'>excellenti</span> <span class='ocrx_word' id='word_1_351' title='bbox 1313 2196 1394 2253; x_wconf 92' lang='lat' dir='ltr'>modo</span> <span class='ocrx_word' id='word_1_352' title='bbox 1421 2198 1469 2269; x_wconf 92' lang='lat' dir='ltr'>qui</span> <span class='ocrx_word' id='word_1_353' title='bbox 1488 2213 1596 2270; x_wconf 83' lang='lat' dir='ltr'>sponsae</span> <span class='ocrx_word' id='word_1_354' title='bbox 1624 2215 1687 2255; x_wconf 93' lang='lat' dir='ltr'>cum</span> <span class='ocrx_word' id='word_1_355' title='bbox 1705 2216 1808 2270; x_wconf 88' lang='lat' dir='ltr'>sponso</span> 
     </span>
     <span class='ocr_line' id='line_1_40' title="bbox 156 2283 1811 2361; baseline -0.002 -16"><span class='ocrx_word' id='word_1_356' title='bbox 156 2304 203 2354; x_wconf 85' lang='lat' dir='ltr'>see,</span> <span class='ocrx_word' id='word_1_357' title='bbox 219 2287 284 2361; x_wconf 94' lang='lat' dir='ltr'>quid</span> <span class='ocrx_word' id='word_1_358' title='bbox 299 2287 487 2353; x_wconf 78' lang='lat' dir='ltr'>Samaritana,</span> <span class='ocrx_word' id='word_1_359' title='bbox 510 2286 681 2350; x_wconf 83' lang='lat' dir='ltr'>Chananaeae,</span> <span class='ocrx_word' id='word_1_360' title='bbox 703 2285 841 2351; x_wconf 76' lang='lat' dir='ltr'>zacchee,</span> <span class='ocrx_word' id='word_1_361' title='bbox 863 2285 952 2351; x_wconf 84' lang='lat' dir='ltr'>Petro,</span> <span class='ocrx_word' id='word_1_362' title='bbox 1008 2283 1147 2355; x_wconf 90' lang='lat' dir='ltr'>competit.</span> <span class='ocrx_word' id='word_1_363' title='bbox 1164 2285 1273 2339; x_wconf 88' lang='lat' dir='ltr'>Namet</span> <span class='ocrx_word' id='word_1_364' title='bbox 1286 2283 1330 2340; x_wconf 92' lang='lat' dir='ltr'>hic</span> <span class='ocrx_word' id='word_1_365' title='bbox 1344 2283 1485 2357; x_wconf 88' lang='lat' dir='ltr'>sequitur:</span> <span class='ocrx_word' id='word_1_366' title='bbox 1506 2286 1638 2355; x_wconf 82' lang='lat' dir='ltr'>Quoesioi,</span> <span class='ocrx_word' id='word_1_367' title='bbox 1653 2290 1682 2341; x_wconf 88' lang='lat' dir='ltr'>et</span> <span class='ocrx_word' id='word_1_368' title='bbox 1697 2302 1755 2342; x_wconf 88' lang='lat' dir='ltr'>non</span> <span class='ocrx_word' id='word_1_369' title='bbox 1767 2287 1811 2343; x_wconf 86' lang='lat' dir='ltr'>tn·</span> 
     </span>
     <span class='ocr_line' id='line_1_41' title="bbox 156 2373 1808 2449; baseline -0.002 -15"><span class='ocrx_word' id='word_1_370' title='bbox 156 2377 325 2436; x_wconf 79' lang='lat' dir='ltr'>centurioni.</span> <span class='ocrx_word' id='word_1_371' title='bbox 346 2379 389 2432; x_wconf 81' lang='lat' dir='ltr'>Ad</span> <span class='ocrx_word' id='word_1_372' title='bbox 411 2381 451 2433; x_wconf 93' lang='lat' dir='ltr'>tot</span> <span class='ocrx_word' id='word_1_373' title='bbox 472 2376 580 2449; x_wconf 87' lang='lat' dir='ltr'>pietatis</span> <span class='ocrx_word' id='word_1_374' title='bbox 599 2391 741 2431; x_wconf 87' lang='lat' dir='ltr'>sermones</span> <span class='ocrx_word' id='word_1_375' title='bbox 756 2383 783 2431; x_wconf 87' lang='lat' dir='ltr'>et</span> <span class='ocrx_word' id='word_1_376' title='bbox 802 2375 954 2431; x_wconf 75' lang='lat' dir='ltr'>clementiae</span> <span class='ocrx_word' id='word_1_377' title='bbox 1007 2373 1169 2430; x_wconf 79' lang='lat' dir='ltr'>sentillam</span> <span class='ocrx_word' id='word_1_378' title='bbox 1182 2373 1808 2448; x_wconf 78' lang='lat' dir='ltr'>zuccari,etnonresponditmibi.Sedcapi-</span> 
     </span>
     <span class='ocr_line' id='line_1_42' title="bbox 157 2460 1809 2538; baseline -0.002 -13"><span class='ocrx_word' id='word_1_379' title='bbox 157 2468 235 2538; x_wconf 88' lang='lat' dir='ltr'>eujus</span> <span class='ocrx_word' id='word_1_380' title='bbox 249 2482 304 2523; x_wconf 92' lang='lat' dir='ltr'>non</span> <span class='ocrx_word' id='word_1_381' title='bbox 316 2465 458 2523; x_wconf 89' lang='lat' dir='ltr'>mollescat</span> <span class='ocrx_word' id='word_1_382' title='bbox 468 2464 592 2534; x_wconf 88' lang='lat' dir='ltr'>affectus,</span> <span class='ocrx_word' id='word_1_383' title='bbox 608 2463 713 2522; x_wconf 90' lang='lat' dir='ltr'>viscera</span> <span class='ocrx_word' id='word_1_384' title='bbox 726 2463 902 2537; x_wconf 77' lang='lat' dir='ltr'>liquescant?</span> <span class='ocrx_word' id='word_1_385' title='bbox 913 2464 953 2518; x_wconf 84' lang='lat' dir='ltr'>Ad</span> <span class='ocrx_word' id='word_1_386' title='bbox 1007 2460 1093 2517; x_wconf 91' lang='lat' dir='ltr'>tulum</span> <span class='ocrx_word' id='word_1_387' title='bbox 1109 2463 1159 2517; x_wconf 90' lang='lat' dir='ltr'>hoc</span> <span class='ocrx_word' id='word_1_388' title='bbox 1187 2462 1299 2518; x_wconf 88' lang='lat' dir='ltr'>alterius</span> <span class='ocrx_word' id='word_1_389' title='bbox 1317 2461 1449 2534; x_wconf 87' lang='lat' dir='ltr'>temporis</span> <span class='ocrx_word' id='word_1_390' title='bbox 1468 2470 1533 2536; x_wconf 88' lang='lat' dir='ltr'>eget</span> <span class='ocrx_word' id='word_1_391' title='bbox 1559 2470 1687 2530; x_wconf 85' lang='lat' dir='ltr'>tractato,</span> <span class='ocrx_word' id='word_1_392' title='bbox 1703 2480 1737 2520; x_wconf 85' lang='lat' dir='ltr'>ex</span> <span class='ocrx_word' id='word_1_393' title='bbox 1753 2465 1809 2522; x_wconf 86' lang='lat' dir='ltr'>otio</span> 
     </span>
     <span class='ocr_line' id='line_1_43' title="bbox 156 2549 1807 2626; baseline -0.002 -14"><span class='ocrx_word' id='word_1_394' title='bbox 156 2563 209 2612; x_wconf 90' lang='lat' dir='ltr'>tom</span> <span class='ocrx_word' id='word_1_395' title='bbox 223 2556 401 2613; x_wconf 87' lang='lat' dir='ltr'>vehementes</span> <span class='ocrx_word' id='word_1_396' title='bbox 414 2555 494 2610; x_wconf 87' lang='lat' dir='ltr'>ssatus</span> <span class='ocrx_word' id='word_1_397' title='bbox 504 2553 648 2624; x_wconf 90' lang='lat' dir='ltr'>austrinos,</span> <span class='ocrx_word' id='word_1_398' title='bbox 664 2553 746 2610; x_wconf 90' lang='lat' dir='ltr'>etiam</span> <span class='ocrx_word' id='word_1_399' title='bbox 759 2552 794 2608; x_wconf 92' lang='lat' dir='ltr'>de</span> <span class='ocrx_word' id='word_1_400' title='bbox 808 2551 954 2608; x_wconf 91' lang='lat' dir='ltr'>durissimo</span> <span class='ocrx_word' id='word_1_401' title='bbox 1007 2550 1105 2607; x_wconf 89' lang='lat' dir='ltr'>discuti</span> <span class='ocrx_word' id='word_1_402' title='bbox 1118 2550 1222 2608; x_wconf 91' lang='lat' dir='ltr'>volens.</span> <span class='ocrx_word' id='word_1_403' title='bbox 1240 2549 1380 2607; x_wconf 84' lang='lat' dir='ltr'>sufficient</span> <span class='ocrx_word' id='word_1_404' title='bbox 1394 2551 1445 2606; x_wconf 90' lang='lat' dir='ltr'>ista</span> <span class='ocrx_word' id='word_1_405' title='bbox 1460 2567 1514 2608; x_wconf 93' lang='lat' dir='ltr'>non</span> <span class='ocrx_word' id='word_1_406' title='bbox 1532 2566 1583 2624; x_wconf 92' lang='lat' dir='ltr'>pro</span> <span class='ocrx_word' id='word_1_407' title='bbox 1604 2550 1807 2626; x_wconf 84' lang='lat' dir='ltr'>magnificentia</span> 
     </span>
     <span class='ocr_line' id='line_1_44' title="bbox 154 2638 1807 2719; baseline -0.003 -17"><span class='ocrx_word' id='word_1_408' title='bbox 154 2655 266 2719; x_wconf 92' lang='lat' dir='ltr'>pectore</span> <span class='ocrx_word' id='word_1_409' title='bbox 281 2643 481 2717; x_wconf 88' lang='lat' dir='ltr'>quantumlibet</span> <span class='ocrx_word' id='word_1_410' title='bbox 503 2658 606 2698; x_wconf 89' lang='lat' dir='ltr'>annosa</span> <span class='ocrx_word' id='word_1_411' title='bbox 624 2649 731 2713; x_wconf 88' lang='lat' dir='ltr'>poterat</span> <span class='ocrx_word' id='word_1_412' title='bbox 753 2640 856 2714; x_wconf 87' lang='lat' dir='ltr'>glacies</span> <span class='ocrx_word' id='word_1_413' title='bbox 874 2641 942 2700; x_wconf 89' lang='lat' dir='ltr'>solvi</span> <span class='ocrx_word' id='word_1_414' title='bbox 1006 2640 1058 2704; x_wconf 86' lang='lat' dir='ltr'>sui,</span> <span class='ocrx_word' id='word_1_415' title='bbox 1076 2640 1123 2695; x_wconf 89' lang='lat' dir='ltr'>sed</span> <span class='ocrx_word' id='word_1_416' title='bbox 1137 2655 1188 2713; x_wconf 92' lang='lat' dir='ltr'>pro</span> <span class='ocrx_word' id='word_1_417' title='bbox 1202 2639 1302 2695; x_wconf 89' lang='lat' dir='ltr'>nostris</span> <span class='ocrx_word' id='word_1_418' title='bbox 1326 2638 1463 2711; x_wconf 87' lang='lat' dir='ltr'>disputate</span> <span class='ocrx_word' id='word_1_419' title='bbox 1483 2641 1599 2707; x_wconf 83' lang='lat' dir='ltr'>viribus,</span> <span class='ocrx_word' id='word_1_420' title='bbox 1615 2641 1733 2714; x_wconf 86' lang='lat' dir='ltr'>qualiter</span> <span class='ocrx_word' id='word_1_421' title='bbox 1744 2643 1807 2698; x_wconf 88' lang='lat' dir='ltr'>ani·</span> 
     </span>
     <span class='ocr_line' id='line_1_45' title="bbox 152 2724 1807 2802; baseline -0.001 -12"><span class='ocrx_word' id='word_1_422' title='bbox 152 2735 245 2791; x_wconf 89' lang='lat' dir='ltr'>Sentio</span> <span class='ocrx_word' id='word_1_423' title='bbox 260 2749 305 2789; x_wconf 92' lang='lat' dir='ltr'>me</span> <span class='ocrx_word' id='word_1_424' title='bbox 329 2731 466 2788; x_wconf 82' lang='lat' dir='ltr'>affluentis</span> <span class='ocrx_word' id='word_1_425' title='bbox 487 2731 540 2786; x_wconf 93' lang='lat' dir='ltr'>olei</span> <span class='ocrx_word' id='word_1_426' title='bbox 560 2729 664 2802; x_wconf 88' lang='lat' dir='ltr'>liquore</span> <span class='ocrx_word' id='word_1_427' title='bbox 679 2729 816 2801; x_wconf 92' lang='lat' dir='ltr'>perfundi,</span> <span class='ocrx_word' id='word_1_428' title='bbox 832 2739 859 2785; x_wconf 93' lang='lat' dir='ltr'>et</span> <span class='ocrx_word' id='word_1_429' title='bbox 873 2731 953 2786; x_wconf 87' lang='lat' dir='ltr'>simili</span> <span class='ocrx_word' id='word_1_430' title='bbox 1006 2744 1052 2783; x_wconf 86' lang='lat' dir='ltr'>ma</span> <span class='ocrx_word' id='word_1_431' title='bbox 1079 2724 1188 2798; x_wconf 79' lang='lat' dir='ltr'>sponsae</span> <span class='ocrx_word' id='word_1_432' title='bbox 1211 2727 1335 2800; x_wconf 87' lang='lat' dir='ltr'>liquescit</span> <span class='ocrx_word' id='word_1_433' title='bbox 1357 2728 1391 2783; x_wconf 91' lang='lat' dir='ltr'>ad</span> <span class='ocrx_word' id='word_1_434' title='bbox 1415 2728 1552 2802; x_wconf 86' lang='lat' dir='ltr'>loquelam</span> <span class='ocrx_word' id='word_1_435' title='bbox 1579 2729 1673 2787; x_wconf 88' lang='lat' dir='ltr'>dilecti</span> <span class='ocrx_word' id='word_1_436' title='bbox 1687 2731 1728 2786; x_wconf 90' lang='lat' dir='ltr'>sui</span> <span class='ocrx_word' id='word_1_437' title='bbox 1741 2732 1807 2788; x_wconf 80' lang='lat' dir='ltr'>teau</span> 
     </span>
     <span class='ocr_line' id='line_1_46' title="bbox 152 2815 1805 2894; baseline -0.001 -16"><span class='ocrx_word' id='word_1_438' title='bbox 152 2821 253 2879; x_wconf 86' lang='lat' dir='ltr'>affectu</span> <span class='ocrx_word' id='word_1_439' title='bbox 268 2822 432 2894; x_wconf 84' lang='lat' dir='ltr'>liquescere,</span> <span class='ocrx_word' id='word_1_440' title='bbox 448 2819 556 2891; x_wconf 87' lang='lat' dir='ltr'>quoties</span> <span class='ocrx_word' id='word_1_441' title='bbox 568 2817 770 2890; x_wconf 55' lang='lat' dir='ltr'>‚misericordie</span> <span class='ocrx_word' id='word_1_442' title='bbox 789 2825 842 2874; x_wconf 87' lang='lat' dir='ltr'>tuae</span> <span class='ocrx_word' id='word_1_443' title='bbox 856 2834 949 2891; x_wconf 91' lang='lat' dir='ltr'>opera,</span> <span class='ocrx_word' id='word_1_444' title='bbox 1005 2815 1118 2885; x_wconf 86' lang='lat' dir='ltr'>Christi,</span> <span class='ocrx_word' id='word_1_445' title='bbox 1134 2816 1180 2889; x_wconf 93' lang='lat' dir='ltr'>qui</span> <span class='ocrx_word' id='word_1_446' title='bbox 1194 2816 1258 2875; x_wconf 88' lang='lat' dir='ltr'>vivit</span> <span class='ocrx_word' id='word_1_447' title='bbox 1273 2824 1299 2873; x_wconf 90' lang='lat' dir='ltr'>et</span> <span class='ocrx_word' id='word_1_448' title='bbox 1319 2825 1416 2890; x_wconf 89' lang='lat' dir='ltr'>regnat</span> <span class='ocrx_word' id='word_1_449' title='bbox 1435 2834 1484 2889; x_wconf 93' lang='lat' dir='ltr'>per</span> <span class='ocrx_word' id='word_1_450' title='bbox 1511 2818 1609 2876; x_wconf 74' lang='lat' dir='ltr'>seoda</span> <span class='ocrx_word' id='word_1_451' title='bbox 1632 2820 1805 2877; x_wconf 85' lang='lat' dir='ltr'>saeculorum.</span> 
     </span>
    </p>
   </div>
   <div class='ocr_carea' id='block_1_8' title="bbox 148 2903 1102 3424">
    <p class='ocr_par' dir='ltr' id='par_1_8' title="bbox 150 2903 1102 3246">
     <span class='ocr_line' id='line_1_47' title="bbox 151 2903 1102 2978; baseline -0.002 -13"><span class='ocrx_word' id='word_1_452' title='bbox 151 2908 245 2974; x_wconf 90' lang='lat' dir='ltr'>verba,</span> <span class='ocrx_word' id='word_1_453' title='bbox 261 2912 401 2978; x_wconf 77' lang='lat' dir='ltr'>praecepta</span> <span class='ocrx_word' id='word_1_454' title='bbox 422 2919 565 2962; x_wconf 89' lang='lat' dir='ltr'>recenseo.</span> <span class='ocrx_word' id='word_1_455' title='bbox 582 2904 699 2976; x_wconf 80' lang='lat' dir='ltr'>Ignitum</span> <span class='ocrx_word' id='word_1_456' title='bbox 714 2903 852 2975; x_wconf 90' lang='lat' dir='ltr'>eloquium</span> <span class='ocrx_word' id='word_1_457' title='bbox 877 2912 951 2960; x_wconf 90' lang='lat' dir='ltr'>tuum</span> <span class='ocrx_word' id='word_1_458' title='bbox 1005 2906 1102 2963; x_wconf 76' lang='lat' dir='ltr'>Arnen.</span> 
     </span>
     <span class='ocr_line' id='line_1_48' title="bbox 151 2992 949 3066; baseline 0 -14"><span class='ocrx_word' id='word_1_459' title='bbox 151 2998 204 3054; x_wconf 91' lang='lat' dir='ltr'>hoo</span> <span class='ocrx_word' id='word_1_460' title='bbox 217 2997 406 3064; x_wconf 88' lang='lat' dir='ltr'>vehementer,</span> <span class='ocrx_word' id='word_1_461' title='bbox 423 3003 451 3051; x_wconf 94' lang='lat' dir='ltr'>et</span> <span class='ocrx_word' id='word_1_462' title='bbox 472 3010 568 3051; x_wconf 82' lang='lat' dir='ltr'>sertus</span> <span class='ocrx_word' id='word_1_463' title='bbox 588 2999 649 3050; x_wconf 88' lang='lat' dir='ltr'>tuus</span> <span class='ocrx_word' id='word_1_464' title='bbox 674 2992 761 3066; x_wconf 78' lang='lat' dir='ltr'>diligit</span> <span class='ocrx_word' id='word_1_465' title='bbox 780 2993 845 3050; x_wconf 91' lang='lat' dir='ltr'>illud</span> <span class='ocrx_word' id='word_1_466' title='bbox 862 2995 949 3065; x_wconf 83' lang='lat' dir='ltr'>(Paul.</span> 
     </span>
     <span class='ocr_line' id='line_1_49' title="bbox 150 3082 950 3158; baseline -0.006 -15"><span class='ocrx_word' id='word_1_467' title='bbox 150 3101 243 3152; x_wconf 82' lang='lat' dir='ltr'>curru,</span> <span class='ocrx_word' id='word_1_468' title='bbox 261 3083 335 3158; x_wconf 80' lang='lat' dir='ltr'>llo).</span> <span class='ocrx_word' id='word_1_469' title='bbox 352 3083 455 3156; x_wconf 81' lang='lat' dir='ltr'>Diligit,</span> <span class='ocrx_word' id='word_1_470' title='bbox 471 3083 534 3156; x_wconf 92' lang='lat' dir='ltr'>quia</span> <span class='ocrx_word' id='word_1_471' title='bbox 549 3082 654 3157; x_wconf 86' lang='lat' dir='ltr'>indiget</span> <span class='ocrx_word' id='word_1_472' title='bbox 670 3101 676 3138; x_wconf 90' lang='lat'>:</span> <span class='ocrx_word' id='word_1_473' title='bbox 691 3082 755 3138; x_wconf 92' lang='lat' dir='ltr'>ideo</span> <span class='ocrx_word' id='word_1_474' title='bbox 775 3090 847 3138; x_wconf 88' lang='lat' dir='ltr'>amat</span> <span class='ocrx_word' id='word_1_475' title='bbox 860 3083 950 3139; x_wconf 91' lang='lat' dir='ltr'>anima</span> 
     </span>
     <span class='ocr_line' id='line_1_50' title="bbox 150 3171 832 3246; baseline -0.009 -15"><span class='ocrx_word' id='word_1_476' title='bbox 150 3192 221 3241; x_wconf 86' lang='lat' dir='ltr'>mea,</span> <span class='ocrx_word' id='word_1_477' title='bbox 237 3182 265 3231; x_wconf 95' lang='lat' dir='ltr'>et</span> <span class='ocrx_word' id='word_1_478' title='bbox 280 3190 337 3245; x_wconf 77' lang='lat' dir='ltr'>prae</span> <span class='ocrx_word' id='word_1_479' title='bbox 351 3173 450 3246; x_wconf 88' lang='lat' dir='ltr'>gaudio</span> <span class='ocrx_word' id='word_1_480' title='bbox 460 3171 584 3245; x_wconf 85' lang='lat' dir='ltr'>liquescit</span> <span class='ocrx_word' id='word_1_481' title='bbox 599 3172 644 3228; x_wconf 91' lang='lat' dir='ltr'>uhi</span> <span class='ocrx_word' id='word_1_482' title='bbox 661 3171 832 3244; x_wconf 90' lang='lat' dir='ltr'>tuloqueris.</span> 
     </span>
    </p>

    <p class='ocr_par' dir='ltr' id='par_1_9' title="bbox 148 3259 949 3424">
     <span class='ocr_line' id='line_1_51' title="bbox 183 3259 949 3335; baseline -0.009 -14"><span class='ocrx_word' id='word_1_483' title='bbox 183 3267 211 3321; x_wconf 83' lang='lat'>7.</span> <span class='ocrx_word' id='word_1_484' title='bbox 228 3265 309 3320; x_wconf 90' lang='lat' dir='ltr'>istam</span> <span class='ocrx_word' id='word_1_485' title='bbox 323 3261 542 3335; x_wconf 75' lang='lat' dir='ltr'>liquefactionem</span> <span class='ocrx_word' id='word_1_486' title='bbox 557 3268 668 3334; x_wconf 90' lang='lat' dir='ltr'>oportet</span> <span class='ocrx_word' id='word_1_487' title='bbox 689 3267 719 3316; x_wconf 90' lang='lat' dir='ltr'>ut</span> <span class='ocrx_word' id='word_1_488' title='bbox 740 3261 839 3315; x_wconf 88' lang='lat' dir='ltr'>sentiat</span> <span class='ocrx_word' id='word_1_489' title='bbox 859 3259 949 3315; x_wconf 85' lang='lat' dir='ltr'>omnis</span> 
     </span>
     <span class='ocr_line' id='line_1_52' title="bbox 148 3349 948 3424; baseline -0.009 -14"><span class='ocrx_word' id='word_1_490' title='bbox 148 3362 268 3411; x_wconf 90' lang='lat' dir='ltr'>sanctus.</span> <span class='ocrx_word' id='word_1_491' title='bbox 280 3354 350 3409; x_wconf 88' lang='lat' dir='ltr'>Nam</span> <span class='ocrx_word' id='word_1_492' title='bbox 361 3353 408 3409; x_wconf 89' lang='lat' dir='ltr'>illa</span> <span class='ocrx_word' id='word_1_493' title='bbox 418 3351 545 3423; x_wconf 89' lang='lat' dir='ltr'>superius</span> <span class='ocrx_word' id='word_1_494' title='bbox 559 3349 694 3424; x_wconf 86' lang='lat' dir='ltr'>disputata</span> <span class='ocrx_word' id='word_1_495' title='bbox 707 3349 862 3422; x_wconf 87' lang='lat' dir='ltr'>liquefactio</span> <span class='ocrx_word' id='word_1_496' title='bbox 877 3364 948 3406; x_wconf 90' lang='lat' dir='ltr'>uon·</span> 
     </span>
    </p>
   </div>
   <div class='ocr_carea' id='block_1_9' title="bbox 1290 3039 1522 3098">
    <p class='ocr_par' dir='ltr' id='par_1_10' title="bbox 1290 3039 1522 3098">
     <span class='ocr_line' id='line_1_53' title="bbox 1290 3039 1522 3098; baseline 0.013 -4"><span class='ocrx_word' id='word_1_497' title='bbox 1290 3039 1405 3095; x_wconf 76' lang='lat' dir='ltr'>satiato</span> <span class='ocrx_word' id='word_1_498' title='bbox 1436 3039 1522 3098; x_wconf 84' lang='lat' dir='ltr'><strong>XLV.</strong></span> 
     </span>
    </p>
   </div>
   <div class='ocr_carea' id='block_1_10' title="bbox 965 3129 1806 3363">
    <p class='ocr_par' dir='ltr' id='par_1_11' title="bbox 965 3129 1806 3363">
     <span class='ocr_line' id='line_1_54' title="bbox 965 3129 1806 3237; baseline 0.004 -19"><span class='ocrx_word' id='word_1_499' title='bbox 965 3129 987 3208; x_wconf 66' lang='lat' dir='ltr'><strong>c</strong></span> <span class='ocrx_word' id='word_1_500' title='bbox 1006 3162 1344 3232; x_wconf 70' lang='lat' dir='ltr'>(tausirietnoninoeni</span> <span class='ocrx_word' id='word_1_501' title='bbox 1354 3164 1572 3236; x_wconf 77' lang='lat' dir='ltr'>ittumsuocou‘,</span> <span class='ocrx_word' id='word_1_502' title='bbox 1583 3169 1806 3237; x_wconf 85' lang='lat' dir='ltr'>etnonresporr·</span> 
     </span>
     <span class='ocr_line' id='line_1_55' title="bbox 1018 3234 1803 3363; baseline 0.005 -73"><span class='ocrx_word' id='word_1_503' title='bbox 1018 3272 1029 3290; x_wconf 55' lang='lat'>„</span> <span class='ocrx_word' id='word_1_504' title='bbox 1040 3234 1176 3292; x_wconf 74' lang='lat' dir='ltr'>stemate.</span> <span class='ocrx_word' id='word_1_505' title='bbox 1194 3236 1367 3291; x_wconf 79' lang='lat' dir='ltr'>Invenerunt</span> <span class='ocrx_word' id='word_1_506' title='bbox 1381 3251 1426 3291; x_wconf 86' lang='lat' dir='ltr'>me</span> <span class='ocrx_word' id='word_1_507' title='bbox 1441 3235 1572 3291; x_wconf 82' lang='lat' dir='ltr'>custodes</span> <span class='ocrx_word' id='word_1_508' title='bbox 1586 3236 1723 3305; x_wconf 81' lang='lat' dir='ltr'>ciuitatis,</span> <span class='ocrx_word' id='word_1_509' title='bbox 1732 3253 1803 3363; x_wconf 55' lang='lat' dir='ltr'>fer·</span> 
     </span>
    </p>
   </div>
   <div class='ocr_carea' id='block_1_11' title="bbox 1039 3307 1805 3380">
    <p class='ocr_par' dir='ltr' id='par_1_12' title="bbox 1039 3307 1805 3380">
     <span class='ocr_line' id='line_1_56' title="bbox 1039 3307 1805 3380; baseline 0.001 -17"><span class='ocrx_word' id='word_1_510' title='bbox 1039 3310 1191 3364; x_wconf 80' lang='lat' dir='ltr'>euaserunt</span> <span class='ocrx_word' id='word_1_511' title='bbox 1201 3312 1228 3362; x_wconf 90' lang='lat' dir='ltr'>et</span> <span class='ocrx_word' id='word_1_512' title='bbox 1242 3307 1462 3365; x_wconf 77' lang='lat' dir='ltr'>autumaverunt</span> <span class='ocrx_word' id='word_1_513' title='bbox 1471 3322 1526 3372; x_wconf 86' lang='lat' dir='ltr'>me,</span> <span class='ocrx_word' id='word_1_514' title='bbox 1539 3309 1669 3364; x_wconf 87' lang='lat' dir='ltr'>tuterunt</span> <span class='ocrx_word' id='word_1_515' title='bbox 1683 3310 1730 3380; x_wconf 81' lang='lat' dir='ltr'>pot</span> <span class='ocrx_word' id='word_1_516' title='bbox 1743 3308 1805 3364; x_wconf 83' lang='lat' dir='ltr'>ium</span> 
     </span>
    </p>
   </div>
   <div class='ocr_carea' id='block_1_12' title="bbox 1039 3375 1470 3448">
    <p class='ocr_par' dir='ltr' id='par_1_13' title="bbox 1039 3375 1470 3448">
     <span class='ocr_line' id='line_1_57' title="bbox 1039 3375 1470 3448; baseline -0.002 -14"><span class='ocrx_word' id='word_1_517' title='bbox 1039 3393 1144 3443; x_wconf 87' lang='lat' dir='ltr'>meum,</span> <span class='ocrx_word' id='word_1_518' title='bbox 1161 3385 1214 3433; x_wconf 90' lang='lat' dir='ltr'>eto.</span> <span class='ocrx_word' id='word_1_519' title='bbox 1234 3379 1330 3446; x_wconf 82' lang='lat' dir='ltr'>(Cant.</span> <span class='ocrx_word' id='word_1_520' title='bbox 1342 3393 1371 3443; x_wconf 94' lang='lat' dir='ltr'>v,</span> <span class='ocrx_word' id='word_1_521' title='bbox 1386 3379 1414 3448; x_wconf 80' lang='lat'>6,</span> <span class='ocrx_word' id='word_1_522' title='bbox 1430 3375 1470 3448; x_wconf 80' lang='lat'>7.)</span> 
     </span>
    </p>
   </div>
   <div class='ocr_carea' id='block_1_13' title="bbox 144 3437 1803 4494">
    <p class='ocr_par' dir='ltr' id='par_1_14' title="bbox 148 3437 948 3516">
     <span class='ocr_line' id='line_1_58' title="bbox 148 3437 948 3516; baseline -0.009 -18"><span class='ocrx_word' id='word_1_523' title='bbox 148 3444 201 3500; x_wconf 89' lang='lat' dir='ltr'>nisi</span> <span class='ocrx_word' id='word_1_524' title='bbox 216 3442 400 3516; x_wconf 91' lang='lat' dir='ltr'>perfectorum</span> <span class='ocrx_word' id='word_1_525' title='bbox 415 3448 465 3508; x_wconf 91' lang='lat' dir='ltr'>est,</span> <span class='ocrx_word' id='word_1_526' title='bbox 483 3446 620 3496; x_wconf 91' lang='lat' dir='ltr'>eteorum</span> <span class='ocrx_word' id='word_1_527' title='bbox 637 3454 692 3494; x_wconf 91' lang='lat' dir='ltr'>non</span> <span class='ocrx_word' id='word_1_528' title='bbox 708 3453 827 3511; x_wconf 89' lang='lat' dir='ltr'>semper,</span> <span class='ocrx_word' id='word_1_529' title='bbox 847 3437 897 3493; x_wconf 89' lang='lat' dir='ltr'>sed</span> <span class='ocrx_word' id='word_1_530' title='bbox 920 3437 948 3492; x_wconf 92' lang='lat' dir='ltr'>in</span> 
     </span>
    </p>

    <p class='ocr_par' dir='ltr' id='par_1_15' title="bbox 144 3526 1803 4494">
     <span class='ocr_line' id='line_1_59' title="bbox 148 3526 1803 3606; baseline -0.002 -17"><span class='ocrx_word' id='word_1_531' title='bbox 148 3544 271 3606; x_wconf 89' lang='lat' dir='ltr'>tempore</span> <span class='ocrx_word' id='word_1_532' title='bbox 295 3539 460 3606; x_wconf 89' lang='lat' dir='ltr'>opportuno.</span> <span class='ocrx_word' id='word_1_533' title='bbox 484 3529 520 3584; x_wconf 89' lang='lat' dir='ltr'>Et</span> <span class='ocrx_word' id='word_1_534' title='bbox 547 3546 582 3586; x_wconf 92' lang='lat' dir='ltr'>ne</span> <span class='ocrx_word' id='word_1_535' title='bbox 605 3528 774 3585; x_wconf 90' lang='lat' dir='ltr'>infructuoso</span> <span class='ocrx_word' id='word_1_536' title='bbox 797 3526 947 3583; x_wconf 87' lang='lat' dir='ltr'>subducam</span> <span class='ocrx_word' id='word_1_537' title='bbox 1037 3533 1063 3583; x_wconf 89' lang='lat' dir='ltr'>l.</span> <span class='ocrx_word' id='word_1_538' title='bbox 1079 3528 1146 3584; x_wconf 92' lang='lat' dir='ltr'>Cum</span> <span class='ocrx_word' id='word_1_539' title='bbox 1160 3528 1209 3583; x_wconf 89' lang='lat' dir='ltr'>tibi</span> <span class='ocrx_word' id='word_1_540' title='bbox 1224 3527 1306 3585; x_wconf 93' lang='lat' dir='ltr'>fuerit</span> <span class='ocrx_word' id='word_1_541' title='bbox 1330 3527 1445 3585; x_wconf 90' lang='lat' dir='ltr'>dilectus</span> <span class='ocrx_word' id='word_1_542' title='bbox 1458 3536 1531 3596; x_wconf 92' lang='lat' dir='ltr'>tuus,</span> <span class='ocrx_word' id='word_1_543' title='bbox 1547 3529 1666 3601; x_wconf 89' lang='lat' dir='ltr'>elapsus,</span> <span class='ocrx_word' id='word_1_544' title='bbox 1683 3530 1738 3586; x_wconf 81' lang='lat' dir='ltr'>abir</span> <span class='ocrx_word' id='word_1_545' title='bbox 1752 3529 1803 3586; x_wconf 88' lang='lat' dir='ltr'>tibi</span> 
     </span>
     <span class='ocr_line' id='line_1_60' title="bbox 146 3616 1800 3692; baseline -0.001 -15"><span class='ocrx_word' id='word_1_546' title='bbox 146 3621 253 3679; x_wconf 91' lang='lat' dir='ltr'>silentio</span> <span class='ocrx_word' id='word_1_547' title='bbox 268 3620 342 3692; x_wconf 90' lang='lat' dir='ltr'>quod</span> <span class='ocrx_word' id='word_1_548' title='bbox 357 3620 422 3674; x_wconf 75' lang='lat' dir='ltr'>mili</span> <span class='ocrx_word' id='word_1_549' title='bbox 436 3618 601 3690; x_wconf 86' lang='lat' dir='ltr'>suggeritur,</span> <span class='ocrx_word' id='word_1_550' title='bbox 617 3616 739 3673; x_wconf 87' lang='lat' dir='ltr'>breviter</span> <span class='ocrx_word' id='word_1_551' title='bbox 759 3616 835 3674; x_wconf 91' lang='lat' dir='ltr'>vobis</span> <span class='ocrx_word' id='word_1_552' title='bbox 850 3616 945 3673; x_wconf 91' lang='lat' dir='ltr'>absol·</span> <span class='ocrx_word' id='word_1_553' title='bbox 1002 3617 1071 3673; x_wconf 89' lang='lat' dir='ltr'>redit</span> <span class='ocrx_word' id='word_1_554' title='bbox 1086 3617 1121 3673; x_wconf 91' lang='lat' dir='ltr'>ad</span> <span class='ocrx_word' id='word_1_555' title='bbox 1136 3616 1243 3673; x_wconf 90' lang='lat' dir='ltr'>libitum</span> <span class='ocrx_word' id='word_1_556' title='bbox 1253 3635 1260 3672; x_wconf 91' lang='lat'>:</span> <span class='ocrx_word' id='word_1_557' title='bbox 1271 3618 1377 3674; x_wconf 84' lang='lat' dir='ltr'>vexatio</span> <span class='ocrx_word' id='word_1_558' title='bbox 1393 3617 1452 3674; x_wconf 85' lang='lat' dir='ltr'>haec</span> <span class='ocrx_word' id='word_1_559' title='bbox 1460 3617 1507 3673; x_wconf 91' lang='lat' dir='ltr'>dat</span> <span class='ocrx_word' id='word_1_560' title='bbox 1522 3618 1690 3675; x_wconf 88' lang='lat' dir='ltr'>intellectum</span> <span class='ocrx_word' id='word_1_561' title='bbox 1703 3620 1800 3687; x_wconf 77' lang='lat' dir='ltr'>amau,</span> 
     </span>
     <span class='ocr_line' id='line_1_61' title="bbox 147 3704 1800 3782; baseline -0.002 -14"><span class='ocrx_word' id='word_1_562' title='bbox 147 3726 209 3768; x_wconf 89' lang='lat' dir='ltr'>vam</span> <span class='ocrx_word' id='word_1_563' title='bbox 224 3708 297 3782; x_wconf 92' lang='lat' dir='ltr'>quod</span> <span class='ocrx_word' id='word_1_564' title='bbox 306 3708 394 3763; x_wconf 88' lang='lat' dir='ltr'>adhue</span> <span class='ocrx_word' id='word_1_565' title='bbox 405 3707 439 3762; x_wconf 92' lang='lat' dir='ltr'>de</span> <span class='ocrx_word' id='word_1_566' title='bbox 453 3707 505 3761; x_wconf 89' lang='lat' dir='ltr'>hoc</span> <span class='ocrx_word' id='word_1_567' title='bbox 519 3704 710 3777; x_wconf 86' lang='lat' dir='ltr'>liquefactione</span> <span class='ocrx_word' id='word_1_568' title='bbox 724 3704 864 3762; x_wconf 90' lang='lat' dir='ltr'>intellectu</span> <span class='ocrx_word' id='word_1_569' title='bbox 879 3719 947 3761; x_wconf 89' lang='lat' dir='ltr'>cou-</span> <span class='ocrx_word' id='word_1_570' title='bbox 1001 3716 1029 3763; x_wconf 92' lang='lat' dir='ltr'>et</span> <span class='ocrx_word' id='word_1_571' title='bbox 1044 3713 1191 3780; x_wconf 86' lang='lat' dir='ltr'>augmenta</span> <span class='ocrx_word' id='word_1_572' title='bbox 1211 3705 1370 3762; x_wconf 88' lang='lat' dir='ltr'>affectuum.</span> <span class='ocrx_word' id='word_1_573' title='bbox 1396 3707 1474 3763; x_wconf 88' lang='lat' dir='ltr'>Nunc</span> <span class='ocrx_word' id='word_1_574' title='bbox 1496 3706 1596 3773; x_wconf 83' lang='lat' dir='ltr'>visitat,</span> <span class='ocrx_word' id='word_1_575' title='bbox 1612 3723 1685 3764; x_wconf 91' lang='lat' dir='ltr'>nunc</span> <span class='ocrx_word' id='word_1_576' title='bbox 1698 3723 1800 3765; x_wconf 86' lang='lat' dir='ltr'>evane-</span> 
     </span>
     <span class='ocr_line' id='line_1_62' title="bbox 147 3792 1803 3872; baseline 0 -17"><span class='ocrx_word' id='word_1_577' title='bbox 147 3799 218 3872; x_wconf 88' lang='lat' dir='ltr'>oepi.</span> <span class='ocrx_word' id='word_1_578' title='bbox 233 3798 294 3853; x_wconf 92' lang='lat' dir='ltr'>Non</span> <span class='ocrx_word' id='word_1_579' title='bbox 304 3796 415 3852; x_wconf 91' lang='lat' dir='ltr'>cernitis</span> <span class='ocrx_word' id='word_1_580' title='bbox 429 3798 502 3867; x_wconf 88' lang='lat' dir='ltr'>quod</span> <span class='ocrx_word' id='word_1_581' title='bbox 516 3793 631 3867; x_wconf 85' lang='lat' dir='ltr'>liquefit,</span> <span class='ocrx_word' id='word_1_582' title='bbox 647 3792 765 3866; x_wconf 92' lang='lat' dir='ltr'>qualiter</span> <span class='ocrx_word' id='word_1_583' title='bbox 778 3793 814 3850; x_wconf 92' lang='lat' dir='ltr'>de</span> <span class='ocrx_word' id='word_1_584' title='bbox 827 3794 948 3866; x_wconf 89' lang='lat' dir='ltr'>quodam</span> <span class='ocrx_word' id='word_1_585' title='bbox 1001 3804 1094 3853; x_wconf 91' lang='lat' dir='ltr'>scente</span> <span class='ocrx_word' id='word_1_586' title='bbox 1128 3795 1282 3853; x_wconf 88' lang='lat' dir='ltr'>visitatione</span> <span class='ocrx_word' id='word_1_587' title='bbox 1314 3805 1395 3853; x_wconf 87' lang='lat' dir='ltr'>verat</span> <span class='ocrx_word' id='word_1_588' title='bbox 1432 3797 1559 3855; x_wconf 88' lang='lat' dir='ltr'>amicam.</span> <span class='ocrx_word' id='word_1_589' title='bbox 1593 3797 1715 3855; x_wconf 76' lang='lat' dir='ltr'>variates</span> <span class='ocrx_word' id='word_1_590' title='bbox 1741 3799 1803 3856; x_wconf 82' lang='lat' dir='ltr'>haec</span> 
     </span>
     <span class='ocr_line' id='line_1_63' title="bbox 149 3882 1801 3960; baseline -0.001 -15"><span class='ocrx_word' id='word_1_591' title='bbox 149 3890 240 3960; x_wconf 85' lang='lat' dir='ltr'>rigore</span> <span class='ocrx_word' id='word_1_592' title='bbox 253 3894 280 3941; x_wconf 90' lang='lat' dir='ltr'>ot</span> <span class='ocrx_word' id='word_1_593' title='bbox 290 3884 477 3941; x_wconf 91' lang='lat' dir='ltr'>immobilitate</span> <span class='ocrx_word' id='word_1_594' title='bbox 491 3884 597 3941; x_wconf 92' lang='lat' dir='ltr'>moveri</span> <span class='ocrx_word' id='word_1_595' title='bbox 611 3882 714 3954; x_wconf 91' lang='lat' dir='ltr'>incipit,</span> <span class='ocrx_word' id='word_1_596' title='bbox 726 3898 757 3939; x_wconf 91' lang='lat' dir='ltr'>se</span> <span class='ocrx_word' id='word_1_597' title='bbox 766 3883 854 3955; x_wconf 91' lang='lat' dir='ltr'>ipsum</span> <span class='ocrx_word' id='word_1_598' title='bbox 869 3898 949 3957; x_wconf 88' lang='lat' dir='ltr'>egre·</span> <span class='ocrx_word' id='word_1_599' title='bbox 1000 3885 1115 3940; x_wconf 89' lang='lat' dir='ltr'>amantis</span> <span class='ocrx_word' id='word_1_600' title='bbox 1142 3900 1190 3941; x_wconf 92' lang='lat' dir='ltr'>cor</span> <span class='ocrx_word' id='word_1_601' title='bbox 1216 3893 1245 3942; x_wconf 92' lang='lat' dir='ltr'>et</span> <span class='ocrx_word' id='word_1_602' title='bbox 1272 3885 1439 3943; x_wconf 88' lang='lat' dir='ltr'>desiderium</span> <span class='ocrx_word' id='word_1_603' title='bbox 1468 3886 1549 3959; x_wconf 84' lang='lat' dir='ltr'>rapit,</span> <span class='ocrx_word' id='word_1_604' title='bbox 1575 3895 1603 3942; x_wconf 89' lang='lat' dir='ltr'>et</span> <span class='ocrx_word' id='word_1_605' title='bbox 1630 3886 1801 3960; x_wconf 78' lang='lat' dir='ltr'>separated</span> 
     </span>
     <span class='ocr_line' id='line_1_64' title="bbox 147 3971 1799 4048; baseline 0 -16"><span class='ocrx_word' id='word_1_606' title='bbox 147 3977 174 4032; x_wconf 92' lang='lat' dir='ltr'>di</span> <span class='ocrx_word' id='word_1_607' title='bbox 188 3985 214 4031; x_wconf 88' lang='lat' dir='ltr'>et</span> <span class='ocrx_word' id='word_1_608' title='bbox 225 3974 353 4029; x_wconf 91' lang='lat' dir='ltr'>deserere</span> <span class='ocrx_word' id='word_1_609' title='bbox 367 3971 471 4041; x_wconf 89' lang='lat' dir='ltr'>nititur,</span> <span class='ocrx_word' id='word_1_610' title='bbox 482 3973 516 4027; x_wconf 94' lang='lat' dir='ltr'>de</span> <span class='ocrx_word' id='word_1_611' title='bbox 531 3980 637 4028; x_wconf 90' lang='lat' dir='ltr'>tumore</span> <span class='ocrx_word' id='word_1_612' title='bbox 651 3971 759 4028; x_wconf 88' lang='lat' dir='ltr'>etmole</span> <span class='ocrx_word' id='word_1_613' title='bbox 773 3971 889 4044; x_wconf 88' lang='lat' dir='ltr'>pristina</span> <span class='ocrx_word' id='word_1_614' title='bbox 899 3972 948 4028; x_wconf 93' lang='lat' dir='ltr'>de·</span> <span class='ocrx_word' id='word_1_615' title='bbox 1000 3992 1090 4033; x_wconf 90' lang='lat' dir='ltr'>usum.</span> <span class='ocrx_word' id='word_1_616' title='bbox 1106 3977 1143 4034; x_wconf 89' lang='lat' dir='ltr'>Ut</span> <span class='ocrx_word' id='word_1_617' title='bbox 1156 3974 1270 4032; x_wconf 88' lang='lat' dir='ltr'>dilectus</span> <span class='ocrx_word' id='word_1_618' title='bbox 1288 3976 1395 4033; x_wconf 91' lang='lat' dir='ltr'>locutus</span> <span class='ocrx_word' id='word_1_619' title='bbox 1417 3983 1470 4044; x_wconf 88' lang='lat' dir='ltr'>est,</span> <span class='ocrx_word' id='word_1_620' title='bbox 1486 3975 1610 4048; x_wconf 89' lang='lat' dir='ltr'>liquescit</span> <span class='ocrx_word' id='word_1_621' title='bbox 1634 3977 1726 4033; x_wconf 78' lang='lat' dir='ltr'>animi</span> <span class='ocrx_word' id='word_1_622' title='bbox 1740 3980 1799 4033; x_wconf 84' lang='lat' dir='ltr'>tus.</span> 
     </span>
     <span class='ocr_line' id='line_1_65' title="bbox 147 4060 1800 4138; baseline 0.003 -20"><span class='ocrx_word' id='word_1_623' title='bbox 147 4064 205 4120; x_wconf 85' lang='lat' dir='ltr'>fluit</span> <span class='ocrx_word' id='word_1_624' title='bbox 220 4072 247 4119; x_wconf 89' lang='lat' dir='ltr'>et</span> <span class='ocrx_word' id='word_1_625' title='bbox 267 4062 419 4131; x_wconf 88' lang='lat' dir='ltr'>descendit,</span> <span class='ocrx_word' id='word_1_626' title='bbox 435 4069 463 4117; x_wconf 92' lang='lat' dir='ltr'>et</span> <span class='ocrx_word' id='word_1_627' title='bbox 478 4061 628 4128; x_wconf 87' lang='lat' dir='ltr'>evanescit,</span> <span class='ocrx_word' id='word_1_628' title='bbox 642 4077 672 4116; x_wconf 91' lang='lat' dir='ltr'>se</span> <span class='ocrx_word' id='word_1_629' title='bbox 696 4060 785 4132; x_wconf 91' lang='lat' dir='ltr'>ipsum</span> <span class='ocrx_word' id='word_1_630' title='bbox 800 4061 947 4118; x_wconf 89' lang='lat' dir='ltr'>duceutem</span> <span class='ocrx_word' id='word_1_631' title='bbox 1000 4064 1159 4122; x_wconf 79' lang='lat' dir='ltr'>Animatus</span> <span class='ocrx_word' id='word_1_632' title='bbox 1182 4064 1330 4138; x_wconf 89' lang='lat' dir='ltr'>liquefacta</span> <span class='ocrx_word' id='word_1_633' title='bbox 1352 4064 1453 4133; x_wconf 90' lang='lat' dir='ltr'>deficit,</span> <span class='ocrx_word' id='word_1_634' title='bbox 1474 4065 1548 4123; x_wconf 92' lang='lat' dir='ltr'>ferre</span> <span class='ocrx_word' id='word_1_635' title='bbox 1570 4081 1625 4122; x_wconf 92' lang='lat' dir='ltr'>non</span> <span class='ocrx_word' id='word_1_636' title='bbox 1641 4066 1755 4136; x_wconf 85' lang='lat' dir='ltr'>valens;</span> <span class='ocrx_word' id='word_1_637' title='bbox 1772 4075 1800 4124; x_wconf 90' lang='lat' dir='ltr'>et</span> 
     </span>
     <span class='ocr_line' id='line_1_66' title="bbox 147 4147 1799 4229; baseline 0.002 -21"><span class='ocrx_word' id='word_1_638' title='bbox 147 4163 174 4209; x_wconf 87' lang='lat' dir='ltr'>et</span> <span class='ocrx_word' id='word_1_639' title='bbox 194 4152 227 4208; x_wconf 91' lang='lat' dir='ltr'>ad</span> <span class='ocrx_word' id='word_1_640' title='bbox 243 4151 383 4206; x_wconf 91' lang='lat' dir='ltr'>humiliora</span> <span class='ocrx_word' id='word_1_641' title='bbox 397 4151 456 4207; x_wconf 92' lang='lat' dir='ltr'>loca</span> <span class='ocrx_word' id='word_1_642' title='bbox 470 4148 550 4206; x_wconf 91' lang='lat' dir='ltr'>facila</span> <span class='ocrx_word' id='word_1_643' title='bbox 569 4150 707 4222; x_wconf 90' lang='lat' dir='ltr'>sequitur;</span> <span class='ocrx_word' id='word_1_644' title='bbox 724 4147 771 4205; x_wconf 80' lang='lat' dir='ltr'>rel</span> <span class='ocrx_word' id='word_1_645' title='bbox 785 4150 883 4205; x_wconf 89' lang='lat' dir='ltr'>eadem</span> <span class='ocrx_word' id='word_1_646' title='bbox 897 4165 949 4221; x_wconf 89' lang='lat' dir='ltr'>per</span> <span class='ocrx_word' id='word_1_647' title='bbox 1000 4153 1115 4210; x_wconf 86' lang='lat' dir='ltr'>dilectus</span> <span class='ocrx_word' id='word_1_648' title='bbox 1129 4160 1190 4208; x_wconf 88' lang='lat' dir='ltr'>tous</span> <span class='ocrx_word' id='word_1_649' title='bbox 1206 4153 1334 4210; x_wconf 88' lang='lat' dir='ltr'>declinat.</span> <span class='ocrx_word' id='word_1_650' title='bbox 1349 4153 1473 4211; x_wconf 90' lang='lat' dir='ltr'>Defectio</span> <span class='ocrx_word' id='word_1_651' title='bbox 1491 4162 1548 4223; x_wconf 87' lang='lat' dir='ltr'>tua,</span> <span class='ocrx_word' id='word_1_652' title='bbox 1565 4153 1631 4229; x_wconf 86' lang='lat' dir='ltr'>luga</span> <span class='ocrx_word' id='word_1_653' title='bbox 1644 4153 1731 4226; x_wconf 81' lang='lat' dir='ltr'>ipsius</span> <span class='ocrx_word' id='word_1_654' title='bbox 1745 4159 1799 4212; x_wconf 80' lang='lat' dir='ltr'>est.</span> 
     </span>
     <span class='ocr_line' id='line_1_67' title="bbox 144 4238 1800 4316; baseline 0.001 -18"><span class='ocrx_word' id='word_1_655' title='bbox 144 4258 174 4298; x_wconf 91' lang='lat' dir='ltr'>se</span> <span class='ocrx_word' id='word_1_656' title='bbox 189 4241 277 4314; x_wconf 89' lang='lat' dir='ltr'>ipsum</span> <span class='ocrx_word' id='word_1_657' title='bbox 298 4247 428 4305; x_wconf 88' lang='lat' dir='ltr'>sectatur,</span> <span class='ocrx_word' id='word_1_658' title='bbox 454 4254 627 4311; x_wconf 75' lang='lat' dir='ltr'>precurrens</span> <span class='ocrx_word' id='word_1_659' title='bbox 647 4238 806 4310; x_wconf 88' lang='lat' dir='ltr'>frequenter</span> <span class='ocrx_word' id='word_1_660' title='bbox 821 4238 947 4294; x_wconf 90' lang='lat' dir='ltr'>ducentis</span> <span class='ocrx_word' id='word_1_661' title='bbox 1001 4244 1138 4299; x_wconf 88' lang='lat' dir='ltr'>Praesente</span> <span class='ocrx_word' id='word_1_662' title='bbox 1153 4249 1180 4298; x_wconf 88' lang='lat' dir='ltr'>et</span> <span class='ocrx_word' id='word_1_663' title='bbox 1203 4241 1332 4314; x_wconf 92' lang='lat' dir='ltr'>loquente</span> <span class='ocrx_word' id='word_1_664' title='bbox 1355 4242 1455 4300; x_wconf 90' lang='lat' dir='ltr'>dilecto</span> <span class='ocrx_word' id='word_1_665' title='bbox 1478 4242 1616 4314; x_wconf 85' lang='lat' dir='ltr'>liquescis,</span> <span class='ocrx_word' id='word_1_666' title='bbox 1632 4242 1737 4316; x_wconf 89' lang='lat' dir='ltr'>deficis,</span> <span class='ocrx_word' id='word_1_667' title='bbox 1751 4259 1800 4299; x_wconf 87' lang='lat' dir='ltr'>er-</span> 
     </span>
     <span class='ocr_line' id='line_1_68' title="bbox 145 4328 1800 4404; baseline -0.001 -15"><span class='ocrx_word' id='word_1_668' title='bbox 145 4341 282 4389; x_wconf 86' lang='lat' dir='ltr'>conatum.</span> <span class='ocrx_word' id='word_1_669' title='bbox 296 4332 392 4403; x_wconf 84' lang='lat' dir='ltr'>hlagna</span> <span class='ocrx_word' id='word_1_670' title='bbox 407 4331 434 4384; x_wconf 93' lang='lat' dir='ltr'>in</span> <span class='ocrx_word' id='word_1_671' title='bbox 449 4328 604 4401; x_wconf 87' lang='lat' dir='ltr'>liquefactis</span> <span class='ocrx_word' id='word_1_672' title='bbox 621 4329 655 4384; x_wconf 88' lang='lat' dir='ltr'>ad</span> <span class='ocrx_word' id='word_1_673' title='bbox 670 4328 838 4400; x_wconf 90' lang='lat' dir='ltr'>sequendum</span> <span class='ocrx_word' id='word_1_674' title='bbox 854 4328 946 4385; x_wconf 91' lang='lat' dir='ltr'>mobi-</span> <span class='ocrx_word' id='word_1_675' title='bbox 1000 4333 1088 4404; x_wconf 89' lang='lat' dir='ltr'>spiras</span> <span class='ocrx_word' id='word_1_676' title='bbox 1110 4348 1116 4386; x_wconf 91' lang='lat'>:</span> <span class='ocrx_word' id='word_1_677' title='bbox 1137 4331 1250 4387; x_wconf 89' lang='lat' dir='ltr'>absente</span> <span class='ocrx_word' id='word_1_678' title='bbox 1274 4348 1308 4387; x_wconf 89' lang='lat' dir='ltr'>eo</span> <span class='ocrx_word' id='word_1_679' title='bbox 1332 4331 1467 4404; x_wconf 88' lang='lat' dir='ltr'>respirare</span> <span class='ocrx_word' id='word_1_680' title='bbox 1491 4332 1666 4403; x_wconf 89' lang='lat' dir='ltr'>permitteris.</span> <span class='ocrx_word' id='word_1_681' title='bbox 1691 4333 1800 4390; x_wconf 76' lang='lat' dir='ltr'>amaus</span> 
     </span>
     <span class='ocr_line' id='line_1_69' title="bbox 144 4417 1799 4494; baseline -0.001 -17"><span class='ocrx_word' id='word_1_682' title='bbox 144 4422 215 4487; x_wconf 86' lang='lat' dir='ltr'>litas,</span> <span class='ocrx_word' id='word_1_683' title='bbox 236 4430 262 4476; x_wconf 89' lang='lat' dir='ltr'>et</span> <span class='ocrx_word' id='word_1_684' title='bbox 277 4429 402 4493; x_wconf 85' lang='lat' dir='ltr'>prompta</span> <span class='ocrx_word' id='word_1_685' title='bbox 416 4419 549 4475; x_wconf 85' lang='lat' dir='ltr'>voluntas.</span> <span class='ocrx_word' id='word_1_686' title='bbox 570 4417 724 4490; x_wconf 86' lang='lat' dir='ltr'>iutelligitis</span> <span class='ocrx_word' id='word_1_687' title='bbox 740 4419 806 4489; x_wconf 85' lang='lat' dir='ltr'>jam,</span> <span class='ocrx_word' id='word_1_688' title='bbox 824 4423 854 4472; x_wconf 90' lang='lat' dir='ltr'>ut</span> <span class='ocrx_word' id='word_1_689' title='bbox 867 4418 944 4472; x_wconf 90' lang='lat' dir='ltr'>arbi·</span> <span class='ocrx_word' id='word_1_690' title='bbox 1000 4421 1070 4477; x_wconf 88' lang='lat' dir='ltr'>vires</span> <span class='ocrx_word' id='word_1_691' title='bbox 1085 4429 1203 4494; x_wconf 86' lang='lat' dir='ltr'>reparat,</span> <span class='ocrx_word' id='word_1_692' title='bbox 1220 4435 1288 4494; x_wconf 92' lang='lat' dir='ltr'>quas</span> <span class='ocrx_word' id='word_1_693' title='bbox 1303 4435 1424 4492; x_wconf 79' lang='lat' dir='ltr'>presens</span> <span class='ocrx_word' id='word_1_694' title='bbox 1434 4421 1567 4476; x_wconf 81' lang='lat' dir='ltr'>exhaurit.</span> <span class='ocrx_word' id='word_1_695' title='bbox 1583 4421 1799 4479; x_wconf 82' lang='lat' dir='ltr'>Delectationem</span> 
     </span>
    </p>
   </div>
   <div class='ocr_carea' id='block_1_14' title="bbox 147 4506 1800 4590">
    <p class='ocr_par' dir='ltr' id='par_1_16' title="bbox 147 4506 1800 4590">
     <span class='ocr_line' id='line_1_70' title="bbox 147 4506 1800 4590; baseline -0.001 -23"><span class='ocrx_word' id='word_1_696' title='bbox 147 4525 212 4578; x_wconf 89' lang='lat' dir='ltr'>tror,</span> <span class='ocrx_word' id='word_1_697' title='bbox 245 4513 272 4566; x_wconf 91' lang='lat' dir='ltr'>in</span> <span class='ocrx_word' id='word_1_698' title='bbox 303 4509 454 4583; x_wconf 87' lang='lat' dir='ltr'>liquefactis</span> <span class='ocrx_word' id='word_1_699' title='bbox 481 4511 515 4565; x_wconf 90' lang='lat' dir='ltr'>ad</span> <span class='ocrx_word' id='word_1_700' title='bbox 553 4507 737 4565; x_wconf 88' lang='lat' dir='ltr'>obediendum</span> <span class='ocrx_word' id='word_1_701' title='bbox 766 4506 943 4579; x_wconf 88' lang='lat' dir='ltr'>aptitudinem</span> <span class='ocrx_word' id='word_1_702' title='bbox 961 4513 984 4590; x_wconf 73' lang='lat' dir='ltr'>fl</span> <span class='ocrx_word' id='word_1_703' title='bbox 1000 4510 1198 4567; x_wconf 87' lang='lat' dir='ltr'>vehementiam</span> <span class='ocrx_word' id='word_1_704' title='bbox 1217 4509 1356 4566; x_wconf 89' lang='lat' dir='ltr'>intervalla</span> <span class='ocrx_word' id='word_1_705' title='bbox 1378 4516 1541 4581; x_wconf 88' lang='lat' dir='ltr'>temperant,</span> <span class='ocrx_word' id='word_1_706' title='bbox 1557 4511 1638 4581; x_wconf 88' lang='lat' dir='ltr'>cujus</span> <span class='ocrx_word' id='word_1_707' title='bbox 1652 4511 1800 4567; x_wconf 85' lang='lat' dir='ltr'>continua·</span> 
     </span>
    </p>
   </div>
   <div class='ocr_carea' id='block_1_15' title="bbox 145 4596 946 5565">
    <p class='ocr_par' dir='ltr' id='par_1_17' title="bbox 145 4596 946 5565">
     <span class='ocr_line' id='line_1_71' title="bbox 145 4596 944 4674; baseline -0.005 -19"><span class='ocrx_word' id='word_1_708' title='bbox 145 4600 290 4674; x_wconf 88' lang='lat' dir='ltr'>grandem,</span> <span class='ocrx_word' id='word_1_709' title='bbox 302 4599 410 4655; x_wconf 87' lang='lat' dir='ltr'>humilis</span> <span class='ocrx_word' id='word_1_710' title='bbox 422 4600 520 4655; x_wconf 74' lang='lat' dir='ltr'>animae</span> <span class='ocrx_word' id='word_1_711' title='bbox 534 4597 663 4655; x_wconf 87' lang='lat' dir='ltr'>aflectum</span> <span class='ocrx_word' id='word_1_712' title='bbox 679 4596 857 4654; x_wconf 88' lang='lat' dir='ltr'>tractabilem.</span> <span class='ocrx_word' id='word_1_713' title='bbox 870 4597 944 4652; x_wconf 74' lang='lat' dir='ltr'>hanc</span> 
     </span>
     <span class='ocr_line' id='line_1_72' title="bbox 148 4685 946 4762; baseline -0.003 -19"><span class='ocrx_word' id='word_1_714' title='bbox 148 4688 326 4744; x_wconf 88' lang='lat' dir='ltr'>humilitatem</span> <span class='ocrx_word' id='word_1_715' title='bbox 342 4704 396 4744; x_wconf 92' lang='lat' dir='ltr'>non</span> <span class='ocrx_word' id='word_1_716' title='bbox 410 4695 500 4743; x_wconf 89' lang='lat' dir='ltr'>metus</span> <span class='ocrx_word' id='word_1_717' title='bbox 512 4685 618 4762; x_wconf 88' lang='lat' dir='ltr'>infligit,</span> <span class='ocrx_word' id='word_1_718' title='bbox 640 4685 690 4742; x_wconf 91' lang='lat' dir='ltr'>sed</span> <span class='ocrx_word' id='word_1_719' title='bbox 703 4685 780 4742; x_wconf 91' lang='lat' dir='ltr'>calor</span> <span class='ocrx_word' id='word_1_720' title='bbox 793 4686 893 4742; x_wconf 91' lang='lat' dir='ltr'>amoris</span> <span class='ocrx_word' id='word_1_721' title='bbox 905 4686 946 4741; x_wconf 89' lang='lat' dir='ltr'>in·</span> 
     </span>
     <span class='ocr_line' id='line_1_73' title="bbox 145 4773 945 4848; baseline 0 -17"><span class='ocrx_word' id='word_1_722' title='bbox 145 4779 255 4834; x_wconf 86' lang='lat' dir='ltr'>format.</span> <span class='ocrx_word' id='word_1_723' title='bbox 281 4777 369 4832; x_wconf 86' lang='lat' dir='ltr'>hietas</span> <span class='ocrx_word' id='word_1_724' title='bbox 391 4784 512 4832; x_wconf 88' lang='lat' dir='ltr'>meatem</span> <span class='ocrx_word' id='word_1_725' title='bbox 539 4775 673 4833; x_wconf 90' lang='lat' dir='ltr'>violenter</span> <span class='ocrx_word' id='word_1_726' title='bbox 705 4773 840 4848; x_wconf 91' lang='lat' dir='ltr'>infringit,</span> <span class='ocrx_word' id='word_1_727' title='bbox 869 4792 945 4833; x_wconf 90' lang='lat' dir='ltr'>amor</span> 
     </span>
     <span class='ocr_line' id='line_1_74' title="bbox 147 4863 945 4938; baseline -0.006 -14"><span class='ocrx_word' id='word_1_728' title='bbox 147 4866 261 4934; x_wconf 86' lang='lat' dir='ltr'>emollit,</span> <span class='ocrx_word' id='word_1_729' title='bbox 281 4873 309 4922; x_wconf 93' lang='lat' dir='ltr'>et</span> <span class='ocrx_word' id='word_1_730' title='bbox 328 4875 450 4921; x_wconf 90' lang='lat' dir='ltr'>teneram</span> <span class='ocrx_word' id='word_1_731' title='bbox 465 4881 496 4921; x_wconf 93' lang='lat' dir='ltr'>ao</span> <span class='ocrx_word' id='word_1_732' title='bbox 510 4864 639 4938; x_wconf 91' lang='lat' dir='ltr'>liquidam</span> <span class='ocrx_word' id='word_1_733' title='bbox 654 4863 772 4919; x_wconf 89' lang='lat' dir='ltr'>reddens</span> <span class='ocrx_word' id='word_1_734' title='bbox 791 4864 897 4938; x_wconf 84' lang='lat' dir='ltr'>effingit</span> <span class='ocrx_word' id='word_1_735' title='bbox 911 4865 945 4921; x_wconf 92' lang='lat' dir='ltr'>ad</span> 
     </span>
     <span class='ocr_line' id='line_1_75' title="bbox 147 4952 944 5026; baseline -0.004 -13"><span class='ocrx_word' id='word_1_736' title='bbox 147 4958 262 5013; x_wconf 83' lang='lat' dir='ltr'>libitum.</span> <span class='ocrx_word' id='word_1_737' title='bbox 278 4954 420 5011; x_wconf 85' lang='lat' dir='ltr'>Humilitas</span> <span class='ocrx_word' id='word_1_738' title='bbox 435 4954 470 5010; x_wconf 93' lang='lat' dir='ltr'>de</span> <span class='ocrx_word' id='word_1_739' title='bbox 490 4955 621 5010; x_wconf 86' lang='lat' dir='ltr'>charitate</span> <span class='ocrx_word' id='word_1_740' title='bbox 635 4952 784 5026; x_wconf 84' lang='lat' dir='ltr'>profluens,</span> <span class='ocrx_word' id='word_1_741' title='bbox 805 4953 844 5009; x_wconf 93' lang='lat' dir='ltr'>nil</span> <span class='ocrx_word' id='word_1_742' title='bbox 856 4955 944 5010; x_wconf 87' lang='lat' dir='ltr'>mole·</span> 
     </span>
     <span class='ocr_line' id='line_1_76' title="bbox 145 5042 944 5119; baseline -0.001 -19"><span class='ocrx_word' id='word_1_743' title='bbox 145 5048 204 5102; x_wconf 85' lang='lat' dir='ltr'>sliae</span> <span class='ocrx_word' id='word_1_744' title='bbox 227 5045 340 5119; x_wconf 91' lang='lat' dir='ltr'>patitur,</span> <span class='ocrx_word' id='word_1_745' title='bbox 355 5044 426 5101; x_wconf 88' lang='lat' dir='ltr'>ultro</span> <span class='ocrx_word' id='word_1_746' title='bbox 440 5043 474 5098; x_wconf 93' lang='lat' dir='ltr'>ad</span> <span class='ocrx_word' id='word_1_747' title='bbox 498 5043 581 5099; x_wconf 90' lang='lat' dir='ltr'>imum</span> <span class='ocrx_word' id='word_1_748' title='bbox 607 5042 703 5107; x_wconf 88' lang='lat' dir='ltr'>tendit,</span> <span class='ocrx_word' id='word_1_749' title='bbox 720 5042 865 5114; x_wconf 87' lang='lat' dir='ltr'>quiescens</span> <span class='ocrx_word' id='word_1_750' title='bbox 883 5059 944 5099; x_wconf 92' lang='lat' dir='ltr'>cum</span> 
     </span>
     <span class='ocr_line' id='line_1_77' title="bbox 147 5129 944 5206; baseline -0.003 -17"><span class='ocrx_word' id='word_1_751' title='bbox 147 5133 360 5206; x_wconf 88' lang='lat' dir='ltr'>apprehenderit</span> <span class='ocrx_word' id='word_1_752' title='bbox 373 5133 511 5190; x_wconf 80' lang='lat' dir='ltr'>interiora.</span> <span class='ocrx_word' id='word_1_753' title='bbox 527 5132 639 5189; x_wconf 88' lang='lat' dir='ltr'>Habetis</span> <span class='ocrx_word' id='word_1_754' title='bbox 652 5133 706 5202; x_wconf 91' lang='lat' dir='ltr'>jam</span> <span class='ocrx_word' id='word_1_755' title='bbox 723 5131 751 5186; x_wconf 92' lang='lat' dir='ltr'>in</span> <span class='ocrx_word' id='word_1_756' title='bbox 774 5129 944 5203; x_wconf 85' lang='lat' dir='ltr'>liquefactio·</span> 
     </span>
     <span class='ocr_line' id='line_1_78' title="bbox 147 5219 945 5296; baseline -0.004 -18"><span class='ocrx_word' id='word_1_757' title='bbox 147 5239 193 5293; x_wconf 89' lang='lat' dir='ltr'>ne,</span> <span class='ocrx_word' id='word_1_758' title='bbox 209 5222 366 5280; x_wconf 87' lang='lat' dir='ltr'>humilitatis</span> <span class='ocrx_word' id='word_1_759' title='bbox 388 5222 459 5279; x_wconf 87' lang='lat' dir='ltr'>illius</span> <span class='ocrx_word' id='word_1_760' title='bbox 481 5237 634 5296; x_wconf 86' lang='lat' dir='ltr'>generosae,</span> <span class='ocrx_word' id='word_1_761' title='bbox 650 5219 795 5276; x_wconf 89' lang='lat' dir='ltr'>habetiset</span> <span class='ocrx_word' id='word_1_762' title='bbox 813 5219 945 5276; x_wconf 91' lang='lat' dir='ltr'>obedien·</span> 
     </span>
     <span class='ocr_line' id='line_1_79' title="bbox 146 5309 945 5385; baseline 0 -17"><span class='ocrx_word' id='word_1_763' title='bbox 146 5314 191 5368; x_wconf 71' lang='lat' dir='ltr'>tiae</span> <span class='ocrx_word' id='word_1_764' title='bbox 205 5329 362 5385; x_wconf 86' lang='lat' dir='ltr'>expressam</span> <span class='ocrx_word' id='word_1_765' title='bbox 383 5316 434 5370; x_wconf 91' lang='lat' dir='ltr'>sub</span> <span class='ocrx_word' id='word_1_766' title='bbox 449 5315 583 5371; x_wconf 86' lang='lat' dir='ltr'>brevitate</span> <span class='ocrx_word' id='word_1_767' title='bbox 606 5319 741 5368; x_wconf 89' lang='lat' dir='ltr'>asturam.</span> <span class='ocrx_word' id='word_1_768' title='bbox 760 5309 847 5366; x_wconf 84' lang='lat' dir='ltr'>Vultis</span> <span class='ocrx_word' id='word_1_769' title='bbox 861 5320 890 5368; x_wconf 92' lang='lat' dir='ltr'>et</span> <span class='ocrx_word' id='word_1_770' title='bbox 904 5320 945 5368; x_wconf 89' lang='lat' dir='ltr'>te-</span> 
     </span>
     <span class='ocr_line' id='line_1_80' title="bbox 146 5402 942 5478; baseline 0 -21"><span class='ocrx_word' id='word_1_771' title='bbox 146 5402 292 5459; x_wconf 71' lang='lat' dir='ltr'>alimonia?</span> <span class='ocrx_word' id='word_1_772' title='bbox 306 5405 441 5461; x_wconf 86' lang='lat' dir='ltr'>Dominus</span> <span class='ocrx_word' id='word_1_773' title='bbox 455 5405 571 5478; x_wconf 84' lang='lat' dir='ltr'>operuit</span> <span class='ocrx_word' id='word_1_774' title='bbox 584 5403 656 5458; x_wconf 84' lang='lat' dir='ltr'>mihi</span> <span class='ocrx_word' id='word_1_775' title='bbox 666 5418 774 5465; x_wconf 79' lang='lat' dir='ltr'>aurern.</span> <span class='ocrx_word' id='word_1_776' title='bbox 791 5407 820 5455; x_wconf 89' lang='lat' dir='ltr'>ut</span> <span class='ocrx_word' id='word_1_777' title='bbox 835 5402 942 5457; x_wconf 89' lang='lat' dir='ltr'>audiam</span> 
     </span>
     <span class='ocr_line' id='line_1_81' title="bbox 147 5489 939 5565; baseline -0.004 -16"><span class='ocrx_word' id='word_1_778' title='bbox 147 5494 294 5564; x_wconf 90' lang='lat' dir='ltr'>eumquasi</span> <span class='ocrx_word' id='word_1_779' title='bbox 304 5492 475 5565; x_wconf 88' lang='lat' dir='ltr'>magistrum.</span> <span class='ocrx_word' id='word_1_780' title='bbox 487 5491 772 5562; x_wconf 80' lang='lat' dir='ltr'>Audistisloquentem</span> <span class='ocrx_word' id='word_1_781' title='bbox 782 5489 939 5546; x_wconf 89' lang='lat' dir='ltr'>Dominum:</span> 
     </span>
    </p>
   </div>
   <div class='ocr_carea' id='block_1_16' title="bbox 998 4590 1802 5566">
    <p class='ocr_par' dir='ltr' id='par_1_18' title="bbox 998 4590 1802 5566">
     <span class='ocr_line' id='line_1_82' title="bbox 999 4590 1802 4672; baseline 0.001 -17"><span class='ocrx_word' id='word_1_782' title='bbox 999 4599 1099 4656; x_wconf 90' lang='lat' dir='ltr'>tionem</span> <span class='ocrx_word' id='word_1_783' title='bbox 1115 4600 1186 4657; x_wconf 91' lang='lat' dir='ltr'>ferre</span> <span class='ocrx_word' id='word_1_784' title='bbox 1202 4617 1256 4657; x_wconf 92' lang='lat' dir='ltr'>nou</span> <span class='ocrx_word' id='word_1_785' title='bbox 1270 4608 1359 4672; x_wconf 89' lang='lat' dir='ltr'>potes.</span> <span class='ocrx_word' id='word_1_786' title='bbox 1375 4598 1446 4671; x_wconf 88' lang='lat' dir='ltr'>Quid</span> <span class='ocrx_word' id='word_1_787' title='bbox 1465 4600 1698 4659; x_wconf 87' lang='lat' dir='ltr'>continuationem</span> <span class='ocrx_word' id='word_1_788' title='bbox 1713 4590 1802 4658; x_wconf 78' lang='lat' dir='ltr'>dicor</span> 
     </span>
     <span class='ocr_line' id='line_1_83' title="bbox 1000 4689 1798 4762; baseline 0.001 -18"><span class='ocrx_word' id='word_1_789' title='bbox 1000 4705 1090 4746; x_wconf 90' lang='lat' dir='ltr'>nonne</span> <span class='ocrx_word' id='word_1_790' title='bbox 1105 4689 1165 4762; x_wconf 90' lang='lat' dir='ltr'>ipsa</span> <span class='ocrx_word' id='word_1_791' title='bbox 1181 4696 1208 4746; x_wconf 90' lang='lat' dir='ltr'>te</span> <span class='ocrx_word' id='word_1_792' title='bbox 1232 4689 1370 4746; x_wconf 87' lang='lat' dir='ltr'>inchoatio</span> <span class='ocrx_word' id='word_1_793' title='bbox 1395 4689 1483 4746; x_wconf 91' lang='lat' dir='ltr'>reddit</span> <span class='ocrx_word' id='word_1_794' title='bbox 1500 4690 1685 4747; x_wconf 72' lang='lat' dir='ltr'>erasmiana</span> <span class='ocrx_word' id='word_1_795' title='bbox 1700 4690 1798 4746; x_wconf 85' lang='lat' dir='ltr'>Statim</span> 
     </span>
     <span class='ocr_line' id='line_1_84' title="bbox 999 4778 1797 4852; baseline 0.003 -17"><span class='ocrx_word' id='word_1_796' title='bbox 999 4779 1071 4835; x_wconf 90' lang='lat' dir='ltr'>enim</span> <span class='ocrx_word' id='word_1_797' title='bbox 1092 4786 1121 4834; x_wconf 87' lang='lat' dir='ltr'>ut</span> <span class='ocrx_word' id='word_1_798' title='bbox 1142 4779 1261 4851; x_wconf 91' lang='lat' dir='ltr'>loquitur</span> <span class='ocrx_word' id='word_1_799' title='bbox 1274 4778 1399 4846; x_wconf 90' lang='lat' dir='ltr'>dilectus,</span> <span class='ocrx_word' id='word_1_800' title='bbox 1416 4778 1541 4852; x_wconf 89' lang='lat' dir='ltr'>liquescit</span> <span class='ocrx_word' id='word_1_801' title='bbox 1560 4779 1650 4835; x_wconf 89' lang='lat' dir='ltr'>anima</span> <span class='ocrx_word' id='word_1_802' title='bbox 1665 4787 1722 4836; x_wconf 86' lang='lat' dir='ltr'>tus.</span> <span class='ocrx_word' id='word_1_803' title='bbox 1737 4779 1797 4837; x_wconf 75' lang='lat' dir='ltr'>De·-</span> 
     </span>
     <span class='ocr_line' id='line_1_85' title="bbox 1000 4866 1798 4940; baseline 0.006 -17"><span class='ocrx_word' id='word_1_804' title='bbox 1000 4867 1082 4940; x_wconf 91' lang='lat' dir='ltr'>nique</span> <span class='ocrx_word' id='word_1_805' title='bbox 1100 4876 1128 4924; x_wconf 86' lang='lat' dir='ltr'>et</span> <span class='ocrx_word' id='word_1_806' title='bbox 1142 4867 1170 4922; x_wconf 94' lang='lat' dir='ltr'>in</span> <span class='ocrx_word' id='word_1_807' title='bbox 1183 4868 1360 4939; x_wconf 88' lang='lat' dir='ltr'>sequentibus</span> <span class='ocrx_word' id='word_1_808' title='bbox 1372 4866 1456 4924; x_wconf 87' lang='lat' dir='ltr'>dicit:</span> <span class='ocrx_word' id='word_1_809' title='bbox 1475 4869 1556 4926; x_wconf 84' lang='lat' dir='ltr'>Ooutr&#39;</span> <span class='ocrx_word' id='word_1_810' title='bbox 1572 4872 1617 4927; x_wconf 81' lang='lat' dir='ltr'>tut</span> <span class='ocrx_word' id='word_1_811' title='bbox 1630 4869 1744 4926; x_wconf 83' lang='lat' dir='ltr'>auclore</span> <span class='ocrx_word' id='word_1_812' title='bbox 1753 4887 1798 4928; x_wconf 86' lang='lat' dir='ltr'>me</span> 
     </span>
     <span class='ocr_line' id='line_1_86' title="bbox 998 4956 1800 5028; baseline 0.001 -13"><span class='ocrx_word' id='word_1_813' title='bbox 998 4959 1277 5028; x_wconf 75' lang='lat' dir='ltr'>secerurrttdont.v1,</span> <span class='ocrx_word' id='word_1_814' title='bbox 1285 4956 1800 5028; x_wconf 69' lang='lat' dir='ltr'>etQuomooouileuunavolssete&#39;ce·</span> 
     </span>
     <span class='ocr_line' id='line_1_87' title="bbox 1000 5042 1799 5109; baseline 0.003 -11"><span class='ocrx_word' id='word_1_815' title='bbox 1000 5053 1071 5109; x_wconf 87' lang='lat' dir='ltr'>runt,</span> <span class='ocrx_word' id='word_1_816' title='bbox 1087 5042 1138 5098; x_wconf 90' lang='lat' dir='ltr'>nisi</span> <span class='ocrx_word' id='word_1_817' title='bbox 1153 5043 1218 5098; x_wconf 92' lang='lat' dir='ltr'>dum</span> <span class='ocrx_word' id='word_1_818' title='bbox 1246 5043 1329 5100; x_wconf 90' lang='lat' dir='ltr'>nimio</span> <span class='ocrx_word' id='word_1_819' title='bbox 1356 5044 1457 5100; x_wconf 86' lang='lat' dir='ltr'>affectu</span> <span class='ocrx_word' id='word_1_820' title='bbox 1484 5044 1511 5099; x_wconf 92' lang='lat' dir='ltr'>in</span> <span class='ocrx_word' id='word_1_821' title='bbox 1527 5060 1590 5101; x_wconf 90' lang='lat' dir='ltr'>eum</span> <span class='ocrx_word' id='word_1_822' title='bbox 1608 5044 1799 5103; x_wconf 76' lang='lat' dir='ltr'>defecerunt?</span> 
     </span>
     <span class='ocr_line' id='line_1_88' title="bbox 998 5131 1802 5203; baseline 0.004 -14"><span class='ocrx_word' id='word_1_823' title='bbox 998 5131 1107 5189; x_wconf 79' lang='lat' dir='ltr'>Modum</span> <span class='ocrx_word' id='word_1_824' title='bbox 1128 5132 1238 5190; x_wconf 89' lang='lat' dir='ltr'>nescis:</span> <span class='ocrx_word' id='word_1_825' title='bbox 1268 5132 1329 5190; x_wconf 91' lang='lat' dir='ltr'>ideo</span> <span class='ocrx_word' id='word_1_826' title='bbox 1357 5132 1473 5190; x_wconf 89' lang='lat' dir='ltr'>dilectus</span> <span class='ocrx_word' id='word_1_827' title='bbox 1496 5141 1559 5191; x_wconf 91' lang='lat' dir='ltr'>tuus</span> <span class='ocrx_word' id='word_1_828' title='bbox 1582 5135 1751 5203; x_wconf 88' lang='lat' dir='ltr'>moderatur,</span> <span class='ocrx_word' id='word_1_829' title='bbox 1772 5136 1802 5192; x_wconf 88' lang='lat' dir='ltr'>ol</span> 
     </span>
     <span class='ocr_line' id='line_1_89' title="bbox 999 5222 1798 5298; baseline 0.001 -20"><span class='ocrx_word' id='word_1_830' title='bbox 999 5222 1154 5293; x_wconf 83' lang='lat' dir='ltr'>praesentiae</span> <span class='ocrx_word' id='word_1_831' title='bbox 1168 5238 1225 5279; x_wconf 83' lang='lat' dir='ltr'>suae</span> <span class='ocrx_word' id='word_1_832' title='bbox 1240 5237 1396 5279; x_wconf 89' lang='lat' dir='ltr'>mensuram</span> <span class='ocrx_word' id='word_1_833' title='bbox 1410 5222 1459 5279; x_wconf 91' lang='lat' dir='ltr'>tibi</span> <span class='ocrx_word' id='word_1_834' title='bbox 1475 5223 1612 5281; x_wconf 87' lang='lat' dir='ltr'>distribuit</span> <span class='ocrx_word' id='word_1_835' title='bbox 1624 5225 1798 5298; x_wconf 88' lang='lat' dir='ltr'>intempore.</span> 
     </span>
     <span class='ocr_line' id='line_1_90' title="bbox 998 5310 1799 5387; baseline 0.006 -22"><span class='ocrx_word' id='word_1_836' title='bbox 998 5310 1184 5384; x_wconf 80' lang='lat' dir='ltr'>ldeoquaeris,</span> <span class='ocrx_word' id='word_1_837' title='bbox 1199 5320 1224 5368; x_wconf 91' lang='lat' dir='ltr'>et</span> <span class='ocrx_word' id='word_1_838' title='bbox 1239 5327 1293 5368; x_wconf 91' lang='lat' dir='ltr'>non</span> <span class='ocrx_word' id='word_1_839' title='bbox 1307 5312 1433 5382; x_wconf 85' lang='lat' dir='ltr'>invenis;</span> <span class='ocrx_word' id='word_1_840' title='bbox 1454 5327 1547 5381; x_wconf 87' lang='lat' dir='ltr'>vocas,</span> <span class='ocrx_word' id='word_1_841' title='bbox 1563 5320 1591 5369; x_wconf 87' lang='lat' dir='ltr'>et</span> <span class='ocrx_word' id='word_1_842' title='bbox 1611 5328 1667 5370; x_wconf 89' lang='lat' dir='ltr'>non</span> <span class='ocrx_word' id='word_1_843' title='bbox 1682 5328 1799 5387; x_wconf 88' lang='lat' dir='ltr'>respon·</span> 
     </span>
     <span class='ocr_line' id='line_1_91' title="bbox 998 5399 1797 5468; baseline 0.008 -14"><span class='ocrx_word' id='word_1_844' title='bbox 998 5399 1054 5456; x_wconf 88' lang='lat' dir='ltr'>det.</span> <span class='ocrx_word' id='word_1_845' title='bbox 1068 5400 1216 5468; x_wconf 71' lang='lat' dir='ltr'>Attendite,</span> <span class='ocrx_word' id='word_1_846' title='bbox 1235 5400 1345 5468; x_wconf 89' lang='lat' dir='ltr'>fratres,</span> <span class='ocrx_word' id='word_1_847' title='bbox 1359 5401 1559 5458; x_wconf 83' lang='lat' dir='ltr'>vehementiam</span> <span class='ocrx_word' id='word_1_848' title='bbox 1572 5411 1602 5460; x_wconf 88' lang='lat' dir='ltr'>et</span> <span class='ocrx_word' id='word_1_849' title='bbox 1615 5403 1671 5461; x_wconf 85' lang='lat' dir='ltr'>rim</span> <span class='ocrx_word' id='word_1_850' title='bbox 1683 5405 1797 5461; x_wconf 85' lang='lat' dir='ltr'>amoris.</span> 
     </span>
     <span class='ocr_line' id='line_1_92' title="bbox 998 5484 1801 5566; baseline 0.009 -23"><span class='ocrx_word' id='word_1_851' title='bbox 998 5489 1055 5546; x_wconf 88' lang='lat' dir='ltr'>Nec</span> <span class='ocrx_word' id='word_1_852' title='bbox 1085 5490 1182 5546; x_wconf 89' lang='lat' dir='ltr'>abesse</span> <span class='ocrx_word' id='word_1_853' title='bbox 1197 5490 1325 5546; x_wconf 90' lang='lat' dir='ltr'>dilectum</span> <span class='ocrx_word' id='word_1_854' title='bbox 1340 5491 1467 5558; x_wconf 76' lang='lat' dir='ltr'>suadaet,</span> <span class='ocrx_word' id='word_1_855' title='bbox 1481 5507 1533 5549; x_wconf 92' lang='lat' dir='ltr'>nec</span> <span class='ocrx_word' id='word_1_856' title='bbox 1554 5489 1653 5550; x_wconf 67' lang='lat' dir='ltr'>aaut</span> <span class='ocrx_word' id='word_1_857' title='bbox 1670 5484 1801 5566; x_wconf 74' lang='lat' dir='ltr'>pttbsdali</span> 
     </span>
    </p>
   </div>
   <div class='ocr_carea' id='block_1_17' title="bbox 0 0 1858 5962">
    <p class='ocr_par' dir='ltr' id='par_1_19' title="bbox 0 0 1858 5962">
     <span class='ocr_line' id='line_1_93' title="bbox 0 0 1858 5962; baseline 0 6"><span class='ocrx_word' id='word_1_858' title='bbox 0 0 1858 5962; x_wconf 95' lang='lat' dir='ltr'> </span> 
     </span>
    </p>
   </div>
  </div>
 </body>
</html>
