3706 5962
62 200 132 278 881,
551 194 721 256 SBRMONES
739 195 781 255 DS
798 196 916 258 VERBIS
934 197 1047 260 DOMINI
1066 197 1100 258 ΙΝ
1117 196 1226 258 cinit.
1654 196 1708 257 882

63 324 158 396 vitam,
178 326 210 380 de
223 322 323 380 mundo
333 324 367 379 ed
380 324 489 390 coelum,
505 321 638 395 pronobis
652 320 760 379 victima
770 322 858 379 iactus
875 339 899 416 q
915 322 954 379 xit
968 342 975 379 :
991 324 1048 380 sine
1058 325 1138 380 modo
1152 341 1213 381 eum
1228 322 1338 396 diligere
1352 321 1445 377 debes
1461 321 1568 380 llodum
1583 321 1709 379 dilectio·

62 420 90 468 et
116 411 327 478 sacrificium,se
341 412 429 483 ipsum
444 413 501 467 Deo
513 410 584 467 Patri
598 409 679 465 inara
692 411 779 467 crucis
792 410 860 468 oiie-
913 415 957 470 nis
971 413 1086 470 excessit
1103 420 1129 470 te
1148 412 1295 486 diligendo,
1312 407 1400 469 599
1423 426 1472 482 pro
1487 418 1513 466 te
1541 411 1706 468 moriendo:
1752 464 1757 476 ,

64 516 127 556 rens
142 501 341 559 holocaustum.
357 502 429 555 Ante
440 500 515 556 diem
533 501 639 571 festum
663 499 788 571 Pesclroe,
804 508 858 558 etc.
914 510 1097 578 tu,quantnm
1112 518 1175 558 eum
1199 500 1311 576 diligere
1327 500 1422 568 debes,
1443 515 1498 555 non
1518 506 1603 569 potes.
1619 500 1707 575 Dilige
1773 566 1776 573 ,

61 585 131 655 Quid
145 604 209 662 ergo
223 596 275 657 est,
291 605 307 645 o
321 597 411 645 sancte
424 589 553 658 loannes,
568 589 641 660 quod
655 588 724 645 dicis
739 589 860 645 testum?
913 609 977 650 eum
991 609 1025 650 ex
1053 592 1212 660 totocorde,
1228 605 1261 648 ex
1281 595 1338 646 tota
1364 594 1453 644 mente
1473 589 1501 643 et
1514 589 1587 645 omni
1608 589 1707 659 anima,

61 677 160 732 Nonne
174 676 231 731 dies
238 676 333 742 festus,
344 677 401 733 dies
411 682 452 733 est
462 676 552 749 gaudii
567 684 594 732 et
607 676 730 732 taetitiaei
745 678 860 732 Putasne
912 690 940 739 et
954 683 1079 740 omnibus
1099 680 1204 737 viribus
1222 679 1285 736 tuis.
1311 678 1369 736 Hoc
1390 683 1493 733 tanturn
1517 676 1623 749 quaerit,
1638 677 1709 733 ultra

60 764 121 819 dies
135 764 182 820 ille
196 774 237 822 est
265 765 366 820 laetitia
391 775 417 821 et
440 764 630 835 jucunditatis,
655 781 708 837 quo
723 767 817 837 riguus
832 765 859 821 in
912 785 968 828 non
983 769 1101 842 quaerit,
1119 771 1171 826 hoc
1182 768 1223 826 iac
1236 775 1263 824 et
1278 767 1361 825 vives.
1378 765 1532 839 Sequitur:

59 854 149 909 crucis
163 853 269 910 levatur
283 853 463 909 immolandus
492 852 592 924 stipite,
609 853 783 925 opprobrium
808 854 859 910 bo·
948 865 974 916 3.
990 862 1215 932 Etroermscctc,
1230 855 1436 914 cundbertus
1458 856 1523 928 jam
1536 856 1661 913 michaei
1677 857 1709 915 in

60 943 165 996 minum
180 940 275 1008 iactus,
291 948 318 996 et
345 941 461 1010 abjectio
482 940 585 1011 plebis;
600 956 655 1012 quo
683 957 739 1013 prae
764 942 859 999 dolore
912 947 1237 1017 concrescentem,
1254 944 1338 1004 indus
1351 945 1473 1004 Simonis
1493 945 1646 1005 iscariotes.
1661 943 1711 1001 llic

59 1029 102 1085 sol
129 1030 298 1096 ohscuratur,
317 1038 400 1099 petra
408 1030 576 1099 scinduntur,
606 1037 633 1084 et
673 1037 728 1085 tota
756 1039 860 1088 contre
910 1038 1030 1094 innuitur
1043 1051 1122 1094 coena
1146 1053 1206 1092 esse
1221 1043 1324 1107 parata,
1339 1034 1388 1091 sed
1412 1033 1534 1090 nondum
1558 1039 1708 1102 transacta;

60 1117 151 1173 miscit
165 1118 251 1173 orbita
278 1116 544 1185 mundi3ubildater
573 1116 613 1174 sic
638 1118 738 1191 plorat,
755 1126 782 1174 et
796 1120 858 1189 ejus
911 1127 974 1201 quia
987 1125 1229 1197 postearecubuit,
1247 1131 1276 1181 et
1288 1121 1436 1179 buccellam
1454 1121 1531 1176 ludae
1553 1117 1709 1175 tradidit.0

59 1205 175 1261 dilectus
192 1205 329 1261 loannes?
343 1205 434 1261 Potius
449 1205 492 1260 ille
511 1204 569 1261 dies
588 1205 638 1260 suit
653 1206 753 1273 luctus,
774 1223 856 1280 quam
910 1216 980 1270 suda
1007 1212 1112 1269 infelix!
1134 1229 1151 1270 0
1176 1211 1307 1283 discipule
1333 1209 1463 1281 pessime,
1502 1218 1636 1265 meremor
1658 1223 1710 1263 ne·

60 1293 130 1349 risus
145 1300 172 1349 et
185 1292 384 1350 laetitiasanctis
398 1302 426 1349 et
444 1293 536 1350 electis
551 1313 559 1349 r
576 1294 731 1350 sedludaeis
747 1294 854 1366 latitia,
910 1304 1000 1375 quaml
1028 1301 1088 1357 Tibi
1111 1317 1188 1357 coena
1207 1300 1361 1371 parabatur,
1389 1305 1445 1354 eta
1466 1304 1493 1352 te
1522 1295 1599 1351 dator
1627 1309 1712 1352 coenee

60 1381 108 1438 tibi
121 1388 147 1436 et
170 1383 309 1453 Apostolis
320 1384 373 1439 tuis
387 1382 501 1438 tristitia.
518 1381 675 1438 ludaeorum
688 1383 781 1439 laetitia
795 1401 856 1440 ver·
911 1392 1074 1448 tradebatur,
1089 1390 1111 1446 0
1133 1389 1215 1446 mim
1234 1387 1315 1444 Judrt
1334 1402 1350 1443 0
1371 1387 1441 1441 male
1459 1383 1612 1443 pontem!
1629 1383 1710 1440 ode.

59 1479 131 1527 tetur
146 1471 172 1525 in
187 1470 305 1540 luctum,·
336 1481 363 1527 et
383 1471 490 1526 tristitia
512 1470 702 1543 Apostolorum
718 1481 758 1528 est
775 1489 854 1531 versa
909 1476 1280 1552 speratepoenitensldixisti,
1293 1475 1531 1534 Peccavitrcdens
1542 1475 1712 1546 sanquinem

58 1560 86 1615 in
106 1561 247 1632 gaudium.
265 1561 410 1631 Sequitur:
905 1566 1333 1642 justum(l1ctth.xxmr,t),et
1351 1566 1449 1637 laqueo
1459 1563 1655 1636 desperationis
1672 1568 1710 1634 te,

95 1654 121 1705 2.
135 1651 231 1708 Sciens
246 1653 324 1709 tesca
338 1650 411 1722 qnod
424 1651 501 1707 venit
511 1651 573 1723 ejus
588 1649 667 1717 hore,
679 1656 713 1706 nt
726 1656 855 1709 transeat
872 1614 894 1692 Β
910 1659 1005 1724 miser,
1025 1645 1254 1725 suffocastisslste,
1270 1664 1301 1712 ut
1313 1654 1440 1724 arbitror,
1455 1652 1505 1708 suit
1533 1649 1605 1706 filius
1622 1649 1713 1706 Simo·

57 1755 94 1797 tx
109 1737 159 1794 ¹²0⁶
182 1737 288 1796 mundo
311 1738 349 1794 ad
369 1740 494 1796 Patrem·
523 1738 601 1793 iiius
614 1738 749 1806 hebraice,
772 1738 856 1795 latine
910 1745 1120 1805 nisSchariotis.
1136 1744 1229 1800 Simon
1243 1743 1340 1800 dicitur
1366 1741 1526 1798 Ohediens:
1551 1739 1599 1797 sed
1623 1737 1712 1810 qualis

57 1828 181 1884 Salvator
195 1827 395 1899 interpretatur·
419 1829 474 1884 lste
496 1835 537 1884 ear
550 1826 595 1884 ille
609 1827 725 1906 mlvsnr
739 1827 854 1885 fortissi·
910 1835 951 1892 vir
965 1835 1016 1890 iste
1028 1833 1120 1890 Simon
1136 1830 1226 1887 tuerit.
1253 1828 1390 1886 cenassit
1406 1846 1412 1894 ;
1430 1843 1481 1902 ego
1495 1835 1587 1884 aurem
1600 1827 1707 1884 nescio.

56 1931 128 1986 mus,
145 1916 190 1988 qui
216 1915 327 1972 ulterius
351 1913 421 1972 vinci
435 1930 490 1972 ⁰011
504 1921 593 1986 poledi
606 1925 633 1970 el
656 1914 743 1970 salvat
761 1930 856 1972 omnes
909 1921 1054 1981 schariotis
1068 1920 1166 1977 dieitur
1180 1935 1196 1974 a
1210 1919 1271 1976 vico
1285 1918 1312 1973 in
1327 1920 1475 1990 quo·ortus
1501 1914 1563 1983 tuit,
1591 1915 1639 1988 qui
1659 1914 1712 1973 alio

56 2012 199 2075 sperantes
216 2004 242 2058 in
258 2020 297 2060 se.
314 2003 401 2061 Semel
416 2018 464 2074 pro
481 2011 515 2070 te,
531 2003 687 2068 christiane,
703 2003 791 2061 victus
802 2013 854 2073 est,
910 2013 1019 2070 nomine
1041 2010 1178 2067 hlarmotis
1192 2009 1297 2076 dicitur,
1315 2006 1371 2063 aire
1398 2006 1468 2061 mala
1495 2019 1579 2061 mors,
1596 2004 1628 2060 Er
1652 2020 1712 2062 me.

56 2093 112 2148 ino
131 2099 253 2148 mortuus
278 2107 284 2145 τ
301 2091 349 2147 sed
363 2090 419 2147 noti
436 2091 514 2158 nere,
534 2091 598 2163 quia
617 2092 764 2148 suncini
782 2110 856 2150 rnor-
910 2102 961 2157 ruo
976 2102 1010 2156 ce
1024 2100 1095 2155 mara
1108 2105 1195 2155 mone
1209 2096 1270 2159 ruit,
1286 2095 1348 2168 quia
1371 2093 1411 2150 stc
1424 2094 1495 2149 mats
1509 2100 1596 2149 mone
1619 2091 1711 2164 pertis.

56 2179 121 2246 tuis,
145 2189 171 2233 ct
193 2192 266 2234 mors
280 2179 318 2234 illi
331 2181 400 2235 ultra
414 2195 469 2234 non
485 2179 677 2236 dominabitur.
707 2180 857 2252 Oportebat
911 2188 1038 2245 Diabolus
1053 2186 1161 2242 miserat
1173 2185 1201 2239 in
1216 2199 1264 2240 cor
1277 2198 1326 2255 per
1338 2180 1551 2256 suggestionem,
1567 2188 1598 2236 nt
1621 2181 1712 2236 trade-

56 2267 135 2322 illum
146 2267 213 2323 mori
227 2283 278 2338 pro
289 2268 373 2325 salute
388 2267 528 2338 mundi,et
541 2285 684 2342 resurgere
698 2269 780 2326 tertia
794 2271 854 2344 die3
910 2284 952 2332 ret
965 2291 1036 2342 eum,
1051 2290 1106 2330 non
1119 2272 1231 2330 credens
1246 2270 1322 2326 illum
1337 2285 1397 2326 esse
1420 2271 1516 2325 Deum.
1531 2267 1629 2323 Nonne
1647 2281 1713 2323 con·

55 2363 84 2412 et
100 2355 238 2427 predicari
267 2355 295 2412 in
320 2357 427 2413 nomine
454 2356 540 2431 ipsius
561 2358 745 2429 poenitentiam
770 2368 797 2417 et
811 2376 856 2418 re·
909 2365 1055 2422 tresmiscis
1070 2362 1238 2436 recogitans,
1262 2358 1423 2428 christiane,
1451 2363 1478 2413 et
1506 2362 1546 2424 tu,
1581 2357 1713 2412 monacho

55 2443 212 2500 missionem
253 2452 423 2514 peccalorum
450 2461 499 2517 per
527 2461 622 2503 omnes
651 2456 747 2519 gentes
774 2449 854 2521 (Lac.
909 2454 994 2511 sancti
1008 2450 1156 2517 Benedicti,
1182 2450 1248 2522 quid
1263 2455 1352 2504 actum
1373 2454 1415 2503 est
1434 2446 1469 2502 de
1482 2443 1615 2515 discipulo
1629 2443 1710 2500 cbri-

55 2549 135 2598 xxrv,
146 2535 191 2601 iti,
207 2534 264 2604 tr),
279 2533 408 2606 quoniam
421 2535 480 2608 ipse
495 2535 535 2592 sic
549 2535 719 2608 disposuerat
734 2552 740 2593 :
756 2544 783 2593 et
804 2540 858 2596 boc
910 2543 963 2599 sti?
977 2539 1109 2597 Diabolus
1121 2537 1195 2595 misit
1209 2537 1236 2592 iu
1265 2551 1314 2592 cor
1333 2537 1405 2606 ejus,
1425 2541 1454 2589 ut
1478 2533 1596 2588 traderet
1612 2531 1711 2600 Vitam,

54 2631 98 2678 est
110 2623 182 2694 quod
193 2622 300 2692 dicitur,
318 2621 414 2682 Sciens
429 2626 507 2681 reses
522 2625 589 2697 qnia
601 2627 680 2682 venit
696 2627 758 2698 ejus
775 2627 855 2696 hoec,
909 2638 935 2686 er
952 2631 1058 2686 tradens
1072 2629 1170 2691 viram,
1195 2641 1243 2696 per
1260 2624 1387 2696 laqueum
1415 2619 1616 2694 desperationis
1644 2635 1673 2677 se
1686 2627 1713 2676 nt

20 2697 32 2706 ”
54 2718 108 2769 etc.
125 2711 188 2767 Haec
207 2713 249 2767 est
263 2710 308 2766 illa
323 2711 400 2776 hora,
415 2712 449 2767 de
463 2729 515 2785 qua
539 2713 663 2784 superius
679 2714 774 2769 timens
787 2715 856 2771 mori
909 2718 990 2775 vitam
1014 2715 1139 2789 perdidit.
1156 2713 1185 2770 Si
1200 2714 1281 2785 lupus
1295 2728 1351 2768 non
1372 2709 1461 2767 timuit
1476 2709 1574 2766 intrare
1602 2707 1631 2763 iu
1645 2723 1712 2782 gre·

55 2800 204 2856 secondum
216 2816 323 2858 carnem
332 2801 473 2873 ingemuit,
485 2809 512 2858 et
526 2801 581 2858 ait:
595 2803 856 2861 Nunconimcmec
908 2824 969 2880 gem
998 2805 1117 2873 Domini,
1131 2804 1258 2859 unamde
1283 2800 1428 2857 duodecim
1448 2806 1500 2854 tam
1523 2796 1640 2869 pauculo
1663 2812 1712 2852 nna

56 2890 447 2964 tur·botcestvclde.litqeid
462 2890 672 2948 cteamtecrer
686 2893 854 2950 soleamne
870 2891 892 2969 Ε
907 2911 980 2953 mero
1010 2902 1125 2951 mactare
1142 2901 1171 2948 et
1199 2890 1326 2964 perdere3
1357 2889 1424 2960 quid
1456 2885 1578 2943 facturus
1609 2893 1650 2941 est
1676 2884 1712 2943 de

53 2979 102 3047 soc
116 2993 153 3033 ee
168 2977 220 3034 hcc
232 2979 309 3037 hora.
326 2981 378 3037 Sed
389 2986 538 3052 propterea
551 2980 618 3036 oeni
627 2982 659 3037 in
674 2981 852 3040 concitorem
904 3001 990 3059 grege
1000 2979 1286 3073 commissogyastorii
1298 2975 1492 3049 Unusquisque
1505 2979 1638 3041 vestrum,
1657 2972 1712 3029 ira·

54 3066 149 3136 (toan.
169 3082 225 3133 xu,
252 3068 308 3138 ti).
337 3069 435 3124 Timuit
459 3065 581 3125 Christus'
599 3070 678 3136 mori,
709 3077 739 3125 ut
754 3077 782 3125 tu
798 3086 852 3126 nou
906 3080 959 3129 tres
991 3066 1153 3138 charissimi,
1184 3067 1274 3124 viden
1299 3082 1334 3122 ne
1353 3065 1386 3121 sit
1402 3064 1473 3120 sicut
1495 3059 1587 3116 Judss.
1616 3059 1712 3117 Videte

54 3154 153 3212 timeas
163 3155 241 3223 mori,
259 3157 396 3214 confidens
411 3157 438 3212 in
454 3173 515 3213 enm
542 3159 590 3230 qui
605 3158 850 3215 suscitavitlesum
905 3161 1043 3235 quomodo
1065 3165 1142 3216 caute
1169 3155 1321 3220 ambuletis,
1354 3169 1410 3211 non
1440 3150 1517 3225 quasi
1540 3148 1710 3223 insipientes,

54 3259 70 3299 a
86 3243 197 3299 mortuis
210 3245 291 3302 tertia
309 3245 363 3300 die.
380 3247 409 3300 ln
423 3246 498 3302 illum
514 3255 628 3314 tautum,
644 3248 692 3320 qui
714 3248 852 3306 suscitavit
903 3251 951 3308 sed
966 3258 995 3305 ut
1004 3249 1151 3322 sapientes,
1167 3247 1340 3303 cauticontra
1354 3241 1446 3300 callidi
1474 3238 1563 3294 bostis
1586 3236 1708 3294 insidias.

53 3333 156 3396 lesum,
168 3345 209 3388 est
221 3333 416 3391 confitendum.
432 3333 455 3389 Ο
469 3344 505 3401 tu,
521 3335 675 3400 christiane,
695 3336 777 3392 neda
801 3339 852 3395 hac
904 3339 978 3394 Misit
990 3339 1018 3393 in
1041 3353 1087 3393 cor
1100 3334 1187 3399 Judae,
1208 3342 1236 3388 ut
1259 3332 1377 3387 traderet
1400 3327 1556 3384 Dominum.
1572 3322 1644 3393 Quid
1667 3334 1711 3382 est

55 3420 206 3477 infirmitate
225 3422 362 3494 desperes.
396 3423 490 3479 Docuit
502 3423 568 3497 quid
586 3430 649 3480 tunc
663 3431 691 3479 et
718 3423 746 3478 in
760 3426 850 3481 omni·
904 3425 1011 3481 tradere
1033 3421 1203 3480 Dominum?
1230 3417 1354 3476 Vendere
1382 3415 1541 3472 Dominum.
1570 3410 1642 3488 Quid
1668 3420 1710 3467 est

55 3513 106 3567 bns
124 3509 249 3582 periculis
275 3513 370 3568 mortis
385 3511 484 3567 debeas
496 3511 597 3583 dicere,
612 3511 645 3567 ad
659 3527 741 3584 quem
755 3513 852 3569 eoniu-
904 3514 1039 3572 vendere?
1052 3510 1190 3567 absume.
1215 3507 1360 3564 Dominum
1388 3503 1489 3571 vendit,
1515 3498 1562 3573 qui
1577 3513 1595 3554 n
1612 3514 1642 3555 se
1654 3501 1709 3558 Do·

54 3615 129 3673 gere,
146 3616 226 3672 quem
242 3599 378 3671 invocare,
403 3599 430 3654 in
445 3614 526 3672 quern
553 3615 686 3671 sperare:
703 3601 730 3656 in
747 3601 853 3658 Patrem
904 3603 1006 3658 minum
1029 3599 1135 3656 alienat.
1160 3597 1303 3653 Dominum
1322 3594 1423 3651 alienas
1441 3599 1513 3661 ate,
1542 3589 1566 3648 si
1595 3589 1708 3662 depellis

55 3690 142 3744 Deum
165 3689 211 3761 qui
234 3705 286 3744 non
311 3698 400 3759 potest
423 3688 564 3761 despicere
591 3697 728 3761 sperantes
756 3689 785 3746 in
812 3707 851 3764 se,
905 3707 967 3747 eum
981 3706 997 3744 a
1011 3698 1048 3746 te.
1064 3688 1087 3746 0
1101 3687 1231 3744 monache
1246 3683 1305 3754 Dei,
1321 3699 1338 3741 o
1352 3681 1484 3754 discipule
1512 3679 1708 3750 chrismandi

55 3792 117 3833 cum
133 3778 307 3834 attestatione
321 3778 456 3835 bonorum
482 3795 606 3851 operum.
622 3780 756 3835 Bonorum
779 3779 851 3849 dico,
906 3797 959 3847 me,
974 3778 1037 3836 audi
1047 3776 1191 3834 eonsilium
1208 3789 1306 3830 meum.
1322 3774 1361 3829 Te
1375 3771 1500 3829 diabolus
1522 3775 1620 3845 querit
1633 3770 1709 3827 esel-

53 3868 117 3938 quia
142 3867 200 3923 sine
222 3868 324 3923 meritis
352 3867 454 3940 aliquid
484 3883 595 3939 sperare
621 3884 676 3924 non
700 3885 773 3938 spes,
804 3870 852 3925 sed
906 3870 972 3936 lore,
987 3877 1013 3926 te
1027 3867 1169 3925 extrahere
1182 3865 1216 3920 de
1224 3879 1310 3936 grege
1319 3860 1440 3918 Domini.
1450 3861 1520 3918 Vids
1538 3878 1572 3918 ne
1586 3875 1707 3919 consen·

53 3955 230 4026 praesumptio
245 3956 396 4012 debetdici.
410 3957 451 4012 Tu
464 3956 556 4030 itaque
570 3957 634 4014 talia
648 3956 688 4013 iac
701 3973 782 4030 opera
795 3966 852 4026 tua,
906 3958 998 4024 tiasei,
1014 3958 1074 4015 vide
1093 3972 1128 4013 ne
1136 3956 1231 4013 eredas
1250 3954 1286 4009 ei.
1302 3952 1416 4008 Mendax
1427 3960 1478 4018 est,
1494 3959 1521 4006 et
1542 3961 1618 4024 pater
1635 3952 1706 4022 ejus.

54 4051 85 4098 ut
100 4043 126 4096 ei
140 4043 167 4096 in
182 4044 250 4098 bora
274 4043 381 4112 mortis,
408 4045 436 4099 iu
451 4047 562 4102 veritate
577 4046 667 4102 dicere
694 4048 782 4118 possis
800 4063 805 4101 :
824 4049 857 4105 In
872 4063 895 4140 ss
911 4051 950 4107 Te
963 4048 1021 4106 vult
1040 4045 1177 4111 occidere,
1189 4051 1217 4100 te
1242 4042 1300 4100 vult
1314 4051 1442 4110 mactare,
1458 4047 1485 4097 te
1504 4040 1563 4097 vult
1595 4040 1708 4111 perdere

57 4131 613 4204 tc,Domine,spercci,nonconfundorin
620 4137 854 4206 mterncmil’eel.
911 4155 1000 4195 secum
1015 4137 1043 4192 in
1059 4137 1220 4210 gebennam.
1233 4134 1332 4190 Cavete
1351 4147 1367 4186 a
1380 4129 1486 4199 loculis,
1502 4137 1595 4186 cavete
1608 4145 1624 4185 a
1638 4143 1708 4184 mar·

56 4234 123 4286 xxx,
141 4218 178 4282 il.
196 4219 270 4276 Hanc
290 4220 385 4274 horam
404 4222 549 4290 prescivit,
565 4223 636 4279 hanc
659 4224 855 4299 boramelepit,

55 4315 85 4363 ut
97 4309 126 4363 in
141 4324 172 4362 ea
185 4324 234 4379 per
248 4316 362 4365 mortem
377 4307 411 4363 de
425 4309 478 4366 hoc
492 4310 594 4368 mundo
608 4313 733 4368 transiret
756 4313 789 4368 ad
803 4315 856 4370 Pa-

56 4404 124 4452 trem
139 4396 288 4453 secundnm
308 4397 511 4462 humanitatem,
531 4415 547 4454 a
572 4414 626 4472 quo
654 4414 790 4471 nunquam
806 4417 851 4458 re·

55 4486 136 4542 cessit
149 4486 301 4542 secundum
311 4486 489 4543 divinitatem.
503 4486 549 4543 llla
564 4489 632 4543 hora
655 4498 697 4544 est
721 4486 783 4543 finis
796 4488 851 4559 ille,

55 4575 90 4631 de
103 4590 157 4646 quo
172 4574 268 4631 dicitur
284 4593 290 4629 :
309 4576 377 4632 Cum
401 4575 550 4634 dilexisset
572 4593 637 4635 euos
655 4578 705 4650 qui
728 4583 809 4634 munt
824 4579 856 4634 in

56 4663 172 4732 mundo,
189 4668 220 4721 in
233 4667 321 4734 inem
343 4666 445 4724 dinen
470 4683 524 4725 eos.
542 4669 607 4724 Cum
642 4664 780 4722 dilexisset
794 4681 858 4724 suos

58 4770 107 4826 pro
121 4755 160 4810 eis
171 4754 251 4810 homo
267 4755 363 4822 iactus,
379 4755 407 4810 in
422 4764 526 4812 tantum
540 4771 587 4814 eos
597 4755 702 4825 dilexit,
715 4770 857 4829 quousque

57 4843 92 4898 ad
105 4852 221 4900 mortem
236 4844 344 4903 dileetio
356 4861 419 4902 eum
432 4845 566 4918 perduxit.
583 4846 621 4903 Te
635 4846 729 4904 dilexit
743 4846 771 4906 in
786 4862 858 4904 mor·

58 4941 94 4997 te,
113 4940 143 4988 ut
157 4941 186 4989 tu
203 4933 347 4991 dilectione
372 4935 434 5006 eius
458 4936 550 5008 possis
565 4936 677 4993 transire
692 4937 726 4992 de
754 4936 857 4994 mundo

57 5021 92 5075 ad
107 5022 223 5078 Patrem.
239 5023 278 5080 Te
292 5023 385 5080 dilexit
404 5025 431 5080 in
461 5024 553 5093 finem,
571 5034 599 5082 ut
614 5026 686 5082 tuin
709 5027 770 5097 ejus
783 5024 856 5082 dile·

58 5109 147 5168 ctione
160 5127 245 5183 usque
260 5112 287 5168 in
312 5111 391 5168 finem
407 5130 564 5185 permaneas
583 5136 590 5173 :
616 5114 689 5189 quod
709 5115 819 5188 quidem
834 5113 857 5169 si

58 5200 167 5273 leceris,
189 5202 378 5272 proculdubio
393 5203 428 5258 ad
450 5206 557 5260 Patrem
571 5205 696 5260 transibis
712 5220 718 5260 :
732 5205 761 5259 in
779 5209 857 5276 eujus

59 5291 203 5347 dilectione
226 5294 271 5364 qui
286 5309 372 5362 usque
396 5292 422 5348 in
439 5293 520 5350 tinem
547 5309 602 5350 non
627 5292 814 5365 permanserit,
830 5293 858 5349 in

59 5381 172 5436 veritate
190 5381 261 5446 dico,
279 5383 304 5435 in
326 5390 456 5437 aeternum
476 5382 583 5453 peribit.
600 5383 628 5437 ln
643 5383 702 5453 ejus
715 5381 857 5438 dilectione

61 5468 158 5527 modus
176 5469 275 5527 amoris
290 5470 381 5528 nullus
394 5488 455 5530 esse
472 5472 561 5529 debet.
583 5472 646 5530 Sine
656 5472 737 5531 modo
750 5479 776 5528 te
791 5471 858 5529 dile·

909 4228 995 4299 supiis
1013 4244 1019 4283 :
1035 4225 1120 4281 ioveae
1134 4221 1233 4278 diaboli
1248 4227 1319 4277 sunt.
1337 4219 1406 4283 ileu,
1421 4225 1487 4291 quot
1500 4217 1529 4272 iu
1544 4217 1598 4272 illis
1621 4215 1708 4288 perdi·

909 4315 958 4382 dit,
974 4320 1041 4387 quot
1071 4310 1168 4368 inillis
1195 4307 1345 4365 interiecit!
1374 4305 1478 4363 Dicitur
1493 4305 1526 4361 de
1539 4304 1620 4371 luda,
1645 4302 1709 4376 quia

910 4406 953 4461 tur
971 4410 1038 4466 erat,
1054 4408 1080 4455 et
1090 4398 1193 4456 loculos
1203 4396 1319 4452 babebat
1334 4396 1427 4466 (toan.
1450 4408 1503 4460 xu,
1519 4393 1559 4465 6),
1573 4400 1625 4448 ete.
1642 4391 1708 4447 lsts.

910 4493 973 4547 dum
989 4488 1043 4545 sitit
1057 4488 1172 4552 lucrum,
1188 4484 1274 4540 tendit
1302 4483 1335 4538 ad
1355 4483 1505 4554 laqueum:
1527 4480 1591 4535 dum
1619 4479 1710 4552 perdit

911 4579 1003 4644 vitam,
1019 4577 1136 4632 lucratur
1150 4580 1274 4628 mortem.
1289 4570 1359 4636 lleu,
1373 4577 1440 4640 quot
1455 4567 1543 4640 loculi,
1560 4570 1624 4635 ben,
1642 4575 1710 4641 quot

910 4665 1046 4738 marsupia
1069 4661 1172 4718 suntin
1187 4656 1457 4716 monasteriissancti
1476 4655 1627 4715 benedictii
1643 4657 1707 4723 herr,

912 4763 977 4829 quot
999 4752 1134 4820 cucullati,
1162 4764 1244 4820 super
1270 4747 1402 4803 auriculas
1425 4746 1567 4813 tonsurati,
1610 4746 1710 4803 babent

911 4843 1074 4917 marsupium
1098 4841 1202 4904 mentis,
1218 4837 1318 4894 babent
1340 4835 1456 4894 loculum
1477 4834 1594 4909 proprie
1612 4834 1710 4892 voluu-

910 4933 982 5003 tatis,
999 4928 1162 4999 nrarsupium
1182 4925 1410 4996 murmurationis,
1426 4922 1609 4988 detractionis,
1625 4936 1709 4995 enpa-

912 5020 1002 5090 tionis,
1022 5017 1197 5090 superbisset
1213 5015 1319 5082 livoris,
1336 5013 1445 5070 invidiae
1466 5021 1493 5068 et
1517 5009 1595 5068 malae
1615 5011 1712 5068 volun·

912 5109 987 5167 tatis!
1012 5108 1064 5165 Sed
1079 5111 1254 5168 mementote,
1274 5102 1372 5158 iratres
1386 5099 1562 5164 dilectissimi,
1577 5098 1649 5172 quod
1665 5099 1712 5173 qui

912 5199 975 5257 talia
989 5207 1080 5274 agunt,
1095 5196 1192 5253 ludam
1218 5191 1374 5248 traditorem
1397 5195 1571 5264 sequuntur:
1593 5195 1619 5254 et
1639 5187 1711 5259 ideo,

913 5291 1002 5347 nisise
1016 5284 1229 5351 emendaverint,
1246 5295 1361 5355 regnum
1371 5278 1421 5335 Dei
1445 5293 1499 5334 non
1522 5277 1711 5350 possidebunt.

946 5382 972 5436 i.
996 5380 1097 5443 Estote,
1121 5387 1224 5450 quaeso,
1250 5367 1427 5435 dilectissimi,
1450 5365 1575 5440 discipuli
1600 5366 1711 5436 Christi,

912 5485 966 5527 non
982 5471 1010 5524 in
1024 5466 1147 5535 falsitate,
1177 5460 1265 5520 sedin
1280 5459 1406 5525 veritam
1436 5471 1489 5514 non
1505 5457 1531 5512 in
1557 5464 1641 5527 vesta,
1667 5459 1716 5516 sed
