3706 5962
56 180 106 241 821
589 175 759 236 saluatus
777 174 880 237 taltll.
902 207 937 220 -
958 176 992 236 ΙΝ
1010 176 1176 239 lavalle.
1645 185 1712 246 822.

56 321 134 364 seros
160 314 282 371 onerant,
298 320 370 361 nunc
387 304 542 370 tentatione,
558 319 629 360 nunc
643 303 799 360 sllliotione.
815 302 847 359 lli
863 318 887 398 Α
904 302 972 362 lecto
988 304 1139 364 Damascus
1153 313 1204 376 est,
1233 307 1374 379 proprium
1395 311 1557 383 sanguinem
1571 311 1699 381 lundens,

57 395 200 467 AEgyptios
212 395 361 450 onerabant
374 394 461 466 plagis
486 393 577 449 maltis
595 400 622 450 et
644 393 759 464 magnis,
780 393 848 448 sieut
904 399 931 447 et
953 391 1010 448 suis
1024 409 1054 450 se
1073 393 1199 451 manibus
1226 395 1399 454 interficiens.
1427 400 1476 456 liic
1500 400 1595 472 procul
1616 400 1701 456 dubia

56 483 179 538 habesin
206 483 314 553 psalmo
331 499 337 539 :
355 483 428 538 llisit
442 483 474 537 in
488 497 533 539 eos
556 484 632 540 iram
644 481 852 553 indignationis
905 480 1024 552 pondere
1038 498 1136 554 poenae,
1160 484 1233 556 qnod
1244 485 1273 541 in
1286 499 1369 545 onere
1382 488 1504 546 Damasci
1527 488 1700 555 describitur,

56 571 853 644 serre,indignationemqetiramettribulationemimmis·
905 571 1274 645 sennaaritopprimendum.

57 664 149 719 aiones
162 661 340 734 peruagatos
354 660 442 717 maios
457 661 543 730 (Psoi.
568 675 674 725 nxxvu,
687 660 743 730 ts).
759 659 792 713 lli
805 675 853 716 eor
942 658 968 712 9.
983 657 1100 716 Additur
1112 677 1184 719 onus
1203 664 1323 737 AEpppti.
1353 665 1485 738 AEgyptus
1511 665 1702 735 interpretatur

55 749 134 804 tudae
162 756 345 805 oneraverunt
375 749 498 816 avaritia,
523 756 550 803 et
575 763 622 805 eor
653 748 851 805 Pharisaeorum
907 747 1040 805 tenebrae.
1055 748 1123 804 Sunt
1150 756 1240 806 autern
1256 752 1375 809 tenebrae
1398 754 1570 825 ignorantiae,
1598 761 1662 810 sunt
1675 759 1703 809 et

56 836 167 904 initus,
193 844 220 891 et
238 835 314 890 attari
337 835 458 892 sautius.
486 837 517 891 tlt
542 851 589 892 eor
610 835 732 891 taetrum
757 835 851 892 nutris
905 821 1063 903 iniquitatis.
1079 835 1140 906 Eia,
1156 836 1263 903 tratres.
1279 850 1381 896 nouat
1394 841 1454 897 lere
1469 843 1520 897 hoc
1534 856 1615 907 onus,
1631 840 1705 912 quoa

57 924 252 982 tentationibus
272 933 399 993 onerant,
422 925 580 981 insultantes
608 926 704 980 animae
733 939 851 982 consen·
905 918 1114 992 deignoramiae
1129 937 1230 982 nostrae
1245 928 1362 984 cecitate
1391 936 1538 1000 portamus,
1551 929 1705 986 nescientes

57 1015 144 1082 tiarati,
161 1022 187 1069 et
207 1013 345 1070 dicentes:
370 1015 522 1071 lucornara
537 1019 569 1070 at
594 1019 771 1070 trormeamus
787 1015 852 1084 (lto.
905 1007 932 1063 in
948 1011 1038 1066 multis
1052 1012 1116 1083 quid
1143 1015 1280 1086 aspediae
1297 1016 1361 1087 quid
1390 1017 1541 1084 laudemus,
1571 1017 1636 1090 quid
1655 1018 1706 1074 im·

53 1119 95 1173 pr,
112 1102 170 1174 aa),
907 1098 1063 1167 probemus,
1078 1100 1114 1156 ita
1138 1110 1167 1157 ut
1186 1119 1258 1172 saepe
1274 1104 1397 1161 dicamus
1422 1106 1523 1160 malum
1551 1108 1664 1174 honum,
1678 1115 1705 1163 et

93 1189 338 1248 7.hddltur·oans
366 1191 449 1258 lloob,
467 1191 514 1262 qui
541 1190 733 1262 interpretatur
752 1190 852 1262 depo·
907 1184 1007 1241 bonum
1021 1188 1121 1244 maium
1146 1192 1209 1259 (lsa.
1227 1207 1256 1259 v,
1285 1195 1341 1261 20).
1362 1194 1414 1248 Sed
1442 1200 1468 1249 et
1498 1193 1564 1265 quid
1591 1209 1703 1250 oremus

58 1283 113 1336 tre.
129 1279 285 1334 Naturalem
310 1278 383 1332 illam
407 1279 531 1350 exprimit
559 1280 756 1347 necessitatem,
772 1295 853 1351 quant
906 1271 976 1328 sicut
989 1284 1096 1344 oportet
1110 1280 1248 1335 nescimus
1268 1281 1358 1352 (Rom.
1388 1296 1448 1350 vrrr,
1466 1285 1524 1350 26),
1540 1289 1567 1337 et
1593 1282 1621 1336 in
1644 1281 1706 1338 luce

57 1375 136 1439 pater
164 1366 339 1439 generatione
371 1368 534 1422 transfundit
560 1366 704 1435 infilium;
720 1369 790 1423 sicut
813 1375 853 1424 est
905 1360 1103 1433 Scripturarum
1120 1367 1197 1438 quasi
1222 1368 1249 1421 in
1277 1376 1357 1424 noete
1386 1370 1521 1441 palpando
1542 1370 1704 1425 incedimus.

59 1456 221 1511 ineuitabilis
262 1455 453 1519 manducandi,
496 1456 603 1511 bibendi
645 1456 852 1529 dormiendique
905 1445 958 1516 Qui
979 1463 1048 1522 erga
1071 1454 1228 1523 hujusmodi
1251 1464 1323 1524 suat,
1354 1457 1388 1512 ab
1412 1459 1527 1528 AEgypto
1544 1466 1706 1528 onerantur3

59 1544 219 1611 necessitas,
235 1551 262 1599 et
276 1552 372 1600 caera
386 1543 454 1615 quael
465 1545 497 1599 ad
514 1544 694 1600 neeessariam
717 1545 851 1615 pertinent
906 1537 956 1591 'ed
969 1552 1032 1595 cum
1046 1541 1163 1614 AEeyplo
1191 1558 1246 1599 nou
1264 1554 1422 1612 onerantur,
1448 1561 1510 1602 cum
1531 1546 1583 1601 illis
1606 1546 1709 1602 scilicet

60 1632 184 1702 corporis
201 1647 303 1687 curam.
315 1632 400 1699 Quale
415 1634 466 1687 hoo
480 1647 559 1699 onus,
575 1631 668 1688 iratres
691 1633 851 1701 charissimi,
906 1623 952 1695 qui
967 1626 1100 1698 AEgyptus
1124 1639 1187 1687 sunt
1202 1639 1230 1687 et
1244 1632 1374 1701 tenebrae,
1391 1632 1437 1689 lilii
1454 1633 1641 1690 tenebrarum.
1668 1633 1708 1688 De

61 1734 117 1790 quo
129 1718 251 1792 cogimur
261 1727 322 1790 post
336 1719 403 1774 solis
423 1719 603 1790 splendorem,
623 1719 657 1773 ad
672 1720 760 1776 carnis
774 1721 857 1790 hujus
910 1712 1007 1781 quibus
1021 1716 1153 1775 Dominus
1162 1719 1188 1773 in
1203 1720 1370 1792 Evangelio:
1384 1723 1480 1779 Ourania
1496 1722 1707 1794 pitinateopit.

61 1821 164 1870 curam,
179 1806 257 1878 quasi
270 1807 304 1860 ad
320 1806 429 1862 latidum
444 1807 560 1863 cadaver
572 1805 672 1873 redire,
686 1810 713 1862 el
728 1816 789 1878 post
804 1808 858 1877 spi·
911 1801 970 1858 odit
985 1803 1075 1860 lucem
1095 1808 1186 1873 (lwtt-
1203 1822 1243 1872 ¹¹¹·
1255 1808 1316 1878 20);
1339 1818 1366 1863 θῐ
1380 1809 1525 1881 Ali0⁸²0l¹¹s
1541 1827 1547 1863 ²
1573 1811 1625 1877 Qui
1644 1808 1709 1866 dor·

61 1893 172 1950 rituales
199 1895 275 1950 oibos
300 1895 408 1962 mentis,
448 1910 592 1965 procurare
624 1910 707 1952 onera
729 1895 858 1953 ventris?
912 1889 1436 1963 intentioque,noeteaormioohet
1463 1899 1512 1969 qui
1531 1896 1604 1953 ebrii
1627 1899 1709 1960 sant,

62 1982 151 2050 Quale
182 1982 325 2049 baconus,
342 1985 415 2055 quod
430 1983 615 2054 quotidianum
631 1983 739 2040 anobis
753 1983 860 2039 misere
912 1991 994 2045 noete
1007 1990 1079 2045 ebrii
1092 1995 1160 2046 sunt
1172 1992 1199 2061 (l
1211 1992 1300 2049 Thess.
1316 2008 1345 2063 u,
1356 1994 1395 2064 t).
1407 1994 1439 2048 Hi
1449 1993 1576 2050 nimirum
1591 2008 1625 2049 eo
1639 2007 1710 2065 pon-

65 2069 202 2126 servituris
215 2069 344 2127 tributum
365 2071 471 2144 exigit3
490 2080 614 2144 atquem
635 2071 714 2127 hodie
732 2071 859 2143 impleri·
915 2074 979 2131 dere
998 2092 1086 2146 poenae
1101 2085 1269 2148 premuntur,
1284 2094 1337 2150 quo
1353 2081 1499 2150 AEgyptum
1514 2081 1646 2151 propheta
1659 2081 1712 2138 do·

71 2173 141 2221 mus,
156 2166 313 2214 evacuatum
336 2159 454 2215 crastino
469 2168 589 2216 ventrem
611 2160 756 2229 reimplere
782 2176 860 2215 eona·
915 2170 957 2218 cet
971 2178 1032 2219 esse
1040 2164 1215 2233 puniendam.

68 2245 168 2315 pelliti
183 2246 250 2313 Quid
278 2247 366 2303 dicam
380 2248 395 2303 l
410 2247 576 2319 Quantarum
601 2247 817 2305 sollicitudinum
831 2261 863 2302 ac
954 2252 1181 2325 tu.srrhjangirur
1193 2270 1264 2310 natas
1286 2254 1391 2311 deserti
1404 2257 1493 2312 tauris
1506 2296 1513 2310 .
1528 2257 1602 2310 llere
1615 2255 1709 2311 deser-

68 2349 193 2389 curarum
208 2351 277 2391 onus
292 2336 396 2393 miseris
410 2336 569 2393 mortalibus
588 2336 735 2394 necessitas
749 2336 863 2391 istaim-
918 2345 974 2392 tum
988 2347 1029 2394 est
1043 2339 1185 2395 multitado
1200 2341 1388 2413 reproborum,
1411 2343 1467 2416 qui,
1483 2342 1627 2400 derelictis
1655 2344 1714 2399 Deo

68 2422 155 2495 ponit,
170 2425 238 2480 adeo
264 2434 293 2480 ut
313 2427 492 2498 quorumdam
515 2425 652 2482 hominum
678 2426 745 2480 deus
772 2432 866 2483 venter
918 2435 1139 2483 etasanctarum
1158 2444 1272 2486 numero
1286 2430 1415 2500 separati,
1440 2430 1559 2503 pondere
1583 2446 1713 2500 persecu-

70 2511 106 2567 sit
121 2512 257 2585 (Philipp.
274 2529 315 2571 ιιι.
332 2514 388 2586 19),
404 2530 453 2585 pro
467 2515 544 2584 cujus
567 2513 726 2571 nundinam
744 2512 865 2568 delecta-
918 2516 1023 2570 tionum
1037 2524 1159 2573 sanctam
1177 2527 1305 2589 premunt
1322 2518 1479 2587 Ecclesiam,
1495 2521 1548 2593 ipsi
1570 2536 1713 2592 poenarum

71 2599 153 2665 tione,
170 2601 218 2655 sed
233 2617 317 2657 onere
331 2603 420 2672 ipsam
432 2602 565 2673 jhstitiam
584 2610 613 2657 et
626 2601 746 2657 divinam
760 2600 866 2657 doctri·
920 2603 1051 2672 pondere,
1064 2621 1124 2675 quae
1149 2605 1177 2660 in
1205 2607 1258 2664 hoo
1279 2622 1363 2663 onere
1386 2609 1549 2681 apropheta
1575 2615 1712 2675 notantur,

71 2703 134 2743 narn
150 2690 270 2745 venalem
286 2692 408 2747 habenti
423 2691 599 2764 hujusmodi,
616 2698 645 2747 ut
659 2691 695 2745 ait
708 2688 865 2761 Apostolus,
921 2693 1093 2760 postmodnm
1107 2693 1244 2763 puniendi.
1268 2696 1400 2753 Praeterea
1427 2713 1500 2754 mare
1528 2705 1590 2753 sunt
1604 2696 1652 2762 illi,
1668 2698 1714 2769 qui

70 2776 189 2835 Domino
203 2778 387 2838 lesuChristo
414 2796 473 2837 non
503 2778 698 2845 seruiunt,sed
712 2778 867 2836 conventri
920 2779 1033 2837 dirersis
1043 2782 1198 2852 passionum
1208 2799 1240 2838 aa
1254 2784 1378 2841 vitiorum
1408 2786 1566 2843 tumultibus
1586 2785 1714 2856 quatiun-

70 2866 162 2932 (liom.
183 2881 236 2932 ιιι,
258 2867 313 2937 ta).
330 2868 400 2936 Quid
417 2877 546 2938 praeterea
560 2868 652 2925 oneris
666 2868 694 2922 in
707 2867 767 2938 ipsa
785 2867 863 2923 cibo-
880 2873 901 2952 Γ,
916 2875 970 2924 tur.
987 2868 1191 2942 Quisemperin
1201 2880 1277 2929 motu
1292 2883 1366 2938 sunt,
1379 2889 1540 2947 semperque
1554 2873 1627 2946 vagi,
1640 2889 1713 2929 nun·

71 2968 132 3007 rum
146 2952 315 3012 distinctione
329 2956 503 3025 sustinentes,
518 2957 569 3013 hos
593 2955 787 3020 desiderantes,
803 2953 863 3010 illos
916 2972 996 3028 quam
1014 2958 1134 3025 stabiles,
1149 2976 1289 3033 nunquam
1304 2963 1331 3017 in
1346 2961 1443 3018 eodem
1457 2968 1529 3018 statu
1549 2976 1713 3034 permanen-

72 3040 233 3114 rejicientes,
249 3059 310 3099 cum
336 3046 380 3101 alii
405 3055 526 3104 ventrem
553 3052 704 3117 torqueant,
721 3043 767 3098 alii
781 3050 864 3114 caput
919 3054 982 3102 tes:
1004 3062 1075 3104 nunc
1101 3048 1226 3120 superbia
1255 3049 1446 3114 intumescunt,
1471 3065 1544 3108 nanc
1565 3052 1604 3106 ira
1623 3048 1714 3106 larte-

71 3136 194 3201 grarent,
211 3131 257 3186 alii
272 3142 365 3202 pectus
379 3134 511 3204 oppilent,
535 3133 580 3190 alii
596 3141 633 3191 tol
654 3131 787 3203 corruptis
809 3132 865 3187 hu·
919 3142 1011 3202 seunt;
1026 3151 1098 3193 nune
1126 3136 1225 3204 tristes,
1250 3152 1322 3195 nanc
1336 3138 1420 3205 leves,
1438 3154 1509 3194 nnnc
1535 3137 1620 3210 pressi
1634 3136 1716 3193 silen-

60 3219 195 3289 ,maribus
209 3224 357 3292 premant?
373 3224 471 3279 Verum
485 3222 520 3278 de
535 3221 587 3279 illis
599 3223 663 3294 quid
678 3222 777 3290 dicam,
797 3234 866 3292 quos
918 3220 966 3288 tio,
981 3237 1053 3277 nune
1082 3222 1137 3277 risu
1163 3222 1297 3290 dissoluti,
1318 3224 1557 3295 transgrediuntur
1581 3229 1717 3296 praecepta

73 3307 127 3361 ista
143 3310 290 3364 necessitas
311 3325 386 3366 nunc
412 3326 590 3380 murmurare,
614 3325 686 3365 nune
712 3309 863 3378 detrahere,
919 3309 1067 3380 seniorum,
1082 3317 1108 3367 et
1137 3312 1247 3367 fratrum
1276 3326 1371 3384 pacem
1400 3312 1517 3367 turbant.
1543 3312 1717 3381 Quandiuta·

73 3409 145 3450 nunc
158 3396 267 3468 insuper
293 3396 400 3471 litigare
418 3398 577 3469 compellit?
603 3397 809 3465 contristantur,
842 3394 866 3451 si
920 3411 981 3452 men
1009 3398 1113 3464 timent,
1140 3398 1258 3469 qnandiu
1291 3399 1393 3465 dolent,
1425 3399 1546 3471 quandiu
1572 3399 1717 3456 admittunt

74 3483 153 3540 orbus
166 3485 245 3541 uilior
261 3486 305 3554 sit,
329 3486 352 3543 si
367 3495 447 3556 potus
461 3486 553 3543 minus
568 3485 679 3558 sapidus
706 3490 864 3557 apponatur,
918 3485 1115 3555 eorreptionem
1131 3500 1181 3542 nec
1208 3485 1316 3560 tugiunt
1333 3486 1556 3556 satisfactionem
1577 3487 1716 3545 desertum

64 3573 96 3645 ,si
123 3584 286 3645 praeparetur
309 3574 422 3643 tardius,
453 3575 478 3631 si
506 3573 689 3649 negligentius
715 3581 866 3632 accuretur.
920 3589 996 3630 mare
1010 3588 1063 3630 non
1076 3580 1148 3630 sunt.
1163 3574 1198 3631 ht
1211 3573 1234 3629 si
1249 3575 1392 3632 venientes
1405 3575 1434 3632 in
1449 3575 1613 3646 protundum
1628 3577 1717 3632 malo·

73 3660 182 3723 Fratres
207 3663 252 3737 qui
276 3664 432 3733 hujusmodi
456 3675 530 3732 sunt,
558 3662 709 3721 secundum
732 3661 868 3719 carnalem
920 3676 981 3718 rum
1001 3661 1221 3733 contempserint,
1238 3662 1261 3718 si
1275 3663 1392 3735 correpti
1416 3663 1634 3732 reclamaverint,
1651 3662 1718 3720 nihil

75 3751 274 3821 generationem
290 3755 421 3822 viventes,
441 3756 520 3811 Moab
534 3752 588 3810 diei
607 3761 732 3825 possunt,
750 3752 868 3824 pondere
919 3750 1072 3817 honestum,
1096 3751 1162 3807 nihil
1184 3751 1315 3823 quietum,
1343 3752 1408 3808 nihil
1425 3753 1537 3825 insuper
1565 3752 1717 3810 ordinatum

74 3855 174 3910 poenae,
189 3842 261 3913 quod
279 3843 306 3898 in
321 3858 403 3899 onere
420 3843 498 3900 llloab
520 3844 651 3917 propheta
664 3850 866 3911 commemorat,
920 3839 1124 3911 responderint3
1138 3841 1187 3897 sed
1200 3839 1309 3909 tumidi,
1324 3841 1372 3898 sed
1384 3840 1468 3898 inflati
1484 3840 1564 3899 etiarn
1578 3841 1606 3897 iu
1629 3841 1719 3913 ipsunt

68 3928 220 3987 infeliciter
234 3931 376 3987 onerandi.
666 3971 667 3974 ι
920 3942 1007 4000 aquo
1030 3928 1221 4000 corripiuntur,
1244 3929 1335 3986 verbis
1354 3928 1548 4004 indignationis
1562 3930 1720 3987 insurrexe-

113 4021 140 4072 8.
155 4020 213 4073 tarn
226 4017 261 4073 de
284 4035 367 4077 onere
379 4022 509 4078 Damasei
526 4020 665 4092 prophetia
692 4021 872 4097 subjungitur.
927 4019 988 4090 rint,
1004 4019 1041 4075 its
1054 4028 1085 4075 ut
1098 4034 1208 4077 necesse
1232 4018 1267 4076 sit
1291 4018 1442 4094 relinquere
1469 4034 1517 4078 eos
1530 4019 1600 4089 sibi;
1628 4019 1721 4077 deser·

77 4108 227 4161 Damascus
239 4105 428 4177 interpretatur
448 4109 570 4181 tandm
590 4110 769 4182 sanguinein,
797 4110 872 4167 illam
887 4145 910 4222 n
927 4116 983 4164 tum
998 4123 1070 4165 mare
1083 4122 1138 4163 non
1157 4109 1265 4165 dubites
1278 4124 1325 4167 eos
1341 4108 1493 4165 nominare.
1509 4107 1556 4165 Vae
1571 4107 1684 4181 illisqui
1704 4123 1722 4162 a

77 4191 287 4250 nobisinnatam
311 4195 466 4266 exprimens
480 4197 691 4268 corruptionem,
720 4213 781 4271 quse
796 4214 869 4271 quo·
926 4198 984 4254 Deo
997 4196 1118 4253 derelicti
1140 4205 1168 4252 et
1200 4196 1365 4263 hominihus,
1389 4198 1559 4252 dimittuntur
1573 4195 1721 4251 seeundum

77 4281 223 4338 dammodo
238 4284 361 4339 nolentes
376 4294 402 4340 et
414 4285 539 4341 inventos
554 4285 637 4342 trahit
647 4284 691 4341 „ad
718 4295 869 4358 peceatum.
927 4283 1066 4341 desideria
1080 4281 1173 4341 cardis
1189 4298 1294 4352 eorum,
1309 4290 1340 4338 ut
1363 4291 1425 4339 eant
1438 4284 1466 4338 iu
1489 4281 1725 4339 adinventionibus

79 4373 140 4441 lpsa
154 4380 196 4427 est
211 4371 253 4429 lex
268 4372 295 4427 ln
310 4373 438 4428 membris
450 4372 550 4429 nostris
560 4389 714 4446 repugnans
728 4374 781 4447 legi
792 4392 870 4434 men·
924 4373 995 4429 auisl
1016 4373 1103 4443 (Psoi.
1120 4386 1210 4438 ιιιιιι,
1238 4371 1295 4443 lt.)
1310 4369 1415 4439 Quibus
1441 4370 1522 4427 etiam
1536 4369 1725 4441 Dominusper

78 4465 113 4520 tis
129 4470 237 4528 nostra,
253 4470 280 4519 et
293 4461 417 4535 captiuos
431 4477 481 4518 nos
493 4461 595 4518 ducens
609 4462 637 4517 in
651 4463 741 4537 legem
759 4467 872 4535 peceati,
926 4461 1086 4532 prophetam
1096 4458 1161 4514 dicit
1175 4474 1182 4515 :
1195 4459 1331 4529 Auserem
1345 4458 1440 4514 mlum
1453 4474 1577 4515 meamo
1598 4458 1681 4525 ooth,
1697 4463 1725 4516 et

80 4560 196 4625 quaest
210 4553 237 4608 in
251 4552 382 4609 membris
396 4552 505 4609 nostris.
521 4551 617 4610 Omnis
631 4569 728 4610 sensus
741 4554 832 4610 uitalis
845 4555 873 4610 in
928 4550 1008 4604 ultro
1023 4564 1081 4604 non
1094 4545 1204 4604 irascor
1218 4546 1330 4616 (liaeeh.
1350 4561 1412 4616 ιιι,
1429 4545 1487 4616 il).
1516 4544 1606 4613 Scitis,
1627 4545 1726 4603 iratres

82 4655 198 4713 corpore
217 4658 248 4697 es
273 4640 406 4712 sanguine
422 4646 477 4710 est3
504 4637 595 4696 vitalis
622 4648 713 4697 autem
736 4656 832 4697 sensus
846 4641 874 4697 in
928 4634 1089 4705 charissimi,
1104 4651 1185 4707 quam
1200 4648 1282 4707 grave
1294 4647 1365 4691 onus
1379 4633 1408 4689 in
1423 4635 1549 4691 humeros
1571 4640 1727 4692 sanctornm

81 4731 171 4788 anima
185 4745 217 4786 ex
237 4731 339 4786 ratione
357 4737 408 4786 est.
429 4729 463 4786 Et
477 4729 551 4786 scitis
568 4745 650 4803 quam
668 4729 798 4788 naturalis
813 4744 875 4787 mo·
930 4727 1069 4796 imponant
1091 4725 1137 4798 qui
1165 4725 1231 4781 tales
1245 4730 1318 4781 sunt.
1332 4724 1388 4781 Sub
1406 4725 1461 4781 hoc
1480 4738 1564 4781 onere
1594 4725 1728 4798 Propheta

82 4828 128 4877 tus
142 4820 242 4888 peeeati
271 4833 464 4890 nonnunquam
488 4819 515 4873 in
544 4818 661 4891 quadam
690 4817 876 4878 delectationis
930 4814 1558 4889 gemebatquidicebat:Saprodorsttmmeunr
1571 4814 1728 4886 submonue-

82 4907 214 4980 voragine
228 4923 297 4978 pene
311 4908 396 4978 ipsam
410 4907 466 4963 vim
489 4906 599 4963 rationis
613 4908 774 4975 absorbeat;
791 4915 819 4962 et
836 4915 877 4965 ta·
929 4911 1001 4963 runt
1014 4907 1173 4979 peccatores
1197 4903 1286 4976 (Psoi.
1302 4917 1416 4971 cxxvur,
1438 4905 1476 4975 3).
1488 4903 1557 4960 Vere
1571 4919 1653 4974 supra
1666 4902 1724 4960 dor·

84 5004 151 5067 mm,
166 4997 246 5052 atita
259 4996 356 5063 dicam,
385 4996 483 5052 reddat
511 5011 684 5068 exsanguem.
714 4996 768 5055 Sed
792 4994 877 5056 558
932 5011 994 5051 sum
1008 5001 1134 5051 nostrum
1147 4992 1291 5061 fabricant,
1306 4993 1354 5067 qai
1377 4991 1537 5063 hujusmodi
1550 4998 1623 5061 sunt,
1641 4990 1732 5064 quoti·

85 5085 195 5157 quidam
211 5085 341 5152 sentiunt,
356 5084 404 5139 sed
426 5099 480 5141 non
503 5085 693 5153 consentinam
714 5088 879 5160 impugnari·
933 5083 1021 5140 dianis
1041 5097 1091 5140 nos
1114 5082 1170 5139 suis
1181 5081 1427 5140 exorbitationibus
1441 5089 1602 5140 onerantes:
1615 5077 1662 5152 qui
1681 5078 1733 5135 ad·

86 5184 139 5242 tur,
159 5174 207 5230 sed
222 5190 276 5230 non
296 5181 500 5246 expugnantur,
517 5179 671 5239 onerantur,
686 5174 800 5232 sednon
816 5189 881 5248 pro·
935 5174 1002 5230 dunt
1029 5179 1140 5243 peccata
1165 5170 1293 5242 peccatis,
1313 5177 1498 5241 contemptam
1524 5168 1644 5241 iungunt
1669 5183 1735 5224 con-

88 5272 255 5321 sternuntur.
283 5264 315 5319 lli
334 5277 405 5319 onus
427 5261 534 5334 quidem
560 5261 694 5318 sustinent
708 5265 881 5333 aliamnsco,
925 5261 1064 5334 temptui,
1086 5256 1285 5326 contumeliosi,
1308 5256 1382 5324 elati,
1412 5257 1589 5314 detractores.
1604 5255 1736 5318 Deoadi·

90 5355 139 5411 sed
153 5355 301 5411 Damascus
320 5368 374 5407 non
403 5358 475 5407 sunt.
495 5349 531 5405 ht
551 5349 600 5406 ille
626 5350 674 5423 qni
702 5353 836 5409 oanmatit
857 5359 884 5408 et
937 5351 1017 5417 biles,
1035 5346 1187 5406 senioribus
1214 5360 1268 5402 non
1297 5343 1464 5416 obedientes,
1493 5343 1574 5402 sociis
1592 5360 1648 5403 non
1668 5360 1736 5405 con·

90 5445 194 5515 prebet
207 5442 328 5506 membra
342 5454 478 5497 snaarma
506 5438 654 5510 iniquitatis
678 5447 798 5510 peccato,
817 5454 884 5511 pro-
940 5442 1134 5509 temporantes.
1162 5435 1242 5491 Tales
1281 5450 1423 5490 arenarum
1447 5435 1563 5505 pondus,
1594 5435 1679 5509 ,quod
1710 5436 1738 5494 in
