3706 5962
104 168 159 232 tra
756 125 1101 229 sttuassnuxnmus
1699 168 1754 230 aas

103 295 228 354 mendari
250 293 316 358 vult,
341 291 405 348 dum
425 306 455 346 se
478 288 640 363 quibusdam
662 290 753 362 prodit
780 290 898 349 indiciis.
917 312 941 391 q
957 300 1085 355 vestram,
1114 302 1142 349 ut
1170 292 1291 352 refoveat
1314 304 1377 353 rota
1401 311 1461 351 mea
1483 294 1664 352 denuntiate
1687 293 1754 368 qnla

102 386 174 459 Quid
189 382 281 442 enim?
300 397 362 439 cum
387 380 415 435 iu
433 379 524 452 aliquo
546 378 685 436 coelestem
710 380 781 435 bunc
805 380 900 452 depre
957 399 1052 440 amore
1075 383 1202 457 Magnes.
1227 385 1287 440 Non
1313 385 1427 457 languet
1454 399 1541 453 amor,
1565 384 1613 439 sed
1642 384 1755 456 languet

103 476 229 533 bendere
239 486 370 540 amorem,
387 484 442 525 non
461 485 506 524 me
521 467 598 542 quasi
613 469 768 539 adiuratum
791 477 895 542 putem,
955 487 1060 528 amans.
1084 471 1136 528 Ubi
1157 472 1232 546 viget
1247 488 1333 539 amor,
1350 472 1387 528 ibi
1406 473 1480 546 viget
1494 474 1620 547 languor,
1644 472 1668 528 si
1682 473 1754 528 absit

103 574 132 621 ut
145 577 296 638 propensas
306 575 356 632 pro
366 572 400 616 eo
409 558 514 632 gratias
529 559 629 630 agam?
643 559 716 613 Num
727 559 903 615 commenda·
955 561 1028 633 quod
1038 552 1154 616 amatur.
1167 559 1234 632 Quis
1250 570 1291 618 est
1298 562 1343 618 hic
1357 562 1480 635 languor,
1494 561 1546 617 nisi
1561 560 1673 618 affectio
1683 577 1755 634 quse

102 656 138 710 bo
153 652 281 727 precibus
290 649 342 722 piis
356 655 519 720 conceptum
534 647 703 719 languorem,
716 662 798 718 quem
814 648 901 722 gerni·
955 648 1017 705 dam
1032 651 1067 707 de
1086 651 1199 707 absente
1212 650 1322 718 dilecto,
1337 655 1476 707 amantem
1491 649 1659 707 confident

102 751 148 799 tus
161 742 231 798 altus
249 736 359 814 prodit?
376 738 465 792 Durus
480 750 534 809 ego
548 736 570 790 si
592 751 646 790 non
662 744 717 790 tam
737 744 860 793 sanctam
874 745 901 792 et
991 742 1016 794 t.
1034 742 1117 795 Amor
1129 740 1275 795 vehemens
1296 739 1423 812 patientis
1443 739 1523 795 simul
1533 738 1631 799 ,allicit
1646 747 1674 795 et
1688 753 1752 795 car-

102 831 223 888 divinam
241 829 269 884 in
284 827 414 884 iratribus
426 825 583 898 passionem
597 840 652 897 qua
666 841 778 896 possum
797 826 900 881 oratio·
954 844 1017 884 nem
1031 835 1057 884 et
1079 835 1211 884 mentem.
1232 827 1306 883 lilius
1330 828 1476 900 exstinguit
1497 827 1653 895 lasciviam
1670 829 1753 898 hujus

101 921 145 977 nis
168 917 299 975 instantia
326 916 442 981 foveam,
472 913 669 986 supplicatione
696 915 899 981 commendem,
953 924 980 972 et
999 916 1121 973 laetitiam
1145 916 1335 992 praestringit:
1360 917 1452 972 carnis
1471 916 1621 989 exstinguit
1645 925 1750 980 motus;

101 1010 230 1083 replicem
247 1014 274 1063 et
288 1004 446 1061 annuntiem
458 1004 569 1067 dilecto,
590 1003 613 1058 si
629 1003 708 1075 copia
722 1003 810 1060 detur.
828 1003 901 1072 Quid
954 1004 1051 1061 mentis
1065 1005 1228 1061 bilaritatem
1241 1006 1408 1081 praestringit
1422 1006 1541 1078 quodam
1558 1004 1627 1061 tristi
1637 1004 1750 1074 affectu,

102 1106 141 1165 tu,
154 1097 200 1172 qui
213 1096 326 1152 fratrum
340 1092 431 1148 mavis
444 1092 510 1150 vitia
524 1107 667 1147 numerare
678 1108 759 1164 quarn
774 1091 897 1158 virtutes,
954 1103 981 1150 et
995 1093 1133 1150 desiderio
1143 1093 1265 1150 absentis
1275 1094 1376 1152 dilecti.
1387 1095 1511 1168 Languet
1525 1110 1599 1160 cero,
1611 1095 1678 1151 dum
1692 1096 1752 1165 ejus

102 1187 202 1243 damna
216 1198 297 1258 qnam
308 1183 391 1248 dona,
403 1181 587 1238 condemnare
596 1196 679 1253 qnam
694 1180 897 1238 commendare.
953 1182 1106 1259 languidior
1129 1191 1156 1239 et
1179 1183 1318 1239 remissior
1346 1190 1435 1240 motus
1463 1182 1579 1239 efficitur
1604 1202 1611 1238 :
1637 1183 1751 1254 languet

102 1269 898 1340 Siteadcommendationemadjuratumnonsentias,non
953 1272 1072 1340 animus,
1093 1272 1158 1327 dum
1184 1270 1326 1328 estuantis
1352 1272 1408 1328 voti
1431 1262 1572 1329 niurietate
1595 1270 1748 1330 conficitur.

99 1381 131 1422 es
140 1365 197 1436 jam
206 1361 360 1420 Jerusalem
370 1359 491 1426 iilia,sed
500 1358 558 1414 filia
566 1358 722 1430 Babylonis.
734 1358 802 1414 Filia
812 1359 899 1429 ltabg-
953 1361 1049 1417 Carnis
1066 1361 1181 1432 languor
1196 1367 1237 1416 est
1250 1362 1347 1418 'motus
1362 1363 1431 1432 ejus,
1449 1362 1487 1417 vel
1508 1361 1609 1427 nullus,
1624 1361 1666 1417 uel
1687 1377 1751 1432 per·

99 1453 170 1509 lonis
183 1451 294 1516 misera,
307 1447 369 1522 quis
386 1448 517 1505 retribuet
527 1447 575 1503 tibi
586 1447 791 1503 retributionem
801 1447 900 1503 istam?
951 1449 1066 1520 exiguus
1086 1467 1093 1503 :
1113 1449 1211 1506 animae
1235 1451 1350 1522 languor
1373 1456 1415 1506 cst
1439 1456 1529 1506 motus
1554 1450 1614 1520 eins
1637 1449 1748 1505 nimine.

99 1540 264 1597 retribuetur
282 1537 355 1595 enim
370 1537 428 1594 tibi.
446 1536 560 1593 Dedisce
583 1535 730 1608 Babylonis
751 1536 806 1592 lilia
826 1552 896 1603 esse,
942 1538 1048 1594 <Nonne
1062 1553 1095 1594 eo
1109 1538 1169 1610 ipso
1188 1555 1251 1595 caro
1272 1538 1423 1604 conficitur,
1440 1554 1597 1611 quomens,
1613 1539 1749 1595 abstracte

98 1631 232 1687 barbaros
243 1628 350 1702 depone
364 1640 466 1684 mores.
480 1625 578 1682 Desine
591 1626 620 1681 in
635 1625 739 1681 sanctis
754 1641 898 1682 numerare
952 1627 986 1682 ab
1009 1628 1069 1697 ejus
1092 1642 1195 1695 amore,
1220 1627 1247 1681 in
1272 1627 1323 1682 alia
1346 1627 1469 1699 quasdam
1489 1627 1637 1683 avertitur?
1653 1626 1750 1683 Carnis

99 1719 189 1792 magis
208 1716 370 1773 detrimenta
384 1730 468 1787 quam
488 1714 575 1770 lucra.
591 1712 714 1769 Sufficiat
728 1713 776 1768 tibi
789 1713 831 1770 vel
845 1730 897 1769 nu·
914 1692 937 1772 Β
952 1723 1042 1773 motus
1052 1731 1106 1770 non
1123 1717 1248 1782 sentitur,
1265 1717 1329 1770 dum
1344 1715 1452 1772 animus
1465 1715 1652 1772 vehementior
1660 1713 1749 1772 iactus

99 1806 222 1863 merendi
231 1804 345 1861 malitia.
360 1802 423 1861 Noli
433 1802 529 1858 saltem
540 1801 607 1860 loris
616 1802 753 1868 nuntiare,
763 1802 819 1860 noli
831 1819 898 1874 prae·
952 1803 995 1861 vix
1015 1804 1164 1861 sustinetur
1176 1846 1183 1862 .
1195 1804 1345 1877 Aliquoties
1359 1804 1469 1876 quidem
1484 1821 1536 1861 neo
1549 1805 1677 1860 sustineri
1694 1819 1749 1876 po·

98 1894 191 1953 dicare
206 1892 344 1951 sodalibus
353 1892 415 1948 tuis.
425 1891 496 1945 Nam
508 1889 617 1947 sodales
626 1890 720 1961 sponsi
732 1908 828 1948 aurem
844 1907 897 1947 non

98 1983 318 2048 accommodant,
330 1981 351 2037 si
362 1981 481 2054 deroges
491 1994 609 2052 sponsae.
622 1980 684 2051 lpse
698 1995 816 2052 sponsus
826 1997 898 2056 aegre

97 2072 174 2130 audit
197 2070 312 2144 iniurias
336 2069 451 2127 dilectae.
477 2068 635 2140 Cuicunqne
653 2068 733 2138 dicis,
749 2067 787 2124 illi
805 2068 897 2125 dicis:

98 2160 173 2218 auris
187 2160 260 2218 enim
277 2158 329 2217 zeli
352 2158 428 2215 audit
440 2156 531 2214 omnia
559 2156 637 2230 (Sap.
654 2173 672 2224 r,
691 2159 745 2223 tot.
766 2158 898 2214 Temera-

97 2250 170 2308 rinm
188 2257 229 2306 est
239 2249 367 2306 dilectam
384 2247 570 2305 condemnare
587 2243 671 2302 159
689 2246 788 2303 dilecto
806 2261 812 2301 :
827 2247 900 2303 bona

95 2338 150 2396 sibi
169 2338 272 2395 mavult
290 2336 410 2393 nuntiari
428 2337 464 2394 de
482 2351 591 2409 sponsa,
618 2344 645 2392 et
667 2335 899 2394 commendationi

94 2427 253 2501 promptius
273 2442 368 2483 aurem
383 2425 497 2497 praebet.

132 2521 160 2574 3.
175 2515 258 2574 Novit
271 2516 324 2572 boo
338 2529 438 2587 sponsa
452 2529 457 2568 :
471 2512 531 2570 ideo
547 2512 624 2581 dicit,
637 2512 742 2587 Adjnro
756 2530 813 2580 aaa,
828 2516 898 2584 filice

20 2645 24 2653 ·
95 2608 264 2672 Jerusalem,
278 2605 304 2662 al
318 2603 487 2663 inueneritis
504 2603 650 2675 dilectam,
670 2608 703 2660 nt
717 2605 899 2662 annantietir

954 1901 1016 1961 test,
1033 1894 1141 1966 quando
1152 1891 1250 1948 nimius
1262 1901 1417 1949 exaestuans
1433 1908 1510 1949 amor
1525 1892 1653 1965 patientis
1666 1892 1750 1949 animi

952 1981 1025 2037 vires
1040 1981 1172 2037 exhaurit.
1193 1982 1260 2052 Quae
1280 1989 1322 2038 est
1336 1981 1410 2038 enim
1426 1983 1553 2038 bumanae
1572 1981 1672 2036 mentis
1690 1980 1748 2037 lor-

953 2069 1039 2126 titudo
1066 2077 1096 2125 ut
1118 2069 1260 2136 sustineat,
1286 2085 1348 2126 cum
1376 2084 1437 2125 eam
1461 2069 1508 2126 ille
1530 2069 1649 2126 ooelestis
1673 2085 1751 2126 amor

952 2159 1046 2231 sponsi
1060 2158 1236 2230 impatienter
1244 2159 1382 2231 exagitat?
1392 2159 1566 2231 liquefactus
1577 2159 1605 2214 in
1616 2158 1667 2215 bac
1677 2174 1751 2214 exer·

953 2247 1080 2304 citatione
1094 2264 1124 2305 se
1149 2247 1218 2322 sugit
1238 2248 1355 2312 animus,
1372 2247 1473 2304 amoris
1494 2247 1652 2305 violentiam
1675 2247 1751 2305 ferre

953 2352 1008 2393 non
1023 2336 1127 2394 valens.
1150 2336 1195 2392 Sic
1209 2335 1282 2392 enim
1299 2336 1328 2391 in
1347 2343 1509 2408 consumpta
1522 2336 1638 2394 maaria
1653 2345 1681 2394 et
1693 2339 1751 2408 jam

953 2425 1110 2496 deficiente,
1124 2425 1297 2499 languidiora
1312 2425 1463 2482 redduntur
1476 2426 1550 2499 ignis
1565 2425 1698 2482 incendia.
1717 2427 1752 2481 tlt

953 2515 1026 2571 Deus
1040 2514 1215 2588 nosteriguis
1224 2530 1390 2571 consumens
1404 2514 1548 2586 estweat.
1566 2531 1606 2578 rr,
1618 2515 1674 2584 til.
1686 2515 1752 2571 Sen-

953 2603 985 2658 tit
1008 2603 1121 2661 omuino
1144 2603 1198 2660 vim
1222 2601 1357 2659 sermonis
1381 2604 1463 2672 buius
1486 2603 1532 2675 qui
1554 2603 1751 2660 vehementiori

96 2699 124 2753 et
133 2696 203 2769 gata
216 2709 313 2752 amora
325 2693 456 2765 langueo.
475 2694 508 2750 ιιι
521 2692 719 2760 cancellatis,
731 2691 828 2764 inquit.
843 2694 900 2748 dn·
952 2692 1064 2765 languet
1077 2692 1188 2761 ellectu,
1201 2692 1229 2747 in
1244 2691 1422 2749 meditatione
1436 2691 1485 2748 Dei
1499 2691 1541 2748 sui
1555 2692 1713 2763 delectatus,
1725 2701 1753 2748 et

97 2781 232 2840 nuntiatio
240 2778 406 2854 precationis
421 2787 495 2835 tenet
509 2778 647 2836 ellectum.
657 2779 811 2835 Humanum
821 2796 899 2836 recn·
953 2783 1126 2845 exercitatus,
1140 2788 1167 2837 et
1182 2780 1321 2836 deficiens.
1333 2781 1357 2837 0
1371 2788 1467 2853 potens
1480 2788 1508 2837 et
1521 2789 1677 2854 prepotens
1691 2797 1757 2853 pas·-

97 2871 181 2946 gitate
195 2879 300 2928 moreni
316 2869 343 2925 in
357 2867 492 2944 rogando.
509 2868 608 2925 Nonne
624 2868 696 2940 apud
712 2868 898 2925 miseratorem
952 2869 993 2927 sio
1014 2868 1167 2927 charitatisl
1190 2869 1213 2924 si
1238 2885 1292 2925 uon
1322 2866 1499 2942 temperatur,
1525 2885 1580 2926 non
1609 2869 1759 2926 toleratur..

98 2960 213 3032 alicujus
227 2972 446 3016 commemorare
460 2955 608 3024 miseriam,
625 2957 715 3030 ipsum
729 2960 899 3030 rogarcest‘l
952 2959 1016 3015 lare
1041 2965 1148 3031 potens,
1172 2975 1233 3031 quae
1248 2957 1369 3014 animum
1388 2973 1470 3031 quem
1486 2959 1638 3029 possederit
1650 2959 1693 3014 sui
1707 2959 1758 3030 ip·=

98 3048 202 3107 Efficax
218 3046 339 3122 precatio
353 3053 397 3102 est
410 3045 535 3103 modesta
550 3044 701 3119 suggestio,
716 3047 839 3118 oppressi
854 3046 899 3101 in·
914 3086 936 3166 c
953 3047 1015 3103 sius'
1032 3046 1115 3103 eflicit
1133 3047 1272 3119 impotem.
1297 3048 1365 3103 Cum
1386 3046 1472 3102 semel
1494 3045 1574 3103 fuerit
1589 3062 1707 3104 secema
1724 3047 1753 3104 itt

98 3137 178 3196 firma
201 3151 348 3210 exponere,
369 3135 486 3191 iortnnae
508 3133 702 3205 infelicitatem,
728 3134 899 3191 insolentiam
952 3141 1055 3203 mente,
1068 3135 1176 3209 attingit
1191 3151 1207 3191 a
1222 3134 1277 3191 fine
1301 3135 1435 3209 usquead
1451 3135 1533 3193 finem
1547 3136 1673 3194 fortiter:
1689 3135 1753 3192 lacit

99 3224 229 3285 bostium.
244 3225 319 3293 Haec,
336 3222 457 3298 inquam,
479 3239 616 3296 exponere
637 3223 666 3279 in
688 3239 753 3279 aure
768 3223 898 3296 potentis,
953 3225 988 3280 ad
1002 3225 1075 3297 quad
1090 3225 1172 3292 venit,
1186 3232 1213 3280 et
1228 3231 1419 3299 prosperatur,
1431 3233 1457 3281 et
1470 3225 1578 3290 crescit,
1595 3240 1646 3281 nec
1659 3223 1753 3280 delicit

99 3315 164 3391 qnid
174 3314 248 3372 alind
257 3321 299 3371 est
314 3328 394 3387 quam
409 3313 498 3386 ipsum
513 3312 670 3370 verecunda
684 3313 802 3386 quadam
817 3329 900 3385 prece
954 3314 1042 3371 donec
1052 3312 1225 3371 deficientem
1237 3313 1523 3370 reddideritanimam.
1535 3314 1610 3371 Sicut
1624 3313 1696 3370 enim
1709 3314 1760 3370 bic·

97 3405 134 3463 ad
149 3402 332 3461 auxiliandam
347 3400 510 3459 inileeterel
523 3401 596 3474 Quot
605 3401 643 3474 lin
657 3400 726 3459 locis
741 3401 813 3474 apud
828 3402 901 3458 Psal-
953 3402 1102 3475 corporalis
1110 3402 1228 3476 languor
1242 3418 1297 3457 non
1307 3410 1350 3458 est
1364 3418 1471 3475 semper
1481 3402 1593 3475 aequalis
1601 3404 1752 3460 vehemen-

99 3492 210 3551 mistam
224 3494 297 3550 buno
311 3490 402 3566 precis
418 3491 531 3548 modum
549 3489 693 3547 invenies?
706 3493 735 3546 ln
750 3491 900 3562 Evangelio
954 3492 1008 3559 tiae,
1025 3492 1073 3547 sed
1092 3498 1133 3548 est
1146 3491 1291 3565 aliquoties
1306 3492 1367 3561 ejus
1390 3491 1524 3548 intensior
1542 3491 1649 3564 possi03
1665 3491 1706 3548 sic
1725 3500 1753 3548 at

98 3582 188 3657 inquit
204 3570 293 3640 bieria
307 3581 342 3637 ad
357 3582 451 3637 lesum
469 3595 475 3635 :
501 3580 602 3639 l'innm
615 3597 674 3638 non
689 3581 793 3638 babent
806 3579 899 3653 (loen.
955 3580 1054 3637 amoris
1068 3580 1188 3647 allectio,
1204 3580 1256 3637 etsi
1270 3581 1330 3655 jugi
1342 3579 1480 3637 desiderio
1497 3597 1528 3636 se
1541 3580 1628 3637 tendit
1640 3581 1670 3635 in
1682 3580 1753 3637 dile·

98 3689 130 3742 tt,
146 3671 185 3744 3).
206 3670 268 3726 Non
286 3677 414 3741 precatur
436 3668 595 3737 Dominum,
620 3685 670 3726 nec
692 3669 808 3742 imperat
821 3669 899 3736 Filio,
954 3679 1038 3734 ctum,
1050 3670 1197 3742 aliquando
1207 3670 1318 3743 quidem
1326 3669 1516 3727 intentioribus
1530 3669 1600 3727 rotis
1609 3674 1751 3737 exaestuat,

98 3759 236 3817 delectum
249 3756 305 3814 riui
328 3765 434 3813 tanturn
458 3757 597 3812 nuntiasse
611 3764 747 3813 contenta.
765 3758 834 3814 Cum
848 3759 901 3815 be·
955 3761 1023 3814 hora
1032 3758 1164 3814 orationis
1173 3759 1303 3814 maxime.
1313 3758 1391 3815 Tunc
1399 3759 1509 3831 quidem
1524 3760 1636 3833 languet
1646 3773 1753 3830 amans,

99 3847 193 3905 nefiois
216 3853 243 3905 et
266 3846 301 3902 sd
324 3844 511 3902 liberalitatem
535 3845 680 3918 propensis
699 3846 737 3903 ita
761 3846 900 3921 agendum
955 3847 1020 3920 qnia
1033 3847 1143 3919 spiritus
1152 3847 1297 3904 vehemens
1308 3847 1496 3920 pertransitio
1509 3847 1566 3917 illo,
1578 3855 1605 3903 et
1614 3864 1669 3904 non
1684 3848 1754 3903 sub·

100 3944 152 3994 est.
174 3936 234 3991 Non
253 3943 295 3991 εει
307 3933 380 3991 enim
395 3933 486 4008 gratia
500 3932 634 3990 violenter
647 3936 835 4007 exprimenda,
852 3937 901 3992 sed
955 3936 1034 3992 sistit.
1052 3936 1081 3990 ln
1096 3935 1169 3993 exitu
1188 3937 1263 3992 horae
1277 3935 1349 3992 illius
1366 3936 1458 3993 dicere
1477 3944 1567 4008 potest
1583 3950 1590 3990 τ
1607 3936 1689 3993 stlte
1705 3936 1754 3993 Je-

101 4022 278 4096 propanenda
300 4022 419 4080 occasio.
442 4022 608 4079 Commendo
632 4038 760 4095 sponsam
786 4041 900 4097 sponso,
955 4028 1089 4095 meatem,
1100 4028 1236 4082 nuntiate
1245 4025 1349 4082 dilecto
1358 4025 1425 4101 qaia
1435 4041 1529 4111 cappro
1538 4024 1670 4098 liquesco.
1684 4028 1755 4081 Ante

102 4113 180 4169 dotes
194 4111 256 4183 ejus
271 4126 414 4169 enumera.
424 4111 522 4168 Nonne
534 4112 588 4167 hoc
601 4120 642 4167 est
656 4113 716 4183 ejus
731 4112 902 4171 inflammare
955 4116 1026 4171 banc
1040 4115 1136 4170 horam
1155 4112 1272 4186 languor
1285 4103 1400 4193 esthed
1418 4112 1446 4170 in
1461 4113 1536 4170 exitu
1549 4115 1609 4184 ejus
1624 4113 1651 4168 iu
1666 4113 1755 4186 liqna-

102 4200 362 4274 concupiscentiam,
379 4199 503 4257 stimulos
522 4190 671 4257 adhibere?
696 4202 836 4259 Nuntiate
858 4203 902 4258 di·
955 4202 1101 4261 iactionem
1114 4201 1228 4258 vertitur
1243 4201 1370 4281 languor,
1397 4203 1461 4260 lden
1480 4217 1541 4259 cnm
1557 4210 1586 4257 tu
1608 4217 1683 4274 oras,
1698 4219 1754 4259 non

104 4293 184 4350 lecto.
199 4291 259 4350 llos
271 4289 406 4360 nuntiare,
423 4290 680 4371 ipsnmssprovocare
694 4291 785 4346 estad
798 4306 901 4364 repen·
956 4294 1032 4348 sinas
1046 4290 1167 4348 animum
1192 4290 1331 4358 fluctuare,
1348 4280 1408 4347 bon
1427 4291 1563 4348 declinare
1576 4290 1613 4347 ad
1626 4291 1696 4356 alia;
1714 4299 1753 4357 ut,

102 4379 221 4438 dendsm
234 4379 333 4446 ricem,
345 4380 379 4435 ad
394 4378 598 4438 refocillandum
610 4394 703 4438 amore
715 4380 900 4452 languentem.
957 4380 1017 4437 cum
1042 4380 1110 4438 lelici
1134 4381 1216 4437 ιιιειιι
1239 4381 1291 4438 hac
1305 4379 1439 4453 passione*
1454 4377 1551 4446 taetus,
1574 4379 1609 4435 ad
1634 4380 1709 4434 illam
1725 4397 1756 4438 εε

102 4471 166 4544 lpse
189 4468 390 4527 consolationes
410 4468 529 4542 disponit
542 4468 571 4525 in
594 4469 676 4527 corde
695 4484 756 4540 suo,
770 4469 819 4526 sed
834 4486 900 4526 nos·
917 4477 941 4554 ῃ
957 4470 1082 4543 stringat,
1099 4471 1187 4527 donec
1201 4469 1306 4541 plenius
1321 4468 1467 4532 inficiatur,
1484 4477 1511 4524 et
1522 4475 1710 4540 percurratur,
1727 4476 1755 4524 et

103 4559 150 4615 tris
171 4566 312 4632 exspectat
326 4558 455 4633 precibus
469 4558 609 4631 compelli.
628 4558 708 4629 Quod
722 4558 798 4627 iacit,
821 4558 901 4616 faciet

102 4647 182 4704 eitius
196 4648 276 4705 nobis
290 4648 468 4721 pulsantibus,
484 4647 601 4706 fortasse
620 4654 648 4705 et
666 4648 788 4704 uberius.
803 4648 902 4706 Dilatio

103 4737 162 4792 baec
171 4735 322 4793 cruciatum
336 4735 402 4791 mibi
416 4735 497 4808 parit,
512 4736 561 4793 sed
579 4737 772 4794 consolationis
786 4739 902 4809 parturit

104 4823 250 4882 cumulum.
265 4823 450 4897 blultiplieatis
468 4824 605 4897 precibus,
627 4834 784 4898 exspectata
806 4827 902 4884 solatia

103 4913 215 4971 uberius
229 4912 367 4970 retundet.
382 4912 519 4971 Nuntiate
530 4913 631 4973 dilecto
645 4917 713 4989 qaia
727 4908 828 4972 nmore'
838 4918 901 4974 lon·

102 5020 181 5078 gaso.
202 5003 257 5060 Vos
271 5001 403 5073 nuntiate,
419 5000 519 5077 quibus
533 5010 607 5075 patet
621 5004 656 5059 ad
671 4992 800 5061 dilectum
818 5004 901 5059 iami-

101 5092 177 5150 liaris
200 5080 339 5152 necemus.
364 5091 421 5149 Vos
443 5091 575 5160 nuntiate,
600 5109 662 5167 quae
690 5093 756 5149 estis
780 5103 901 5165 expertae

956 4568 1141 4617 consumatur.
1152 4557 1238 4616 tot)
1248 4559 1310 4614 Non
1318 4558 1390 4613 enim
1400 4558 1505 4615 desinet
1515 4573 1659 4631 quousque
1667 4564 1756 4613 toturn

955 4655 1093 4722 percurrat
1108 4656 1135 4703 et
1150 4647 1242 4703 ebibat
1256 4647 1374 4705 bominis
1388 4646 1522 4719 spiritum.
1536 4646 1581 4703 Sic
1595 4646 1637 4703 vir
1646 4645 1757 4703 deside·

955 4738 1056 4794 riorum
1077 4735 1198 4810 elanguit
1217 4735 1313 4791 Daniel
1333 4751 1366 4791 ex
1390 4735 1496 4792 visione
1516 4734 1627 4801 caelesti,
1644 4742 1675 4789 ut
1689 4735 1757 4791 nibil

955 4825 1054 4883 virium
1072 4830 1226 4881 remaneret
1237 4824 1266 4879 iu
1280 4825 1339 4896 ipso
1354 4824 1438 4897 (Dan.
1459 4843 1485 4893 x,
1502 4824 1589 4896 t-tt).
1605 4824 1673 4879 (lum
1688 4841 1755 4896 per-

956 4913 1096 4970 transierit
1120 4913 1166 4968 illa
1190 4914 1335 4969 vehemens
1355 4913 1460 4986 passio,
1485 4913 1521 4968 ad
1542 4910 1755 4970 tolerabiliorem

955 5003 1100 5075 quemdam
1123 5008 1149 5057 et
1172 5002 1320 5057 humanum
1345 5001 1434 5074 magis
1462 5000 1627 5077 languorem
1651 5017 1755 5074 sponsa

955 5090 1036 5154 redit,
1051 5090 1097 5163 qni
1116 5089 1141 5146 ei
1156 5089 1301 5147 continuus
1316 5099 1368 5157 est,
1385 5089 1449 5164 quis
1464 5098 1520 5146 tam
1534 5089 1686 5147 concitatos
1699 5104 1756 5146 non

51 5233 55 5240 .
103 5188 204 5254 quanta
218 5182 253 5238 sit
270 5181 387 5240 amatori
401 5180 488 5238 uirtus
507 5182 657 5256 languoris,
673 5195 756 5255 qnam
776 5181 810 5236 sit
824 5181 901 5242 tortis
954 5189 1006 5238 est.
1022 5179 1071 5235 llio
1085 5179 1167 5251 plane
1181 5178 1232 5235 etsi
1246 5194 1300 5235 non
1316 5179 1644 5247 delicit,tabescittameu
1660 5179 1757 5234 absen-

103 5276 133 5325 ut
156 5284 231 5327 mm
257 5271 377 5339 dileetio,
401 5271 538 5345 quamsit
563 5277 594 5327 ut
621 5270 741 5326 infernus
764 5269 901 5326 aemulatio
954 5268 988 5324 tis
1003 5283 1095 5325 amore
1109 5268 1211 5325 dilecti.
1227 5268 1317 5323 bonus
1333 5267 1376 5323 bic
1392 5268 1516 5339 languor,
1538 5285 1587 5339 per
1599 5282 1682 5340 quam
1696 5282 1757 5323 esr-

103 5356 180 5414 dura.
193 5357 354 5431 Adjaronoc
368 5364 401 5417 at
411 5361 596 5418 annuntiatis
606 5359 710 5417 dilecto
725 5361 791 5434 qnia
806 5373 901 5416 amore
955 5357 1024 5413 nalis
1037 5357 1153 5414 allectus
1168 5374 1197 5413 se
1217 5356 1345 5431 languide
1360 5365 1462 5414 movet.
1481 5356 1560 5410 blind
1577 5364 1618 5412 est
1632 5355 1655 5410 si
1669 5356 1756 5427 impe·

99 5447 228 5520 languco.
242 5446 358 5505 Narrate
376 5456 403 5506 et
426 5447 599 5521 annuntiate,
613 5456 641 5506 et
657 5446 782 5506 exaudiet
801 5444 897 5505 uocem
954 5454 998 5502 tus
1018 5446 1110 5504 carnis
1129 5444 1235 5503 fortiter
1257 5460 1383 5518 surgens,
1405 5445 1517 5501 fortiore
1542 5443 1753 5518 superveniente
