3706 5962
61 240 117 302 689
754 231 840 295 tilis
859 229 1011 292 alstttt.
1653 228 1708 291 otto

61 367 99 422 nd
115 375 141 420 te
155 364 353 420 inhabitantem
363 363 450 420 lucem
461 356 857 420 macmssibitemdncecbari·
872 369 896 449 Α
913 362 967 424 tur,
988 365 1017 416 et
1033 372 1083 428 per
1099 372 1168 430 quos
1186 357 1298 414 verbum
1320 356 1370 413 Dei
1394 356 1513 414 auditur.
1532 356 1612 415 Tales
1634 355 1706 415 cuins

64 463 118 512 tate
129 455 267 520 accedere,
287 454 341 519 cui,
360 453 382 509 si
394 453 559 509 tantumdux
577 459 669 508 nostra
680 450 773 513 luerit,
789 448 856 504 nibil
913 463 965 504 non
979 446 1125 503 audiuntur
1140 453 1249 518 propter
1263 462 1303 514 se,
1319 445 1367 501 sed
1383 451 1493 517 propter
1507 448 1603 517 Deum,
1618 447 1663 519 qui
1678 454 1709 502 et

63 560 172 600 manere
188 543 289 616 poterit
299 539 483 599 inaccessum!
496 541 632 598 Notitcor
646 547 758 605 tunm,o
770 537 857 594 dulcis
912 534 1014 591 habitat
1027 545 1054 591 et
1067 535 1185 609 loquitur
1198 535 1228 590 in
1241 533 1321 606 ipsis:
1337 542 1366 590 et
1379 548 1441 589 cnm
1455 534 1554 591 talibus
1570 535 1707 606 loquendo

61 634 282 702 lesu,cbaritatis
293 632 383 688 lancea
399 630 578 698 vulneratum,
589 629 661 687 viarn
678 628 766 685 lacere
790 627 857 683 cha·
912 625 1041 681 anostris
1055 641 1128 696 stepe
1142 625 1258 682 Domino
1272 631 1436 694 cooperante
1451 622 1635 679 dubietatibus
1657 640 1707 681 ex·

62 721 199 787 ritati,eui
216 728 348 794 perpetuo
361 735 415 775 nou
430 720 584 776 claudetur.
912 713 1074 787 pedimur,a
1088 713 1176 786 pravis
1189 713 1359 780 abducimur,
1374 720 1401 768 et
1427 713 1454 767 in
1477 714 1548 769 bono
1567 711 1708 785 proposito

99 815 145 866 ot.
162 810 293 866 decedito
306 824 373 881 ergo
383 809 417 864 ad
429 824 490 865 eum
506 825 556 880 per
568 825 631 865 enm
644 807 785 880 gressibus
799 806 859 864 cha·
913 803 1114 860 confirmamur.
1139 803 1327 859 Verumtamen
1354 801 1382 855 ia
1406 801 1532 858 omuibus
1551 800 1707 858 directionis

62 899 160 963 ritatis,
177 907 203 953 et
233 896 424 952 illuminamini
454 915 460 954 :
491 900 599 968 gustate
623 896 859 969 quoniamsuavis
913 890 1173 961 spiritusoptaudus
1191 898 1274 946 estet
1297 888 1512 960 implorandusa
1534 889 1663 960 Domino,
1679 898 1708 946 nt

61 994 114 1043 est.
127 986 224 1041 Sciunt
246 985 360 1056 experti,
377 994 403 1040 et
418 985 486 1039 bene
500 983 589 1040 sciunt
605 983 652 1057 qui
666 998 697 1039 ett
714 983 768 1039 alia
783 991 860 1053 parte
913 979 974 1051 ipso
993 980 1127 1035 revelante
1148 978 1275 1044 sciamus,
1292 977 1335 1034 cui
1356 977 1462 1049 spiritui
1477 977 1512 1033 sit
1527 976 1706 1047 credendum,

62 1081 243 1147 gustaverant
259 1072 359 1146 bonum
388 1072 437 1128 Dei
466 1074 578 1142 donum,
602 1071 649 1143 qui
668 1068 860 1142 aliquandoin
913 1068 956 1124 cui
984 1069 1107 1124 cordium
1133 1065 1478 1137 nostrorumsimplicium
1510 1065 1545 1122 sit
1577 1065 1707 1138 cogitatio

62 1163 162 1219 cellam
177 1161 308 1218 vinariam
322 1177 337 1216 a
352 1176 415 1220 vera
432 1160 487 1218 vite
507 1169 600 1216 nostra
623 1167 687 1216 sunt
702 1158 858 1225 introducti,
914 1157 1066 1223 revelanda,
1081 1174 1097 1214 a
1119 1173 1173 1230 qno
1200 1155 1295 1212 salutis
1318 1155 1431 1213 verbum
1459 1154 1622 1212 audiendum
1639 1169 1645 1208 :
1662 1140 1708 1211 ¹ue

62 1267 148 1323 qnam
162 1265 281 1304 amariam
296 1256 325 1304 et
349 1265 429 1322 quam
456 1248 598 1305 taediosnm
625 1247 660 1302 sit
686 1246 860 1303 aduleedine
913 1246 1072 1319 simplicitas
1086 1247 1225 1303 nostraab
1239 1243 1319 1301 astuti
1333 1243 1466 1316 serpentis
1488 1242 1594 1309 allecia
1617 1242 1709 1315 capia·
1757 1230 1760 1236 ⁴

62 1339 303 1409 contemplationis
317 1338 388 1394 illius
413 1338 534 1394 interiori
563 1337 705 1407 prasentia
727 1334 857 1407 separari,
913 1341 967 1404 tur,
993 1336 1039 1406 qui
1061 1335 1220 1407 plerumque
1236 1332 1307 1389 mala
1325 1333 1414 1399 bonis,
1429 1337 1456 1389 et
1470 1331 1538 1388 laisa
1560 1330 1642 1400 veris,
1663 1348 1709 1387 er·
1805 1376 1808 1380 .

63 1439 92 1484 ct
111 1429 145 1483 ad
167 1428 301 1484 exteriora
314 1426 468 1496 corporalia
482 1427 524 1483 vel
540 1425 673 1481 audienda
686 1423 730 1479 vel
743 1422 860 1480 videnda
913 1438 994 1481 rouen
1008 1424 1089 1483 rectis
1101 1424 1250 1480 admiscere
1264 1423 1415 1481 cousuevit.

63 1516 169 1575 reduci.
185 1516 334 1573 Cumanim
347 1516 403 1581 ille,
418 1514 590 1587 quantumin
607 1513 735 1585 prasenti
750 1512 791 1568 ias
807 1519 857 1579 est,
1126 1510 1212 1571 4θῦ
1232 1514 1346 1570 catut
1368 1511 1497 1568 XXVIII.

63 1606 154 1663 bonus
168 1607 257 1674 lesus,
266 1602 407 1675 discipulis
421 1605 478 1659 suis
497 1602 675 1658 familiaribus
684 1617 807 1658 seorsum
823 1602 859 1657 ab
912 1608 950 1662 lla
963 1604 1189 1676 contemplandis
1203 1606 1236 1659 in
1247 1603 1320 1668 lilio,
1334 1602 1364 1657 id
1377 1606 1420 1659 est
1433 1600 1532 1659 decors
1559 1604 1589 1658 ct
1610 1600 1709 1658 encel-

61 1694 124 1749 aliis
152 1695 283 1751 fratribus
306 1693 334 1749 in
361 1704 452 1749 monte
476 1691 709 1762 contemplationis
737 1691 896 1771 consang
1125 1674 1298 1731 ‘iniiam
1306 1674 1493 1744 villiniiail'i·

62 1800 92 1838 so
109 1800 199 1840 coram
216 1784 267 1839 illis
278 1781 470 1854 transfigurare
486 1781 648 1848 voluerit,et
661 1780 688 1836 iu
703 1787 855 1837 vestecau·
947 1785 991 1836 93.
1007 1782 1065 1835 lam
1092 1796 1164 1836 nunc
1181 1779 1214 1835 ad
1233 1778 1468 1851 contemplandum
1496 1776 1590 1834 florem
1616 1776 1709 1849 ipsum

62 1873 128 1928 dida
143 1874 296 1929 dulcedinis
319 1883 346 1929 et
360 1873 486 1929 bonitatis
513 1887 569 1927 snm
589 1886 719 1943 apparere
733 1870 857 1926 miranti·
911 1871 961 1927 lilii
975 1871 1123 1927 veniamus.
1139 1869 1218 1938 Vide,
1228 1884 1245 1926 o
1255 1868 1338 1941 ‘virgo
1353 1868 1460 1936 Christi
1476 1878 1576 1940 quauta
1590 1865 1708 1940 pulchri·

62 1963 128 2025 bus,
146 1969 172 2016 et
194 1962 279 2016 solida
294 1961 423 2018 charitate
437 1961 573 2016 inebriare
587 1960 772 2028 volucritans,
788 1975 857 2033 quos
912 1958 1006 2014 tudine
1030 1958 1204 2029 praemineat
1220 1966 1281 2012 tuus
1294 1957 1345 2013 iste
1359 1957 1420 2022 llos,
1436 1965 1512 2012 tuam
1523 1955 1617 2012 llorem
1631 1953 1708 2010 desi-

62 2058 127 2102 ante
151 2048 307 2102 visitaverat
329 2065 377 2118 per
401 2050 525 2104 timorem
539 2048 646 2120 judicii,
668 2051 725 2105 sive
741 2063 787 2119 per
801 2047 858 2104 vio·
911 2063 1008 2122 gnaris,
1024 2047 1196 2120 praecaeteris
1209 2045 1332 2102 tionibus.
1353 2045 1421 2101 Vide
1435 2051 1564 2117 quanam
1581 2059 1638 2115 prm
1652 2058 1710 2099 om-

63 2135 178 2192 lentiam
194 2135 344 2190 salubrium
369 2137 558 2206 tentationum
588 2137 654 2203 quia
677 2151 726 2206 per
748 2134 859 2207 flogella
912 2137 995 2193 nibus
1013 2135 1125 2192 lloribus
1148 2135 1196 2207 qui
1220 2142 1282 2190 sunt
1301 2134 1330 2189 in
1353 2144 1434 2201 terra,
1449 2133 1563 2206 gratiam
1589 2132 1710 2188 obtineat

64 2226 142 2280 Deus
157 2238 349 2295 nountmquam
360 2241 472 2280 suorum
481 2241 511 2280 se
525 2224 653 2281 cordibus
662 2232 856 2295 repraesentat:
913 2224 1066 2296 specialem.
1078 2225 1145 2281 Vide
1154 2233 1282 2292 quautam
1293 2224 1327 2277 ab
1342 2222 1401 2293 ipso
1416 2222 1523 2289 Spoaso
1536 2225 1585 2277 tuo
1600 2219 1708 2276 laudem

61 2329 215 2387 comenge,
232 2314 300 2369 sieut
328 2313 455 2379 diximus,
486 2313 631 2385 aliquando
659 2328 690 2368 se
705 2313 733 2367 ia
746 2326 858 2367 suorum
912 2329 969 2385 prae
991 2313 1094 2368 cunctis
1108 2311 1221 2367 tloribus
1239 2318 1385 2366 mereatur.
1404 2309 1596 2375 Considerate,
1612 2306 1708 2379 inquit,

61 2403 191 2458 cordibus
207 2403 397 2475 transfigurare
411 2403 540 2477 dignatus
555 2401 646 2473 luerit,
661 2410 691 2458 nt
706 2401 815 2458 tristitia
829 2401 858 2457 in
913 2402 1203 2476 liliaagri,quomodo
1212 2402 1351 2459 manant.
1370 2400 1467 2464 Arnen,
1479 2397 1634 2461 amovebit,
1645 2412 1710 2470 pao

61 2492 192 2566 gaudium
207 2500 393 2561 convertatur3
419 2492 442 2546 si
468 2491 576 2547 iuterim
602 2491 667 2547 dum
687 2492 746 2547 baec
764 2491 857 2548 nescio
912 2496 993 2549 niam
1007 2507 1059 2549 nec
1075 2491 1246 2549 mennam
1260 2489 1438 2560 omnigloria
1448 2488 1711 2560 tuacoopcrittscst

61 2582 201 2652 quomodo
231 2589 359 2653 aguntur,
393 2579 492 2651 aliquis
519 2579 681 2636 exteriorem
717 2580 858 2650 requirens
911 2584 988 2638 sicat
1011 2594 1155 2637 unomen
1173 2581 1238 2636 ntia
1253 2579 1329 2650 (Iac.
1346 2593 1395 2642 un,
1412 2576 1469 2648 tl).
1484 2577 1558 2647 Lege
1580 2575 1707 2650 igitur‚o

63 2669 234 2742 presentiam
258 2669 296 2723 sic
320 2669 355 2722 sit
371 2666 496 2738 allectus,
525 2675 555 2723 ut
575 2667 714 2724 tamenab
734 2667 857 2724 amabilis
911 2672 998 2741 virgo,
1015 2675 1044 2724 et
1071 2669 1189 2740 perlege,
1204 2675 1231 2722 et
1254 2666 1355 2737 saepius
1383 2665 1473 2736 relege
1509 2666 1562 2720 boc
1596 2665 1709 2719 verbum

64 2758 302 2829 contemplationis
330 2767 421 2813 monte
450 2758 539 2829 ipsum
572 2766 653 2828 cogat
669 2757 854 2826 descendere3
911 2755 1431 2833 Sponsitui,etintellIgequantnmin
1446 2753 1708 2825 hujuslloriscom-

63 2857 142 2921 putas
158 2848 233 2903 illum
248 2847 326 2903 talem
342 2847 532 2918 impulsionem
548 2848 710 2904 exteriorem
725 2845 857 2918 patienter
911 2848 1083 2905 mandatione
1115 2855 1189 2904 tnavn
1217 2846 1330 2919 gloriam
1358 2843 1568 2903 commendavit.
1593 2841 1708 2900 Omnem

65 2938 146 3003 terre,
172 2947 199 2992 et
213 2952 268 2992 non
295 2935 383 3009 magis
397 2938 513 2993 clamare
535 2952 597 2993 ctvm
620 2939 710 3002 Petro,
726 2937 854 3001 Domine,
911 2938 1006 2995 muudi
1019 2937 1133 3011 gloriam
1144 2934 1359 3009 sapientissimus
1374 2934 1417 2991 ills
1431 2933 1551 2989 omnium
1561 2941 1668 2989 creator
1681 2940 1709 2989 et

63 3028 167 3084 bonnm
181 3032 223 3083 est
236 3043 287 3083 nos
308 3027 353 3083 bic
368 3042 425 3083 asse
440 3027 551 3095 (ldattlt.
567 3040 637 3094 xvtt,
655 3026 728 3096 tat:
744 3036 772 3082 et
794 3042 856 3083 cum
874 3001 1034 3083 cuondam
1047 3025 1126 3082 unico
1141 3024 1254 3081 tlosoulo
1278 3030 1324 3079 tuo
1344 3021 1503 3091 cooperuit;
1523 3037 1574 3078 nec
1592 3021 1708 3093 gloriam

64 3115 495 3189 Paulotlnfeltcegobotno,qnis
508 3114 857 3189 meliterabitdecorporc
910 3117 1033 3184 flosculo,
1050 3114 1096 3170 scd
1111 3114 1183 3168 bunc
1202 3112 1342 3169 tlosculnm
1366 3110 1439 3168 omni
1459 3111 1552 3185 gloriae
1575 3110 1704 3183 praetulit.

62 3205 166 3261 mortis
180 3204 285 3277 bajas?
295 3206 387 3276 (Rom.
409 3220 449 3260 vtt
464 3203 573 3275 ,at.)0
586 3220 666 3276 quam
677 3219 800 3260 amarum
815 3207 857 3263 est
910 3207 940 3261 ln
955 3205 1099 3261 &lomene
1112 3202 1239 3273 enim‚da
1253 3216 1308 3273 quo
1322 3198 1502 3272 legiturquod
1518 3201 1708 3272 magnificatus

61 3294 114 3359 eis,
130 3293 175 3366 qui
200 3294 246 3348 tali
266 3293 389 3349 interiori
404 3293 550 3350 relectione
571 3293 662 3349 sanari
676 3292 808 3360 noverint,
822 3293 856 3349 ad
911 3303 952 3350 est
966 3309 1049 3365 super
1063 3306 1156 3348 omues
1171 3305 1250 3364 reges
1264 3290 1398 3346 universae
1414 3299 1491 3343 terrae
1512 3287 1539 3341 in
1561 3286 1663 3343 divitiis
1680 3296 1708 3344 et

63 3382 199 3439 exteriora
222 3398 317 3438 rursus
332 3380 430 3437 attrahi
450 3383 455 3437 !
481 3381 550 3439 llori
573 3381 699 3437 videmur
709 3380 772 3446 sibi,
791 3382 856 3453 quis
909 3383 1014 3438 bonore
1027 3381 1080 3452 (III
1099 3383 1162 3452 llcg.
1177 3394 1208 3444 x,
1229 3385 1254 3432 et
1268 3377 1293 3432 ll
1307 3377 1402 3432 Perat.
1419 3375 1472 3446 tx),
1495 3389 1588 3430 ontues
1613 3375 1706 3430 mnudi

61 3489 157 3528 revera
172 3473 295 3545 quaedam
315 3470 409 3527 mortis
423 3471 527 3540 species
539 3478 613 3525 esta
632 3469 855 3539 contemplatione
909 3469 1009 3542 glorias
1019 3469 1103 3524 debes
1116 3463 1279 3537 intelligere.
1296 3465 1327 3520 lu
1341 3463 1408 3519 tlore
1422 3464 1469 3519 lilii
1488 3461 1538 3529 tui,
1553 3462 1599 3534 qui
1621 3472 1706 3528 taam,

59 3563 132 3629 rita,
149 3559 405 3631 acontemplatione
423 3558 531 3615 candidi
558 3558 637 3628 Iesu,
653 3558 855 3629 acontempla·
909 3557 1083 3628 omniumque
1100 3554 1239 3629 virginum
1254 3552 1354 3608 Christi
1370 3552 1482 3623 liguram
1496 3551 1577 3623 gerit,
1592 3549 1705 3623 virgini·

61 3652 133 3707 tione
148 3650 227 3707 faciei
249 3650 322 3706 illins
351 3649 483 3705 rutilantis
507 3648 577 3704 sicut
596 3647 650 3718 sol,
665 3646 698 3702 ad
712 3647 762 3702 has
776 3655 854 3703 tene·
908 3645 968 3701 tatis
981 3644 1095 3718 gloriam
1110 3642 1300 3716 contemplare.
1317 3641 1344 3697 Si
1358 3656 1424 3715 ergo
1443 3648 1546 3697 tantum
1562 3655 1705 3697 commen·

60 3743 125 3797 bras
140 3757 234 3796 rursus
248 3740 346 3812 avelli3
364 3746 417 3796 eta
435 3737 525 3793 blariae
541 3736 681 3793 dulcedine
694 3735 728 3792 ad
743 3735 855 3793 llartbte
906 3736 988 3791 datur
1002 3735 1035 3790 ab
1050 3735 1110 3807 ipsa
1122 3732 1241 3791 ilaritate
1251 3731 1333 3788 decor
1347 3730 1393 3786 lilii
1410 3730 1458 3795 tui,
1473 3737 1502 3787 ut
1516 3731 1540 3787 ei
1555 3731 1629 3801 juste
1643 3729 1707 3786 sub

59 3830 235 3886 ministerium
251 3829 381 3885 revocari.
907 3826 1015 3897 jiciatur
1028 3823 1117 3880 omnis
1130 3821 1216 3898 gloria
1231 3820 1393 3890 Salomonis,
1409 3834 1490 3892 quem
1517 3835 1572 3875 uon
1592 3820 1706 3877 dubium

98 3923 142 3976 92.
158 3920 275 3975 Breviter
293 3926 380 3974 autem
404 3917 475 3986 dico,
490 3915 563 3989 quod
587 3917 742 3990 quicunque
764 3916 855 3973 sciunt
909 3911 1114 3971 eatsseundom
1128 3908 1342 3986 magnitudinem
1357 3908 1452 3982 gloria
1466 3907 1621 3967 snaeiuisse
1645 3925 1706 3967 ma-

59 4010 159 4064 mentis
185 4007 278 4061 oculos
304 4005 480 4061 interioribus
503 4005 777 4077 centuplatiouibus
805 4021 852 4062 oc·
908 4002 1006 4078 gallice
1020 4010 1176 4072 coopertum
1193 4018 1200 4066 ;
1217 4008 1350 4073 quantum
1363 4007 1445 4072 putas
1459 3997 1706 4058 commendandum

60 4110 171 4164 cupere,
188 4102 215 4147 et
238 4093 357 4164 linguam
381 4093 478 4150 animm
496 4094 529 4148 ad
544 4093 666 4151 divimm
685 4095 853 4167 colloquium
908 4094 996 4166 ipsum
1011 4106 1073 4150 esse
1087 4097 1140 4147 tuae
1157 4088 1321 4163 virginitatis
1344 4088 1429 4154 lilium
1453 4087 1652 4159 incorruptum,
1679 4095 1707 4145 et

60 4199 190 4252 reserare,
206 4197 259 4238 non
291 4182 379 4237 solum
410 4197 465 4237 nou
485 4182 652 4240 delectantur
672 4184 852 4242 exterioribus
909 4182 986 4240 uutla
1005 4182 1033 4237 iu
1056 4187 1220 4253 perpetuum
1244 4179 1348 4234 macula
1369 4176 1611 4250 corrumpendum,
1626 4178 1707 4247 cujus
1801 4240 1803 4244 Α

59 4274 165 4331 visibus
181 4273 223 4328 vel
243 4271 394 4343 colloquiis,
415 4268 608 4327 verumetiam
628 4272 771 4342 plurimum
785 4274 850 4329 lati·
870 4274 952 4382 uvel
974 4274 1070 4329 umbra
1098 4277 1126 4325 et
1149 4268 1235 4341 ligura
1261 4275 1365 4324 mutum
1389 4268 1488 4324 meruit
1516 4267 1663 4323 bonoravit
1677 4266 1706 4322 st

58 4371 167 4437 gantur.
180 4362 212 4416 Hi
235 4377 299 4417 vero
314 4361 360 4432 qui
373 4360 537 4417 intrinsecus
552 4359 616 4416 caeci
629 4368 693 4418 aaut
719 4363 853 4430 etmuti,
910 4376 991 4419 omne
1015 4358 1212 4431 operimentum
1239 4355 1328 4412 omnis
1351 4356 1444 4428 gloria
1469 4354 1623 4410 Salomonis
1651 4369 1706 4411 uon

59 4461 87 4509 et
111 4450 339 4522 contemplatione
368 4447 458 4507 divina
487 4454 515 4505 et
544 4447 714 4507 orationibus
747 4452 852 4511 devotis
910 4456 999 4522 potest
1012 4446 1106 4504 decori
1120 4445 1202 4503 unius
1216 4443 1362 4498 materialis
1375 4442 1452 4498 lilioli
1466 4442 1628 4514 comparari,
1645 4443 1708 4513 qais

59 4541 187 4598 nesciunt
202 4556 232 4595 se
246 4555 388 4609 occupare,
408 4538 570 4594 exteriorum
586 4554 715 4596 sensuum
735 4541 856 4599 subsidia
910 4540 991 4596 decor
1004 4535 1202 4608 comparabitur
1218 4540 1271 4589 tuae
1289 4531 1397 4588 llorenti
1416 4530 1573 4607 virginitati,
1590 4541 1708 4604 quaeest

63 4638 200 4705 quaerunt,
225 4638 252 4684 et
267 4628 462 4700 longitudinem
478 4627 609 4702 temporis
626 4645 681 4700 qua
695 4637 854 4703 gravantur,
912 4637 984 4684 tuum
1004 4625 1090 4681 lilium
1112 4639 1205 4680 verum
1234 4633 1262 4681 et
1287 4621 1404 4694 speciale
1417 4621 1547 4687 iNullus,
1571 4621 1703 4694 inquam:

58 4721 199 4776 inutilibus
236 4715 500 4774 confabulationibus
535 4718 691 4788 expendere
717 4729 854 4794 satagunt.
910 4717 974 4790 quia
992 4716 1148 4772 charitatem
1164 4712 1310 4770 altitudinis
1325 4713 1364 4770 tui
1383 4712 1488 4770 decoris
1512 4711 1708 4785 nulluspotest

60 4809 249 4868 Exterioribus
271 4808 342 4863 enim
368 4807 596 4865 collocutionibus
622 4807 691 4864 velle
714 4812 853 4882 occupari,
910 4808 992 4865 decor
1006 4814 1128 4861 terrenus
1151 4803 1350 4869 transcendere,
1365 4803 1428 4877 quia
1447 4819 1499 4862 nec
1518 4804 1651 4861 Salomon
1674 4802 1707 4858 t'n

56 4899 169 4972 signum
185 4897 367 4953 certissimum
383 4903 424 4952 est
439 4897 536 4952 animm
551 4897 658 4969 otiosae,
672 4915 732 4970 quae
747 4900 779 4955 ad
794 4899 854 4957 col·
909 4896 1085 4970 omnigloria
1097 4913 1152 4953 saa
1166 4901 1310 4969 coopertos
1324 4897 1384 4968 fait
1397 4896 1573 4954 neutonam
1583 4909 1620 4951 ea
1630 4893 1706 4949 istis.

58 4989 226 5046 locutionem
238 4986 359 5043 divinam
385 4986 458 5041 nulla
484 4987 593 5058 penitus
616 4988 760 5046 dovotione
777 4990 854 5048 leva·
945 4990 988 5045 9i.
1004 4985 1065 5044 Noli
1080 5000 1147 5060 ergo
1160 4986 1297 5042 subtristis
1309 4994 1427 5052 cenare,
1444 5006 1455 5036 ι
1472 4985 1594 5060 Regnum
1612 4979 1708 5037 mnndi

57 5088 114 5135 tur.
130 5078 259 5133 Nondum
286 5084 357 5131 certe
382 5076 414 5129 ad
443 5077 626 5131 summitatem
655 5077 853 5150 liliiprrvene·
908 5087 936 5134 ot
968 5093 1075 5135 omnem
1112 5085 1235 5134 ornatum
1271 5076 1364 5133 saecuti
1405 5072 1554 5145 contempsi
1594 5077 1708 5143 propter

58 5179 135 5235 runt,
151 5167 197 5240 qui
213 5168 333 5238 linguam
349 5179 457 5221 suamc
483 5164 682 5237 multiplicitate
710 5169 853 5225 verborum
908 5184 1030 5227 amorem
1048 5166 1157 5223 Domini
1178 5165 1262 5222 nostri
1279 5167 1344 5221 lesu
1365 5165 1463 5220 Christi
1479 5164 1570 5236 (ltcap.
1592 5163 1625 5217 in
1650 5160 1707 5234 Off.

59 5261 189 5314 nesciunt
202 5257 259 5312 sive
283 5256 379 5311 nolunt
399 5254 556 5311 refrenate:
583 5264 710 5327 tantoque
724 5256 805 5314 altius
824 5275 854 5316 se
908 5259 983 5317 decl.
999 5259 1032 5316 de
1051 5258 1098 5314 SS.
1115 5255 1308 5329 Virginibus),·
1325 5274 1336 5305 s
1351 5254 1398 5325 qui
1412 5253 1463 5308 tibi
1477 5254 1559 5309 etiam
1582 5252 1611 5308 in
1632 5264 1706 5323 prta·

58 5349 176 5421 quisque
191 5345 293 5402 noverit
321 5345 349 5399 iu
368 5344 498 5400 virtutum
525 5343 655 5418 gradibus
688 5345 852 5415 ascendisse,
908 5349 976 5405 scuti
992 5348 1047 5405 vita
1059 5345 1186 5401 decorem
1199 5343 1274 5400 dedit
1289 5341 1364 5400 omui
1379 5343 1515 5399 mundano
1529 5343 1628 5399 decore
1647 5357 1707 5397 ma-

56 5435 266 5508 quantominus
290 5434 415 5491 humanis
452 5432 594 5504 colloquiIs
618 5432 776 5506 delectatur,
799 5436 853 5494 uisi
904 5436 1006 5507 joram,
1025 5433 1111 5490 lilium
1133 5431 1292 5507 integritatis
1307 5439 1360 5488 tuae
1382 5432 1434 5490 sibi
1458 5430 1657 5501 conservando,
1679 5437 1706 5486 et

53 5524 125 5583 torte
140 5523 272 5595 ejusmodi
288 5526 427 5581 bominum
448 5523 475 5579 in
489 5522 587 5596 quibus
599 5522 659 5595 ipsc
675 5524 752 5582 Deus
769 5524 853 5598 loqui·
908 5526 960 5583 sibi
980 5540 1038 5597 pra
1057 5524 1161 5584 calens
1188 5521 1426 5598 pulchritidinibus
1448 5524 1576 5583 virtutum
1594 5520 1706 5596 specia-
