3706 5962
44 235 97 295 893
531 229 703 295 SRRMONES
720 231 763 292 DE
781 231 898 294 VERBIS
916 230 1031 294 DOMINI
1049 232 1083 294 tlt
1101 227 1212 293 (ΚΒΜ.
1639 237 1692 298 ast

45 369 99 425 tur,
119 358 195 432 quia
214 355 275 413 fidei
304 357 439 413 soliditate
465 357 583 426 daviat;
612 374 662 414 nee
688 358 759 415 hune
787 375 839 431 pa·
856 358 1032 452 qdetmctio,
1057 357 1240 430 murmuratio,
1269 356 1460 427 inobedientia,
1489 361 1692 420 verborumla-

45 464 106 504 nem
139 447 254 502 solidum
291 446 374 517 digne
402 446 501 517 poterit
533 447 705 515 manducare,
733 448 779 519 qui
810 447 841 501 ii-
894 449 985 519 sciuia,
1001 448 1105 504 occulta
1125 447 1247 521 pecunia,
1271 456 1298 503 et
1327 447 1396 505 lortc
1415 449 1538 526 graviora
1562 461 1691 525 peccata.

44 539 106 593 dem
124 537 282 593 catholicam
308 535 424 590 volucrit
453 534 604 592 infirmare.
633 534 738 593 Dicitur
763 536 841 608 panis
894 536 1084 608 Quitalisest,
1101 538 1453 604 monachnsnenest,imo
1470 538 1547 595 tude
1571 541 1689 597 traditori

45 626 131 699 gratia
145 626 304 696 spiritualis,
320 635 348 680 ut
363 631 405 682 est
419 623 484 680 iilud
503 626 708 696 propheticum:
729 627 782 695 ont
796 627 841 682 cb·
893 626 1044 684 consimilis
1065 635 1114 683 cst.
1140 627 1193 682 Sed
1212 627 1336 700 quisquis
1365 635 1406 684 eal
1421 626 1503 683 miser
1528 627 1583 695 ille,
1599 629 1693 685 timeat

47 721 127 771 turci
145 732 227 771 auras
240 731 305 771 suus
324 731 360 771 nn
376 715 476 772 audiat
490 718 668 786 sanquinem,
684 721 712 771 et
731 717 841 772 ewudit
894 713 1052 788 paenitendo
1071 715 1145 787 quod
1170 715 1302 786 sequitur,
1330 732 1362 772 ne
1387 733 1447 772 cum
1473 716 1541 772 tuda
1566 717 1693 774 traditore
1787 746 1793 755 ·

44 802 548 861 occursumneotdentmatumsiste
559 805 589 859 in
599 807 719 860 eccelsia
730 803 841 861 hubita—
894 805 1046 860 drmnetnr.
1061 804 1188 875 Sequitur
1208 804 1289 870 euim,
1320 806 1395 861 Tunc
1413 805 1545 861 introivit
1560 807 1591 862 in
1606 806 1691 863 illum

46 891 103 958 tau·
113 892 602 950 munimentasenorumaublimitua
616 894 677 964 ejus
693 908 701 948 :
716 894 800 965 punis
816 895 843 949 ci
896 898 1028 957 Satumts,
1044 903 1072 949 ul
1088 893 1194 964 plenius
1208 893 1366 964 possideret,
1382 893 1499 968 inquom
1508 896 1566 966 jam
1576 894 1695 952 intrave-

45 979 842 1053 dntusest,uquoeejusridelessunt(isai.xxxin,ti,t6).
895 993 945 1038 rat.
971 981 1047 1038 Tunc
1078 981 1200 1037 introivit
1224 989 1254 1037 ut
1279 981 1434 1052 deciperet,
1461 991 1487 1039 et
1511 999 1525 1037 a
1550 983 1690 1042 consortio

44 1069 79 1122 Et
97 1078 139 1123 est
153 1084 250 1124 seusus
266 1087 272 1123 :
292 1071 344 1138 Qui
353 1069 467 1127 obturat
482 1086 564 1127 cures
583 1087 649 1126 suus
675 1086 712 1128 nc
739 1069 841 1126 audiat
895 1069 1088 1140 Apo-telorum
1103 1069 1265 1134 extraheret,
1280 1077 1309 1125 ut
1324 1085 1358 1126 eo
1370 1071 1425 1139 jam
1449 1084 1502 1126 neu
1517 1069 1545 1124 in
1572 1072 1691 1139 occulto,

46 1159 224 1228 sanquinem,
242 1157 326 1212 idest
346 1158 391 1229 qni
420 1157 597 1214 suadentibus
623 1158 751 1227 peccatis,
779 1173 840 1230 quta
895 1161 943 1214 sad
962 1157 1103 1214 manifeste
1127 1166 1207 1212 utens
1228 1157 1314 1213 libera
1339 1165 1481 1228 potestate,
1512 1158 1539 1213 iu
1564 1159 1692 1216 barathro

44 1254 162 1301 carnaet
179 1246 482 1317 sangninenascuutnr,
512 1260 567 1300 nen
595 1247 695 1316 praebot
724 1261 842 1301 consen-
896 1246 1052 1318 perditionis
1067 1251 1195 1302 mactaret
1219 1253 1245 1302 et
1259 1245 1394 1317 perderet.
1411 1246 1442 1302 Et
1464 1246 1538 1318 qnod
1552 1247 1587 1301 de
1601 1245 1690 1302 tradi·

44 1348 123 1399 suar,
135 1333 332 1405 etquictuudit
345 1333 438 1390 acratas
457 1351 521 1392 suos
531 1349 567 1388 ne
582 1333 674 1390 uident
684 1333 803 1396 mutarn,
815 1332 842 1386 id
896 1348 953 1392 tore
967 1334 1038 1403 iecil,
1059 1336 1112 1391 hoc
1134 1335 1167 1389 de
1181 1334 1368 1392 consimilibus
1393 1333 1480 1392 iacere
1495 1350 1549 1392 uon
1573 1334 1689 1392 desistit.

45 1428 87 1476 est
102 1421 176 1478 omui
186 1423 259 1493 quod
273 1422 426 1478 rectitudini
442 1424 587 1479 uuiversum
602 1429 655 1492 est,
670 1437 724 1477 uon
739 1435 841 1492 apprc-
895 1427 961 1481 Nam
980 1439 1061 1495 quem
1077 1424 1122 1480 diu
1136 1423 1163 1478 iu
1178 1423 1341 1479 monasterio
1356 1423 1508 1496 possederit
1522 1439 1644 1496 serrum,
1659 1425 1693 1480 ad

45 1509 289 1581 pinquat:istein
312 1511 431 1569 excelsis
458 1513 606 1579 habitabit,
635 1513 699 1583 quia
719 1509 842 1582 quamuis
900 1512 1022 1568 ultimum
1038 1512 1205 1568 necsocinm
1228 1512 1419 1568 monachorum
1434 1511 1573 1586 relinquit,
1598 1519 1693 1570 attra-

46 1601 320 1656 eumadhnccaroin
338 1599 635 1667 interioribusretinet,
661 1608 779 1656 mentem
799 1607 843 1653 ta·
897 1602 1013 1658 ditorem
1036 1617 1116 1674 quem
1145 1600 1171 1654 in
1201 1599 1364 1657 monasterio
1392 1600 1508 1668 metebat,
1533 1602 1590 1672 jam
1617 1611 1693 1659 extra

18 1693 25 1707 ·
46 1703 107 1742 men
125 1687 844 1758 sublimibusjuuxit.Munimentcsaxorumtubitmi·
864 1647 1088 1747 Bmonasterium
1113 1698 1201 1744 necat.
1225 1688 1279 1744 Sed
1293 1688 1420 1761 quoniam
1435 1688 1516 1744 tinem
1532 1689 1627 1746 mundi
1651 1690 1688 1745 ei-

48 1780 91 1831 tns
106 1777 248 1849 ejus,qtria
263 1776 308 1848 qui
328 1777 432 1846 abjecta
447 1776 580 1832 desideria
594 1785 705 1833 terrenae
725 1791 842 1833 conver-
898 1783 950 1838 tius
972 1779 1125 1835 adiuturum
1140 1794 1202 1835 esse
1230 1793 1286 1835 uon
1300 1778 1413 1844 dubitat,
1440 1779 1610 1835 calliditatem
1635 1795 1692 1834 strae

46 1864 159 1921 sationis
173 1866 263 1933 calcat,
290 1866 324 1922 ad
340 1882 482 1936 supernam
495 1865 608 1938 patriam
623 1882 673 1937 per
687 1867 842 1937 praeceden·
896 1869 1025 1944 nequitiae
1039 1867 1172 1925 mentibus
1188 1882 1332 1938 pravorum
1353 1867 1482 1937 occultat,
1500 1876 1528 1923 ut
1541 1883 1573 1923 ea
1590 1867 1691 1935 impru-

46 1953 115 2008 tium
139 1962 245 2025 patrum
273 1954 393 2025 exempla
422 1971 452 2010 se
480 1954 626 2010 subleuat:
651 1962 678 2011 et
704 1953 769 2026 quia
792 1970 842 2023 par
896 1946 954 2016 riso
968 1958 1047 2014 iariat
1061 1955 1149 2013 subita
1164 1965 1258 2022 morte,
1279 1971 1348 2029 quos
1363 1954 1411 2012 diu
1425 1955 1510 2011 lenttit
1523 1953 1647 2031 alligatos
1662 1954 1690 2010 in

44 2041 280 2111 contemplationis
304 2043 403 2096 donum
432 2042 519 2114 gratia
546 2040 681 2111 spirituali
717 2041 837 2105 satiatur.
895 2047 995 2103 malitia
1010 2063 1100 2119 pravae
1118 2044 1241 2103 actionis.
1257 2044 1291 2100 Et
1305 2046 1404 2101 multos
1418 2043 1627 2100 inmonasterio
1641 2059 1691 2098 as.

42 2138 107 2200 apte
118 2130 298 2201 subjungitur,
316 2131 435 2187 Panisci
454 2129 537 2186 datm
555 2133 608 2197 cst,
625 2129 709 2184 idest
736 2132 840 2186 donum
894 2153 947 2210 que
966 2137 999 2192 ad
1027 2141 1141 2191 mortem
1161 2143 1232 2190 stare
1254 2132 1394 2205 permittit,
1412 2140 1441 2187 ut
1462 2149 1494 2187 ex
1508 2131 1616 2187 illorum
1629 2147 1691 2205 per.

43 2218 138 2291 gratiae
153 2217 299 2287 spiritualis
315 2217 443 2290 percepit,
464 2217 528 2290 quia
551 2234 580 2303 se
606 2219 641 2272 ab
670 2216 784 2274 infirmis
813 2226 840 2274 et
895 2224 1020 2280 versitate
1035 2219 1559 2294 alioscorrumpereelevertercpcssit.
1575 2219 1609 2273 Et
1628 2219 1692 2292 quia

40 2306 107 2361 imis
121 2306 241 2361 caelestia
257 2307 391 2377 sperande
411 2307 563 2378 suspendit.
576 2307 653 2362 iiunc
681 2306 765 2377 igitur
798 2324 842 2377 pa·
895 2330 945 2385 pro
961 2311 1152 2386 incontingenti
1176 2317 1259 2378 tenet,
1276 2326 1308 2364 an
1325 2313 1351 2365 in
1377 2306 1551 2375 monasterio,
1567 2324 1601 2362 an
1615 2315 1692 2363 extra

42 2393 567 2469 nem,007sciticetgraliam,quam
586 2395 624 2450 illi
644 2396 756 2451 dederat
786 2397 840 2453 Du·
895 2402 1087 2459 monasterium
1116 2400 1229 2454 miseras
1257 2399 1360 2453 animas
1393 2397 1499 2453 occidat
1526 2404 1552 2451 et
1577 2404 1689 2463 mactct;

41 2483 144 2548 minus,
159 2483 299 2540 intinctum
322 2483 435 2556 accepit,
450 2485 513 2557 quia
542 2484 567 2539 iu
596 2485 690 2540 terum
713 2499 840 2540 oonsom-
894 2508 944 2547 nos
971 2489 1044 2546 illius
1077 2488 1198 2559 insidias,
1218 2485 1335 2543 homino
1364 2492 1531 2558 protegente,
1562 2483 1689 2549 virentes,

39 2578 177 2628 materam
204 2572 342 2642 virtutum,
379 2589 433 2628 non
463 2589 592 2639 amorem,
621 2574 669 2628 sed
697 2588 838 2631 rancorem
893 2579 1077 2654 quuddicitur
1101 2576 1212 2643 scilieet,
1232 2575 1476 2646 (inadfectatae
1500 2575 1597 2644 citius,
1614 2590 1689 2630 exse-

39 2661 174 2718 exercuit.
191 2662 261 2718 Huic
275 2663 423 2717 debebatur
437 2663 514 2734 panis
532 2662 671 2728 intinctus,
687 2663 765 2732 cujus
777 2678 840 2737 san·
895 2686 1017 2739 quamur.
1032 2669 1100 2723 Nam
1116 2665 1187 2738 quel
1208 2664 1317 2734 dicitur,
1337 2663 1412 2735 Quod
1424 2663 1511 2735 tucis,
1527 2664 1575 2733 suc
1588 2663 1692 2732 citius,

40 2751 258 2807 ctitatemvultns
271 2751 396 2820 palliabat
413 2750 586 2821 sophisticus.
596 2753 665 2808 Nam
681 2751 837 2823 religionem
893 2775 946 2825 nnn
964 2755 1095 2830 praecipit,
1111 2755 1158 2810 sed
1175 2751 1298 2826 praecidit
1315 2753 1390 2807 Judae
1409 2751 1521 2819 malum,
1538 2751 1616 2807 nohis
1638 2752 1691 2809 bo.

43 2840 190 2896 simulabat
202 2840 318 2909 insane,
345 2856 424 2912 quam
446 2856 500 2896 uon
533 2841 649 2897 habebat
676 2839 704 2895 iu
728 2851 815 2896 mente
830 2848 857 2904 ;·
895 2831 977 2914 nrrnr,
995 2841 1056 2918 quta
1072 2843 1191 2899 horrula
1215 2841 1294 2897 citius
1313 2840 1380 2908 fian,
1397 2857 1450 2897 non
1465 2849 1518 2896 un
1535 2838 1690 2898 festinando

43 2930 212 2986 sanctitatem
232 2930 414 3000 praetendebat
443 2930 470 2984 in
492 2936 577 3002 veste,
593 2947 675 3002 quam
704 2931 837 2987 alienabat
854 2919 876 2998 B
896 2938 922 2993 in
939 2935 1009 2991 illins
1022 2924 1143 3006 prauam,
1157 2947 1237 3004 quam
1252 2929 1278 2984 iu
1295 2928 1410 2985 salutem
1425 2928 1557 2985 fidelium.

42 3018 71 3073 in
92 3019 187 3075 corde:
205 3017 270 3075 ioris
283 3035 371 3092 agnus
386 3019 414 3075 iu
428 3018 549 3091 publico,
564 3020 637 3076 intus
652 3019 734 3090 lupus
750 3018 777 3074 in
789 3035 840 3074 oe·

43 3108 120 3165 culto
134 3126 141 3179 ς
161 3108 226 3163 ioris
240 3107 390 3180 discipulus
404 3108 512 3177 Christi,
524 3109 599 3165 intus
612 3107 761 3179 discipulus
776 3109 837 3164 dia-

42 3197 112 3254 boli.
129 3197 201 3253 stulti
218 3198 289 3252 enim
303 3199 375 3253 lrunc
388 3215 484 3267 panem
500 3199 653 3267 comedunt,
679 3199 743 3270 quia
771 3196 837 3253 reli-

43 3287 463 3362 gionemquampraetenduntin
477 3287 571 3355 verbo,
584 3302 640 3343 uon
650 3287 797 3343 ostendunt
810 3286 838 3341 in

43 3377 126 3435 iacto.
142 3377 239 3448 Quanti
257 3377 384 3433 monachi
400 3375 426 3432 in
443 3376 606 3432 monasterio
621 3376 706 3432 sancti
720 3375 837 3431 Benedi-

43 3465 81 3522 cti
97 3475 168 3533 sunt,
184 3467 230 3538 qui
244 3465 302 3521 aliis
316 3467 472 3539 lugentibus
488 3464 585 3533 rident,
601 3464 660 3519 aliis
683 3462 837 3520 dolentibus

44 3550 164 3626 gaudent
180 3574 185 3622 ς
203 3570 316 3626 corpore
344 3552 514 3621 claustrales,
532 3559 622 3609 mente
636 3552 709 3626 vagi,
725 3562 752 3609 et
765 3567 839 3607 uun-

44 3661 125 3716 quam
144 3645 275 3701 slabiles‘?
300 3642 372 3717 Pigri
388 3645 420 3699 ad
435 3642 589 3714 lectionem,
606 3641 675 3698 tardi
689 3641 724 3697 ad
738 3640 840 3697 oralio-

44 3748 109 3788 uem
125 3733 472 3802 ,inecclesiadormientcs
482 3735 507 3787 in
523 3731 668 3790 refectorio
679 3729 837 3805 vigilantem

45 3823 290 3899 devigiilisiongis
307 3824 438 3894 dolentes,
465 3823 512 3878 sed
544 3822 579 3879 de
605 3822 686 3896 longo
714 3819 840 3879 convivio

45 3913 195 3986 gaudentes
206 3936 213 3983 3
226 3914 372 3970 claustrum
387 3920 568 3982 exsecrantes,
596 3912 759 3968 auditorium
779 3909 840 3965 diii·

45 4011 163 4076 grotes3
183 4010 257 4056 extra
272 4003 385 4056 cherum
413 4020 463 4074 pro
492 4002 647 4058 infirmitate
671 3999 840 4071 frequentina

45 4096 215 4148 remanentes
230 4088 448 4145 :infirmitorium
465 4106 519 4146 non
535 4106 584 4164 pro
598 4089 752 4148 infirmitate
777 4104 840 4145 car·

929 3026 956 3080 7.
973 3022 995 3078 Ο
1010 3037 1086 3077 amor
1108 3017 1327 3083 interminabilis,
1349 3031 1365 3073 ο
1379 3016 1497 3073 charitas
1510 3015 1690 3073 inaestimabi-
1721 3086 1725 3097 ,

892 3116 934 3181 lis,
951 3129 966 3167 ο
981 3110 1089 3170 dilectio
1108 3106 1297 3176 inscrutabilis,
1317 3107 1394 3178 Quod
1413 3106 1497 3179 such,
1517 3109 1565 3178 suc
1585 3105 1694 3163 citius.l

892 3204 957 3259 illud
973 3200 1062 3274 cupio,
1074 3199 1141 3256 illud
1158 3196 1293 3263 desidero,
1309 3196 1374 3251 illui
1390 3209 1493 3267 quaero,
1510 3196 1543 3250 ad
1560 3197 1613 3252 hoc
1628 3197 1691 3250 veni

892 3292 918 3347 in
934 3292 1005 3347 hunc
1031 3286 1172 3344 mundum.
1200 3285 1275 3355 Quod
1299 3285 1382 3356 sucu,
1399 3286 1446 3354 sac
1470 3283 1565 3339 citius.
1589 3283 1636 3336 Vis
1652 3299 1692 3338 mc

891 3379 1008 3437 vendere
1026 3373 1147 3432 ludaeis?
1162 3374 1223 3429 solo
1235 3372 1325 3428 uendi.
1337 3371 1385 3426 Vis
1395 3370 1521 3426 tradere?
1530 3369 1594 3425 volo
1608 3370 1691 3425 tradi.

893 3469 940 3524 Vis
953 3475 983 3522 ut
999 3464 1165 3542 crucifigar?
1194 3461 1254 3518 volo
1272 3459 1405 3531 cruciligi.
1436 3459 1486 3514 Vis
1509 3467 1538 3513 ut
1553 3457 1704 3516 occidart'

893 3557 954 3614 volo
968 3554 1063 3618 occidi,
1078 3554 1133 3609 huc
1156 3566 1226 3621 amc,
1242 3551 1294 3605 hoc
1317 3547 1425 3607 allecto.
1450 3549 1526 3618 Quod
1539 3549 1623 3620 sacis,
1644 3551 1692 3619 tac

893 3646 989 3705 citius.
1006 3643 1059 3700 Sed
1069 3643 1144 3713 iesu,
1156 3641 1208 3697 rita
1223 3655 1294 3705 mea,
1307 3645 1393 3696 totum
1408 3637 1571 3694 desiderium
1587 3652 1690 3703 meum,

893 3734 1008 3790 dulcedo
1024 3749 1076 3788 non
1109 3731 1202 3797 fallax,
1231 3729 1347 3784 dulcedo
1370 3725 1548 3795 delectabilis,
1572 3725 1687 3782 dulcedo

893 3823 1024 3897 gloriosa,
1046 3822 1128 3877 decus
1143 3818 1318 3892 Angelorum,
1334 3816 1462 3888 splendor
1480 3825 1507 3872 et
1521 3814 1610 3888 gloria
1624 3830 1689 3871 san·

893 3919 1010 3978 clarum,
1031 3919 1161 3984 quantum
1177 3924 1225 3964 eos
1248 3907 1390 3981 diligebas,
1422 3920 1471 3978 pro
1494 3905 1594 3978 quibus
1620 3905 1691 3960 mori

895 3999 1044 4072 audebas?
1072 3998 1157 4055 Nobis
1185 3998 1278 4064 vitam,
1303 3997 1348 4051 tibi
1371 4003 1483 4051 mortem
1497 3991 1691 4050 affectabaso

895 4091 1024 4147 miserum
1039 4087 1102 4144 mei
1119 4103 1198 4161 quem
1219 4090 1348 4142 tracteuus
1368 4094 1422 4140 tam
1442 4081 1564 4155 nequiter
1578 4080 1691 4147 otiandi,
1720 4148 1725 4155 .

42 4181 96 4243 nis,
109 4177 155 4231 sed
167 4177 360 4246 prodcsiderio
375 4179 474 4247 caruis,
492 4179 578 4234 torvis
604 4179 751 4235 luminibus
766 4177 839 4250 sspi-
857 4171 885 4275 θ’
895 4197 973 4254 quem
989 4180 1052 4236 olim
1076 4179 1116 4234 sic
1130 4176 1256 4233 abhorrui
1272 4177 1337 4244 heu,
1351 4172 1497 4231 Dominum
1510 4173 1613 4237 iesum,
1630 4169 1690 4241 ipse

45 4270 167 4334 cientes;
195 4281 304 4336 semper
331 4267 496 4322 murmurosi
522 4274 549 4321 et
576 4267 750 4323 detractores.
772 4266 840 4335 Quid

45 4355 117 4410 alind
133 4354 177 4408 isti
193 4353 285 4409 miseri
296 4362 389 4427 agunt,
406 4354 457 4409 uisi
472 4354 544 4428 quod
574 4370 670 4426 panem
699 4354 838 4409 intinctum

46 4443 219 4500 comedunt?
239 4441 360 4498 Proiecto
375 4442 417 4498 isti
434 4444 501 4499 tales
515 4443 671 4498 traditorem
685 4441 782 4497 tudam
798 4458 841 4496 se·

46 4542 174 4605 quantur,
190 4542 216 4588 et
232 4549 291 4588 cum
306 4534 385 4604 Juda,
400 4533 450 4589 nisi
465 4533 637 4606 resipuerint,
667 4532 778 4588 videant
807 4547 842 4587 ne

46 4624 216 4677 damnentur.
232 4622 358 4692 Sequitur
379 4641 384 4680 :

83 4716 109 4767 6.
123 4715 186 4767 Post
200 4711 353 4768 bucceliam
365 4717 433 4769 tunc
444 4714 575 4769 introivit
585 4713 616 4768 in
629 4728 693 4769 eum
706 4711 839 4768 Satanas.

47 4808 82 4862 ut
97 4803 166 4859 dicit
185 4804 297 4862 eitesus
312 4821 319 4859 :
336 4803 413 4874 Quod
422 4809 504 4876 facis,
528 4809 575 4877 {cc
598 4802 698 4860 citius.
723 4799 839 4870 Quidam

45 4891 116 4946 euin
132 4900 226 4962 putant
242 4893 313 4963 quod
329 4901 392 4949 tunc
406 4893 489 4948 iudas
504 4909 602 4964 conquas
615 4891 714 4947 Christi
727 4905 840 4962 accepe-

45 4982 89 5036 rit.
102 4980 297 5037 Sedscienuam
312 4992 364 5050 est,
379 4984 511 5054 quodiam
527 4982 652 5038 omnibus
667 4980 842 5036 distribuerat

44 5070 385 5127 Dominotsarramemum
407 5072 532 5142 Corporis
561 5080 588 5126 et
613 5071 761 5145 Sanguinis
784 5069 838 5136 sui,

43 5160 193 5232 intorques
207 5169 234 5215 et
249 5161 334 5216 Judas
349 5160 408 5217 luit.
424 5161 528 5217 Deinde
548 5178 594 5232 per
622 5161 770 5217 buccellam
800 5159 843 5214 in-

43 5250 154 5307 tinctam
170 5250 329 5322 exprimitur
345 5250 467 5307 traditor.
480 5252 553 5306 iiulti
574 5250 643 5305 enim
669 5249 732 5304 falsi
767 5248 838 5303 reli-

43 5339 114 5412 giosi
127 5345 153 5394 et
168 5339 227 5394 salsi
243 5339 383 5408 tonsurati,
400 5355 461 5394 cum
476 5340 519 5411 pie
535 5337 670 5413 religiosis
685 5338 838 5395 communi·

44 5437 84 5484 ter
98 5429 264 5484 deminicnm
279 5430 385 5501 Corpus
414 5428 557 5500 accipiunt,
575 5430 609 5484 ab
643 5426 699 5484 illis
726 5426 851 5482 discerni

43 5534 101 5575 non
116 5526 239 5591 pessum,
251 5517 301 5576 nisi
316 5535 366 5592 per
379 5519 525 5578 buccellam
541 5519 692 5585 intinctam,
713 5533 774 5592 qttaa
800 5527 842 5576 est

895 4280 936 4326 est
949 4269 1082 4326 Dominus
1095 4282 1171 4322 mens
1186 4272 1213 4320 et
1224 4265 1296 4319 Deus
1310 4263 1398 4318 mausl
1416 4258 1484 4327 Heu,
1500 4258 1604 4316 utinam
1620 4255 1692 4312 mille

896 4359 973 4413 annis
987 4358 1014 4412 in
1037 4354 1189 4431 purgatorii
1210 4354 1273 4425 igne
1301 4367 1391 4408 essem
1424 4339 1691 4416 cruciandusante-

897 4464 978 4519 quam
993 4444 1126 4501 Dominus
1133 4441 1225 4500 008
1239 4441 1319 4495 iesus
1332 4455 1347 4491 a
1361 4452 1404 4491 ma
1419 4436 1537 4491 siceaset
1551 4430 1690 4490 oliensus!

896 4534 970 4592 0mi
993 4533 1138 4606 lectorpro
1155 4546 1196 4584 mc
1210 4529 1347 4600 iacrymas
1368 4524 1451 4580 lurrde
1471 4523 1503 4578 ad
1534 4522 1691 4589 llominum,

896 4632 925 4680 ut
940 4630 1005 4678 tunc
1018 4637 1061 4676 me
1075 4619 1235 4675 clamantem
1250 4614 1348 4682 audiat,
1364 4612 1480 4686 pulsanti
1495 4611 1609 4685 aperiat,
1626 4626 1692 4668 ccu-
1719 4648 1722 4652 Α

895 4712 995 4768 soletur
1024 4711 1181 4785 ingentem,
1202 4702 1344 4773 dolentem,
1375 4702 1547 4776 paenitentem
1568 4701 1691 4783 benigne

895 4798 1030 4872 suscipiat.
1044 4798 1068 4855 Ο
1082 4798 1196 4853 Domine
1208 4797 1286 4862 iesu,
1304 4793 1433 4849 miserere
1448 4791 1516 4847 mei:
1534 4791 1615 4846 redde
1627 4790 1691 4845 mihi

893 4889 1089 4961 incarnalitatem
1102 4886 1190 4942 vultus
1203 4882 1310 4953 tuiQui
1322 4898 1371 4954 pro
1382 4879 1571 4953 peccatoribus
1587 4879 1689 4954 digna-

896 4990 940 5037 tus
972 4994 1002 5034 es
1028 4975 1107 5043 mori,
1132 4991 1175 5030 me
1196 4983 1373 5046 peccatorem,
1399 4985 1477 5044 rogo,
1495 4985 1528 5024 ne
1546 4966 1689 5040 permittas

895 5067 1003 5126 aeteruis
1017 5065 1124 5141 ignibus
1138 5058 1470 5149 cruciarioqdilectissimi
1485 5057 1591 5122 iratres,
1607 5054 1693 5111 anim·

895 5158 1034 5230 advertite,
1063 5154 1156 5213 sedula
1175 5151 1337 5224 cogitatione
1363 5159 1483 5223 pensate,
1500 5152 1632 5220 quantum
1647 5153 1692 5201 cst

895 5246 1036 5313 amandus,
1056 5250 1187 5318 quantum
1215 5239 1378 5317 diligentus,
1392 5237 1438 5310 qui
1460 5251 1509 5307 pro
1539 5235 1619 5293 uobis
1643 5242 1686 5290 est

896 5336 958 5396 talia
973 5347 1000 5393 et
1022 5332 1093 5393 taum
1118 5330 1263 5405 opprobria
1287 5344 1398 5402 passtts;
1419 5326 1466 5401 qui
1492 5342 1521 5382 se
1539 5325 1688 5384 tradentem

894 5427 928 5483 ad
943 5436 1055 5484 merten
1081 5424 1121 5479 sie
1134 5421 1293 5478 hortabatur
1315 5418 1418 5482 dicens,
1439 5417 1515 5490 Quod
1535 5417 1619 5490 sucis,
1642 5412 1661 5489 s

901 5516 1000 5575 citius.
1448 5516 1451 5521 '
1627 5510 1630 5519 '
1665 5504 1668 5510 ’
