3706 5962
519 220 1087 287 mumtmsntsturuunrcruu.
1577 172 1636 293 ¹ree

76 350 290 418 fortissimaque
312 351 488 419 recitaturus,
505 351 779 409 nonsomiliticom·
796 351 937 444 stertuit,
966 352 1015 408 sed
1049 351 1222 409 humilitatem
1249 370 1328 426 qnam
1355 356 1516 412 exhibuerat
1545 355 1627 414 ΜΙ

76 441 100 508 h,
119 440 167 497 sed
182 439 264 512 pulici
291 449 318 496 et
336 441 405 510 cani,
421 457 473 496 non
501 441 562 497 viro
584 441 631 496 sed
660 450 780 510 mortuo,
835 440 957 497 Gabricli
980 441 1152 514 archangelo,
1169 445 1250 499 ctiam
1274 444 1429 499 hominibus
1443 446 1572 503 exhibere
1584 463 1631 502 cu-

76 539 219 604 oqucretur
233 529 292 602 regi
306 529 368 585 Saul
393 530 454 586 sict
473 532 559 600 Quem
573 533 706 603 sequeris,
727 546 782 588 rec
836 529 913 598 ravit,
942 530 1051 602 quaudo
1079 531 1223 588 Dominum
1257 540 1283 588 et
1305 532 1442 589 hominem
1468 543 1577 607 gestans
1605 537 1632 591 in

78 623 178 694 lqoem
196 620 344 691 sequeris?
362 622 487 676 Pelices
503 637 596 675 anam
611 623 640 674 et
655 635 756 676 canem
837 622 924 688 utero,
939 618 1077 675 Elisabeth
1093 629 1216 694 cognatm
1238 637 1305 690 snae,
1326 630 1456 696 tanquam
1478 625 1555 695 uirgo
1586 626 1634 694 ju·

76 720 134 762 tom
149 703 246 775 [tileo.
267 719 344 769 axau,
362 704 416 774 ιι).
431 703 605 776 lleritocrgo
625 701 783 759 humilitatis
834 707 960 774 verucula,
991 709 1094 765 mulieri
1123 719 1256 779 provectae
1283 711 1378 779 aetatia,
1409 712 1549 769 servitutis
1575 713 1634 768 olii·

77 792 211 848 ranslatns
225 801 266 848 est
291 794 325 847 de
340 791 468 848 servitute
491 791 525 847 ad
552 807 679 865 regnum.
694 792 738 847 Sic
757 804 784 848 ct
835 796 908 854 dum
926 796 1064 854 humiliter
1078 797 1208 868 impendit
1224 816 1230 855 :
1245 806 1346 856 etcum
1368 808 1439 856 esset
1471 801 1581 855 humilis
1609 812 1637 858 et

76 897 146 938 anus
160 896 240 937 omns
263 880 418 953 intemplo,
441 889 468 938 et
491 881 656 938 al'hsrisoeo
680 881 783 937 conde·
837 885 925 959 virgo,
944 901 1000 942 non
1016 886 1207 961 virginitatem,
1228 889 1274 944 sed
1290 888 1465 944 humilitatem
1481 905 1556 945 suam
1576 891 1633 944 Do-

78 987 101 1040 s,
122 970 342 1028 conscientiacor
356 978 496 1027 accusante
511 987 564 1027 non
580 971 696 1027 audehat
719 984 785 1026 ocu·
840 974 929 1030 minus
936 976 1088 1046 respexisse
1103 976 1209 1033 dicitur.
1224 978 1390 1034 Desidiouit
1405 979 1528 1051 spiritus
1541 996 1633 1044 meus,

98 1061 196 1117 coelnm
216 1061 314 1120 levare.
332 1059 381 1116 sed
405 1060 560 1129 percutiens
588 1061 683 1132 pectus
707 1074 784 1115 snum
837 1063 933 1134 inquit,
948 1065 981 1120 in
991 1066 1109 1121 Domino
1132 1069 1186 1124 Deo
1201 1067 1324 1124 solatori
1338 1082 1409 1131 oreo,
1425 1069 1492 1139 quin
1506 1068 1634 1140 respexit

76 1156 111 1205 rt:
127 1151 209 1217 Deus,
229 1150 369 1222 propitius
388 1152 447 1206 esto
464 1149 536 1205 mihi
548 1149 692 1221 peccatori
705 1148 783 1220 (Luc.
839 1151 1159 1211 bumilitatemoaeillre
1169 1171 1228 1211 aare
1243 1158 1320 1224 (Luc.
1328 1171 1347 1221 ι,
1361 1157 1405 1221 tt,
1417 1155 1507 1217 tato
1523 1156 1633 1211 humili·

76 1235 218 1308 1³):unde
234 1236 463 1307 etiamatemplo
477 1235 618 1294 descendit
631 1237 720 1308 magis
741 1237 784 1305 ju·
839 1251 888 1309 tas,
900 1257 951 1308 per
970 1258 1050 1314 quam
1078 1242 1179 1299 lomina
1201 1251 1286 1298 mater
1304 1243 1354 1300 Dei
1384 1244 1479 1300 etteeta
1500 1251 1552 1309 est,
1586 1261 1635 1316 per

76 1337 117 1382 tus
130 1342 208 1397 quam
223 1324 383 1382 Pharisaens.
400 1324 446 1381 Sic
468 1332 496 1380 et
516 1325 613 1380 Petrus
636 1339 697 1379 cum
712 1330 785 1379 osset
837 1345 921 1402 quam
938 1330 1011 1387 neus
1027 1331 1060 1386 de
1072 1332 1143 1389 coeto
1158 1331 1295 1388 dmoendir
1310 1331 1344 1386 nd
1369 1340 1462 1400 terras,
1487 1349 1534 1404 per
1555 1349 1634 1404 qnam

76 1415 176 1471 plorum
203 1414 342 1486 princeps,
370 1421 428 1469 erat
459 1414 579 1469 omnium
602 1411 782 1468 humillimus·
839 1420 936 1476 animm
946 1420 980 1475 de
994 1420 1098 1476 interno
1118 1420 1151 1475 ad
1166 1419 1276 1488 coelum,
1306 1421 1442 1477 translate
1472 1431 1544 1478 sum.
1574 1423 1637 1478 llaec

77 1513 104 1561 ct
117 1505 182 1560 tanti
198 1502 286 1560 meriti
299 1502 348 1558 luit
362 1502 433 1575 apud
448 1504 546 1572 Deum,
568 1510 598 1558 ut
619 1502 716 1559 umbra
725 1515 784 1557 cor·
839 1516 880 1565 est
890 1507 965 1563 scala
979 1508 1116 1578 proposita
1131 1509 1208 1566 uobis
1221 1525 1236 1564 a
1250 1510 1317 1574 Deo,
1346 1525 1395 1580 per
1417 1525 1498 1582 quam
1512 1511 1636 1566 ascendi-

85 1593 142 1650 suis
164 1594 343 1649 obumbrante
371 1600 535 1650 sanarentur
564 1589 675 1648 infirmi.
709 1590 784 1661 (Act.
840 1597 930 1652 turdo
957 1597 1038 1652 terris
1051 1599 1084 1651 ad
1113 1598 1223 1655 coelum.
1239 1599 1289 1654 Per
1314 1600 1384 1655 hanc
1402 1599 1638 1670 ascendemntpa·

77 1721 85 1736 .
841 1693 895 1741 tres
908 1685 1004 1751 nostri,
1024 1702 1073 1758 per
1086 1687 1157 1742 hanc
1170 1695 1198 1742 et
1211 1701 1261 1744 nos
1274 1687 1423 1744 ascendere
1436 1695 1553 1760 oportet,
1568 1685 1635 1743 alio·

78 1768 123 1826 Slc
138 1778 166 1826 et
179 1770 296 1827 loannes
308 1769 427 1840 Baptista
442 1785 504 1824 cum
526 1777 597 1824 esset
611 1768 784 1823 annuntiatus
840 1772 975 1845 quianon
989 1774 1182 1830 ascendemus,

76 1858 186 1932 melum,
206 1867 233 1914 et
251 1859 352 1930 Spiritu
381 1867 472 1915 sancto
500 1857 620 1931 repletus
644 1858 732 1912 adhuc
752 1872 785 1911 ex
877 1864 921 1918 tt.
936 1861 989 1920 sed
1004 1864 1219 1932 praetereundum
1246 1870 1365 1934 nonest,
1393 1863 1510 1934 qualiter
1535 1865 1636 1937 gradus

76 1947 166 2002 matris
185 1963 251 2012 suae,
266 1950 423 2004 etnondum
446 1957 525 2004 natus
543 1945 720 2018 praecursoris
742 1947 784 2000 ol·
840 1949 1000 2007 humilitatis
1012 1951 1134 2018 dispositi
1149 1953 1254 2016 suntin
1269 1952 1372 2024 llegula
1396 1952 1467 2007 beati
1488 1952 1634 2009 Benedicti.

76 2033 361 2090 Dominicumsentiret
376 2035 532 2106 adventum,
550 2035 645 2091 deinde
665 2035 722 2105 jam
743 2035 786 2103 ju·
840 2037 910 2096 Dicit
923 2048 1014 2095 autem
1041 2040 1103 2113 quia
1135 2041 1168 2096 ad
1192 2041 1308 2111 primum
1337 2040 1493 2096 humilitatis
1522 2042 1635 2113 gradum

76 2138 137 2181 oum
153 2132 224 2179 esset
245 2124 338 2179 mundi
354 2133 539 2195 contemptor,
569 2124 707 2194 eremique
725 2124 785 2179 cul·
840 2128 956 2199 pertinet
969 2129 1050 2184 timor
1066 2129 1120 2201 ;‚ad
1144 2129 1307 2195 secundum,
1322 2143 1376 2184 non
1390 2145 1483 2184 amare
1496 2129 1632 2200 propriam

76 2213 145 2268 abitu
164 2212 291 2278 incultus,
320 2213 485 2270 abstinentia
498 2212 653 2286 singularis,
684 2211 785 2284 praedi·
841 2216 1019 2286 voluntatem
1036 2216 1070 2271 ad
1088 2217 1207 2286 tertium,
1222 2216 1393 2281 obedientie
1409 2219 1441 2270 nd
1456 2224 1593 2289 quartum,
1610 2218 1636 2271 in

76 2302 197 2367 eximius,
214 2303 333 2371 Baptista
357 2304 476 2371 Domini,
507 2303 636 2375 martyrio
652 2300 785 2356 rubicun-
831 2302 1155 2374 'obedientiapatientia3
1171 2307 1204 2360 ad
1222 2306 1357 2378 quintum,
1374 2305 1552 2377 cogitationes
1568 2305 1636 2374 patri

76 2388 210 2462 irginitate
225 2390 374 2459 medidus,
389 2400 417 2449 et
432 2398 494 2462 post
506 2389 627 2463 Virginis
637 2388 745 2456 Filium,
760 2399 789 2444 et
841 2391 980 2461 ravelar03
1000 2392 1035 2446 ad
1052 2400 1168 2461 sertum,
1184 2393 1256 2448 omni
1283 2391 1387 2449 vilitate
1411 2399 1438 2448 et
1465 2393 1636 2447 extremitate

76 2492 97 2533 ιι
118 2478 251 2549 uirginem
266 2480 366 2535 electus
392 2495 424 2535 ex
454 2478 582 2548 millibus,
611 2478 684 2534 unde
705 2477 786 2533 etiam
841 2494 902 2536 esse
914 2488 1081 2548 contentum,
1092 2479 1395 2554 etscipsumJ'ndicare
1409 2481 1443 2535 ad
1467 2481 1558 2536 omnia
1590 2480 1635 2534 in-

76 2582 88 2624 c
106 2565 229 2622 Christus
245 2579 316 2623 esset
335 2567 519 2623 aestimabatur
545 2565 690 2638 apopulo·,
711 2580 784 2631 cum,
837 2569 936 2638 juncta
953 2568 1105 2640 operarium
1120 2569 1285 2642 indignum3
1302 2571 1336 2625 nd
1350 2569 1504 2640 septimum,
1521 2584 1574 2625 non
1588 2583 1635 2624 so-

76 2673 106 2724 n,
122 2654 184 2710 talis
204 2671 236 2712 ac
250 2663 338 2712 tantus
361 2665 443 2722 esset,
466 2673 499 2710 nc
518 2671 567 2726 per
595 2654 702 2710 inanem
725 2653 786 2726 glo·
839 2658 1002 2732 lumliagua
1017 2659 1202 2728 pronuntiare,
1226 2658 1370 2714 sedetiam
1388 2657 1638 2715 cordecrodercse

76 2751 203 2817 speretur
228 2761 309 2815 super
325 2760 365 2817 se,
379 2745 463 2818 elegit
481 2744 566 2801 solide
589 2743 735 2799 subsistere
756 2741 785 2798 in
838 2747 965 2803 omnibus
983 2747 1140 2803 interiorem
1165 2755 1192 2803 et
1202 2747 1325 2827 viliorem
1341 2766 1348 2818 ;
1364 2746 1399 2802 ad
1413 2755 1547 2810 noevum,
1571 2746 1637 2801 nihil

76 2835 192 2906 assessus
206 2839 248 2892 est
261 2835 343 2900 enim,
369 2840 396 2891 et
419 2851 477 2891 aon
500 2835 625 2905 seponit·
642 2833 784 2903 consessas
837 2851 920 2909 agere
935 2834 987 2890 nisi
1003 2851 1050 2908 per
1062 2850 1232 2893 communem
1251 2836 1373 2910 regulam
1384 2834 1540 2892 monasterii
1553 2842 1580 2890 st
1592 2850 1640 2906 per

76 2922 271 2979 trianensem
294 2941 340 2995 epo
357 2924 484 2979 Christos
498 2922 590 2991 (loon.
609 2936 629 2991 t,
655 2923 713 2990 ιθ),
734 2918 787 2974 Sed
802 2936 823 3013 c
840 2927 971 2996 majorum
987 2926 1124 2996 exempla;
1141 2925 1173 2979 ad
1189 2939 1302 2991 nonum,
1318 2925 1437 2993 linquam
1453 2923 1505 2980 sub
1525 2923 1638 2979 tacitur-

76 3011 205 3066 *eritatem
229 3011 370 3067 humiliter
392 3011 533 3069 consessus
559 3019 608 3077 est,
632 3009 721 3064 adhuc
751 3009 785 3062 ad
839 3015 921 3070 nitate
938 3013 1066 3072 cohibere
1080 3029 1165 3088 nsque
1179 3013 1484 3087 adinterrogationem3
1515 3013 1548 3067 ad
1563 3011 1640 3067 deci·

76 3101 173 3155 tionem
187 3101 344 3157 humilitatis
358 3101 472 3174 gradum
486 3099 617 3156 ascendit.
635 3099 680 3154 hit
694 3098 785 3155 enim:
840 3119 926 3171 mum,
937 3117 992 3159 non
1007 3118 1068 3159 csse
1086 3109 1240 3175 promptum
1255 3102 1281 3157 in
1298 3102 1351 3158 risu
1368 3119 1376 3173 3
1392 3104 1425 3158 ad
1454 3101 1638 3166 undecimum,

84 3193 145 3262 post
159 3192 467 3262 oaetortiormemujos
480 3206 538 3246 aon
554 3205 617 3247 sam
627 3188 787 3260 dionossol·
840 3192 874 3261 ιι,
889 3207 951 3248 cum
964 3192 1025 3264 quis
1038 3192 1168 3263 loquitur,
1184 3191 1278 3247 leviter
1296 3200 1324 3248 et
1342 3190 1480 3246 humiliter
1498 3205 1561 3246 cnm
1576 3204 1639 3261 gra·

76 3280 219 3351 rcrriqiom
228 3280 488 3337 calceamentorum
501 3282 562 3351 ejus
578 3279 654 3347 (tue.
672 3291 714 3347 tu,
731 3276 788 3347 td).
841 3280 931 3345 ritate,
946 3288 974 3335 et
987 3295 1074 3352 pauca
1093 3280 1175 3336 rerba
1189 3287 1216 3335 et
1238 3278 1408 3335 rationabilia
1430 3278 1579 3349 loquatur;
1606 3279 1639 3332 ad

77 3368 100 3424 si
126 3367 283 3439 simpliciter
311 3367 344 3422 ad
368 3368 483 3423 litteram
505 3367 697 3439 intelligantur,
722 3366 788 3420 satis
840 3367 1042 3434 duodecimum,
1060 3376 1091 3424 ut
1104 3367 1167 3439 quis
1180 3381 1235 3422 non
1261 3365 1348 3421 solnm
1363 3365 1390 3420 in
1411 3369 1491 3421 corde
1519 3365 1640 3432 humilis,

76 3469 190 3528 apparte
206 3456 351 3514 humilitas.
368 3456 522 3512 Secundum
538 3471 606 3510 vero
620 3451 787 3525 spiritualem
842 3457 889 3512 sed
909 3455 995 3525 ipsam
1010 3455 1190 3510 humilitatem
1201 3453 1287 3526 signis
1306 3454 1434 3526 congruis
1459 3453 1578 3509 exterius
1595 3452 1639 3508 ιι·

76 3560 97 3599 m
120 3561 161 3601 stc
184 3544 338 3616 exponitur.
360 3546 411 3600 l’er
437 3544 644 3599 calceamentum
669 3541 787 3608 Domini,
841 3545 969 3601 dentibus
982 3543 1017 3598 ad
1044 3543 1196 3614 exemplum
1209 3543 1387 3608 demonstret,
1402 3541 1428 3596 in
1442 3544 1556 3598 restium
1577 3541 1640 3597 rili-

76 3634 133 3692 ratio
153 3634 263 3692 Domini
282 3632 449 3706 intelligitur,
465 3633 536 3690 sicut
560 3647 607 3703 per
621 3630 788 3686 Psalmistam
843 3643 895 3689 tate
908 3642 936 3690 et
944 3632 1035 3689 vultus
1050 3630 1220 3701 simplicitate
1229 3634 1299 3702 (cap.
1319 3631 1359 3701 7).

75 3739 115 3779 rus
125 3724 178 3779 ait:
196 3724 226 3780 br
239 3724 393 3782 ldamoeom
406 3712 790 3782 eotendomedleeomentom
879 3725 924 3778 15.
936 3721 990 3778 Sed
1004 3735 1065 3776 cum
1081 3719 1174 3777 multis
1184 3721 1272 3776 modis
1300 3717 1497 3775 diversificetur
1525 3717 1639 3776 hundli-

76 3831 83 3870 ι
98 3812 186 3885 (Ριαι.
203 3829 272 3881 ιιιι,
283 3817 347 3883 t0);
364 3813 390 3867 id
407 3820 457 3870 est.
473 3812 503 3866 ln
518 3811 618 3867 mundo
631 3809 789 3865 incarnatus
843 3821 894 3879 tas,
908 3810 979 3868 sicut
993 3810 1058 3866 mihi
1085 3809 1199 3877 videtur,
1223 3823 1278 3865 una
1300 3816 1341 3864 est
1359 3807 1498 3863 humilitas
1514 3826 1521 3875 ;
1545 3822 1640 3863 secum

76 3900 132 3968 ebo,
153 3902 227 3971 quod
250 3910 277 3957 et
296 3902 394 3957 iactum
409 3910 460 3968 est,
475 3915 509 3957 ao
524 3915 573 3971 per
588 3900 638 3955 hoc
653 3899 705 3956 sibi
719 3899 787 3953 alie·
841 3900 906 3956 dum
925 3898 1194 3958 ellectusinteriores
1207 3906 1233 3955 et
1254 3896 1370 3955 eiiectus
1387 3896 1536 3953 exteriores
1548 3896 1641 3951 multi-

76 4003 94 4042 a
116 3989 215 4044 subditi
242 3998 313 4044 aunt.
337 3990 453 4045 loannes
480 3996 571 4044 autem
594 4003 624 4043 se
645 3987 786 4060 indignum
841 3989 948 4063 pliciter
958 3988 1068 4047 crescit:
1085 3987 1310 4059 quemadmodum
1327 4003 1397 4045 unus
1422 3989 1450 4043 ιι
1473 3985 1545 4041 idem
1561 3986 1644 4041 bomo

76 4089 128 4130 rsus
142 4083 184 4130 est
210 4075 243 4129 ad
269 4077 320 4132 hcc
335 4085 363 4131 ut
378 4079 496 4133 solveret
510 4077 654 4149 corrigiam
678 4075 787 4133 calcca-
842 4095 903 4136 cnm
920 4087 1036 4136 transeat
1046 4078 1080 4133 de
1093 4077 1205 4134 infantia
1226 4077 1261 4132 sd
1279 4076 1435 4148 pueritiam,
1464 4075 1499 4130 de
1528 4073 1640 4143 pueritia

76 4178 140 4218 aum
154 4164 272 4230 Domini,
298 4166 323 4220 id
347 4173 397 4230 est,
419 4178 448 4222 ut
463 4166 591 4236 mysteria
616 4165 785 4222 lucarnatio·
843 4169 875 4224 ad
888 4170 1068 4239 juventutem,
1082 4166 1144 4223 inde
1158 4167 1191 4221 ad
1206 4165 1312 4221 senium
1328 4180 1376 4235 per
1389 4163 1511 4220 diversas
1520 4171 1614 4219 aetates
1630 4181 1638 4228 3

76 4268 105 4308 ιι
128 4253 266 4325 aperiret;
283 4253 309 4308 in
331 4270 385 4326 quo
413 4262 484 4310 tanta
508 4254 623 4310 creditur
647 4212 825 4311 humilitusn
844 4275 913 4313 unus
926 4259 1068 4324 homoest,
1090 4255 1249 4323 conplures
1273 4253 1407 4317 homines,
1428 4251 1476 4308 scd
1504 4266 1576 4306 unus
1593 4260 1643 4306 aet

82 4349 112 4398 ut
125 4343 199 4399 omni
214 4343 345 4399 sacerdoti
361 4359 391 4397 se
408 4349 586 4413 supponeret,
609 4356 725 4415 quorum
740 4342 784 4397 cl·
840 4347 911 4402 sicut
928 4358 1024 4400 exuns
1045 4341 1151 4399 arboris
1174 4341 1264 4398 radice
1292 4340 1418 4415 procedit
1443 4339 1538 4408 stipes,
1567 4345 1594 4395 et
1609 4354 1641 4393 ex

76 4446 82 4486 ι
116 4442 156 4488 est
188 4431 384 4488 incarnationis
411 4432 543 4501 mysteria
576 4425 637 4486 aliis
670 4429 784 4501 aperire.
840 4433 929 4504 stipite
942 4433 1018 4496 rami,
1035 4447 1067 4485 ox
1083 4430 1165 4485 ramis
1178 4430 1261 4486 flores
1274 4438 1299 4485 et
1309 4429 1392 4500 iolia3
1407 4438 1434 4484 et
1448 4427 1509 4483 inde
1518 4424 1640 4491 fructus;

76 4530 162 4576 sutem
178 4521 245 4575 inter
256 4528 335 4575 natos
363 4519 509 4576 mulierum
536 4533 589 4575 non
605 4529 646 4575 est
660 4518 786 4573 inventus
843 4524 879 4576 ita
892 4537 926 4576 ex
946 4519 999 4575 uin
1013 4517 1172 4574 humilitatis
1190 4516 1281 4571 radice
1295 4517 1446 4589 procedunt
1461 4515 1533 4571 hona
1547 4529 1642 4586 opera,

76 4609 238 4677 ehumilicr,
254 4608 317 4666 idco
327 4625 375 4665 nec
386 4608 482 4678 major.
505 4608 605 4664 Sccure
627 4621 694 4679 ergo
707 4604 788 4661 toan·
843 4616 971 4679 tanquam
986 4605 1052 4661 rami
1067 4623 1075 4678 ς
1091 4603 1260 4677 paupertatis
1289 4603 1407 4671 babitus,
1422 4612 1449 4660 ct
1476 4602 1642 4662 aerbareli-

76 4695 236 4767 taltiphcem
251 4698 409 4753 thesaurum
429 4696 555 4752 virtutum
570 4694 597 4750 in
608 4693 715 4752 foveam
736 4695 788 4747 ιιι·
842 4693 1199 4769 prraesumendum
1227 4692 1307 4753 lolia:
1340 4693 1437 4751 deinde
1464 4692 1592 4766 gandium
1615 4692 1642 4747 in

76 4785 110 4842 tis
123 4785 271 4841 abscondit.
842 4784 944 4856 Spiritu
959 4795 1063 4852 sancto,
1075 4792 1203 4855 tanquam
1222 4783 1300 4839 bonae
1314 4781 1422 4838 arboris
1451 4782 1568 4839 fructus.
1597 4781 1644 4836 Est

87 4874 131 4932 Sic
144 4885 170 4930 et
198 4875 291 4946 Maria,
310 4891 390 4948 quam
405 4875 512 4932 stellam
544 4873 674 4930 marinam
698 4873 789 4943 appel·
843 4890 920 4947 erqo,
936 4873 959 4928 ni
974 4884 1046 4929 recte
1059 4873 1210 4943 perpendo,
1230 4872 1316 4929 uirtus
1331 4871 1489 4928 humilitatis
1506 4869 1663 4943 inccrde„

76 4981 89 5035 r,
109 4980 172 5021 cum
186 4976 257 5021 esset
282 4982 314 5022 ex
343 4964 475 5039 progenie
494 4972 552 5021 orta
580 4961 676 5036 regali,
709 4961 790 5017 totius
843 4962 1117 5035 specieshumilrtatis
1131 4963 1157 5016 in
1172 4977 1229 5029 ore,
1245 4961 1321 5018 labor
1334 4959 1494 5017 humilitatis
1507 4958 1535 5013 in
1549 4972 1644 5028 opere,

76 5054 133 5110 totis
160 5055 263 5121 iorma;
293 5055 434 5110 hominum
463 5063 490 5110 ct
517 5052 627 5109 domina
652 5060 788 5115 etmater,
844 5051 1181 5110 fructushunrilitarishic
1207 5050 1276 5106 etin
1299 5050 1484 5123 perventione.
1499 5049 1553 5103 Dat
1572 5045 1644 5101 enirn

76 5143 159 5199 lorum
175 5144 277 5216 regina,
297 5143 433 5215 uirginum
447 5141 526 5215 uirgo
543 5140 668 5206 iocunda,
684 5138 789 5209 deifica,
843 5143 917 5198 Deus
931 5140 1043 5217 gratiam
1058 5154 1107 5211 pro
1122 5138 1218 5211 gratia,
1229 5139 1294 5210 quia
1308 5147 1336 5194 et
1355 5139 1382 5193 in
1406 5136 1532 5208 praesenti
1562 5151 1646 5208 super

76 5231 191 5288 similem
218 5234 320 5288 habens
344 5232 468 5302 primam,
497 5229 541 5285 vel
568 5229 789 5300 subsequentem,
844 5231 975 5287 humilem
988 5237 1015 5285 et
1027 5228 1147 5300 quietum
1168 5227 1313 5298 requiescit
1330 5225 1470 5292 Dominus,
1493 5218 1527 5282 ιι
1541 5231 1644 5297 quanto

76 5336 95 5378 e
113 5323 241 5395 templum
257 5319 372 5387 Domini,
387 5318 534 5376 sacrarium
561 5317 679 5387 Spiritus
693 5318 789 5389 macti,
843 5321 956 5392 quisque
965 5317 992 5373 in
1008 5319 1057 5373 hac
1071 5325 1142 5373 terra
1155 5315 1234 5372 luerit
1251 5314 1389 5382 humilior,
1414 5321 1489 5370 tanto
1508 5314 1535 5370 in
1558 5329 1645 5390 regno

102 5410 229 5481 splendes
247 5409 332 5481 elegit
354 5416 472 5478 paternae
493 5407 599 5482 gloriae3
625 5421 686 5461 oum
708 5414 789 5476 es-et,
845 5407 1021 5465 constituetur
1044 5403 1197 5476 gloriosior.
1215 5403 1277 5460 llaec
1295 5401 1330 5458 de
1358 5401 1508 5459 humilitate
1527 5402 1643 5459 diximus

76 5514 113 5567 m,
128 5498 188 5555 tatis
201 5513 233 5555 ac
247 5506 330 5567 tana,
358 5511 413 5556 aon
427 5512 456 5554 se
480 5499 513 5555 de
537 5493 615 5554 donis
629 5493 788 5554 aestatibus
845 5501 960 5569 propter
973 5492 1105 5564 Novitios,
1121 5499 1151 5548 nt
1164 5491 1249 5550 sciam
1267 5490 1446 5549 ιιιιιιιιιιιιιιιι
1460 5506 1522 5551 caso
1540 5491 1641 5552 lusda·
