3706 5962
170 165 220 231 fil

170 294 257 351 ubera
270 293 402 359 moratur,
418 287 527 361 quando
541 287 623 345 cubat
645 287 671 345 in
687 286 834 346 secretario
848 284 960 343 cordis:
979 295 1003 374 Α

171 381 289 453 denique
304 376 412 451 quando
426 393 473 433 rex
486 384 529 432 est
541 377 569 432 in
579 377 706 435 accubitu
716 392 776 446 suo,
787 384 851 432 tunc
862 373 964 430 nardus

171 485 279 544 sponse
294 464 397 540 spargit
411 466 523 523 odorem
537 482 627 536 suum,
638 465 750 522 odorem
764 466 866 521 bonum
883 478 965 535 super

171 559 263 617 omnia
276 563 407 625 aromata,
424 556 537 612 odorem
551 555 653 628 sponsi,
670 555 757 631 magis
770 570 836 613 sero
850 552 964 609 odorem

172 664 312 721 sponsum.
337 649 398 719 lpse
417 654 458 702 est
479 646 551 701 enim
575 645 680 702 dilectae
703 661 760 701 sum
783 649 962 716 unguentum,

171 738 229 810 ipse
244 743 286 793 est
304 735 373 792 odor
395 750 400 788 :
426 751 490 789 nam
503 734 561 807 ipse
576 734 604 788 in
629 734 727 790 dilecta
747 749 796 787 sua
814 730 965 802 complacet

171 826 233 893 sibi,
250 825 307 897 ipse
324 822 435 880 redolet.
452 826 542 896 Atque
556 823 658 878 utinam
679 829 848 892 unguentum
863 820 915 875 hoc
929 817 964 873 de

171 915 258 986 capite
282 921 375 968 nostro
400 928 454 967 non
470 911 601 978 discedat,
626 920 655 967 et
679 910 771 966 odoris
794 911 852 978 ejus
873 907 963 961 fumus

170 1002 300 1058 ascendat
322 1001 357 1056 de
384 1001 513 1057 cordibus
537 1000 638 1056 nostris
663 998 691 1054 in
720 998 819 1054 saecula
847 995 962 1052 saeculo-

171 1078 242 1149 rum.
262 1092 361 1145 Amen.

432 1175 547 1233 SERMO
567 1175 698 1232 XXXIII.

173 1284 244 1343 Odor
254 1287 464 1358 unquentorum
480 1287 595 1340 tuomum
610 1298 694 1354 supet·
707 1280 806 1340 cornia
820 1282 960 1340 orometo.

453 1354 602 1424 (Cunt.1v,
621 1354 677 1423 lo.)

205 1448 229 1498 l.
246 1443 312 1498 Dies
325 1442 376 1496 ista
389 1441 538 1497 Dominicae
552 1439 768 1497 Resurrectionia
783 1453 874 1493 annua
888 1437 962 1494 cele·

167 1530 266 1586 britate
281 1528 421 1593 solemnis,
436 1529 471 1584 de
485 1527 635 1601 unguentis
653 1528 770 1600 repetito
784 1535 902 1582 tractatu
918 1542 962 1582 me

168 1618 307 1690 compellit
323 1617 476 1672 instaurare
492 1632 659 1673 sermonem.
675 1615 795 1674 Veniunt
808 1616 889 1671 bodie
904 1631 962 1670 mu·
978 1625 1001 1703 Β

167 1706 251 1762 lieres
263 1721 326 1761 cum
340 1702 507 1760 aromatibus
516 1703 617 1775 (llorc.
634 1718 696 1770 ιιιι,
713 1705 748 1771 l),
759 1702 833 1758 venit
847 1711 875 1758 et
884 1702 962 1759 Nico·

167 1794 262 1850 demus
271 1792 362 1849 ferens
373 1791 518 1846 mixturam
533 1794 652 1860 myrrbae
664 1787 750 1846 1⁰9
763 1798 789 1845 et
799 1790 875 1845 aloes
885 1790 962 1862 quasi

168 1882 242 1937 ibras
256 1888 366 1937 centum
376 1879 469 1951 (toan.
481 1893 544 1944 xix,
556 1882 602 1950 39)
616 1894 622 1933 :
637 1878 721 1934 llario
731 1878 892 1950 llagdalene
903 1878 961 1950 ipsa

165 1969 298 2043 praevenit
312 1984 415 2041 ungere
435 1982 534 2039 corpus
548 1969 612 2023 lesu
633 1968 661 2022 in
680 1966 848 2039 sepulturam
863 1968 959 2037 (llere.

166 2076 221 2127 ιιι,
237 2061 275 2132 8).
291 2057 395 2114 Videtis
410 2065 512 2129 quanta
530 2056 662 2129 mysteria
676 2056 849 2113 celebrantur
863 2055 892 2111 iu
905 2072 959 2111 un-

164 2147 284 2221 guentis.
301 2147 400 2217 llagna
418 2145 560 2215 mysteria,
575 2152 603 2201 et
621 2143 682 2216 quis
698 2144 733 2199 ad
752 2144 804 2199 ista
822 2143 960 2201 idonens?

165 2236 232 2307 Quis
252 2235 336 2307 digne
354 2241 554 2307 unguentorum
574 2232 725 2308 assignabit
743 2231 957 2300 distinctionem,

164 2324 362 2397 proprietatem
385 2324 526 2394 exponet?
541 2322 694 2393 Disputatio
717 2322 776 2376 haec
794 2321 959 2393 experientis

163 2422 214 2481 est,
230 2428 284 2468 non
307 2412 486 2482 conjicientis.
502 2412 564 2466 Non
579 2418 620 2466 est
643 2410 717 2467 enim
732 2409 813 2466 facile
833 2410 958 2482 cuiquam

162 2504 197 2559 de
212 2500 357 2574 unguentis
373 2509 498 2566 tractare,
515 2499 567 2554 nisi
586 2515 667 2572 quern
689 2499 748 2571 ipsa
766 2498 890 2555 docuerit
903 2487 957 2553 un·

162 2591 224 2646 ctio.
247 2589 335 2644 Hodie
357 2595 455 2644 unctus
474 2596 516 2643 est
539 2588 671 2644 Dominus
694 2589 755 2643 oleo
779 2587 879 2642 laetitiae
901 2602 958 2658 prae

161 2677 334 2735 consortibus
354 2676 420 2738 suis,
436 2691 491 2730 non
513 2682 604 2730 tamen
626 2676 686 2730 sine
701 2674 875 2730 consortibus
890 2674 957 2732 suis.

161 2765 302 2832 Quomodo
321 2762 393 2817 enim
407 2777 520 2818 consors
537 2770 588 2828 est,
599 2763 646 2833 qui
665 2778 720 2817 noa
735 2763 955 2834 congratulatur,

160 2868 215 2909 nou
229 2851 391 2923 congaudet,
408 2851 455 2922 qui
470 2851 624 2922 resurgenti
639 2865 693 2907 non
707 2851 847 2923 consurgit
860 2853 888 2905 in
902 2865 954 2907 no·

159 2958 221 3000 vam
244 2939 385 2996 letitiam?
408 2939 567 3010 Opportuna
591 2941 701 3011 quidem
723 2939 832 2996 occasio
854 2938 889 2995 de
904 2925 993 3005 ιιι-ὓ

159 3031 270 3104 guentis
283 3028 425 3085 vobiscum
441 3028 587 3095 disserere,
598 3027 647 3085 sed
657 3028 743 3084 multo
754 3028 842 3101 magis
857 3044 953 3100 oppor-

160 3128 224 3175 tuna
237 3116 383 3190 unguentis
398 3116 534 3172 redolere.
557 3116 615 3172 Vos
631 3115 738 3189 exigitis
756 3133 772 3171 a
786 3133 831 3173 me
845 3133 952 3174 sermo-

158 3223 233 3279 nem,
250 3219 277 3264 ει
292 3221 343 3278 ego
357 3222 372 3261 a
385 3206 462 3262 vohis
476 3212 677 3278 ungnentorum
692 3206 806 3262 odorem
821 3207 951 3278 deposco.

158 3295 221 3364 Qua
244 3297 348 3351 ratione
369 3311 429 3351 cum
455 3295 556 3349 sanctis
574 3295 734 3351 mulieribus
756 3295 864 3350 Domini
887 3296 952 3351 lesu

157 3384 336 3459 frequentatis
351 3392 569 3451 monumentum,
587 3383 610 3439 si
624 3383 727 3439 nullum
743 3383 885 3456 spirituale
904 3384 954 3440 de·

155 3475 233 3532 fertis
248 3475 283 3529 ad
296 3474 363 3529 illud
377 3474 567 3547 unguentum?
582 3474 651 3529 Caro
671 3473 780 3530 Domini
794 3472 874 3530 bodie
889 3473 952 3546 glo—

154 3564 228 3620 riose
238 3572 281 3619 est
290 3564 431 3618 immutata
440 3570 549 3634 propter
561 3560 661 3620 oleum.
673 3563 770 3619 Nonne
786 3561 953 3634 condignum

154 3651 263 3709 videtur
287 3657 317 3704 ut
335 3650 418 3705 corda
436 3657 529 3704 nostra
547 3649 725 3707 immutentur
743 3658 771 3708 et
788 3659 952 3708 convertan-

154 3748 200 3796 tur
218 3739 246 3793 in
264 3738 354 3795 oleum
374 3736 525 3809 spirituale,
548 3736 575 3792 in
600 3738 692 3794 oleum
713 3740 903 3797 exsultationis
923 3746 952 3797 et

154 3828 254 3886 laetitiae
263 3827 278 3884 f
286 3828 457 3884 lnstitueram
468 3827 504 3882 de
516 3827 662 3901 unguentis
672 3844 838 3900 sermonem,
849 3836 876 3885 et
886 3844 950 3885 ecce

155 3915 302 3988 disputatio
324 3921 417 3971 nostra
436 3915 513 3970 batsit
527 3915 554 3970 in
578 3916 650 3972 oleo.
670 3917 706 3971 Et
729 3916 792 3989 quid
812 3916 872 3973 oleo
889 3933 951 3973 cum

155 4002 325 4077 unguentis?
344 4003 458 4058 llultum
476 4003 595 4075 quidem,
611 4011 639 4060 et
657 4003 681 4059 si
699 4022 755 4062 non
773 4022 823 4078 per
840 4021 951 4063 omnem

155 4093 267 4151 modam
280 4091 354 4148 idem
378 4098 430 4159 est,
446 4092 552 4149 accedit
565 4100 656 4150 tameo
674 4111 708 4150 ex
723 4103 799 4166 parte
819 4096 910 4169 aliqua
925 4104 952 4152 et

156 4181 323 4239 assimilatur
336 4180 387 4238 eis.
405 4182 502 4236 Olcam
522 4181 605 4248 enim,
622 4183 745 4255 quamvis
766 4199 820 4239 non
835 4185 950 4257 fragrat,

817 156 1009 223 altisssimi
1032 158 1168 220 taetris

1767 168 1817 230 172

1021 284 1064 351 rit,
1079 298 1142 340 cum
1159 283 1207 340 illa
1226 289 1306 358 capnt
1325 285 1385 357 ejus
1406 282 1557 357 perfuderit
1573 293 1715 361 unguento
1735 288 1813 362 (loc.

1020 387 1069 439 vu,
1087 373 1143 446 tt).
1154 373 1238 431 Vides
1248 375 1384 448 quomodo
1393 382 1534 448 unguenta
1543 375 1603 431 oleo
1618 377 1812 450 preferuntur,

1019 469 1046 517 et
1060 461 1197 519 odorifera
1216 463 1380 536 unguenta?
1401 465 1469 519 Nam
1488 471 1587 534 praeter
1605 466 1658 522 hoc
1676 469 1749 539 qnod
1764 487 1815 525 un-

1020 549 1118 606 ctionis
1137 551 1238 607 babent
1256 551 1396 621 eflectum,
1412 551 1531 624 quodam
1551 552 1644 609 odoris
1662 557 1813 628 spiritualis

1021 638 1154 695 beneficio
1164 649 1328 714 praerogant.
1340 640 1437 697 Unctio
1452 641 1562 713 quidem
1576 644 1685 714 parcior
1699 653 1752 715 est,
1763 649 1814 704 sed

1020 727 1171 800 fragrantia
1191 745 1221 784 se
1246 729 1372 784 diffundit
1391 729 1419 783 in
1440 729 1542 801 plures.
1562 732 1649 786 Etiam
1669 734 1716 805 qui
1739 736 1813 791 solus

1019 815 1138 887 ungitur,
1162 831 1217 871 non
1240 816 1314 872 solus
1338 815 1443 872 odorat.
1467 817 1560 873 Virtus
1583 817 1635 874 ista
1659 823 1812 879 communis

1017 912 1070 972 est,
1086 903 1108 958 si
1121 903 1150 958 in
1163 919 1259 960 omnes
1273 921 1302 960 se
1313 907 1426 978 spargit.
1441 904 1514 978 Ergo
1529 907 1621 964 unctio
1632 909 1690 978 tibi,
1702 912 1770 968 odor
1785 921 1813 967 et

1017 992 1076 1047 aliis
1090 1001 1118 1048 et
1133 993 1191 1048 tibi.
1207 995 1280 1050 Bene
1290 993 1401 1067 ungitur
1416 1001 1443 1048 et
1456 996 1528 1050 bene
1538 995 1654 1066 redolet,
1666 999 1711 1070 qui
1723 1000 1812 1073 diligit

1016 1080 1088 1136 bona
1102 1096 1194 1137 coram
1210 1084 1276 1151 Deo,
1288 1090 1315 1138 et
1325 1081 1450 1153 procidet
1459 1083 1530 1138 bona
1539 1099 1633 1140 coram
1643 1087 1810 1146 hominibus.

1015 1171 1141 1244 gaudete,
1155 1171 1241 1244 inquit
1252 1170 1357 1237 Paulus,
1365 1173 1396 1229 in
1404 1172 1521 1232 Domino
1530 1171 1655 1246 senopem
1665 1181 1694 1233 et
1704 1177 1811 1236 iterum

1016 1262 1088 1330 dico,
1102 1261 1218 1333 gaudete
1228 1279 1237 1316 :
1247 1260 1385 1318 modestia
1395 1266 1563 1319 vestranoto
1572 1263 1612 1319 ait
1623 1266 1754 1323 carnibus
1765 1268 1812 1325 lto·

1015 1349 1139 1406 minitas
1157 1349 1291 1421 (Philipp.
1306 1364 1344 1417 ur,
1359 1351 1386 1421 l,
1402 1350 1441 1420 5).
1457 1348 1592 1406 Gaudium
1610 1352 1646 1407 ad
1659 1365 1809 1427 unguenta,

1015 1439 1156 1495 modestiae
1179 1439 1302 1495 notitiam
1325 1438 1360 1494 ad
1382 1438 1496 1496 odorem
1519 1439 1631 1499 referto.
1651 1443 1719 1499 audi
1742 1461 1810 1517 quo-

1016 1528 1097 1585 modo
1120 1528 1179 1598 ipse
1203 1528 1301 1584 Paulus
1323 1527 1435 1585 odorem
1450 1529 1484 1584 ad
1504 1528 1627 1585 notitiam
1651 1532 1743 1590 trabit.
1774 1538 1809 1592 Et

1016 1615 1137 1680 odorem,
1154 1613 1250 1685 inquit,
1266 1614 1381 1671 oottttoe
1396 1631 1454 1672 sue
1465 1631 1517 1687 per
1530 1631 1580 1674 oos
1592 1619 1761 1688 monifestat
1777 1620 1809 1676 tu

1016 1704 1093 1758 orani
1103 1703 1170 1759 loco
1185 1702 1223 1772 (11
1236 1703 1296 1759 Cor.
1316 1718 1346 1770 ιι,
1364 1703 1418 1775 tt).
1435 1704 1539 1760 Bonum
1554 1721 1623 1777 ergo
1638 1709 1808 1777 unguentum

1015 1798 1042 1846 et
1056 1791 1145 1846 bonus
1168 1789 1245 1857 odor,
1261 1789 1409 1869 spiritualis
1426 1791 1455 1847 in
1474 1790 1591 1849 Domino
1609 1795 1765 1864 exsultatio,
1782 1805 1810 1853 et

1014 1878 1139 1933 modesta
1149 1877 1277 1933 exhibitio
1299 1893 1305 1931 :
1321 1878 1413 1933 laetitia
1428 1887 1456 1935 et
1474 1879 1579 1938 notitia.
1595 1882 1667 1938 Bene
1683 1885 1807 1957 ungitur,

1014 1965 1059 2022 cui
1080 1967 1211 2021 Dominus
1235 1966 1263 2020 in
1277 1967 1450 2024 conscientiae
1472 1969 1610 2026 interioris
1628 1971 1727 2046 gaudio
1748 1973 1809 2045 pla-

1014 2062 1067 2122 cet,
1093 2053 1305 2126 quidelectatur
1322 2054 1425 2127 inipso
1445 2075 1452 2113 :
1472 2064 1500 2113 et
1513 2058 1585 2114 bene
1604 2058 1660 2116 olet
1682 2061 1806 2133 quicum

1015 2143 1097 2199 Paulo
1116 2141 1240 2198 omnibus
1258 2158 1309 2214 per
1327 2144 1419 2199 omnia
1432 2145 1522 2216 placet
1535 2146 1563 2218 (l
1575 2149 1636 2204 Cor.
1657 2164 1683 2215 ιι,
1709 2153 1762 2219 33),
1780 2161 1807 2208 ει

1013 2246 1067 2286 non
1086 2230 1176 2302 placet
1190 2230 1243 2285 nisi
1265 2230 1293 2285 in
1312 2231 1446 2301 Domin03
1473 2231 1500 2287 in
1520 2236 1600 2304 cujus
1617 2237 1741 2294 modesto
1762 2241 1807 2294 ha-

1013 2319 1081 2384 bitu,
1097 2319 1214 2375 discreto
1229 2334 1323 2390 opere,
1344 2336 1472 2378 sermone
1491 2321 1581 2391 docto,
1597 2324 1735 2382 interioris
1748 2327 1806 2383 ala-

1013 2408 1116 2465 critatis
1130 2416 1157 2463 et
1179 2408 1273 2481 gratiae
1292 2409 1416 2482 fragrant
1430 2418 1580 2483 unguenta.
1594 2413 1668 2470 Bene
1682 2416 1804 2491 ungitur,

1013 2497 1059 2570 qui
1079 2496 1212 2570 gloriatur
1225 2498 1253 2552 in
1273 2499 1387 2556 Domino
1411 2507 1463 2554 :et
1479 2499 1550 2556 bene
1569 2501 1633 2570 olet,
1652 2519 1703 2574 per
1722 2521 1804 2576 quem

1012 2585 1144 2641 Dominus
1163 2583 1328 2658 glorificatur
1346 2601 1439 2642 coram
1458 2587 1619 2644 hominibus.
1636 2590 1666 2644 Et
1685 2590 1736 2662 ipsi
1757 2593 1804 2664 qui

1012 2673 1125 2740 redolet,
1141 2672 1209 2728 odor
1224 2689 1289 2729 suus
1303 2674 1424 2731 suaviter
1434 2672 1547 2747 fragrat,
1563 2676 1586 2730 si
1601 2691 1655 2733 non
1670 2678 1804 2751 gloriatur

1009 2777 1039 2817 se
1054 2761 1142 2833 ipsum
1157 2761 1351 2828 commendari,
1365 2762 1415 2818 scd
1433 2779 1484 2833 per
1497 2781 1527 2820 se
1543 2764 1699 2821 Dominum.

1045 2853 1071 2904 3.
1090 2848 1161 2906 Odor
1173 2855 1383 2921 unguentorum
1398 2856 1512 2909 tuorum
1527 2869 1611 2927 super
1625 2855 1721 2914 ornoic
1735 2873 1803 2916 aro·

1008 2943 1098 2994 mota.
1114 2937 1200 2994 Vultis
1215 2945 1244 2992 ut
1257 2938 1330 2993 inter
1343 2949 1481 3011 unguenta
1496 2949 1524 2997 et
1537 2951 1660 2999 aromata
1671 2944 1805 3001 differen-

1008 3028 1073 3081 tiam
1086 3026 1163 3083 vobis
1177 3027 1338 3100 assignem?
1351 3029 1412 3101 lpse
1433 3044 1501 3102 ergo
1516 3047 1608 3088 sermo
1622 3032 1727 3089 Cantici
1742 3034 1802 3090 dis-

1007 3115 1133 3188 tinguere
1146 3115 1263 3182 videtur,
1279 3132 1335 3172 non
1355 3119 1506 3188 reprobans
1526 3128 1657 3188 aromata,
1681 3122 1730 3177 sed
1749 3140 1803 3178 un-

1006 3211 1109 3277 guenta
1129 3220 1301 3275 praeponens.
1318 3205 1456 3273 Quantum
1471 3221 1538 3279 ergo
1561 3208 1590 3264 in
1611 3210 1803 3267 consimilibus

1007 3299 1035 3348 et
1048 3293 1202 3362 conjunctis
1224 3293 1306 3348 rebus
1320 3293 1443 3350 iuvenire
1458 3295 1593 3353 distantiae
1608 3313 1729 3370 possum,
1745 3317 1802 3355 un-

1006 3388 1109 3453 guenta
1127 3381 1214 3438 uideri
1231 3390 1345 3452 possunt
1361 3383 1432 3438 dona
1447 3385 1597 3456 gratiarum
1613 3404 1673 3461 quae
1688 3389 1716 3444 in
1735 3389 1802 3460 Spi-

1006 3470 1060 3526 ritu
1083 3482 1177 3527 saocto
1200 3471 1378 3528 conferuntur
1395 3486 1401 3526 :
1422 3481 1545 3530 aromata
1558 3492 1623 3533 vero
1638 3476 1695 3549 ipsa
1709 3477 1804 3534 officia

1006 3576 1068 3635 quse
1079 3560 1176 3616 devote
1191 3560 1356 3621 referuntur.
1372 3562 1402 3616 ln
1416 3563 1545 3634 operibus
1560 3575 1588 3620 et
1598 3564 1626 3620 in
1640 3565 1738 3622 officiis
1753 3569 1804 3623 ho·

1005 3649 1121 3706 nestatis
1135 3649 1260 3722 quaedam
1275 3651 1407 3707 naturalis
1422 3653 1527 3723 species
1542 3661 1619 3728 grata
1634 3661 1685 3722 est,
1703 3655 1731 3710 in
1746 3673 1803 3711 un-

1005 3739 1114 3811 guentis
1132 3739 1221 3811 gratia
1235 3738 1360 3808 Spiritus.
1382 3741 1529 3797 Dominum
1542 3742 1636 3799 lesum
1658 3744 1728 3821 legis
1746 3763 1802 3804 un-

1005 3835 1080 3886 ctum
1101 3828 1198 3900 spiritu
1213 3836 1240 3884 et
1254 3828 1354 3886 virtute
1371 3844 1377 3884 :
1393 3830 1431 3888 ita
1445 3838 1473 3888 et
1486 3846 1615 3903 sponsam
1630 3834 1692 3906 ejus
1705 3834 1734 3890 in
1749 3837 1804 3894 boc

1006 3916 1098 3974 decuit
1112 3917 1265 3986 assimilari,
1283 3927 1311 3973 ut
1327 3927 1353 3974 et
1367 3919 1426 3991 ipsa
1444 3920 1540 3992 spiritu
1554 3929 1582 3977 et
1595 3923 1694 3980 virtute
1709 3940 1803 3999 unga·

1006 4013 1060 4063 tur.
1075 4008 1148 4064 Bona
1171 4007 1282 4080 quidem
1296 4017 1358 4064 sunt
1374 4019 1496 4066 aromata
1510 4011 1649 4081 virtutum,
1665 4022 1693 4070 et
1706 4031 1757 4086 per
1771 4032 1804 4074 se

1005 4096 1129 4155 redolere
1145 4099 1290 4155 videntur:
1307 4101 1355 4156 sed
1370 4101 1547 4158 cumulatiore
1562 4103 1651 4178 gratie
1665 4105 1802 4178 fragrant,

1006 4201 1068 4242 cum
1090 4187 1125 4242 de
1149 4188 1277 4244 unctione
1301 4189 1417 4260 Spiritus
1435 4190 1573 4247 suavitatis
1600 4191 1685 4248 ΙΙθ
1706 4210 1804 4266 asper-

157 4270 265 4344 mitigat
278 4279 370 4326 tamen
386 4285 392 4324 :
409 4286 464 4325 noo
478 4271 550 4327 bone
564 4270 630 4341 olet,
645 4273 694 4328 sed
707 4276 778 4330 benc
793 4277 906 4350 ungeris
919 4294 952 4334 ex
969 4277 992 4354 n
1007 4284 1109 4352 guntur
1132 4276 1224 4333 odore.
1249 4276 1340 4349 Opera
1355 4278 1415 4351 ipsa
1433 4287 1461 4335 et
1484 4279 1598 4337 virtutes
1613 4298 1676 4338 cum
1694 4283 1737 4338 bis
1755 4284 1804 4356 qui

159 4375 203 4417 eo.
220 4359 267 4415 llic
290 4367 382 4415 autem
406 4365 530 4413 nontam
553 4359 712 4417 unctionem
735 4378 816 4433 quam
839 4365 953 4423 odorem

159 4447 378 4507 commendatio
397 4447 547 4520 unguentis
569 4463 686 4520 sponsae.
705 4453 740 4506 at
762 4450 839 4518 odor,
855 4454 954 4528 inquit,

159 4543 368 4610 unquentorum
385 4541 499 4592 tuorum
512 4553 598 4609 super·
612 4538 711 4595 omnio
724 4548 864 4600 aromata.

196 4633 222 4683 2.
238 4626 299 4682 Non
309 4626 497 4682 omnisanima
508 4626 652 4682 odoriferis
662 4629 781 4685 abundat
795 4636 954 4708 unguentis,

161 4715 232 4772 sicut
246 4723 273 4770 et
288 4715 384 4770 mulier
397 4715 443 4770 illa
456 4716 483 4770 in
496 4716 603 4787 Regum
623 4717 694 4775 libro
708 4719 827 4792 loquitur
840 4725 874 4780 ad
889 4744 956 4799 pro-

159 4803 956 4890 phetam:Nonesttodomomartbipaolutumotciquo

160 4910 253 4966 snper
268 4891 316 4962 fll'
333 4893 399 4964 fleg.
419 4908 457 4962 ιι,
479 4893 517 4964 2).
538 4894 597 4950 Non
614 4896 696 4952 babet
718 4900 776 4957 baec
791 4903 890 4960 mulier
903 4922 955 4963 un·

159 4993 262 5057 guenta
275 4981 419 5038 odoriferis
427 4980 573 5054 speciebus
582 4987 742 5058 composita,
758 4992 807 5047 sed
821 4992 910 5050 oleum
920 4995 956 5052 ad

159 5073 315 5130 unctionem
339 5070 455 5142 simplex
477 5079 505 5127 et
523 5073 662 5146 exiguum.
678 5077 762 5134 llario
783 5081 952 5155 llagdalene,

159 5177 214 5218 non
224 5162 316 5234 Legis,
331 5161 380 5217 scd
389 5161 545 5235 evangelica
556 5165 662 5234 mulier,
680 5177 850 5240 unguentum
865 5171 955 5231 defert

157 5248 235 5306 nardi
249 5251 346 5322 spicati
370 5251 493 5325 pretiosi,
508 5269 559 5310 nec
573 5255 712 5332 exiguum,
728 5257 777 5314 sed
794 5258 893 5316 libram
907 5262 953 5320 in·

156 5346 262 5418 tagram
275 5339 368 5418 (locu.
393 5359 442 5416 ιιι,
459 5344 498 5420 3).
512 5346 547 5401 Ει
560 5346 618 5420 ipse
634 5347 729 5405 Simon
748 5348 922 5423 redarguitur
935 5369 953 5410 a

154 5436 282 5506 Domino,
294 5439 367 5515 quod
381 5455 433 5501 nec
443 5435 503 5496 oleo
518 5437 630 5516 quidem
644 5445 726 5514 caput
740 5440 801 5514 ejus
814 5456 952 5516 perunxe-

1009 4370 1075 4429 foris
1099 4375 1161 4423 sunt
1175 4367 1330 4424 communia
1344 4367 1424 4424 nobis
1443 4383 1504 4424 esse
1523 4380 1647 4441 possunt,
1662 4380 1805 4446 unguenta

1008 4479 1063 4519 non
1075 4467 1199 4532 possunt.
1215 4458 1339 4530 Denique
1355 4459 1404 4514 etsi
1420 4476 1469 4530 per
1483 4475 1513 4515 se
1527 4461 1640 4532 pulclua
1654 4471 1725 4528 sunt,
1741 4462 1805 4534 plus

1008 4551 1118 4625 placent
1132 4564 1195 4605 cum
1208 4548 1358 4619 procedent
1372 4549 1406 4604 de
1422 4549 1534 4620 Spiritu.
1550 4551 1693 4621 Quomodo
1707 4551 1805 4607 viden-

1012 4652 1052 4698 tes
1065 4655 1149 4712 opera
1170 4638 1241 4694 bona
1261 4637 1413 4711 glorificant
1429 4640 1526 4708 Deum,
1550 4640 1602 4695 nisi
1625 4640 1688 4713 quia
1703 4639 1805 4696 intelli·

1008 4736 1078 4803 gunt
1092 4729 1165 4802 quod
1179 4728 1268 4800 ipsum
1282 4742 1351 4799 opus
1366 4729 1467 4783 bonum
1482 4735 1509 4783 ot
1523 4743 1539 4783 a
1554 4729 1612 4784 Deo
1627 4729 1710 4796 venit,
1728 4738 1756 4785 et
1768 4731 1805 4786 ad

1010 4818 1098 4890 ipsum
1113 4817 1186 4874 vadit
1197 4817 1210 4874 l
1220 4817 1248 4873 Si
1263 4833 1317 4888 qua
1330 4832 1395 4873 sane
1410 4815 1438 4870 in
1452 4833 1496 4872 me
1510 4816 1581 4873 bona
1594 4826 1666 4885 sunt,
1682 4818 1805 4890 gratiora

1009 4906 1076 4963 mibi
1097 4905 1207 4978 quidem
1222 4911 1294 4971 sunt,
1310 4919 1372 4961 eum
1393 4905 1560 4976 deputantur
1578 4907 1674 4978 gratiae
1691 4906 1803 4975 Christi,

1010 5013 1074 5054 cum
1092 4996 1152 5066 ejus
1166 4994 1194 5049 in
1208 5011 1252 5051 me
1271 4994 1362 5050 unctio
1377 4995 1593 5063 commendatur,
1609 5011 1672 5052 cum
1687 4997 1805 5068 Spiritus

1010 5083 1125 5156 redolet,
1140 5083 1226 5156 magis
1244 5098 1326 5155 quam
1345 5099 1408 5140 cum
1427 5074 1559 5140 naturalis
1572 5084 1677 5141 arbitrii
1700 5085 1804 5158 praedi·

1008 5182 1085 5232 catur
1099 5173 1221 5244 facultas,
1237 5181 1283 5228 aut
1301 5172 1405 5230 fructus
1426 5174 1577 5231 industriae.
1593 5173 1718 5247 Denique
1741 5174 1803 5231 sine

1008 5264 1137 5322 unctione
1150 5262 1275 5338 Spiritus,
1291 5270 1319 5321 et
1333 5272 1430 5322 natura
1443 5264 1570 5326 libertate
1580 5263 1737 5324 destituitur
1753 5264 1804 5336 (5),

1041 5448 1082 5525 (ὅ)
1097 5447 1164 5507 Vide
1178 5463 1263 5506 serm.
1278 5449 1325 5520 33,
1339 5463 1390 5510 nn.
1409 5450 1436 5522 3,
1453 5447 1480 5505 l.
