3706 5962
173 220 242 285 lost
590 210 635 285 ,tlt
659 208 876 275 inuenerunt
896 208 1004 270 satta
1021 210 1145 273 andrea
1160 212 1331 276 stationes
1350 211 1394 272 tv.
1752 215 1818 275 lost

170 359 281 420 quoque
295 339 408 398 naribus
421 337 548 410 erumpit,
564 345 591 395 el
609 355 659 410 per
673 338 799 394 olfactum
813 335 905 393 odoris
920 348 968 391 ra·
985 346 1018 427 Α
1062 337 1089 391 5.
1104 336 1252 410 Eapropter
1272 344 1300 393 et
1313 352 1374 401 nos,
1387 351 1404 393 ο
1416 335 1523 409 Regina
1538 336 1739 396 miserirordiae
1760 359 1773 392 ι
1788 340 1827 395 ad

171 436 203 492 rii
227 433 320 490 suatia
339 430 536 486 oblectamenta
549 431 670 501 requirit.
686 426 733 482 llis
749 438 834 499 pasta,
861 423 969 480 aurium
1027 432 1052 477 te
1069 424 1216 480 clamamus
1227 424 1334 482 exsules
1348 424 1393 480 filii
1415 426 1490 483 Evae.
1515 446 1529 479 r
1554 427 1665 484 Clamor
1687 437 1731 485 est
1753 428 1819 485 aliua

170 540 220 596 per
234 538 338 597 organa
352 520 482 591 procedit,
493 526 518 573 et
528 518 606 574 dulce
618 517 714 583 melos,
730 516 904 580 harmonicas,
921 528 968 570 or·
1021 513 1087 579 oris,
1100 513 1170 570 alius
1184 515 1285 572 cordis.
1305 515 1414 570 Clamor
1428 515 1484 571 oris
1497 514 1551 570 alta
1565 517 1727 574 vontmatio
1743 533 1752 576 t
1769 519 1820 576 cla-

172 613 285 688 qanica‚
310 609 485 666 aritltmeticae
507 606 656 676 disciplinae
680 614 757 677 capta
777 621 828 678 per
848 604 968 660 auditum
1020 615 1067 657 1110
1101 603 1193 658 cordis
1211 605 1297 661 valida
1318 610 1346 660 cl
1371 601 1485 676 supplex
1498 604 1532 658 sd
1556 604 1641 660 Mum
1665 606 1821 665 intentionis

171 702 305 759 introrsus
318 698 409 756 trabit.
425 699 507 752 Tactu
521 712 630 768 quoque
644 697 761 761 subtilia,
788 695 870 762 levia,
884 706 911 751 et
932 695 970 749 le·
1021 688 1143 747 directio.
1158 692 1235 749 Deus
1256 693 1337 761 intus,
1351 693 1433 748 bomo
1456 691 1532 748 loris.
1556 693 1598 748 nd
1622 709 1673 750 eos
1686 697 1734 767 qui
1759 696 1822 753 tom

173 805 217 847 tna
238 787 371 860 palpando
384 784 503 855 discutit,
517 787 544 839 et
560 783 586 838 in
604 785 665 842 aula
682 783 821 840 memoriae
836 782 969 854 palpando
1022 789 1094 846 sunt,
1115 781 1217 837 clamor
1234 782 1310 838 oris:
1324 782 1359 839 ad
1379 781 1464 836 Deum
1487 789 1516 838 et
1539 784 1585 852 qui
1603 798 1671 840 cnm
1692 799 1725 840 eo
1751 784 1822 843 intua

173 878 326 936 desiderata
341 877 456 946 reponit.
473 875 529 929 Nec
548 872 637 928 minus
651 880 731 946 gustu
758 872 873 928 laudum
896 887 968 942 prae·
1020 878 1094 935 suut,
1109 871 1212 926 clamor
1225 872 1325 928 cordas.
1346 872 1420 926 lutus
1433 870 1505 927 ubi?
1519 871 1548 925 ln
1563 871 1674 944 spiritu.
1690 873 1822 942 Qualiter,

173 967 238 1025 libat
248 966 403 1023 varietatem
416 978 553 1036 saporum.
567 962 623 1017 llos
633 962 725 1017 haedos
739 977 804 1016 suos
814 976 894 1016 meus
908 977 969 1032 quae
1021 956 1134 1032 inquis?
1144 959 1254 1016 Duobus
1263 960 1362 1016 modis.
1375 959 1674 1034 Quibuslcoqnilione
1684 972 1820 1028 elamore,

172 1072 202 1113 se
221 1056 328 1127 ignorat
343 1062 370 1110 et
383 1053 480 1121 Deum,
498 1050 582 1122 pascit
593 1051 670 1120 juxto
689 1049 891 1106 tabernaculum
920 1066 969 1120 pa·
1022 1047 1187 1105 revelatione
1196 1065 1228 1106 ac
1241 1050 1398 1122 devotione,
1412 1060 1492 1107 acuto
1514 1060 1541 1106 et
1554 1049 1655 1108 calido.
1672 1052 1761 1113 nodis
1783 1053 1823 1110 bia

172 1154 277 1204 storum
292 1160 339 1215 per
363 1158 406 1199 res
421 1149 575 1212 temporum
599 1149 626 1194 et
650 1138 839 1210 temporalium
862 1137 969 1197 vanita-
1021 1135 1095 1193 Deus
1109 1137 1305 1205 corinbabitat,
1324 1153 1379 1194 non
1390 1139 1464 1195 solus
1478 1149 1579 1199 tamen
1607 1139 1661 1196 Ubi
1676 1143 1750 1199 enim
1764 1141 1822 1200 tne-

173 1233 397 1302 tummendicans
428 1247 460 1286 ex
486 1245 517 1286 ea
546 1243 606 1301 qnae
636 1229 754 1297 [tractarit
778 1227 867 1300 figura
888 1229 970 1298 httjus
1022 1225 1057 1280 rit
1071 1241 1178 1298 corpus,
1200 1226 1265 1284 illuc
1287 1229 1569 1301 congregabunturet
1590 1229 1693 1302 aquilea
1709 1231 1820 1300 (uena

173 1320 277 1388 mundi,
294 1321 365 1376 unde
388 1334 464 1374 suam
487 1316 638 1373 famelicam
660 1315 840 1372 curiositatem
862 1316 968 1389 aliqua·
1022 1330 1099 1383 xxti,
1119 1319 1177 1388 28).
1191 1319 1227 1372 Αι
1255 1318 1318 1390 quid
1333 1319 1348 1374 ‘l
1362 1317 1395 1374 Ut
1416 1326 1562 1373 renovetur
1576 1317 1650 1374 sicut
1666 1319 1820 1391 aquileiu-

173 1421 252 1469 tenus
277 1409 440 1467 consoletur.
455 1408 615 1478 Comparate
629 1416 670 1462 est
682 1406 754 1461 enim
766 1405 898 1475 jumentis
926 1406 969 1460 in·
1023 1407 1234 1462 tentuscordis.
1257 1405 1340 1462 lbiet
1361 1405 1405 1462 illa
1418 1405 1509 1480 aquila
1534 1407 1648 1479 grandis
1664 1424 1820 1481 magmenta

172 1498 343 1571 sipientibus,
368 1506 395 1554 et
418 1495 514 1552 similis
537 1495 606 1550 lacta
629 1500 670 1549 est
690 1493 836 1567 illis3quia
857 1510 918 1551 cum
941 1496 970 1551 in
1025 1493 1126 1550 alarum
1154 1496 1250 1552 Sancta
1278 1506 1434 1552 sanctorum
1461 1495 1628 1563 innocentia,
1656 1504 1685 1554 el
1713 1502 1820 1572 aequitas

172 1590 276 1647 bonore
292 1597 374 1652 esset,
390 1602 443 1642 nou
458 1583 588 1640 intellexit
607 1583 680 1654 quod
696 1582 776 1638 limus
790 1593 869 1651 esset,
886 1586 971 1642 bono·
1016 1584 1132 1640 exaudit
1163 1584 1296 1653 invocata,
1325 1585 1348 1640 si
1376 1583 1541 1641 clamoribus
1568 1586 1685 1643 occultis
1715 1588 1828 1650 assidue.

172 1680 214 1735 ris
233 1677 341 1749 fastigio
355 1676 498 1732 delectata.
520 1673 588 1728 ilinc
607 1672 726 1727 nascitur
745 1674 773 1728 in
787 1672 883 1729 exsilio
897 1675 974 1731 vani·
989 1645 1012 1725 Β
1026 1667 1106 1725 luerit
1121 1670 1242 1726 excitata.
1258 1671 1292 1726 tlt
1305 1684 1356 1726 nos
1369 1670 1458 1727 adbuc
1475 1669 1523 1726 lilii
1547 1671 1611 1729 llrae
1637 1680 1818 1743 transfirmo-

171 1768 235 1842 qatis
255 1777 345 1824 motus
365 1765 425 1820 sino
439 1762 593 1826 stabilitate,
619 1760 694 1817 labor
709 1761 767 1817 siue
786 1762 891 1833 requie,
907 1779 973 1819 cur·
1026 1774 1082 1823 res,
1111 1758 1159 1814 lilii
1186 1758 1386 1825 inobedientiae,
1403 1757 1452 1815 lilii
1476 1760 1570 1817 matris
1592 1760 1819 1832 antiquae„adta

173 1875 222 1917 sus
246 1857 305 1913 sine
321 1852 516 1926 perventione3
531 1848 616 1907 ²²6
629 1851 665 1906 ita
687 1858 716 1906 ut
736 1866 845 1919 semper
870 1855 975 1925 iuquie-
1024 1847 1182 1915 clamamus,
1210 1849 1315 1922 Regina
1328 1848 1530 1907 misericordie.
1549 1851 1703 1907 llerertere
1716 1849 1819 1906 visita!

173 1961 231 2005 tum
245 1947 279 2002 sit
293 1960 351 2010 cor,
367 1945 453 2000 donec
466 1943 500 1996 ad
517 1940 629 2012 patriam
648 1939 767 1996 veritatis
784 1940 873 1996 redire
883 1957 974 2015 coepe·
1025 1936 1052 1992 in
1068 1938 1148 1993 uobis
1161 1948 1283 1994 naturam
1297 1949 1390 1996 tuam:
1406 1945 1541 1995 revertere
1562 1940 1740 1997 ostendendo
1756 1955 1818 2007 eant,

173 2035 228 2103 rit3
252 2048 348 2105 egens,
365 2041 393 2087 et
412 2032 446 2085 de
469 2027 578 2101 siliquis
593 2043 738 2099 porcorum
757 2028 851 2085 satiari
871 2030 976 2086 deside·
1026 2042 1106 2100 quam
1123 2027 1149 2081 in
1167 2026 1339 2084 Christicolas
1352 2027 1600 2085 babescbaritstcm
1618 2035 1696 2084 tuam
1712 2046 1720 2084 τ
1737 2043 1819 2085 rere·

170 2140 247 2193 rsus,
272 2136 413 2194 quousque
427 2121 462 2175 ad
480 2119 566 2174 Patris
583 2120 693 2175 domum
712 2118 896 2188 suspiraverit,
925 2120 972 2175 ubi
1027 2122 1083 2170 tere
1099 2130 1147 2180 per
1160 2113 1324 2184 singularem
1340 2117 1368 2171 in
1383 2131 1432 2172 nos
1450 2117 1536 2172 aDeo
1553 2116 1650 2173 datam
1664 2125 1819 2186 potestaten

172 2210 354 2270 mercenarius
377 2209 496 2264 abundat
515 2208 638 2278 panibus,
659 2214 686 2263 et
704 2220 800 2264 omnes
832 2208 971 2266 domestici
1026 2211 1117 2260 luem:
1134 2215 1268 2260 revertere
1283 2218 1331 2275 per
1345 2220 1417 2275 eam,
1432 2221 1493 2276 quae
1504 2204 1551 2261 tibi
1565 2205 1727 2276 specialiter
1739 2205 1819 2261 inlusa

170 2301 259 2362 vestiti
273 2310 335 2355 sunt
349 2297 510 2370 duplicibus.
1024 2291 1102 2347 estin
1131 2292 1296 2364 plenitudiue
1318 2293 1421 2366 gratiae,
1452 2294 1661 2368 prerogativam
1676 2304 1773 2366 tuam,
1795 2304 1820 2351 ut

208 2393 235 2447 d.
255 2391 294 2445 De
312 2391 363 2444 boc
385 2385 489 2452 exsilio,
515 2401 531 2441 o
556 2385 655 2441 Sancta
674 2394 836 2452 sanctorum,
855 2402 867 2436 c
883 2387 916 2441 ad
944 2394 970 2443 le
1023 2379 1175 2436 intueamur
1194 2388 1230 2449 te,
1246 2397 1300 2438 non
1315 2383 1396 2438 talem
1415 2383 1520 2456 qualem
1544 2382 1704 2440 desiderant
1731 2383 1820 2458 dnqeli

174 2501 186 2534 ι
202 2481 351 2536 clamamus
366 2476 472 2533 exsules
494 2473 542 2529 filii
556 2475 663 2540 Eam»
691 2482 719 2529 ut
736 2476 883 2532 interventu
913 2484 968 2543 tuo,
1023 2469 1190 2541 prospicere,
1204 2470 1333 2537 dicentes,
1354 2474 1420 2529 Toto
1440 2470 1563 2544 pclcbra
1582 2489 1626 2543 ca,
1647 2475 1820 2537 amanen.

172 2569 271 2626 ducatu
290 2575 346 2634 tuo,
372 2563 509 2638 adjutorio
529 2571 574 2618 tuo
600 2564 735 2635 possimus
758 2565 791 2619 ad
816 2565 968 2621 cubiculum
1024 2561 1178 2616 clmncnle
1191 2577 1249 2617 noe
1263 2567 1304 2618 est
1319 2561 1351 2617 ira
1363 2560 1573 2634 le(deratic.tv,
1589 2563 1621 2633 'll
1632 2579 1641 2633 ;
1653 2564 1706 2619 aed
1720 2563 1821 2620 intum-

173 2657 291 2714 veritatis
315 2654 472 2726 repatriare.
498 2652 602 2709 Scimus
620 2653 718 2725 procul
738 2651 820 2707 dubio
839 2654 903 2725 quia
933 2654 968 2709 nil
1024 2664 1084 2702 mur
1099 2658 1135 2713 te,
1151 2648 1309 2721 largientem
1322 2648 1465 2716 beneficia,
1481 2650 1680 2717 conferentem,
1698 2651 1819 2717 renen,

172 2747 289 2818 amplius
312 2745 392 2799 babet
410 2743 492 2797 homo
516 2740 550 2797 de
572 2740 699 2795 universo
721 2740 812 2796 labore
831 2757 893 2811 suo,
915 2757 968 2812 quo
1022 2738 1176 2793 medentem
1198 2738 1320 2794 contritis
1348 2739 1439 2808 corde,
1461 2746 1608 2812 ponentem
1637 2738 1820 2798 fornmdinen

171 2839 275 2894 laborat
297 2835 347 2891 sub
370 2834 438 2899 sole,
463 2829 514 2887 nisi
538 2829 741 2885 sanitatem:ct
766 2840 857 2885 tamen
875 2846 968 2904 prsvae
1022 2825 1265 2898 lingentibusSion.
1281 2828 1390 2883 dantem
1404 2842 1533 2886 corollam
1548 2830 1720 2901 procidere,
1736 2830 1821 2886 eleut!

171 2923 372 2982 consuetudinis
394 2921 509 2977 nexibus
528 2918 633 2990 irretiti,
657 2935 705 2990 per
730 2935 781 2975 nos
806 2920 890 2976 redire
913 2937 967 2976 nou
1022 2930 1071 2986 pro
1087 2915 1168 2980 luctu,
1184 2915 1294 2986 pallium
1310 2917 1400 2973 laudis
1415 2933 1462 2987 pro
1478 2918 1573 2990 spiritu
1599 2918 1751 2991 nemeis.
1769 2919 1823 2977 Nes

171 3027 316 3086 possumus
334 3011 362 3064 iu
383 3010 499 3067 veritatis
513 3007 674 3063 libertatem.
690 3007 750 3063 Non
773 3008 888 3065 dicimus
915 3025 967 3065 an·
1022 3005 1166 3061 mediocris
1181 3005 1251 3063 visio
1267 3006 1327 3077 ista,
1338 3008 1409 3079 piam
1426 3016 1453 3063 te
1471 3015 1498 3062 et
1512 3007 1713 3077 deprecabilem
1737 3023 1823 3078 expe·

173 3113 226 3159 tem
241 3100 269 3155 in
284 3101 336 3155 boc
350 3099 411 3154 loco
432 3096 584 3163 veritatem,
600 3096 780 3167 coguitionem
793 3113 853 3152 esse
868 3098 928 3166 Dei,
941 3107 968 3154 et
1022 3093 1080 3162 riri,
1106 3094 1332 3168 nroercutiumque
1346 3094 1463 3167 suspiria
1477 3111 1585 3152 munere
1598 3093 1700 3168 gratiae
1719 3111 1824 3155 conso·

172 3192 234 3262 ejus
252 3205 314 3262 que
329 3186 477 3244 secundum
492 3185 617 3256 pietatem
637 3197 678 3242 est
700 3185 898 3257 scientiae3sed
913 3204 968 3243 me·
1022 3181 1083 3250 tari.
1106 3181 1189 3239 Sonat
1211 3186 1269 3240 baec
1293 3199 1344 3240 vox
1359 3192 1405 3240 tua
1436 3185 1463 3241 in
1485 3184 1598 3241 auribus
1618 3183 1738 3242 nostris.
1768 3184 1825 3244 Vct

170 3279 245 3336 dium
260 3279 327 3333 illud
348 3291 445 3347 purum
460 3281 487 3331 et
501 3275 602 3329 nudum
616 3289 647 3330 ac
662 3273 789 3342 solidum,
803 3275 875 3347 quod
888 3276 968 3332 estin
1021 3269 1081 3326 ltaec
1092 3281 1135 3326 tua
1150 3270 1246 3339 dulcis,
1263 3278 1291 3328 et
1302 3274 1360 3329 baec
1375 3271 1459 3330 iacies
1473 3281 1516 3330 tna
1526 3275 1631 3330 decora.
1648 3275 1724 3333 nem
1738 3277 1768 3333 in
1782 3276 1824 3334 illc

170 3369 279 3428 uirtutis
293 3384 396 3425 amore.
411 3365 539 3436 Quamvis
553 3367 626 3420 enim
646 3362 774 3419 definiant
785 3374 910 3420 auctores
925 3378 969 3419 re·
1022 3360 1120 3416 decors
1135 3370 1160 3416 te
1174 3360 1276 3432 videre,
1306 3378 1360 3434 quo
1389 3362 1477 3419 induit
1491 3371 1517 3421 le
1535 3364 1673 3421 Dominus
1693 3364 1825 3425 fortitudi-

173 3460 338 3532 parationem
368 3455 483 3512 bominis
505 3470 565 3511 esse
587 3454 771 3526 cognitionem
799 3454 919 3511 veritatis
942 3461 969 3509 et
1022 3465 1097 3516 nem,
1122 3460 1150 3506 et
1165 3450 1304 3522 praecinxit
1315 3458 1352 3520 te,
1376 3467 1430 3508 non
1450 3452 1590 3523 estbuJ'ns
1608 3456 1756 3528 temporis,
1775 3470 1824 3515 net

174 3564 294 3606 amorem
309 3545 424 3617 virtutis,
442 3544 558 3616 perfecta
572 3551 663 3598 tamen
677 3542 832 3600 virtusnon
847 3550 888 3598 est
910 3543 969 3598 siue
1023 3539 1152 3612 temporis
1181 3540 1241 3596 vitae
1269 3549 1370 3596 nostrae
1397 3540 1523 3597 vitiorum
1560 3542 1652 3600 letone
1681 3547 1823 3603 meum

174 3637 330 3708 cognitione
344 3632 477 3704 veritatis,
492 3649 540 3690 uec
555 3632 654 3688 veritas
669 3633 727 3687 sine
742 3646 833 3687 autore
848 3630 967 3687 virtutis.
1023 3626 1097 3684 Stolo
1112 3628 1322 3686 immortalitatis
1342 3639 1368 3686 te
1386 3629 1506 3687 indutam
1522 3630 1628 3704 videre,
1645 3633 1774 3699 Domina,
1788 3635 1824 3691 in·

175 3726 264 3782 varrus
278 3725 381 3797 estqui
396 3724 424 3779 in
439 3722 553 3780 xaniute
567 3729 619 3788 est,
643 3733 689 3776 aut
703 3720 728 3774 in
743 3719 858 3775 vanitate
879 3719 968 3776 curio·
1023 3715 1099 3788 digni
1113 3732 1208 3772 sumus
1225 3734 1233 3771 ς
1257 3718 1369 3773 ostende
1392 3719 1470 3774 nobis
1497 3717 1594 3775 taciem
1616 3721 1823 3780 miserationem

172 3814 270 3887 sitatis,
296 3821 343 3871 aut
369 3814 480 3869 erroris.
506 3810 615 3868 Vanitas
638 3808 799 3865 curiositatis
820 3810 970 3878 procedite
1024 3813 1141 3874 tuarum,
1157 3814 1184 3860 et
1204 3806 1270 3862 salsi
1290 3806 1402 3863 erimus.
1423 3805 1503 3875 Quod
1517 3810 1578 3879 ipse
1592 3811 1682 3868 nobis
1702 3823 1822 3884 pram

171 3907 289 3960 vanitate
312 3902 506 3968 mutabilitatis,
527 3905 555 3955 et
573 3905 685 3970 generat
706 3899 851 3956 vanitatem
871 3907 971 3952 morta·
1023 3894 1160 3966 dignetur,
1176 3895 1254 3965 cujus
1272 3911 1386 3967 regnum
1405 3907 1431 3953 et
1454 3897 1600 3963 imperium
1615 3899 1683 3958 sinc
1697 3901 1750 3960 fine
1762 3919 1820 3976 per·

172 3991 266 4051 litatis.
290 3990 390 4059 Prima,
411 4005 492 4045 causa
515 3986 617 4061 pcccati
628 4003 636 4055 ;
649 3987 774 4052 secunda,
801 3997 939 4056 peccatum
959 4003 967 4055 ;
1022 3996 1112 4039 manet
1126 3983 1154 4038 in
1169 3984 1268 4041 saecula
1280 3986 1452 4044 saeculorum.
1466 3989 1565 4047 Amen.

173 4077 260 4144 tertia,
283 4093 365 4151 poena
389 4078 499 4148 peccati.
517 4075 605 4131 Prima
626 4082 668 4129 est
682 4075 710 4128 in
724 4074 766 4129 bis
783 4089 843 4147 quae
857 4087 968 4147 propter

171 4167 294 4224 homines
312 4165 382 4224 lacta
403 4165 623 4236 sunt;secunda,
640 4163 666 4218 in
682 4165 724 4219 liis
736 4179 797 4235 quae
810 4163 845 4218 ab
879 4163 968 4219 nomi·
1276 4153 1357 4214 7„
1371 4157 1488 4216 sanato
1506 4158 1553 4219 111.

172 4256 253 4313 nibus
277 4256 347 4313 lacta
367 4255 551 4326 wuillelmi
565 4254 595 4309 1¹¹
614 4252 657 4308 his
675 4269 735 4325 (1¹¹ae
758 4252 785 4307 5¹¹
818 4252 970 4310 h⁰ffli⁰ib¹¹⁸
986 4253 1009 4331 ὓ
1024 4279 1053 4334 lu
1070 4280 1137 4337 lreta
1152 4281 1216 4337 dum
1231 4282 1511 4356 lluviicurrent,dum
1526 4286 1677 4347 montibus
1691 4291 1790 4349 umbre

171 4354 244 4404 suut.
260 4347 318 4404 Alia
337 4358 379 4404 est
393 4347 423 4403 in
437 4346 553 4403 conditis
568 4344 649 4400 rebus
664 4359 671 4411 3
688 4342 751 4409 alia,
768 4342 796 4398 in
811 4343 966 4413 mentibus;
1020 4352 1183 4408 lustrabunt
1194 4349 1323 4423 mosera,
1340 4359 1416 4426 polus
1430 4359 1493 4413 dum
1508 4358 1601 4414 sidere
1618 4371 1727 4431 pascet,

171 4438 235 4506 alia,
254 4439 281 4495 ln
295 4437 467 4510 corporibus.
484 4435 590 4491 vanitas
604 4432 706 4488 erroris
728 4433 815 4488 estin
838 4433 968 4489 omuibus
1020 4421 1133 4495 Semper
1156 4425 1242 4481 honos
1264 4442 1415 4500 nomenque
1438 4437 1515 4486 tuum
1542 4430 1703 4506 laudesque
1731 4447 1813 4491 ma*

172 4522 873 4600 qumlideicatholicaeetsauaedoctrinaecontraria
892 4537 966 4594 sunt,
1021 4564 1040 4621 S
1221 4567 1227 4579 ,
1315 4568 1320 4580 .
1430 4571 1434 4579 ,
1562 4499 1796 4635 [baltildem

170 4629 199 4674 et
225 4615 365 4687 religionis
392 4614 562 4683 disciplinatu
592 4614 618 4668 in
650 4613 696 4668 illo
718 4612 803 4668 solido
835 4613 965 4681 veritatis,
1042 4581 1173 4638 pesmea’
1194 4568 1351 4641 v¹f3⁰p'⁰’
1367 4585 1384 4625 ⁰
1403 4569 1486 4643 v¹f3⁰
1504 4586 1592 4640 “mr
1616 4573 1708 4652 v¹fss⁰
1804 4568 1811 4627 Ι

171 4703 327 4778 quodvelle
342 4709 369 4759 el
384 4703 454 4758 nolle
469 4700 968 4775 bominisinterangustiasparumet
1057 4703 1082 4754 l.
1111 4701 1146 4756 Et
1179 4717 1233 4756 non
1255 4701 1371 4774 amplius
1391 4703 1406 4758 i
1428 4703 1552 4781 Amplius
1574 4709 1713 4777 mullum,
1733 4716 1812 4781 etp!

169 4793 250 4849 nimis
272 4797 400 4856 coarctat,
416 4807 469 4848 non
483 4789 654 4859 contingunt.
672 4789 779 4845 vanitas
798 4790 856 4845 baec
878 4789 966 4844 omnia
1019 4802 1126 4844 omnem
1142 4790 1261 4845 modum.
1276 4792 1346 4847 Nam
1361 4792 1388 4846 in
1408 4799 1537 4849 eternum
1561 4804 1589 4851 et
1606 4797 1683 4854 ultra
1706 4815 1762 4859 nen
1775 4797 1810 4852 de

168 4891 240 4948 suut,
257 4881 304 4951 qui
318 4897 347 4937 sc
361 4884 556 4953 amplectentes
569 4878 713 4947 decipiunt,
734 4889 760 4934 et
775 4878 808 4933 ad
825 4877 965 4933 veritatem
1018 4876 1089 4932 ficiet
1108 4875 1168 4946 laus
1182 4887 1227 4933 tua
1242 4879 1276 4935 de
1289 4896 1335 4935 ore
1359 4881 1509 4946 hominum,
1535 4881 1622 4940 etiam
1650 4895 1681 4942 et
1701 4887 1809 4962 Δηὼ

168 4970 324 5028 aeternitatis
344 4985 396 5026 non
414 4970 570 5040 perducunt
588 4968 615 5021 lu
632 4967 684 5022 boc
698 4966 794 5022 exsilio
808 4983 888 5022 omne
898 4983 965 5039 pene
1018 4981 1088 5021 rum.
1108 4966 1175 5022 dett
1189 4974 1329 5026 enarrent
1341 4971 1461 5043 plorc'am
1481 4972 1540 5028 dci.
1560 4971 1596 5028 ttx
1617 4991 1686 5046 qnae
1699 4976 1809 5047 majori

170 5078 257 5135 gertus
272 5061 412 5116 bominum
434 5059 468 5113 ab
482 5056 557 5113 initio
571 5072 658 5128 nsque
674 5057 709 5111 ad
724 5058 867 5112 adventum
882 5056 963 5127 liegi-
1017 5055 1091 5110 omui
1107 5055 1192 5127 gloria
1208 5056 1270 5129 Dei,
1286 5073 1367 5128 quam
1380 5058 1808 5131 inettabrllsplsnttudocnlitn

168 5167 210 5207 nan
228 5154 360 5208 coelornm
384 5146 549 5221 peregrinari
572 5145 766 5209 delectabatur,
791 5151 818 5199 et
840 5147 963 5200 veritatis
1016 5157 1066 5198 nos
1081 5159 1140 5199 cum
1156 5145 1223 5215 ipsa,
1247 5145 1275 5200 id
1303 5153 1345 5202 est
1366 5164 1430 5203 cum
1453 5147 1611 5220 angelicos
1628 5153 1806 5227 ΔΜ

168 5240 261 5314 patriae
283 5239 411 5311 suspiriis
431 5237 512 5293 nullis
536 5253 585 5293 seu
608 5234 743 5293 desiderio
758 5232 960 5290 recordabatur.
1017 5233 1205 5288 cumlbronis
1220 5243 1248 5290 et
1262 5235 1505 5301 Dominationibns,
1520 5253 1641 5312 cumque
1672 5244 1752 5303 onai
1766 5242 1807 5301 u·-

166 5328 230 5401 lpsa
244 5329 330 5400 prima
344 5329 413 5385 riam
437 5327 545 5401 aperuit
562 5327 595 5382 ad
611 5327 722 5398 patriam
734 5341 742 5396 3
753 5332 779 5381 et
802 5322 960 5390 Veritatem,
1015 5320 1075 5379 litia
1088 5323 1211 5380 coelestis
1225 5325 1370 5393 exercitus,
1386 5326 1514 5398 hymnum
1528 5326 1628 5401 glorias
1641 5330 1754 5394 Sancte
1764 5346 1809 5391 υ

163 5431 296 5487 querere
310 5417 396 5490 patria
410 5424 461 5485 est,
476 5417 577 5474 mundo
591 5431 727 5489 generans
747 5412 824 5473 dedit
836 5411 962 5470 omnibus
1507 5424 1517 5445 ·

165 5503 345 5562 manicatam.
1052 5500 1112 5572 (Ἷο)
1130 5500 1209 5575 virg.
1223 5501 1330 5562 Eneid.
1345 5501 1395 5561 lib.
1409 5516 1430 5572 t,
1443 5502 1670 5571 amssa-bu.
1703 5561 1708 5575 ,
