3706 5962
61 207 107 266 ill
686 206 720 267 tlt
739 204 876 267 catulus
894 203 1002 268 SRRMO
1024 205 1093 266 tut.

1663 202 1729 274 att'

59 334 147 406 gabat,
162 331 303 388 reddebat
317 332 479 399 modestius,
494 333 624 389 molestos
637 334 788 403 sustinens,
804 350 864 390 mo·
878 351 902 429 q
918 333 964 406 qni
978 333 1132 407 potabatur,
1143 334 1205 405 June
1219 332 1312 390 dicere
1324 340 1450 407 potarat·,
1466 334 1536 406 Quia
1546 335 1603 395 titt
1613 312 1716 397 uinum

57 424 139 479 lectus
168 419 257 485 nulli;
286 429 367 477 acute
396 420 561 497 intelligens,
592 437 701 480 morose
728 424 862 494 referens,

60 510 253 583 aequanimiter
268 509 371 566 ferens.
389 510 499 566 Memini
519 511 675 584 frequenter
699 512 784 581 illum,
800 530 863 570 cum

61 607 175 671 ceptum
202 599 240 654 de
264 599 448 655 assidentibus
472 599 568 672 aliquis
585 601 779 673 interrupisset
801 619 863 659 ser-

59 704 164 745 monem
191 688 361 759 importune,
376 689 459 743 verba
479 689 665 760 suspendisse,
688 690 776 747 donec
793 691 864 748 alter

61 785 138 834 utum
152 775 309 833 effudisset
327 777 450 848 spiritum
465 794 543 833 suum
564 793 569 832 :
587 785 615 834 et
636 795 698 834 cum
716 779 863 851 importuni

59 866 192 924 sermonis
206 867 380 939 impetuosus
389 867 553 924 defluxisset
566 885 680 941 gurges,
696 869 793 925 eadem
808 886 862 942 qua

58 956 222 1012 sustinuerat
255 953 461 1028 tranquillitate,
491 972 653 1028 suspensum
678 958 791 1014 verbum
817 975 864 1014 re·

59 1043 181 1116 sumpsit,
206 1050 365 1114 opportune
386 1044 513 1117 loquens,
539 1054 566 1102 et
590 1054 743 1118 opportune
766 1046 860 1104 silens.

60 1132 134 1189 folox
150 1131 191 1187 ad
206 1131 387 1202 audiendum,
400 1133 612 1205 adloquendum
627 1135 731 1204 tardus,
748 1136 864 1192 sednon

59 1221 145 1276 urdus
161 1220 201 1275 ad
226 1220 297 1276 iram
311 1219 429 1293 (iacobi,
451 1237 471 1288 1,
497 1221 550 1290 ta).
574 1220 717 1290 Quomodo
737 1225 772 1279 ad
796 1225 864 1280 iram

57 1308 186 1366 tandm
200 1317 249 1365 est
262 1309 369 1378 tardus,
389 1309 424 1364 ad
448 1326 529 1382 quam
549 1311 637 1383 magis
658 1310 787 1369 inventus
808 1322 862 1382 est,

58 1398 132 1455 utsic
147 1397 257 1465 dicam,
271 1397 385 1455 nullus?

82 1490 109 1542 5.
132 1485 216 1541 Bene
237 1485 326 1550 farus,
342 1485 407 1556 quia
421 1484 536 1541 sinceris
557 1486 678 1560 undique
693 1491 861 1562 compositus

57 1575 221 1631 etconsitus
242 1573 329 1639 cellis,
352 1574 380 1628 iu
401 1573 475 1629 urrini
498 1582 570 1642 actu,
592 1592 719 1634 sermone
739 1585 767 1635 et
781 1586 861 1650 gestu

57 1667 172 1720 internae
185 1662 338 1734 putabatur
355 1660 508 1718 dulcedinis
523 1662 605 1720 mella
619 1666 729 1724 sudare.
745 1667 821 1724 Felix
835 1668 863 1724 in

917 440 985 479 com
1016 425 1098 480 tacte.
1123 425 1180 479 lmo
1211 421 1239 479 in
1263 421 1333 480 lacte
1355 431 1468 482 noverat
1490 425 1541 481 ista
1563 425 1730 499 temperate

918 511 1043 580 miscere,
1068 518 1097 568 et
1119 511 1147 566 in
1163 512 1248 568 altero
1272 521 1418 585 utrumque
1442 512 1545 587 largiri.
1575 514 1657 571 Facili
1680 515 1716 572 ad

917 599 1106 656 aedificandum
1130 601 1257 656 utebatur
1281 601 1417 671 materia,
1441 601 1490 658 scd
1515 602 1728 660 vehementiam·

917 688 1076 746 inebriantis
1088 690 1184 762 gratiae
1199 689 1315 745 sentires
1339 690 1366 745 in
1387 691 1487 747 uerbis.
1510 691 1606 749 Facilis
1627 691 1717 748 inerat

917 777 942 833 ei
956 777 1121 848 intellectus,
1139 779 1188 833 scd
1202 778 1313 835 affectio
1329 780 1486 836 vehemens.

952 870 981 923 7.
1012 867 1163 923 Dolendnm
1190 866 1300 939 quidem
1328 867 1402 941 quod
1429 868 1497 924 tanti
1525 868 1576 925 viri
1604 869 1714 926 subtra-

917 963 959 1011 cta
987 965 1029 1013 est
1049 956 1128 1014 nobis
1151 956 1239 1028 copia,
1273 958 1324 1012 sed
1345 957 1520 1014 nihilominus
1543 957 1731 1031 gloriandum

917 1044 990 1116 quod
1005 1043 1085 1100 talem
1100 1045 1136 1101 de
1154 1044 1268 1102 hortulis
1292 1046 1393 1102 nostris
1414 1046 1574 1104 fasciculum
1598 1048 1717 1121 myrrhas

918 1131 951 1188 ad
984 1132 1128 1190 coelestem
1166 1132 1241 1189 illum
1277 1136 1386 1191 bortum
1423 1135 1615 1207 praemisimus.
1658 1135 1717 1194 lilio

917 1227 1107 1277 ornamentum
1136 1228 1188 1290 cst,
1211 1221 1259 1293 qui
1284 1224 1363 1279 nobis
1387 1223 1432 1281 bic
1454 1224 1544 1281 luerat
1567 1224 1715 1294 adjumen-

918 1318 984 1365 tum.
1013 1309 1048 1365 Et
1083 1309 1105 1364 si
1141 1319 1255 1368 vacuata
1291 1311 1418 1369 videntur
1459 1313 1577 1371 alvearia
1615 1323 1718 1382 nostra,

918 1406 946 1453 et
959 1399 1052 1454 hortus
1066 1399 1202 1464 nudatus3
1223 1399 1324 1456 multos
1349 1410 1440 1457 tamen
1454 1402 1564 1477 reliquit
1587 1403 1715 1474 manipu-

916 1487 968 1555 los,
984 1486 1018 1544 de
1038 1486 1136 1560 quibus
1149 1494 1248 1559 potens
1263 1497 1305 1545 est
1318 1489 1391 1545 Deua
1404 1506 1455 1561 per
1471 1490 1600 1546 uirtutum
1622 1489 1716 1546 incre-

918 1583 1009 1631 menta
1032 1591 1126 1632 creare
1149 1576 1303 1637 fasciculos.
1319 1575 1398 1647 Quod
1423 1584 1450 1634 et
1465 1577 1492 1633 in
1518 1586 1572 1634 tota
1586 1586 1717 1650 operatur

919 1659 1053 1728 Ecclesia,
1069 1660 1157 1716 ‹loncc
1172 1676 1221 1731 per
1233 1661 1421 1718 successiones
1432 1662 1583 1731 continuas,
1594 1662 1715 1717 omnium

57 1769 103 1825 quo
116 1744 208 1808 lesus
221 1752 363 1823 integrum
376 1751 478 1822 favum,
499 1768 581 1823 quem
596 1755 732 1825 comedat,
747 1756 862 1826 invenit,
881 1742 903 1819 Β
918 1747 1052 1820 graduum
1063 1746 1267 1819 dispensatione
1283 1748 1430 1821 completa,
1454 1765 1563 1821 spousae
1588 1765 1645 1804 sum
1660 1749 1716 1817 jam

57 1855 190 1907 crassum,
207 1855 268 1897 uon
282 1839 457 1898 exsiccatum.
475 1839 542 1897 vide
557 1849 681 1899 naturam
696 1846 750 1902 lari
764 1861 770 1900 :
785 1847 864 1919 quasi

56 1931 166 2004 galeato
183 1929 279 2002 capite
299 1936 351 1998 est,
373 1938 483 2001 propter
501 1930 616 1987 formam
636 1933 736 1990 vasculi
756 1935 799 1992 cui
818 1935 864 1991 iu·

55 2020 187 2077 nascitur.
204 2017 313 2074 Deinde
327 2018 362 2075 de
372 2017 557 2091 superioribus
568 2022 679 2092 pendet,
696 2032 724 2079 et
739 2023 772 2080 de
782 2040 865 2096 snpe-

57 2110 176 2164 rioribus
207 2107 311 2178 prodit.
342 2107 425 2173 Bona,
454 2109 605 2164 secundum
634 2109 755 2181 Paulum,
784 2113 864 2186 galea

56 2214 116 2267 spes
131 2195 237 2252 salutis
249 2201 363 2285 pternae
377 2198 403 2266 (l
424 2196 512 2253 Tbcss.
528 2214 555 2266 v,
570 2198 608 2268 8).
623 2199 648 2254 ll
663 2214 712 2270 spe
728 2200 864 2273 siquidem

56 2299 254 2358 supernorum,
270 2284 392 2340 omnium
410 2293 519 2341 actuum
532 2295 614 2358 caput
633 2296 661 2343 et
675 2288 757 2344 totius
771 2289 862 2346 inton-

58 2366 92 2421 tio
111 2365 178 2420 nitra
197 2364 332 2420 inchoare
346 2365 439 2431 debet,
456 2373 484 2421 et
507 2365 546 2422 illi
568 2368 719 2433 cohaerere,
739 2370 775 2424 ad
793 2372 864 2427 hauc

57 2453 184 2521 tendere,
202 2463 232 2509 et
245 2454 297 2510 bac
320 2468 351 2509 se
365 2461 461 2509 contra
482 2454 574 2511 omnia
596 2464 763 2514 tentamenta
781 2459 863 2519 tueri.

57 2543 84 2598 Si
97 2541 206 2598 rideris
221 2541 372 2608 bominem,
393 2552 506 2614 propter
528 2560 606 2615 spem
621 2560 814 2617 supernorum,
834 2547 863 2604 iu

59 2629 134 2687 omni
150 2638 225 2698 actm
245 2629 327 2686 etiam
343 2631 459 2686 adverso
473 2646 548 2699 casu,
570 2632 671 2704 repleri
686 2634 787 2707 gaudio
803 2637 862 2707 spi-

60 2718 137 2784 ritus,
155 2719 204 2792 qui
222 2735 306 2791 suuper
317 2720 370 2775 mel
394 2717 479 2776 dulcis
498 2728 559 2789 ost;
580 2721 645 2794 quid
664 2722 737 2778 bunc
752 2723 803 2779 nisi
817 2725 862 2779 fa·

60 2824 126 2863 sum
146 2807 300 2864 credideris
318 2807 347 2864 in
366 2808 469 2865 cunctis
483 2810 588 2867 cellulis
608 2811 688 2867 melle
709 2812 863 2868 redundan-

61 2897 144 2954 tem?
161 2896 258 2967 Quid?
276 2913 339 2953 cum
353 2897 491 2954 hominem
507 2898 597 2954 cernis
621 2915 748 2973 capacem
768 2917 862 2970 sensu,

60 2984 271 3042 conversatione
287 2985 476 3057 compositum,
497 2994 606 3044 actuum
630 2996 658 3045 et
680 2988 742 3047 vitae
766 3006 862 3062 aequa-

62 3074 108 3129 bili
123 3075 393 3132 commensuratione
413 3076 597 3133 cohaerentem
616 3077 679 3144 sibi,
696 3078 795 3136 talibus
808 3096 864 3136 un-

918 1834 1046 1906 periectae
1068 1841 1096 1891 et
1120 1845 1314 1894 consummatae
1337 1837 1432 1894 dicat:
1455 1838 1520 1895 Veni
1545 1839 1578 1892 in
1602 1838 1717 1894 bortum

919 1925 1730 1999 rucumsorormeosponsallcssuimyrrltommcomcum·

917 2015 1093 2070 aromatibus
1103 2014 1185 2084 mels,
1195 2014 1409 2087 comedisooum
1420 2012 1718 2081 commotiunculam

918 2104 1015 2159 viuum
1024 2119 1191 2159 mannicum
1202 2105 1276 2161 lacte
1286 2121 1358 2162 meo.
1372 2105 1523 2175 domeditc,
1534 2103 1632 2168 amici.
1643 2103 1717 2160 etli-

917 2192 975 2248 bite
983 2210 994 2261 ‚·
1008 2196 1036 2247 el
1046 2191 1245 2261 inebriamini,
1256 2193 1431 2251 clarissimi.
1447 2192 1524 2263 Quod
1540 2192 1651 2265 quidem
1665 2191 1718 2248 etsi

918 2279 945 2334 in
959 2280 1082 2352 generali
1102 2282 1149 2336 illa
1171 2281 1301 2338 Ecclesiae
1324 2281 1530 2339 introductione
1555 2282 1582 2337 in
1605 2279 1715 2337 Domini

916 2369 1055 2441 gaudium,
1070 2387 1130 2441 quae
1154 2379 1217 2442 post
1240 2372 1474 2427 resurrectionem
1488 2370 1547 2439 liet,
1571 2369 1716 2443 perfectis-

917 2458 984 2514 sime
998 2468 1142 2530 speratur;
1169 2459 1291 2530 qnotidie
1314 2467 1404 2515 tamen
1428 2459 1568 2531 angelicos
1587 2458 1661 2515 cives
1681 2458 1717 2513 ad

917 2545 1160 2620 congratulationis
1181 2545 1334 2602 convivium
1358 2546 1466 2602 invitari
1490 2546 1637 2613 credimus,
1654 2563 1716 2603 cum
1767 2535 1769 2538 ⁸

917 2643 1009 2691 sancta
1023 2634 1153 2706 quaelibet
1167 2634 1257 2689 anima
1272 2634 1340 2707 (sive
1355 2635 1462 2709 qualem
1476 2650 1559 2707 supra
1582 2633 1713 2692 memini-

917 2739 989 2791 mus,
1004 2722 1061 2778 sivc
1079 2721 1213 2778 inferioris
1232 2722 1408 2793 perfectionis
1424 2729 1453 2779 et
1474 2716 1580 2797 patine)
1591 2723 1619 2778 in
1633 2737 1717 2794 para-

917 2811 969 2866 disi
993 2811 1178 2866 amoenitatem
1199 2811 1372 2879 transfertur,
1387 2812 1415 2867 in
1434 2813 1528 2868 hortos
1553 2821 1661 2883 semper
1674 2813 1716 2870 vi-

917 2908 1021 2970 rentes,
1037 2899 1064 2954 in
1085 2899 1174 2956 locum
1197 2901 1365 2958 tabernaculi
1390 2900 1558 2957 admirabilis
1581 2901 1718 2974 usquead

917 2990 1028 3046 domum
1041 2989 1111 3052 Dei.

954 3084 980 3135 8.
993 3080 1057 3135 Haec
1071 3077 1193 3150 recolite,
1209 3077 1319 3145 iratres,
1334 3077 1393 3137 haec
1416 3079 1609 3147 recordamini,
1626 3088 1654 3135 et
1673 3079 1717 3135 ef-

63 3164 146 3236 dique
168 3163 289 3220 vasculis
313 3171 481 3233 consertum,
507 3166 599 3222 vacuis
626 3174 728 3237 tamen,
754 3177 781 3225 et
804 3170 864 3243 spei
881 3127 903 3205 Β
919 3164 1023 3221 fundite
1041 3165 1069 3220 in
1084 3166 1160 3222 vobis
1175 3165 1279 3221 animas
1294 3175 1409 3224 vestras.
1426 3167 1513 3240 ignita
1537 3175 1578 3224 est
1597 3168 1656 3223 haec
1672 3183 1717 3223 re-

63 3259 177 3325 quaeest
192 3252 312 3323 reposita
325 3253 353 3308 in
366 3254 454 3324 coelis,
470 3254 568 3312 melleo
580 3256 719 3312 exhaustis
736 3257 842 3331 liquore
854 3278 861 3329 ;

63 3341 196 3414 numquid
211 3340 284 3397 aliud
299 3341 347 3397 tibi
360 3359 443 3415 qnam
464 3341 635 3400 inmerentis
651 3344 797 3403 siccitatem
813 3347 862 3404 de-

64 3427 176 3501 pingit?
190 3427 360 3500 Duplicatum
378 3429 456 3486 ffl
482 3430 593 3504 quidem
608 3431 820 3505 incommodum,
840 3436 864 3491 si

64 3518 144 3574 dmul
165 3517 249 3574 fuerit
272 3524 299 3574 et
320 3518 467 3591 dissipatus
489 3520 677 3591 dissolutione,
699 3529 726 3579 et
749 3524 864 3581 indevo-

65 3607 139 3663 tione
154 3607 274 3679 quadam
292 3608 457 3665 desiccatus.
472 3608 553 3666 Aliud
569 3617 660 3667 tamen
681 3621 724 3668 est
738 3611 761 3667 si
775 3621 866 3670 servat

65 3696 198 3768 speciem,
214 3704 243 3752 ut
258 3697 405 3753 mentiatur
418 3698 544 3755 virtutem
556 3717 563 3754 :
575 3699 648 3755 aliud
661 3700 683 3757 si
699 3699 864 3773 integritatis

66 3783 190 3851 formam,
206 3793 235 3841 et
249 3784 426 3842 infundendae
441 3786 561 3845 favorem
575 3805 624 3861 spe
635 3788 707 3846 bona
716 3791 810 3862 gratiae
822 3807 865 3846 re·

66 3874 125 3941 fert,
141 3881 171 3929 ut
184 3874 259 3932 douo
272 3876 419 3947 spiritualis
438 3876 591 3933 dulcedinis
606 3879 778 3949 receptacula
799 3889 863 3952 apta

67 3978 119 4018 nou
129 3963 231 4028 desim,
248 3970 275 4020 et
292 3964 400 4023 idoneae
414 3965 517 4022 cellulae
531 3966 605 4022 melli
616 3984 745 4040 superno.

99 4055 127 4107 6.
141 4052 245 4109 Noster
262 4060 355 4112 autem
374 4053 418 4111 bic
437 4054 524 4125 larus,
542 4056 577 4111 dc
592 4071 646 4128 quo
659 4055 804 4130 loquimur,
820 4059 865 4114 in·

68 4146 143 4213 teger
156 4150 228 4207 erat,
240 4150 267 4198 et
280 4142 389 4199 interno
403 4143 509 4216 liquore
519 4146 682 4204 exuberans.
699 4147 798 4204 Plenus
807 4156 866 4204 erat

68 4228 234 4297 cellularum,
250 4230 300 4288 hac
309 4230 425 4304 illacque
440 4233 588 4288 distillabat
602 4235 786 4304 dulcedinem,
802 4253 864 4292 sor·

69 4319 154 4374 monis
180 4319 264 4376 divini
287 4319 412 4377 assiduus
432 4331 560 4394 operator
574 4324 651 4381 favos
669 4325 865 4396 componebat.

68 4407 132 4462 Boni
147 4406 211 4480 favi,
225 4407 325 4480 quibus
344 4410 433 4468 adhuc
448 4411 563 4483 integris
581 4412 728 4469 multorum
742 4414 864 4486 quotidie

918 3254 1058 3311 cordatio:
1075 3252 1230 3327 liquescere
1245 3254 1325 3311 faciet
1339 3256 1457 3310 animam
1467 3263 1551 3323 tuam,
1564 3263 1592 3312 et
1602 3257 1628 3310 in
1644 3256 1716 3312 dile-

917 3343 1049 3401 ctationes
1065 3353 1093 3400 et
1106 3343 1242 3400 desideria
1255 3342 1370 3412 effundi,
1387 3358 1449 3400 cum
1472 3344 1600 3399 transibis
1623 3345 1651 3399 in
1675 3344 1718 3400 lo-

918 3449 978 3489 cum
996 3432 1164 3488 tabernaculi
1177 3430 1354 3486 admirabilis.
1373 3432 1403 3485 ln
1418 3446 1486 3488 voce
1501 3432 1573 3485 enim
1595 3431 1716 3487 exsulta·

919 3521 998 3576 tionis
1016 3528 1042 3576 et
1057 3519 1237 3577 confessionis
1247 3534 1330 3575 sonus
1345 3519 1481 3591 epulantis
1496 3521 1584 3590 (Paul.
1602 3534 1661 3587 aar,
1677 3519 1716 3590 5).

918 3609 1010 3665 Dulcis
1022 3609 1060 3664 ibi
1075 3616 1190 3681 uterque
1205 3623 1298 3675 sonus,
1314 3616 1342 3664 et
1355 3606 1436 3665 amici
1458 3606 1603 3682 epulantis,
1618 3615 1645 3664 et
1659 3609 1717 3663 Do·

919 3697 984 3752 mini
1000 3697 1151 3754 invitantis.
1166 3696 1308 3754 invitantis
1322 3705 1365 3754 est
1387 3696 1458 3753 enim
1475 3710 1549 3753 vox:
1568 3697 1716 3768 comeatu,

919 3789 1017 3857 amici,
1030 3793 1058 3846 et
1074 3787 1414 3855 bibitoretinebriomini,
1428 3787 1598 3844 chorbeimi.
1615 3786 1716 3856 Amici,

918 3877 1052 3950 inquinet
1067 3877 1239 3934 charissimi.
1257 3877 1449 3932 blanditiarum
1463 3878 1523 3933 haec
1546 3884 1609 3932 suut
1631 3876 1719 3933 nomi-

920 3981 953 4020 na
973 3984 980 4020 ε
996 3965 1046 4021 sed
1061 3964 1442 4023 baeblanditiaeadulationem
1454 3982 1508 4022 non
1519 3965 1644 4038 sopiunt;
1660 3964 1719 4023 olii·

919 4054 953 4110 cii
972 4062 999 4110 et
1013 4054 1167 4111 dilectionis
1181 4063 1244 4111 sunt
1259 4054 1358 4127 plenae.
1375 4056 1410 4110 Et
1428 4056 1487 4112 haec
1501 4054 1560 4127 ipsa
1573 4070 1590 4109 a
1604 4054 1719 4112 Domino

919 4143 1103 4201 blandimenta
1117 4144 1232 4216 prolata,
1247 4143 1402 4201 inebriandi
1423 4160 1477 4202 non
1497 4149 1593 4201 carent
1606 4143 1718 4210 ellectu,

919 4231 1042 4290 elticacia
1062 4240 1125 4289 suut
1148 4233 1182 4287 ad
1206 4233 1383 4290 emulcendos
1411 4248 1507 4290 eorum
1529 4234 1629 4305 quibus
1651 4231 1720 4288 liunt

918 4320 1044 4378 allectus.
1060 4322 1166 4378 Habent
1177 4329 1268 4378 tamen
1283 4321 1353 4379 iuter
1368 4339 1398 4378 se
1412 4321 1661 4392 distinctionem,et
1671 4320 1719 4377 ali·

920 4409 984 4483 qnid
999 4411 1113 4483 amplius
1126 4411 1221 4482 gratim
1233 4409 1523 4483 praesentaberiaaimi,
1535 4426 1617 4482 qnam
1631 4409 1721 4467 amici

69 4495 242 4554 indulcantur
254 4497 356 4555 lauces.
373 4499 511 4557 blolestam
526 4516 581 4557 non
597 4503 752 4558 sectabatur
771 4502 863 4559 subti·
881 4513 903 4590 ῃ
920 4499 1091 4555 vocabulum.
1121 4500 1179 4563 Vos,
1194 4498 1281 4568 inquit
1304 4498 1443 4569 Apostolis
1467 4498 1610 4564 Dominus,
1632 4497 1720 4552 animi

68 4584 179 4656 litatem,
200 4604 261 4660 qnae
283 4588 346 4660 plus
365 4589 557 4660 contentionis,
573 4606 656 4663 quam
679 4591 865 4648 instructionis

69 4673 201 4731 ministrat
216 4676 369 4732 materiam.
384 4677 462 4734 Circa
477 4679 607 4734 moralem
623 4693 755 4751 operosus
770 4679 865 4736 scien-

71 4760 142 4829 tium,
154 4764 312 4820 cultissimis
327 4765 399 4822 illam
416 4766 560 4825 verbomm
575 4768 651 4824 cellis
667 4768 863 4824 committebat.

72 4849 191 4908 Prudens
213 4861 273 4910 erat
287 4855 388 4928 eloquii
409 4856 527 4928 mystici,
547 4856 706 4928 quodiuter
726 4857 865 4929 perfectos

69 4939 252 5011 dispensabat.
283 4944 379 5001 Lactea
406 4946 434 5001 in
459 4947 574 5002 salutem
598 4953 626 5001 ct
652 4947 865 5004 consolationem

69 5032 238 5099 parvulorum
264 5034 431 5090 exuberabat
454 5035 588 5104 doctrina,
604 5035 647 5092 oui
668 5043 759 5093 tamen
773 5037 865 5093 laetifi·

67 5121 151 5177 cantis
167 5129 195 5178 et
216 5123 377 5180 inebriantia
398 5124 532 5182 sermonis
546 5126 638 5183 uiuum
653 5142 726 5198 saepe
749 5126 866 5185 latenter

66 5209 221 5270 immiscuit.
240 5215 280 5270 lta
294 5221 346 5270 est.
372 5215 424 5272 Lac
444 5215 527 5287 ipsius
549 5214 605 5272 vini
629 5215 769 5272 obtinebat
783 5217 866 5273 virtu·

67 5309 129 5357 tem.
148 5300 269 5373 Simplex
292 5304 353 5374 eius
367 5303 509 5373 institutio,
528 5313 557 5361 et
576 5320 667 5361 sermo
689 5304 792 5361 lacteus
807 5305 866 5361 ani·

66 5405 138 5446 mum
163 5389 296 5448 auditoris
318 5393 346 5448 in
366 5395 511 5466 quemdam
536 5392 716 5451 inebriantem
740 5391 864 5449 alienata

66 5481 165 5538 manus
185 5496 330 5539 excemum
355 5480 446 5539 lurtim
468 5481 590 5556 arripere
614 5480 766 5540 consuevit.
786 5480 865 5540 Unde

919 4589 976 4645 mei
991 4589 1069 4657 estis,
1080 4588 1106 4643 si
1114 4587 1243 4657 feceritis
1257 4602 1319 4659 quoe
1333 4585 1717 4660 praeonominatum,

919 4676 1015 4748 inquit,
1033 4677 1125 4733 dicem
1153 4691 1199 4732 ooo
1214 4690 1317 4746 seruos,
1331 4675 1378 4731 scd
1397 4673 1513 4744 amicos,
1529 4675 1598 4749 quio
1622 4678 1720 4732 omnio

919 4779 1097 4839 quaecumque
1105 4764 1201 4822 audiui
1211 4767 1321 4823 oPatre
1330 4781 1391 4823 mco
1402 4768 1473 4821 nolu
1482 4767 1537 4836 feci
1546 4766 1719 4838 consuens.

919 4868 966 4919 xv,
984 4854 1089 4923 tnta).
1105 4852 1201 4909 Videte
1214 4862 1243 4910 et
1257 4854 1302 4911 hic
1316 4855 1463 4926 quamdam
1478 4854 1645 4912 distantiam.
1661 4853 1718 4909 illic

919 4942 1044 4999 dicuntur
1054 4943 1153 5012 amici,
1169 4949 1197 4998 et
1209 4943 1262 5010 hic,
1284 4944 1333 5002 sed
1348 4943 1518 5001 differenter.
1535 4943 1586 5009 lbi,
1607 4940 1669 5014 quia
1680 4939 1720 4995 fa·

919 5030 1012 5098 cinut;
1039 5031 1094 5099 bio,
1115 5031 1178 5105 quia
1202 5032 1292 5088 sciunt
1309 5047 1315 5087 :
1332 5031 1379 5101 ibi,
1405 5037 1516 5105 propter
1540 5028 1719 5086 ministratio·

919 5136 1000 5186 uem;
1017 5122 1071 5188 bic,
1086 5130 1198 5193 propter
1214 5121 1372 5194 mysterium
1389 5138 1395 5177 ι
1415 5121 1451 5176 ibi
1467 5119 1624 5186 comeduut,
1635 5117 1679 5173 hic
1689 5126 1718 5198 et

919 5208 1022 5266 bibunt.
1039 5210 1180 5282 Utrimque
1194 5211 1292 5278 amici,
1305 5208 1425 5265 noudum
1439 5217 1529 5264 umen
1539 5206 1715 5265 charissimi.

919 5298 1094 5356 cbarissimis
1107 5299 1135 5354 in
1149 5300 1315 5371 potationem
1336 5297 1408 5354 cedit
1429 5296 1638 5370 ebrietas.1paa
1662 5312 1716 5354 no-

919 5386 999 5442 minis
1019 5387 1106 5444 lorma
1124 5385 1401 5459 superabundantiam
1425 5386 1572 5457 quamdam
1595 5383 1717 5443 latenter

919 5475 1048 5545 insinuat,
1063 5484 1092 5532 et
1105 5473 1240 5548 significat
1253 5474 1453 5547 plenitudinem
1472 5475 1622 5533 charitatis.
1638 5477 1713 5535 Cha·
