3706 5962
139 184 173 246 tt
786 180 984 242 otttuuutttt
1004 179 1138 241 ttuttts
1501 230 1504 235 .
1752 182 1787 241 52

138 308 314 378 luminatum,
342 298 457 369 alterum
484 303 653 367 illuminans.
680 304 739 363 Nec
765 310 858 378 potest
886 320 973 405 aa]
990 309 1056 365 nata
1076 301 1249 373 illuminanti,
1268 304 1428 378 justificanti
1440 303 1608 379 justificata?
1624 305 1692 380 quid
1711 306 1788 363 simi-

138 397 290 463 aeutialiter
303 411 364 452 esse
392 395 491 459 eadem
513 393 646 467 sapientia
673 409 735 466 quae
762 392 858 468 fitper
871 409 937 470 gra·
988 395 1041 452 lius
1055 394 1111 463 alii,
1127 409 1209 469 quam
1223 395 1388 452 causativum
1401 393 1787 465 causae,t0rmatumt0rmet

139 487 214 553 dam,
242 501 303 543 cum
324 484 370 540 illa
398 499 459 555 quae
488 498 539 555 per
576 491 700 538 naturam
739 482 860 541 existit:
890 482 935 542 illa
988 484 1057 541 Nam
1081 484 1246 542 informato
1270 484 1327 541 iera
1355 484 1423 541 nihil
1445 483 1519 540 aliud
1537 483 1687 540 attenditur
1705 501 1787 559 quam

139 565 206 651 quae'
214 575 244 630 tit
255 575 286 630 in
301 580 435 644 tempore,
451 587 512 628 cum
535 570 580 627 illa
594 587 654 643 quae
670 578 735 626 nata
748 578 790 627 est
805 572 839 626 ab
851 577 934 628 aeter·
988 573 1087 631 forma.
1103 573 1229 646 Denique
1248 580 1276 630 et
1291 573 1365 646 quod
1382 572 1461 630 dulce
1476 581 1529 639 est,
1547 574 1738 645 superomnia
1753 573 1788 629 si-

137 663 233 719 nitote.
988 663 1052 718 mile
1071 661 1179 719 videtur
1197 660 1348 727 dulcedini3
1370 669 1398 717 et
1412 661 1486 734 qnod
1509 658 1629 716 lucidum
1645 667 1696 731 est,
1719 660 1785 717 luci.

172 753 201 807 6.
221 749 250 809 Si
264 750 322 805 haec
336 747 484 804 distinxisti
506 745 535 802 in
557 746 674 818 Dilecto,
690 763 707 803 o
721 761 833 819 sponsa,
849 754 877 804 et
899 749 935 804 ab
988 752 1083 823 ltaque
1096 749 1251 823 proximum
1260 764 1316 805 uon
1330 749 1431 822 injuste
1444 747 1562 816 videtur,
1579 749 1652 820 quod
1663 747 1786 805 illitanta

136 839 179 899 luia
202 855 263 912 quae
284 839 361 908 juxta
385 842 485 893 statum
508 837 634 891 humana
662 835 820 892 substantiae
841 835 869 892 in
888 836 934 893 illo
987 839 1160 898 aemulatione
1183 839 1370 911 componitur3
1394 837 1559 911 proximum,
1580 837 1644 910 quia
1663 838 1730 894 nihil
1743 839 1785 894 in-

136 936 200 987 aunt
221 927 345 993 virtutes,
371 925 406 981 ad
430 924 513 981 Verbi
533 923 707 996 pertransisti
729 924 847 990 divitias,
870 932 934 982 tunc
988 929 1150 1002 terponitur.
1170 929 1240 985 Nam
1254 928 1307 983 etsi
1327 927 1432 984 linitum
1446 933 1572 984 nostrum
1585 926 1786 1001 incomparabi-

134 1021 197 1091 p'ure
207 1024 235 1074 et
248 1016 415 1074 excellenter
426 1014 518 1073 dicere
528 1020 623 1085 potes:
636 1013 794 1071 Paululum
804 1031 935 1087 cuarapera
987 1016 1049 1074 liter
1059 1017 1164 1074 excedit
1182 1016 1284 1072 divinae
1302 1015 1492 1072 immensitatis
1507 1014 1642 1082 infinitam
1655 1016 1785 1088 imaginis

137 1102 934 1176 transissemillos,inveniqacmditipitanimcmea.Sed
988 1111 1078 1162 tamen
1096 1107 1129 1165 ad
1148 1105 1292 1163 veritatem
1310 1104 1441 1162 nonnulla
1462 1104 1632 1180 dignoscitur
1646 1121 1708 1163 esse
1724 1105 1784 1162 aifr-

135 1196 273 1270 quomodo
287 1194 442 1265 aptabimus
450 1190 515 1248 illud
527 1191 600 1265 quod
609 1191 732 1263 ponitur,
745 1189 858 1256 scilicet,
864 1207 934 1264 poa·
987 1195 1069 1251 nitas.

86 1266 96 1291 ¹
135 1282 494 1342 tutemttnaestimahititer
507 1288 643 1355 praerogat
657 1279 877 1339 omnicreaturae
891 1280 932 1336 di·
1022 1287 1048 1342 8.
1063 1282 1129 1339 Jure
1143 1297 1212 1356 ergo
1224 1281 1476 1340 dicitzPoolulcm
1491 1299 1552 1340 com
1562 1283 1784 1355 pertransissem

134 1371 198 1429 vina
211 1371 351 1446 maiestas,
375 1378 403 1426 et
423 1369 500 1442 quasi
524 1369 613 1427 vicina
631 1375 659 1424 et
682 1367 822 1425 lamiliaris
835 1368 880 1436 sit,
894 1368 933 1424 di·
986 1370 1061 1438 illos,
1071 1373 1167 1429 inueni
1177 1389 1260 1446 qoem
1274 1371 1371 1444 diligit
1381 1370 1482 1428 citima
1492 1389 1565 1430 mea.
1577 1373 1692 1444 Oquam
1707 1373 1780 1439 felix,

134 1457 933 1533 eit:Campertronaiascmillospoalalum,invcoiqacm
985 1477 1068 1536 quarn
1090 1461 1168 1518 laetus
1189 1468 1339 1534 proventus
1364 1467 1420 1516 ιιιιι
1440 1460 1516 1533 longi
1540 1460 1687 1518 circuitus!
1706 1462 1782 1519 Beati

133 1549 341 1622 diligitamicum
350 1564 424 1603 hwa.
445 1545 571 1618 Denique
594 1546 677 1603 chaos
693 1561 821 1618 maguum
837 1547 931 1603 timna-
984 1550 1086 1622 gradus
1109 1549 1156 1617 illi,
1180 1566 1231 1622 per
1243 1565 1312 1622 quos
1335 1549 1363 1604 in
1384 1548 1466 1605 talem
1486 1548 1609 1605 evaditur
1624 1549 1779 1607 terminum.

131 1645 189 1694 tum
217 1644 259 1693 eet
286 1637 357 1692 iuter
383 1641 503 1691 nostram
531 1640 558 1690 et
586 1633 672 1705 ipsius
695 1639 830 1690 naturam.
847 1637 931 1703 Quale
947 1677 969 1756 Β
984 1638 1115 1709 Quaesivit
1133 1638 1161 1693 in
1177 1636 1288 1705 lectulo,
1310 1636 1430 1693 circuivit
1444 1635 1590 1703 civitatem,
1604 1635 1781 1709 interrogavit

132 1722 341 1800 quaerischaosi
352 1723 451 1795 Utique
466 1721 605 1779 inanitatis
623 1730 735 1779 nostrae.
750 1724 850 1782 Omnes
864 1741 931 1796 pen·
984 1728 1121 1785 custodes.
1133 1727 1223 1784 Primo
1237 1727 1300 1784 loco
1315 1726 1412 1799 quaerit
1421 1741 1472 1796 per
1488 1741 1517 1782 ae
1534 1732 1561 1781 et
1574 1741 1660 1799 penes
1674 1742 1713 1782 se.
1731 1725 1780 1783 Se·

134 1819 184 1883 tce,
196 1815 234 1870 ait
242 1814 387 1887 propheta,
399 1811 482 1885 quari
491 1828 549 1869 noa
558 1811 629 1883 sint,
643 1811 685 1868 ric
697 1816 765 1868 sumt
779 1829 874 1870 coram
888 1830 927 1882 eo,
984 1817 1082 1884 cundo,
1099 1823 1176 1875 extra
1189 1833 1230 1883 se,
1242 1816 1292 1873 sed
1301 1832 1352 1889 per
1361 1831 1402 1872 sc.
1413 1814 1506 1872 ‘lertio
1516 1830 1593 1881 vero,
1610 1829 1662 1871 uec
1675 1830 1777 1887 perse,

132 1899 929 1978 ctqaastcthttetmcnerepatataecontaminamur).
983 1921 1035 1962 uec
1048 1922 1134 1979 penes
1153 1921 1194 1964 ee.
1209 1907 1245 1961 Et
1257 1907 1310 1962 hoc
1323 1905 1385 1962 loco
1404 1911 1509 1976 quanto
1523 1902 1651 1960 humilius
1670 1903 1777 1975 quaerit,

131 1992 196 2049 lure
223 1989 312 2048 inanis
339 1996 481 2062 reputatur
508 1996 599 2045 nostra
626 1990 783 2057 substantia,
800 1990 830 2046 in
851 1991 930 2061 cujus
983 2002 1059 2052 tanto
1074 1996 1184 2067 quidem
1197 1994 1354 2064 efficacium
1370 2000 1526 2068 quantoque
1540 2009 1557 2049 a
1572 1992 1614 2049 sui
1634 1990 1777 2050 confiden-

132 2078 319 2151 uasumptione
342 2077 498 2135 exinanisse
521 2093 552 2133 se
585 2075 682 2133 dicitur
701 2076 750 2134 illa
777 2077 928 2151 plenitudo.
983 2082 1021 2139 tia
1037 2083 1146 2157 longius
1161 2083 1286 2150 recessit,
1304 2089 1377 2139 tauto
1392 2081 1495 2154 reperit
1508 2080 1596 2138 citius.
1612 2078 1721 2146 inveni,
1736 2078 1778 2133 in-

132 2168 201 2240 Quae
215 2182 283 2244 ergo
297 2167 399 2239 poterit
413 2165 548 2240 assignari
562 2166 751 2224 convenientia
764 2175 793 2224 et
805 2167 930 2225 vicinitas
983 2172 1051 2243 quit,
1068 2173 1167 2230 inveni
1177 2173 1281 2240 illam;
1292 2171 1339 2245 qui
1348 2186 1392 2227 me
1403 2171 1479 2243 prior·
1492 2169 1570 2243 quasi
1585 2184 1665 2226 ovem
1684 2183 1778 2224 erran-

131 2256 221 2315 iuanis
235 2273 297 2314 cum
312 2255 409 2324 solido,
430 2255 507 2311 nihili
530 2271 594 2313 cum
620 2256 777 2314 immenso?
790 2255 848 2326 Qua
862 2273 929 2332 ergo
982 2266 1047 2327 tem,
1065 2271 1092 2317 et
1107 2261 1187 2333 quasi
1204 2261 1361 2317 drachmam
1375 2259 1507 2333 perditam
1521 2256 1643 2332 quesivit
1657 2264 1686 2312 ct
1704 2256 1779 2312 inve·

132 2345 237 2404 ratione
245 2345 325 2404 dicit:
336 2345 565 2404 Paululamcom
571 2344 872 2418 pertransisscmilloa,
882 2347 929 2402 in-
981 2349 1031 2418 nit,
1047 2358 1075 2406 ct
1089 2350 1276 2407 misericordia
1290 2351 1352 2421 ejus
1367 2348 1498 2421 praevenit
1509 2364 1562 2405 me.
1582 2350 1635 2417 lle,
1650 2346 1777 2418 inquam,

130 2435 196 2493 ocni
206 2434 500 2508 qocmdilipitonimc
509 2450 581 2490 orco.
593 2433 929 2508 hulortepcunigoraest
980 2438 1056 2510 prior
1073 2437 1178 2496 invenit
1190 2438 1334 2512 perditam,
1352 2437 1481 2511 praevenit
1494 2434 1561 2492 nihil
1579 2433 1714 2489 meritam.
1731 2434 1776 2488 ln-

129 2524 257 2593 maritas,
274 2530 302 2579 el
315 2522 429 2594 praepeii
444 2521 536 2578 VOlalu
555 2521 676 2577 maenus
698 2522 826 2578 desiderii
840 2523 927 2580 inter·
981 2528 1055 2585 veuit
1069 2536 1217 2598 errantem,
1234 2526 1366 2599 praevenit
1379 2526 1589 2596 desperantem:
1605 2521 1707 2579 invenit
1720 2520 1775 2576 dii-

128 2613 225 2684 iacena
239 2612 302 2678 hoc,
319 2610 354 2666 de
370 2623 425 2681 quo
441 2608 586 2681 loquimur,
601 2610 776 2681 praetervolat
789 2614 928 2667 vacuum?
980 2614 1123 2684 ferentem,
1149 2615 1281 2689 praevanit
1299 2613 1469 2671 diffidentem
1487 2626 1493 2667 :
1512 2610 1616 2669 invenit
1628 2608 1717 2683 qualis
1730 2625 1775 2666 es·

130 2700 230 2772 Utique
245 2699 285 2756 ⁸5⁰
298 2697 445 2753 ³⁸⁸0Pi10f·
467 2693 534 2751 Nam
561 2711 664 2763 &mares
683 2699 739 2768 l'ssffl
754 2706 848 2755 ῑθῐιθΐθ
865 2707 925 2766 &Sit
980 2719 1039 2761 aem
1055 2704 1120 2760 mihi
1134 2703 1269 2772 indicans,
1285 2701 1418 2776 prevenit
1440 2701 1475 2756 ad
1488 2716 1538 2756 sua
1557 2716 1601 2755 me
1615 2713 1749 2758 revocans
1767 2713 1774 2752 :

129 2787 210 2845 ιιιιιιι
224 2785 368 2844 assimilari
377 2792 405 2842 et
413 2784 485 2841 uniri
499 2791 551 2840 est.
567 2784 677 2853 Quidni,
689 2801 752 2843 cum
766 2787 840 2844 Deus
861 2789 926 2844 cha·
979 2808 1078 2866 vagam
1092 2792 1196 2850 invenit
1208 2792 1237 2848 in
1251 2791 1401 2857 erroribus,
1426 2804 1540 2847 vacuam
1559 2787 1653 2861 gratias
1676 2802 1774 2859 preve-

128 2876 195 2934 ritae
208 2875 266 2933 siti
981 2881 1021 2938 nit
1035 2881 1191 2939 muneribus
1206 2899 1214 2940 :
1230 2879 1335 2938 invenit
1348 2888 1378 2936 ut
1391 2894 1447 2936 non
1462 2895 1514 2952 ego
1527 2879 1628 2951 ipsum,
1647 2879 1696 2934 sed
1713 2877 1774 2949 ipse

163 2968 191 3025 7.
208 2963 359 3022 sedaliam
383 2963 428 3021 hic
442 2979 495 3039 ego
510 2979 576 3036 paro
600 2963 743 3020 rationem.
763 2966 827 3023 Post
840 2966 925 3025 ratio-
979 2987 1024 3028 me
1043 2971 1173 3044 eligerem
1197 2969 1328 3042 prevenit
1350 2971 1381 3026 ιιι
1403 2967 1478 3041 prior
1492 2967 1627 3038 diligeret.
1646 2964 1774 3039 sicergo

128 3055 198 3113 nulia
211 3054 470 3128 contemplationem
492 3061 625 3112 creaturae
645 3060 752 3111 sursum
766 3027 962 3116 aseendentic
980 3058 1069 3117 electa
1096 3069 1125 3116 et
1142 3058 1249 3125 dilecta,
1273 3057 1386 3130 quaesita
1410 3064 1438 3114 et
1454 3054 1596 3130 acquisita,
1619 3053 1731 3112 inventa
1745 3057 1775 3111 et

127 3145 216 3219 primo
230 3160 262 3201 se
278 3144 368 3201 statim
383 3142 471 3216 gradu
490 3143 581 3201 divina
601 3143 683 3200 otiert
700 3151 728 3200 et
742 3145 860 3202 occurrit
875 3163 925 3203 ua·
978 3156 1126 3224 praeventa,
1141 3148 1278 3222 quomodo
1292 3163 1346 3205 nou
1362 3146 1512 3204 secuudum
1525 3145 1599 3202 vires
1622 3152 1730 3210 conatu,
1746 3151 1775 3201 et

128 3242 199 3305 tura,
213 3234 367 3307 nulliusque
381 3232 494 3290 alterius
512 3233 707 3306 prestantioris
721 3242 825 3292 naturae
838 3234 924 3292 iuter·
978 3254 1061 3312 supra
1083 3238 1157 3296 vires
1183 3238 1286 3295 allecta
1309 3237 1384 3293 illum
1403 3245 1430 3292 et
1453 3234 1563 3307 diligam
1586 3238 1614 3290 et
1629 3233 1774 3305 queram?

126 3323 237 3398 ponitur
250 3323 398 3381 distinctio.
413 3323 474 3379 Non
490 3321 562 3379 enim
584 3322 657 3379 inter
669 3322 819 3396 imaginem
833 3331 862 3381 et
875 3340 924 3383 ve·
978 3326 1114 3397 Quaeram,
1135 3327 1224 3383 donoc
1245 3323 1301 3383 voti
1319 3338 1433 3396 compos
1452 3336 1548 3380 vocem
1560 3319 1663 3378 laetitia
1679 3320 1773 3392 proie—
1822 3330 1826 3338 ·

126 3413 235 3471 ritatem
247 3413 369 3469 medium
384 3412 522 3485 assignari
537 3410 603 3486 quid
611 3419 713 3485 potest,
724 3411 850 3484 superius
859 3427 922 3479 uno,
978 3432 1037 3473 ram
1048 3432 1055 3471 ε
1067 3416 1166 3474 Inueni
1176 3431 1260 3490 quem
1269 3415 1365 3484 diligit
1379 3414 1478 3468 animo
1487 3426 1560 3469 mco.
1571 3410 1629 3485 Ego
1639 3409 1774 3467 inventio·

126 3500 240 3560 inferius
254 3502 352 3558 altero.
364 3500 444 3570 Quod
453 3500 528 3558 enirn
538 3502 640 3560 veritas
653 3516 709 3558 non
719 3508 770 3573 est,
786 3503 924 3575 quomodo
977 3518 1042 3564 nom
1060 3505 1104 3562 hic
1118 3505 1152 3561 ad
1170 3504 1294 3563 veritatis
1315 3507 1344 3559 et
1357 3501 1453 3574 gratim
1467 3515 1523 3557 non
1545 3499 1637 3558 refero
1655 3498 1772 3565 initium,

126 3592 276 3667 proximius
291 3591 397 3649 accedit
411 3591 446 3647 ιιι
470 3607 542 3660 sam,
567 3607 649 3664 quarn
672 3599 702 3648 ut
715 3590 802 3662 ipsius
816 3592 926 3648 simma·
979 3594 1029 3651 sed
1047 3602 1235 3668 augmentum.
1251 3594 1370 3664 Pergens
1385 3590 1501 3647 enimet
1519 3587 1665 3662 proficiens
1683 3588 1774 3644 anima

126 3697 202 3738 crum
217 3688 245 3736 et
258 3681 401 3737 character
411 3678 464 3734 siti
478 3680 509 3734 ln
523 3693 579 3752 quo
594 3694 662 3752 ergo
680 3680 827 3737 attenditur
840 3680 870 3738 in
881 3696 924 3737 ra·
978 3681 1014 3740 de
1031 3683 1131 3741 virtute
1155 3681 1184 3738 in
1206 3681 1342 3747 virtutem,
1368 3678 1404 3736 de
1428 3677 1543 3738 veritate
1567 3678 1596 3741 iu
1617 3677 1772 3744 veritatem,

126 3769 221 3828 tiouali
234 3769 331 3843 spiritu
349 3784 393 3837 ea,
404 3783 465 3841 quoe
478 3767 513 3824 ad
527 3767 649 3824 divinum
663 3774 704 3825 est
718 3776 843 3824 naturam
857 3770 923 3826 ima·
978 3768 1044 3827 dum
1058 3769 1160 3843 ubique
1175 3769 1255 3826 novis
1270 3768 1431 3825 informatur
1445 3766 1592 3839 mysteriis,
1609 3774 1638 3823 et
1653 3765 1774 3822 infundi·

126 3858 285 3935 goiPrimo
300 3857 410 3931 quidem
424 3857 494 3926 loco,
510 3857 573 3930 quia
583 3861 626 3913 est
635 3855 758 3913 veritatis
768 3863 798 3913 et
811 3857 924 3928 iustitie
977 3865 1022 3916 tur
1034 3857 1152 3932 gaudiis,
1173 3873 1223 3931 per
1242 3857 1364 3932 singulos
1377 3855 1549 3929 profectuum
1563 3855 1667 3930 gradus
1680 3855 1774 3914 dicere

126 3963 222 4022 capax.
239 3946 378 4017 Secundo,
390 3946 413 4003 si
436 3945 535 4018 capiat,
548 3945 620 4014 illas,
635 3953 664 4002 et
687 3945 733 4002 fiat
746 3960 829 4004 verus
840 3954 869 4004 et
882 3949 924 4019 ju·
977 3955 1065 4022 potest
1078 3965 1084 4005 :
1099 3947 1197 4006 lausai
1207 3963 1288 4023 quem
1301 3946 1504 4020 diligitoaimc
1517 3961 1588 4015 mco,
1601 3946 1774 4002 VerbumPa·

127 4046 185 4095 atus
200 4036 388 4112 pergratiam,
403 4037 477 4109 quod
503 4037 574 4091 Deus
589 4043 631 4093 est
647 4051 699 4108 per
713 4042 844 4092 naturam.
860 4037 924 4094 Tria
977 4037 1025 4094 tris
1041 4037 1178 4095 Christum
1191 4039 1294 4106 lesum,
1309 4036 1356 4110 qui
1371 4044 1508 4110 estsuper
1522 4036 1613 4094 omnia
1626 4036 1699 4091 Deus
1718 4033 1774 4106 ιιι-Δ

82 4176 89 4184 .
127 4125 172 4183 hic
186 4125 252 4182 mihi
272 4125 402 4182 distincta
425 4131 499 4190 sunt,
525 4123 615 4192 idest,
640 4138 767 4197 capacem
782 4139 844 4180 csse
858 4124 923 4183 boni
977 4126 1138 4185 nedictusin
1153 4126 1253 4185 secuta
1266 4127 1442 4184 saeculorum.
1457 4126 1557 4182 Amen.

127 4215 236 4282 summi,
257 4213 347 4286 ipsum
361 4214 474 4279 habere,
490 4220 518 4269 et
530 4228 591 4269 esse
610 4211 710 4284 ipsum.
727 4213 820 4284 Imago
835 4221 922 4271 atton·
1276 4232 1394 4291 ssspqpo
1419 4233 1470 4289 ιχ,

127 4300 200 4357 ditur
213 4301 241 4358 in
254 4300 354 4370 primo,
363 4298 510 4356 similitudo
524 4299 553 4355 in
567 4300 698 4367 secundo,
713 4301 814 4359 veritas
828 4302 856 4359 in
871 4311 923 4359 ter·
982 4322 1068 4382 rme
1082 4322 1175 4391 grum,
1196 4340 1247 4380 ,wc
1262 4322 1422 4392 gemmam,
1438 4322 1524 4378 ,pomo
1543 4319 1724 4378 introducam
1737 4319 1773 4375 g.

127 4392 174 4450 tio.
188 4391 309 4448 Primum
324 4404 468 4447 commuue
491 4396 535 4446 est
558 4389 678 4447 omnium
699 4390 922 4450 intellectualium
938 4384 961 4463 B
1045 4396 1104 4451 lam
1120 4395 1152 4451 ira
1168 4396 1283 4454 dommo
1292 4398 1394 4454 matria
1408 4409 1478 4450 mem
1492 4395 1589 4461 (Cant.
1601 4407 1644 4458 rvr,
1661 4391 1699 4459 ι).

125 4481 288 4555 spirituum3
305 4480 466 4548 secundum,
487 4479 636 4537 electorum
661 4487 784 4548 tantum;
801 4483 921 4554 tertium,
1013 4488 1038 4543 ι.
1060 4485 1146 4544 renat
1155 4485 1248 4553 illum,
1264 4500 1316 4543 mcc
1325 4484 1481 4541 dimittam.
1496 4479 1555 4552 Ego
1570 4478 1652 4547 huius
1661 4477 1772 4550 capituli

77 4604 80 4615 ·
126 4570 211 4630 solius
222 4571 337 4629 increati
350 4571 470 4643 spiritus.
492 4570 522 4625 lu
547 4571 635 4641 primo
653 4587 741 4645 propa
755 4562 921 4647 accedimus,
976 4591 1085 4634 sensum
1113 4576 1147 4633 ιιι
1171 4576 1288 4635 laturam
1315 4572 1387 4631 votui
1415 4576 1519 4625 tantum
1542 4566 1705 4626 felicitatem
1732 4584 1772 4624 re

125 4660 155 4718 iu
170 4662 292 4718 secundo
306 4660 437 4732 proxime,
454 4660 564 4716 tertium
587 4661 647 4733 ipse
672 4670 723 4719 est.
743 4663 831 4736 Prope
844 4680 922 4723 acce·
976 4661 1058 4731 ferre,
1074 4666 1193 4739 quando,
1210 4677 1326 4734 sponsus
1339 4658 1446 4716 dilcctm
1460 4656 1633 4715 manifestam
1647 4672 1773 4729 praesen-

127 4750 217 4807 dimus
231 4766 281 4822 Per
304 4749 491 4821 aptitudinem,
511 4750 634 4821 proxime
648 4767 699 4824 per
712 4754 920 4826 coaptationem.
975 4752 1020 4811 tiae
1033 4770 1089 4811 sum
1103 4752 1243 4811 extrihebit
1265 4748 1478 4821 plenitudinem
1504 4756 1535 4804 ut
1549 4746 1616 4802 nihil
1639 4746 1675 4802 sit
1697 4745 1772 4817 quod

125 4838 216 4912 Prope
236 4854 286 4912 per
309 4846 413 4895 naturae
434 4837 573 4910 primaeva,
597 4840 721 4912 proxima
744 4859 795 4915 per
814 4845 921 4902 virtutis
974 4843 1154 4914 interrumpat
1169 4839 1390 4913 perpetuitatem.
1411 4838 1482 4894 Nam
1496 4846 1523 4893 et
1536 4837 1610 4910 quod
1624 4834 1771 4909 premitti-

20 4930 27 4941 “
125 4929 278 5003 privilegia.
295 4929 392 5001 Prope,
410 4928 473 5000 quia
488 4943 601 5000 capaces
618 4945 627 4999 ς
644 4931 778 5005 proxime,
802 4933 865 5007 quia
877 4951 922 4991 ca·
974 4941 1027 4999 tur,
1044 4933 1113 4989 Gom
1128 4931 1438 5003 pcrtromieecmiltos,
1456 4943 1512 4986 uon
1527 4926 1677 4999 incongrue
1692 4924 1771 4981 adid

124 5019 240 5092 pientes.
265 5018 390 5090 Quonam
405 5017 477 5074 enim
491 5019 573 5076 modo
590 5034 646 5075 nou
662 5019 698 5076 de
712 5021 801 5080 vicino
815 5023 921 5080 accedit
973 5019 1108 5077 retertur:
1127 5020 1197 5077 curn
1211 5018 1389 5075 mocaoomit
1402 5031 1514 5075 omnem
1525 5013 1727 5088 principatum
1740 5018 1769 5070 et

124 5108 315 5166 immortalitas
329 5108 364 5164 ιιι
388 5107 645 5175 immutabilitatem,
661 5109 869 5183 incorporalitas
883 5112 918 5167 ad
969 5107 1239 5182 potestatamatrtt
1248 5109 1320 5165 Deos
1329 5106 1428 5166 omnio
1437 5107 1470 5162 in
1479 5104 1610 5164 oronites
1618 5104 1644 5176 (1
1650 5104 1767 5170 Comxv,

123 5196 334 5270 simplicitatem,
346 5197 488 5255 illocalitas
504 5196 540 5254 ad
554 5197 784 5264 immensitatem;
802 5200 870 5256 ratio
883 5202 917 5258 ad
970 5200 1015 5264 ιι,
1032 5197 1087 5270 28).
1112 5200 1182 5253 Auta
1205 5196 1271 5252 illud
1287 5196 1359 5253 euim
1372 5204 1489 5269 tempus,
1506 5196 1567 5269 quis
1581 5209 1614 5249 ex
1630 5191 1768 5249 sententia

121 5285 274 5355 veritatem,
290 5286 375 5344 virtus
388 5288 422 5343 ιιι
437 5285 609 5344 bonitatem?
625 5288 660 5343 Et
672 5292 703 5343 ut
717 5287 871 5358 expressius
880 5289 917 5346 lo·
969 5287 1062 5345 dicare
1072 5294 1177 5359 potest:
1191 5287 1250 5344 Noa
1260 5285 1411 5343 dimittam
1420 5281 1587 5343 illumiSed
1598 5281 1669 5337 huuc
1679 5287 1769 5338 arctat

122 5389 199 5449 quer,
215 5373 280 5447 quid
295 5390 356 5431 esse
371 5376 485 5433 vicinius
500 5385 528 5433 et
541 5376 656 5432 similius
670 5383 761 5447 potest
775 5391 857 5447 quam
869 5391 914 5431 aa·
969 5383 998 5432 et
1015 5375 1114 5433 evertit
1130 5375 1298 5433 intellectum
1325 5384 1352 5432 et
1370 5375 1405 5432 ad
1424 5388 1547 5447 praesens
1567 5369 1634 5428 lecit
1657 5369 1765 5439 referri,

119 5463 221 5538 pientia
234 5463 385 5536 sapientiae,
393 5465 498 5537 justitia
506 5465 637 5537 justitiam
654 5462 710 5521 98
725 5480 809 5538 quam
815 5463 915 5523 illumi·
968 5464 1033 5522 illud
1047 5464 1121 5538 quod
1134 5465 1273 5538 sequitur:
1286 5467 1375 5525 Donec
1389 5462 1571 5522 introducam
1582 5461 1667 5518 illam
1678 5460 1711 5516 in
1721 5459 1767 5517 dc-
