3706 5962
158 157 226 222 aret
412 136 416 147 '
741 157 824 218 ocro
843 110 971 220 eunom
991 153 1233 247 esaraerrems.
1734 161 1782 221 rrn
1812 130 1849 248 ’ρ

156 287 320 358 ninnt,quia
340 287 369 343 in
382 286 480 343 mediis
493 303 548 343 nen
562 285 676 342 multum
700 285 828 357 proficuis
849 292 954 357 ternpus
969 300 993 380 Α
1008 288 1070 344 llaec
1096 295 1197 344 mtema
1226 287 1357 363 sapientia
1385 286 1419 342 ad
1448 285 1629 358 discipulum.
1658 286 1724 342 ltctn
1749 297 1786 344 sts
1817 314 1820 351 ι

157 386 185 436 ει
202 375 282 433 vires
309 376 476 448 expendunt,
500 376 589 432 debita
615 375 735 432 remedia
762 376 905 448 negligunt
926 384 954 432 et
1007 377 1054 430 tim
1078 377 1268 433 subinfertur:
1295 377 1398 433 «Fons
1420 383 1447 432 et
1468 373 1545 447 origo
1570 374 1697 432 omnium
1718 375 1786 433 bene·
1817 360 1820 407 Ι

156 473 323 537 postponant
338 481 346 524 z
362 475 392 522 tn
413 473 502 520 ειιιειιι
516 480 577 521 eum
592 465 626 518 ad
640 463 722 520 finem
735 464 868 520 intentum
892 481 953 535 per·
1007 481 1066 520 rum
1091 465 1192 522 homini
1205 466 1338 538 spirituali
1357 472 1409 536 est,
1424 464 1452 521 in
1475 465 1544 523 cella
1564 464 1674 537 jugiter
1693 479 1789 522 comne-
1818 478 1822 517 ι

156 554 248 611 venire
271 553 418 618 desideras,
442 553 528 610 debes
550 553 607 607 sine
631 569 712 624 opere
734 552 770 607 ad
796 561 953 625 perpetuam
1007 543 1105 609 raris»

157 642 248 699 cordis
268 642 412 713 puritatem
428 649 453 698 ef
468 640 572 696 inentis
585 640 801 712 tranquillitatem
816 641 952 705 anhelare,
1042 643 1069 698 t.
1092 640 1230 710 Quintum,
1249 649 1350 699 utnon
1372 640 1540 698 contristeris
1567 641 1616 697 vel
1639 638 1793 710 lenense

157 740 241 803 atque
255 746 301 787 cor
315 745 423 788 sursum
442 730 545 803 jugiter
559 730 593 784 ad
607 729 750 786 Dominum
774 730 881 786 babere.
899 730 954 785 tle-
1007 729 1159 786 sollieiteris
1174 743 1222 800 pro
1236 729 1330 786 amieis
1344 738 1371 784 et
1389 729 1511 802 cognatis
1525 729 1600 800 tuis3
1616 729 1668 785 sed
1689 730 1794 785 conmit-

157 829 309 878 rumteuten
332 820 468 890 estquod
492 819 583 875 nullus
606 818 759 875 mortalium
782 826 869 890 petest
892 818 954 875 huic
1006 825 1033 875 te
1060 833 1106 874 eos
1134 820 1199 885 Deo,
1224 827 1251 875 et
1273 818 1411 891 spirituale
1434 817 1604 886 subsidium,
1629 816 1730 874 scilieet
1749 833 1796 873 ora·
1826 838 1831 925 q

157 907 377 979 contemplationi
389 908 490 979 jugiter
504 908 650 974 inhserere3
665 908 711 962 sed
726 906 752 961 id
768 907 830 963 ideo
853 906 955 962 dictum
1008 906 1108 962 tionum
1135 917 1239 963 tuarum
1263 907 1402 981 suffragia,
1418 906 1458 962 eis
1479 905 1613 976 impende
1640 921 1647 961 :
1677 905 1797 962 te’aeten

157 1005 208 1060 eat,
222 995 345 1060 ntscias,
360 994 519 1050 ubimentis
541 993 717 1050 intentionem
737 993 837 1049 debeas
858 994 955 1050 habere
1007 994 1109 1050 munde
1136 994 1293 1051 crucifixum
1321 1003 1417 1066 reputa
1449 1003 1477 1050 et
1506 993 1649 1051 mendum
1682 992 1748 1060 nbi3
1772 996 1798 1049 af

157 1084 250 1155 bum,
273 1091 302 1138 et
324 1082 358 1143 ad
383 1099 463 1154 ιριιιιι
492 1082 695 1138 destinationem
724 1097 832 1148 semper
858 1083 955 1138 animm
1008 1080 1133 1138 interiora
1161 1084 1297 1151 extende,
1327 1091 1453 1157 tanquam
1478 1084 1617 1140 omnibus
1647 1081 1741 1139 amieis
1766 1097 1800 1137 or·
1830 1110 1832 1123 =

157 1181 209 1229 tuae
223 1186 334 1239 revoces
356 1170 482 1227 intuitum
498 1189 506 1227 :
520 1186 601 1243 quarn
625 1187 686 1227 com
709 1170 810 1242 peterit
833 1170 955 1227 obtinere
1008 1171 1096 1226 batus.
1830 1154 1834 1193 ¹

157 1275 244 1328 ruens,
271 1259 400 1332 gaudeam
429 1266 457 1314 ει
487 1277 504 1315 a
535 1274 588 1330 qna
619 1258 774 1314 distractam
809 1274 838 1316 se
865 1258 957 1317 doleat
1044 1261 1167 1328 Sextum,
1182 1267 1211 1315 ut
1225 1258 1263 1314 sis
1277 1259 1385 1317 fervens
1399 1257 1426 1314 in
1449 1257 1626 1315 orationibus
1648 1269 1678 1314 et
1701 1259 1802 1314 medita·
1832 1278 1835 1291 =

157 1356 237 1421 atque
252 1347 379 1419 suspiret,
394 1346 609 1420 predeseunque
623 1347 658 1401 eb
679 1346 726 1403 illo
750 1347 845 1402 intuitu
864 1362 894 1403 se
908 1347 956 1401 de·
1009 1349 1128 1404 tionibus
1152 1347 1262 1418 sanetis,
1276 1355 1303 1404 et
1326 1350 1359 1404 ab
1381 1347 1428 1403 illa
1446 1348 1605 1413 voluntate,
1620 1363 1678 1421 qna
1700 1347 1732 1401 ad
1754 1345 1801 1403 reii-

158 1435 333 1508 prehenderit
346 1442 508 1505 separatam.
518 1433 599 1504 Quod
613 1435 636 1489 si
649 1435 794 1506 querulosa
809 1448 875 1490 voce
888 1435 955 1490 milri
1009 1436 1118 1510 gionem
1142 1435 1248 1504 venisti,
1264 1446 1291 1492 et
1312 1452 1329 1490 a
1352 1435 1437 1507 prime
1462 1435 1614 1492 novitiatus
1638 1435 1746 1492 fervore
1761 1450 1802 1491 nea

158 1524 268 1581 obviare
281 1522 409 1589 voluerit,
424 1523 516 1579 dieses
538 1530 564 1577 te
586 1522 633 1577 diu
656 1522 684 1577 in
699 1525 796 1579 cedern
811 1532 881 1578 statu
896 1537 955 1577 me·
1011 1534 1139 1595 tepescas.
1164 1526 1251 1580 Homo
1274 1524 1346 1580 enim
1367 1524 1506 1590 remissus,
1527 1524 1552 1580 si
1579 1523 1697 1596 incipiat
1718 1524 1802 1596 aliqrid

159 1627 291 1671 nemeen
309 1628 389 1683 posse
405 1627 411 1667 :
427 1626 541 1668 noscere
564 1610 649 1667 debes
671 1611 743 1683 quod
764 1611 858 1667 divina
871 1612 957 1667 virtus
972 1573 996 1651 Β
1011 1612 1039 1667 in
1053 1611 1195 1684 principio,
1212 1612 1410 1681 aliquantulum
1425 1621 1537 1668 strenue
1551 1612 1617 1685 agit
1631 1629 1640 1667 z
1656 1613 1754 1668 deinde
1771 1612 1804 1666 di-
1836 1598 1841 1641 ἶ

160 1701 222 1774 plue
237 1707 325 1771 potest
344 1699 439 1767 faeere,
456 1715 536 1772 quam
560 1700 642 1754 homo
665 1700 750 1769 possit
774 1700 912 1772 cogitare;
930 1705 958 1754 et
1012 1701 1157 1757 minuendo
1185 1700 1321 1771 procedit,
1350 1700 1414 1771 quia
1441 1701 1591 1756 multorum
1619 1710 1663 1756 est
1690 1702 1803 1771 incipere,

159 1788 234 1862 quod
249 1787 400 1859 frequentia
411 1776 491 1844 'actus
513 1787 629 1843 similem
652 1788 703 1844 sibi
725 1789 847 1844 habitum
870 1803 957 1861 gene·
1012 1805 1161 1862 pancorum
1177 1788 1264 1845 finire.
1280 1789 1344 1845 Sela
1362 1797 1451 1845 tamen
1474 1789 1686 1860 perseverantia
1709 1805 1806 1846 eorona-

160 1892 221 1945 tare
235 1875 385 1935 consuevit.
401 1875 480 1933 Unde
493 1875 592 1946 saepius
610 1875 738 1947 contingit
753 1877 824 1948 qnod
840 1875 907 1930 illud
921 1876 957 1931 ad
1012 1878 1092 1947 bitur,
1109 1878 1165 1933 sola
1182 1877 1294 1947 accipiet
1308 1876 1442 1935 bravium.
1459 1877 1541 1933 Nulla
1563 1877 1630 1932 sine
1654 1877 1747 1934 labere
1762 1879 1807 1932 vir·

162 1965 235 2038 quod
256 1963 379 2020 fortassis
402 1964 484 2021 horne
506 1981 536 2021 se
559 1964 586 2019 in
611 1964 743 2035 principio
760 1964 884 2021 astrinxit
897 1980 956 2020 eum
1012 1975 1054 2023 tus
1070 1983 1078 2021 ε
1093 1966 1167 2020 etad
1182 1980 1280 2036 magea
1303 1965 1413 2034 praemia
1427 1979 1482 2021 non
1506 1965 1688 2035 pervenitur,
1704 1964 1756 2020 nisi
1771 1981 1808 2036 par

161 2053 278 2123 quedam
292 2051 419 2108 violentia
431 2061 459 2108 ει
471 2050 636 2123 difficultate,
653 2061 746 2122 postes
761 2052 874 2110 faciliter
887 2066 957 2123 ope·
1011 2069 1126 2128 magnes
1139 2055 1254 2109 labores.
1271 2054 1395 2126 Regnum
1417 2045 1489 2109 enim
1509 2053 1650 2110 coelornm
1676 2068 1732 2109 nea
1748 2053 1808 2109 desi·

161 2141 276 2208 rabitur,
296 2151 324 2198 et
346 2141 454 2198 tandem
475 2156 536 2198 eum
557 2156 654 2216 magna
676 2141 862 2207 delectatione,
876 2141 958 2197 dum·
1012 2145 1069 2209 des,
1085 2158 1139 2200 nen
1162 2141 1277 2212 remissi,
1292 2158 1346 2198 nen
1370 2140 1491 2208 delicati,
1507 2145 1555 2197 sed
1582 2142 1703 2200 violenti
1717 2143 1809 2214 rapiant

162 2231 243 2287 medo
257 2246 312 2288 non
324 2229 442 2286 desistat
1012 2231 1089 2296 iilud,
1105 2230 1151 2302 qni
1166 2245 1219 2286 non
1234 2229 1306 2300 aliis,
1321 2231 1370 2285 sed
1385 2233 1441 2286 suis
1454 2230 1648 2287 voluntatibus
1663 2232 1811 2304 prmctarm
1846 2216 1849 2275 i

199 2322 226 2374 3.
245 2318 327 2385 Audi,
343 2316 380 2372 fili
402 2317 450 2387 mi,
465 2315 637 2388 disciplinam
657 2316 743 2388 petris
765 2318 826 2373 mei.
842 2317 959 2374 Attende
1012 2319 1131 2375 iufemnt
1144 2318 1298 2375 violentiam
1314 2336 1321 2374 :
1338 2333 1401 2393 nem
1414 2318 1462 2390 qui
1484 2317 1514 2373 in
1528 2318 1660 2376 monbec
1681 2321 1740 2376 seis
1759 2317 1812 2375 noi·

163 2405 306 2479 diligenter
329 2405 374 2461 illa
394 2405 488 2471 verba,
504 2413 531 2461 et
554 2420 587 2460 ea
610 2406 636 2460 in
657 2407 739 2462 eorde
765 2414 811 2461 tuo
833 2407 910 2477 quasi
932 2408 959 2463 in
1015 2408 1055 2464 les
1068 2416 1131 2462 sunt
1144 2413 1170 2461 ει
1183 2406 1266 2474 fluidi,
1284 2422 1359 2463 more
1380 2422 1457 2479 aqnae
1481 2407 1636 2478 praecipitis
1650 2407 1689 2463 ad
1702 2407 1756 2462 ima
1771 2408 1811 2463 de·

163 2494 233 2551 libro
253 2494 350 2551 scribe.
366 2494 428 2550 Noli
449 2492 568 2551 aemulari
588 2493 789 2550 multitudinem
803 2510 895 2551 eorum
915 2495 961 2567 qui
1015 2494 1154 2552 scendunt.
1171 2493 1222 2562 Qui
1247 2509 1313 2550 vero
1337 2501 1502 2560 constantes,
1518 2492 1593 2549 firmi
1619 2502 1648 2551 et
1676 2494 1811 2560 fervidi,it

163 2585 220 2655 jam
233 2593 305 2640 retro
321 2583 444 2639 conversi
458 2589 520 2638 sunt
535 2592 598 2653 post
611 2582 743 2638 desideria
756 2583 846 2639 cerdis
860 2584 903 2640 sui
916 2602 922 2639 :
934 2583 961 2639 in
1016 2599 1106 2639 arcem
1120 2582 1228 2638 virtutis
1240 2581 1360 2652 quotidie
1378 2586 1548 2637 excrescunt.
1566 2581 1668 2638 Stultis
1688 2581 1756 2659 nihil
1777 2581 1812 2636 dit

163 2673 262 2744 quibus
283 2671 391 2728 devotio
414 2672 511 2742 tepuit,
534 2671 651 2727 ebaritas
675 2670 808 2744 refriguit,
825 2679 852 2726 et
873 2671 962 2729 delicit
1015 2671 1124 2741 placet:
1142 2686 1203 2724 nam
1218 2669 1286 2725 tales
1300 2668 1373 2740 quod
1387 2684 1442 2726 non
1455 2668 1557 2724 habam
1570 2668 1700 2741 cupiunt,
1713 2676 1742 2725 et
1754 2668 1814 2740 qued

162 2760 310 2824 humilitas,
326 2760 481 2817 obedientia
495 2767 538 2816 est
556 2766 687 2831 prostrata
703 2776 710 2813 :
726 2759 774 2831 qui
788 2761 894 2830 placere
912 2761 961 2816 ho·
1015 2759 1112 2814 bahent
1135 2756 1287 2813 fastidiunt.
1312 2757 1384 2830 Ergo
1407 2766 1533 2814 constans
1555 2766 1627 2823 esto,
1642 2766 1673 2813 et
1694 2774 1750 2814 non
1769 2771 1814 2812 mo

162 2848 281 2904 minibus
294 2849 416 2922 cupiunt,
432 2849 551 2905 bonores
564 2858 698 2919 quaerunt,
712 2849 800 2903 ventri
815 2848 937 2906 serviunt
954 2866 960 2903 :
978 2845 1104 2924 evearis
1127 2845 1257 2917 exemplis
1282 2845 1433 2915 tepidorum
1456 2846 1490 2900 ad
1514 2845 1680 2901 imitandum
1707 2861 1768 2901 cos.
1791 2845 1816 2899 lit

164 2940 211 3008 qui
225 2939 431 3008 supramodum
447 2936 563 3009 diligunt
576 2952 691 2992 munera
714 2944 863 3008 sequuntur
885 2938 963 2992 retri-
1014 2936 1086 3007 quod
1101 2934 1190 3007 rigere
1213 2932 1322 2989 Ordinis
1343 2947 1399 2988 nen
1424 2942 1528 2989 tenetur
1540 2933 1576 2988 ab
1590 2933 1659 2998 aliis,
1677 2933 1716 2986 de
1732 2934 1816 2987 hocta

166 3025 291 3080 butiooes
306 3040 312 3078 :
328 3025 416 3096 quiin
440 3026 492 3080 hec
505 3026 606 3080 munde
629 3027 718 3096 ipsum
744 3025 816 3095 quod
839 3035 963 3095 qnaernnt
1015 3039 1069 3078 non
1089 3022 1261 3087 intromittas,
1277 3022 1325 3077 sed
1349 3021 1453 3088 videas,
1471 3022 1540 3093 qnod
1560 3021 1621 3074 sine
1644 3017 1817 3085 offendiculo

164 3127 216 3184 pre
231 3113 357 3166 mercede
371 3109 462 3182 operis
476 3111 517 3166 sui
532 3110 674 3178 recipiunt,
689 3119 715 3167 et
729 3112 755 3166 in
781 3112 870 3167 future
884 3113 961 3170 vacui
1015 3110 1136 3165 ambules
1160 3125 1252 3165 eoram
1276 3108 1458 3166 confratribus
1478 3108 1540 3172 tais,
1564 3107 1750 3165 emendando
1776 3123 1817 3163 eet

165 3198 321 3255 manebunt.
351 3199 404 3255 Sed
427 3197 489 3254 illos
515 3200 641 3274 egregios
670 3200 752 3256 flores
778 3200 962 3258 sanctissimos
1015 3199 1076 3270 plus
1090 3197 1220 3269 exemplis
1234 3214 1317 3270 quam
1340 3197 1449 3264 verbis;
1464 3204 1495 3252 ιιι
1516 3196 1607 3252 omnia
1631 3212 1699 3268 qum
1714 3196 1815 3252 Ordinis

164 3299 268 3359 patres,
283 3288 329 3361 qui
344 3288 545 3359 incomparabili
558 3289 706 3361 flagrabant
725 3288 814 3345 studio
837 3290 962 3345 sanctita·
1016 3297 1089 3354 sunt,
1103 3302 1169 3342 sane
1192 3294 1218 3342 et
1241 3285 1346 3358 integra
1368 3287 1470 3345 sintin
1494 3302 1612 3359 persona
1633 3295 1694 3343 tua.
1715 3288 1750 3343 Et
1763 3288 1814 3341 ideo

166 3377 209 3444 tis,
233 3378 351 3442 atoende,
375 3388 402 3434 et
428 3393 522 3434 eorum
547 3376 658 3433 festines
687 3378 853 3450 propositum
881 3378 961 3435 simili
1016 3390 1070 3431 nen
1090 3375 1128 3431 sis
1150 3372 1210 3429 aliis
1234 3373 1353 3446 rigidns3
1380 3390 1434 3430 non
1453 3375 1640 3446 reprehendas
1665 3372 1812 3447 anferre

165 3464 254 3522 studio
279 3473 305 3522 et
330 3467 535 3523 conversatione
562 3467 710 3537 suscipere,
734 3467 961 3540 quemadmodum
1016 3465 1083 3520 dure
1107 3463 1270 3534 increpando
1285 3462 1352 3517 alies
1368 3480 1375 3516 :
1391 3463 1455 3534 quia
1480 3461 1602 3517 fraterna
1616 3467 1813 3518 correctiones

163 3553 211 3609 tibi
232 3555 287 3626 jam
307 3557 479 3628 propositum
494 3564 545 3612 est.
567 3555 630 3612 Sive
652 3555 732 3628 igitur
753 3559 889 3620 etmedss,
905 3556 962 3612 sire
1016 3554 1097 3608 hebet
1122 3552 1236 3615 locem,
1265 3551 1313 3606 ubi
1341 3566 1395 3605 non
1431 3557 1559 3623 speratur
1587 3551 1767 3614 emendatie;
1791 3558 1813 3602 et

163 3641 252 3707 bibas,
268 3643 316 3699 sed
335 3642 439 3714 eliqnid
454 3643 529 3725 aliud
549 3643 643 3709 facias,
659 3659 766 3716 semper
785 3645 843 3700 haee
858 3661 909 3700 vox
924 3643 963 3716 pii
1016 3640 1114 3695 frustra
1137 3637 1211 3697 venit
1238 3653 1321 3695 sonus
1349 3638 1383 3693 ad
1407 3653 1499 3705 aures,
1515 3636 1570 3693 nisi
1594 3638 1673 3694 Dens
1690 3638 1718 3693 ia
1741 3634 1813 3693 eorde

164 3718 249 3800 petris
263 3739 372 3787 resonet
386 3731 412 3786 in
428 3732 538 3788 auribus
552 3733 614 3802 tuis,
628 3732 799 3788 admonentis
821 3741 846 3789 et
868 3732 962 3788 dicen·
1015 3727 1140 3801 loquetur
1156 3744 1163 3785 :
1180 3727 1242 3798 quia
1256 3725 1332 3782 solus
1347 3727 1418 3782 Deus
1440 3724 1576 3783 convertit
1598 3726 1681 3783 eorda
1701 3723 1814 3781 fifiomnt

165 3817 220 3873 tis:
237 3819 284 3874 Fili
299 3818 345 3886 mi,
360 3821 394 3875 ad
407 3836 454 3876 eor
466 3828 541 3876 tuum
557 3821 660 3887 redeas,
676 3821 711 3874 ab
725 3820 861 3888 omnibns,
876 3836 962 3893 quan·
1016 3817 1166 3872 hominum.

166 3916 221 3960 tum
250 3906 378 3978 possibile
404 3916 464 3976 est,
496 3908 608 3978 teipsum
636 3908 835 3974 abstrahendo,
865 3911 963 3965 mentis
1051 3904 1178 3960 Fraterna
1200 3911 1288 3959 entem
1312 3903 1443 3961 comestio
1462 3903 1544 3959 dehet
1560 3902 1623 3962 fieri
1638 3919 1702 3961 cnm
1720 3914 1813 3974 magno

165 3993 273 4049 oculum
296 4008 401 4063 semper
424 3994 451 4049 in
477 3995 593 4066 puritate
609 4003 635 4050 et
660 3997 849 4069 tranquillitate
871 4005 963 4053 custo·
1017 3992 1213 4058 moderamine,
1227 4008 1290 4048 enm
1304 3994 1407 4064 gemitu
1421 4001 1448 4048 et
1461 3993 1671 4068 benevelentia,
1686 4007 1737 4048 suo
1749 3991 1812 4051 loeo,

165 4078 232 4146 dies,
250 4079 411 4138 intellectum
427 4097 441 4137 s
462 4081 557 4138 formis
582 4098 671 4138 rerum
690 4081 858 4139 infirmarum
877 4101 964 4140 reser-
1018 4097 1067 4138 sno
1091 4090 1222 4152 tempore,
1238 4096 1346 4151 semper
1370 4081 1492 4137 eratione
1516 4081 1709 4152 praecedente.
1724 4079 1812 4137 toene

166 4170 270 4237 vande;
285 4169 428 4226 voluntatis
451 4169 581 4228 affectum
601 4170 703 4226 acoris
723 4180 889 4227 terrenorum
915 4189 961 4244 pe·
1017 4170 1041 4225 si
1063 4169 1145 4241 aliqui
1169 4184 1222 4225 noo
1242 4172 1447 4242 compleverunt
1464 4169 1556 4225 omnia
1578 4186 1644 4242 qnae
1667 4177 1734 4227 sunt
1750 4165 1803 4225 Ouii

165 4258 240 4316 nitus
261 4259 396 4331 absolvas,
416 4275 523 4316 summo
547 4260 628 4327 bono,
651 4275 742 4317 amore
764 4258 874 4329 fervido,
894 4278 962 4319 sem·
977 4219 1002 4298 Β
1018 4260 1068 4325 nis,
1081 4259 1229 4316 dnmmodo
1243 4266 1271 4314 tn
1287 4257 1623 4314 bonuaaemulatorfueris
1639 4258 1810 4317 etdiscrtttt.

165 4363 215 4419 per
229 4348 403 4417 inhaerendo;
418 4346 575 4404 memoriam
599 4363 709 4420 qnoque
730 4348 833 4420 jugiter
854 4364 962 4403 sursum
1017 4365 1070 4405 non
1083 4347 1218 4418 indicabis
1232 4348 1346 4404 aliorum
1361 4347 1509 4404 installat
1530 4356 1646 4404 moveat
1661 4356 1701 4416 te,
1716 4347 1741 4404 ai
1751 4345 1809 4403 vide

165 4435 295 4492 elevatam
324 4434 423 4492 babeas
453 4453 503 4508 per
529 4436 782 4506 contemplationem
811 4436 962 4493 divinorum
1018 4439 1055 4494 ris
1069 4434 1173 4508 {aliquos
1194 4436 1283 4492 minus
1294 4436 1435 4503 discretos,
1451 4436 1520 4492 alies
1544 4437 1676 4509 ignaros,
1690 4435 1758 4493 aliea
1776 4434 1809 4488 in·

166 4524 199 4580 ad
224 4541 342 4595 superna
359 4525 493 4581 tendendo
516 4542 523 4579 :
544 4524 579 4580 ita
597 4533 627 4580 ut
648 4532 704 4581 tota
726 4527 815 4579 anima
834 4533 880 4597 tua
903 4541 963 4582 cum
1017 4527 1121 4592 doctos,
1144 4526 1213 4580 alios
1237 4526 1367 4583 remissos
1388 4527 1415 4581 in
1436 4523 1521 4589 ueris.
1541 4535 1591 4581 aut
1611 4526 1810 4598 quibuscunque

166 4613 292 4669 omnibus
313 4615 439 4683 potentiis
451 4613 508 4691 suis
521 4619 549 4669 et
563 4613 667 4671 viribus
690 4613 718 4668 in
739 4615 825 4669 Deum
841 4614 962 4681 collecta,
1017 4614 1089 4669 vitiis
1102 4614 1198 4670 noxios
1215 4631 1221 4668 :
1236 4616 1331 4671 claude
1346 4614 1452 4681 oerrlos,
1468 4614 1496 4667 in
1518 4624 1656 4684 qnantum
1682 4625 1768 4686 potes,
1785 4608 1810 4664 tf

164 4700 296 4756 uouebat
319 4702 429 4771 spiritus
445 4718 563 4768 cumen,
579 4702 608 4755 in
629 4716 683 4771 qno
705 4718 809 4758 summe
833 4704 962 4772 perfectio
1017 4702 1131 4757 aliorum
1155 4702 1224 4758 facta
1246 4701 1453 4774 perscrutanda.
1468 4701 1549 4767 Sane,
1565 4717 1600 4759 ne
1630 4717 1706 4776 qnos
1727 4697 1810 4756 imitari

165 4786 228 4844 vites
241 4789 415 4871 cognoscitur
430 4786 515 4847 8θῦ
532 4789 690 4847 consistere.
703 4791 764 4846 llaee
778 4791 859 4863 igitur
872 4792 962 4849 brevis
1017 4806 1072 4846 non
1088 4792 1140 4856 vis,
1156 4790 1283 4846 damnare
1307 4791 1436 4857 videaris,
1451 4788 1515 4861 quie
1537 4789 1567 4845 in
1589 4791 1746 4860 judicando
1758 4786 1811 4843 afitt

164 4876 226 4934 vitae
240 4885 294 4933 tuae
308 4875 425 4934 formula
440 4879 487 4945 tibi
502 4880 536 4933 sit
552 4878 656 4950 tradita,
671 4878 699 4932 in
712 4895 765 4951 qua
780 4881 803 4936 si
818 4881 963 4954 diligenter
1016 4894 1146 4950 magnum
1169 4887 1210 4934 est
1236 4879 1390 4949 periculum,
1410 4887 1438 4934 et
1463 4878 1529 4933 tales
1551 4877 1731 4948 suspiciones
1752 4887 1811 4946 sapt

165 4964 312 5040 studueris,
332 4975 360 5022 et
382 4966 497 5022 fideliter
521 4967 628 5024 effectui
652 4967 805 5039 mancipare
829 4969 959 5038 volneris,
1015 4978 1077 5023 sunt
1091 4967 1180 5035 falsae3
1196 4967 1349 5024 diminuunt
1363 4967 1444 5023 etiam
1459 4965 1589 5022 affectum
1605 4975 1637 5022 et
1651 4967 1811 5028 cannatae,

164 5055 261 5113 beatus
274 5054 338 5125 eris,
353 5065 379 5113 et
402 5056 600 5128 quodammode
615 5064 742 5110 aeternam
766 5057 919 5112 felicitatem
933 5057 961 5114 in
1016 5071 1096 5129 quam
1114 5056 1197 5112 hemo
1222 5058 1302 5112 habet
1315 5057 1349 5112 ad
1373 5055 1551 5128 proximum:
1573 5057 1629 5113 boc
1649 5055 1766 5111 multum
1777 5052 1814 5107 de

165 5144 216 5201 hec
237 5145 326 5221 fragili
350 5161 464 5219 corpere
478 5145 627 5202 inchoabis.
649 5145 713 5201 llaec
731 5152 781 5213 est,
799 5144 849 5213 fni,
864 5146 960 5203 salutis
1013 5148 1064 5203 hes
1083 5161 1187 5217 cavere,
1203 5162 1237 5202 ne
1258 5145 1378 5204 ebaritas
1400 5146 1514 5215 alicujus
1530 5158 1599 5216 erga
1618 5151 1649 5204 te
1665 5147 1708 5202 vel
1733 5158 1814 5216 queo-

165 5233 218 5300 via‚
234 5251 314 5306 qnam
329 5244 390 5293 tuus
403 5234 534 5291 Arsanias
548 5234 582 5289 ab
596 5234 693 5307 angelo
707 5235 819 5289 edoctus
833 5238 959 5303 servavit,
1014 5250 1128 5307 cumque
1151 5235 1231 5289 alium
1255 5245 1453 5304 corrumpatur,
1467 5231 1511 5288 vel
1531 5230 1616 5287 etiarn
1637 5232 1813 5297 diminuatur,

166 5321 310 5395 etservari
331 5323 389 5380 suia
409 5322 548 5395 discipulis
571 5322 704 5393 mandavit
726 5339 735 5379 ι
761 5343 773 5375 ι
794 5321 876 5395 Fuge,
892 5330 960 5392 taee,
1015 5325 1079 5395 quie
1094 5338 1148 5379 non
1163 5331 1203 5378 est
1218 5323 1307 5393 maius
1331 5321 1452 5394 spolium
1470 5319 1513 5378 vel
1536 5318 1685 5390 damnum,
1702 5316 1814 5395 quanin

167 5402 285 5490 quistet.
317 5431 329 5465 ι
358 5413 431 5481 hoe,
459 5413 581 5487 inquam,
608 5418 672 5470 sunt
698 5411 831 5488 principia
856 5411 960 5473 edens.
1015 5410 1151 5471 ablatione
1165 5410 1208 5468 tel
1221 5410 1400 5470 diminutione
1414 5406 1817 5494 obtritttisefimniakaamqnt
