3706 5962
101 201 145 261 22¹
718 213 752 272 IN
770 214 907 275 cthrtca
925 214 1032 275 sendo
1051 213 1133 273 xhll.

101 325 169 382 scire
180 325 247 394 alia,
263 326 354 384 solum
368 333 395 384 te
408 330 478 387 scire
497 347 504 388 :
520 346 618 389 vacare
639 335 695 403 tibi,
712 344 739 393 et
754 339 899 410 revidere,

103 416 164 470 siem
178 415 229 470 bic
243 415 328 471 datur
341 433 392 488 per
414 419 560 487 somnium,
579 430 610 477 ut
623 423 662 479 sic
686 425 785 494 dicam,
800 437 828 484 et
842 446 902 484 um·

101 504 172 557 hrain
187 511 220 558 et
237 505 368 577 aenigma.
385 508 459 563 Bona
481 511 601 579 crapula,
615 514 693 585 copia
708 517 855 573 vacationis
874 527 902 575 et

100 590 210 649 usionis
233 589 324 648 istius.
341 594 415 651 Visio
437 595 490 650 ista
512 598 594 654 hahet
617 600 719 674 ahquid
740 605 845 662 somnio
859 606 900 662 si-

99 678 167 743 mile,
196 694 235 735 eo
259 681 335 752 quod
360 697 415 738 non
439 682 557 741 humano
580 688 693 745 arbitrio
717 699 744 746 et
765 692 901 749 industria

98 767 146 836 liat,
163 781 226 823 non
243 784 280 825 ex
294 769 504 841 investigatione
519 782 622 841 nostra,
635 778 683 833 sed
698 795 732 834 eu
745 780 900 839 visitatione

98 855 214 911 orientis
228 873 264 912 ex
289 857 354 914 alto.
372 859 470 916 Paulus
489 862 566 932 quasi
589 864 699 935 dormit,
714 883 776 924 cum
798 871 900 927 mundo

101 943 217 999 moritur
240 963 248 998 :
271 946 348 1016 quasi
363 946 465 1020 vigilat,
480 965 542 1005 cum
561 951 625 1009 vivit
646 954 763 1011 Christe.
779 957 901 1012 Dormiat

101 1031 217 1101 eduam,
243 1032 354 1101 iratres,
379 1036 468 1091 anima
491 1054 552 1094 mea
576 1039 765 1100 dormitatione
786 1044 847 1112 ista,
873 1055 900 1102 et

98 1118 156 1175 haut
172 1119 282 1192 vigiliae
295 1138 365 1179 meae
383 1124 476 1180 talium
489 1125 603 1184 slmiles.
619 1130 726 1187 Utinam
739 1134 821 1205 juges
834 1135 897 1201 sint,

98 1224 145 1265 uon
160 1209 379 1282 interpolentur.
395 1213 473 1271 Nuue
486 1222 577 1272 autem
592 1234 672 1275 versa
686 1220 746 1277 viee
761 1237 813 1293 ego
827 1223 898 1296 vigi·

1700 213 1755 274 22‘2

956 356 1008 397 vox
1022 347 1088 395 nota
1115 346 1169 406 est,
1197 340 1255 393 haec
1278 336 1343 392 mibi
1371 345 1467 410 grata:
1492 337 1559 393 alias
1582 338 1751 397 obsurdesco

955 444 1046 495 voces,
1062 426 1097 482 ad
1112 426 1181 482 hanc
1195 425 1383 499 expergefacta
1397 441 1456 481 sum
1468 444 1475 493 ;
1488 427 1579 481 statim
1595 443 1658 483 cum
1672 429 1751 485 insc-

956 519 1015 573 nuit
1029 517 1059 570 in
1074 513 1182 571 auribus
1200 513 1278 584 meis,
1305 514 1435 570 exsultavi
1459 531 1515 587 prae
1538 515 1646 586 gaudio.
1662 517 1753 573 llultae

956 621 1040 663 voces
1054 605 1214 675 obstrepere
1239 603 1339 671 solent,
1355 612 1382 659 et
1396 602 1478 658 falsas
1491 603 1662 660 insusurrare
1676 606 1753 661 blau·

956 694 1044 760 ditias,
1061 694 1110 749 sed
1139 707 1193 747 non
1217 691 1288 747 sicut
1311 707 1362 747 vox
1386 691 1487 750 dilecti.
1512 694 1620 767 hlagna,
1644 692 1751 763 iratres,

955 782 1099 854 prudentia
1123 797 1242 852 sponsae,
1268 787 1295 836 et
1313 781 1477 837 discretione
1503 779 1615 853 spiritus
1634 781 1752 854 pollens,

954 888 1015 943 quae
1029 871 1069 927 sic
1082 869 1248 945 distinguere
1260 870 1335 927 novit
1349 869 1421 926 inter
1434 869 1568 926 versutias
1586 869 1752 942 daemonum,

953 968 982 1014 et
999 958 1144 1016 blanditias
1158 973 1239 1014 veras
1253 957 1354 1015 dilecti.
1376 960 1439 1024 Ver,
1460 957 1558 1030 inquit,
1575 958 1671 1016 dilecti
1683 960 1752 1032 parl-

953 1048 1135 1117 conticitum
1151 1045 1213 1102 talis
1224 1063 1276 1103 vox
1285 1047 1373 1119 qualis
1384 1048 1450 1103 Jesu
1460 1048 1474 1103 l
1485 1046 1622 1120 Numquid
1632 1046 1754 1119 pbiloso-

952 1137 1091 1207 phorum?
1105 1135 1238 1207 numquid
1252 1135 1468 1192 hereticorum?
1483 1134 1552 1194 Num
1565 1135 1673 1210 Legis?
1687 1151 1752 1190 num

953 1225 1149 1296 Prophetarum
1160 1224 1174 1277 ‘3
1190 1222 1282 1279 Valida
1295 1238 1347 1279 vox
1363 1226 1423 1295 ejus
1435 1232 1487 1289 cst,
1498 1223 1609 1279 stultam
1624 1222 1688 1279 iecit
1701 1224 1753 1278 hu·

97 1300 128 1365 lo,
141 1315 195 1354 cor
210 1316 306 1356 meum
321 1299 440 1373 dormit;
455 1303 556 1360 dormit
569 1307 692 1378 spiritus,
703 1325 767 1367 earo
782 1310 874 1385 vigilat
890 1331 896 1366 ι
951 1313 997 1382 jus
1009 1311 1103 1367 mundi
1116 1311 1279 1383 sapientiam
1292 1312 1318 1383 (Ι
1329 1312 1392 1369 Cor.
1407 1329 1426 1378 1,
1445 1312 1501 1383 20).
1520 1296 1574 1368 Lex
1589 1319 1618 1368 et
1632 1312 1752 1384 Prophe·

98 1396 120 1442 et
133 1386 157 1441 si
171 1402 242 1443 caro
259 1386 371 1455 dormit,
388 1405 442 1445 non
458 1398 548 1448 tamen
562 1395 655 1450 statim
668 1396 781 1468 spiritus
794 1398 897 1471 vigilat.
954 1408 988 1456 tae
1010 1400 1147 1456 neminem
1171 1399 1205 1455 ad
1226 1401 1378 1471 perlectum
1397 1400 1590 1458 adduxerunt:
1612 1416 1664 1458 vox
1686 1401 1752 1456 Jesu

97 1474 257 1548 hdulgetur
280 1475 372 1532 animo
396 1477 514 1550 requies,
543 1483 666 1538 nondum
690 1491 780 1541 tamen
804 1487 838 1543 ab
853 1487 899 1543 illa
952 1488 1191 1545 consummationis
1218 1504 1353 1543 summurn
1381 1487 1583 1559 complectitur,
1611 1505 1662 1545 vox
1691 1488 1751 1557 ejus

96 1562 215 1638 gloriosa
230 1564 368 1622 ebrietate
381 1567 508 1624 sorbetur
522 1577 550 1626 et
564 1572 677 1643 rapitur.
694 1575 798 1631 Dormit
810 1584 898 1632 tenta-
951 1575 1192 1634 consummationis
1205 1585 1343 1649 praecepta
1363 1576 1495 1642 continet,
1510 1592 1562 1635 vox
1581 1577 1642 1646 ejus
1660 1579 1752 1631 movet
1816 1647 1818 1652 Ι

96 1652 206 1720 nentis,
223 1653 348 1710 nondum
371 1663 463 1712 tamen
481 1659 615 1717 excitatur
635 1661 687 1718 illis
701 1663 898 1722 inebriantibus
952 1666 1076 1722 allectus.
1096 1666 1164 1731 Vox,
1178 1665 1275 1737 inquit,
1291 1667 1447 1739 pulsantis.
1464 1664 1554 1720 Pulsat
1568 1663 1642 1720 enirn
1661 1670 1688 1719 et
1701 1677 1750 1735 pe-

96 1741 292 1798 blandirnentis
308 1759 315 1797 :
332 1751 359 1800 et
373 1746 496 1818 quamvis
514 1748 674 1819 frequenter
688 1761 844 1824 gustentur,
858 1770 899 1810 re·
915 1750 937 1827 Β
952 1762 1040 1810 netrat
1053 1754 1149 1809 efficax
1164 1752 1250 1808 instar
1263 1753 1411 1825 anticipitis
1425 1752 1508 1826 gladii
1526 1771 1532 1810 :
1548 1751 1647 1807 leniter
1661 1751 1750 1805 illabi-

97 1828 184 1886 diviva
214 1837 311 1888 tarum
338 1833 459 1891 novitate
487 1837 614 1903 animam,
642 1855 722 1912 quam
750 1841 896 1912 inebriant,
953 1853 1007 1910 tur,
1025 1851 1052 1900 et
1067 1841 1167 1898 blande
1181 1841 1338 1914 persuadet,
1355 1841 1428 1914 quod
1443 1841 1517 1897 nulla
1532 1840 1619 1912 potuit
1632 1839 1685 1894 alia
1698 1837 1749 1893 do·

96 1919 228 1975 milani·
952 1932 1039 1988 ctrina
1052 1931 1187 1989 obtinere.
1199 1932 1261 1987 Non
1276 1931 1347 1986 ultus
1362 1946 1463 2000 sermo,
1474 1930 1525 1987 sed
1535 1930 1589 1985 ulta
1609 1927 1749 2001 mysteria.

125 2010 154 2063 3.
180 2009 252 2065 Jnre
275 2007 371 2082 vigiles
392 2010 456 2068 dicti
481 2020 544 2069 suut
567 2016 614 2087 qui
638 2033 777 2088 uunquam
806 2020 899 2076 vinum
953 2020 1137 2077 Humilitatem
1152 2020 1337 2088 conscientiae,
1354 2035 1461 2076 morum
1475 2015 1749 2091 contemperantiam,

95 2096 157 2152 illud
171 2096 320 2154 inebrians
332 2098 468 2173 digemut,
480 2102 527 2175 qui
543 2119 653 2177 semper
662 2106 772 2162 madent
786 2116 899 2166 aeternae
951 2109 1197 2180 obtemperantiam
1210 2107 1385 2175 obedientiae,
1398 2108 1487 2164 carnis
1500 2106 1672 2173 munditiam,
1687 2118 1751 2162 con·

94 2185 288 2244 delectationis
303 2188 437 2246 ubertate.
450 2190 530 2247 Tales
544 2193 572 2248 in
585 2194 707 2251 Danielis
717 2195 787 2253 libro
801 2197 898 2273 vigiles
951 2206 1085 2268 temptum
1099 2197 1203 2265 mundi,
1218 2196 1468 2269 concupiscentiam
1484 2205 1659 2263 aeternorum,
1674 2193 1750 2251 divi-

95 2274 262 2347 legislflun.
276 2292 315 2344 1v,
331 2279 386 2350 lh).
407 2281 481 2337 liene
494 2280 602 2355 vigiles,
618 2283 759 2356 inquibus
774 2285 840 2341 nibil
856 2295 897 2343 est
952 2287 1043 2343 nitatis
1056 2286 1189 2354 notitiam,
1210 2302 1271 2359 quae
1294 2302 1413 2359 unquam
1438 2284 1596 2358 disputatio,
1624 2302 1685 2357 quae
1708 2287 1749 2343 di-

95 2363 167 2435 quod
182 2364 362 2437 soporatione
377 2367 508 2442 indigeat,
523 2371 573 2427 sed
589 2382 673 2428 totum
687 2373 812 2448 invigilat
826 2377 895 2432 Deo.
950 2375 1054 2432 strictio
1069 2383 1143 2430 tanta
1167 2383 1214 2431 aut
1227 2391 1354 2431 sermone
1375 2373 1495 2439 tradidit,
1521 2381 1567 2429 aut
1590 2372 1748 2446 inspirando

95 2453 169 2510 Bene
183 2452 294 2526 vigiles,
305 2472 423 2529 quorum
437 2473 492 2514 uon
502 2458 701 2532 interpolantur
714 2461 822 2534 vigilia.
834 2463 898 2519 Nul-
948 2463 1110 2537 persuasit?
1138 2463 1310 2535 Resurgeudi
1343 2464 1474 2535 gratiam,
1502 2461 1746 2533 impassibilitatem

95 2542 138 2599 lus
158 2543 189 2598 in
210 2545 254 2600 eis
275 2545 397 2601 eminulis
419 2547 535 2604 allectus
557 2550 672 2606 sentitur
693 2568 776 2622 quern
800 2554 895 2610 deceat
952 2552 1163 2625 resurgentium,
1183 2551 1364 2607 antemitatem
1388 2550 1460 2618 vitae,
1482 2549 1630 2619 majestatis
1648 2552 1748 2607 revela·

95 2633 248 2706 consopiri,
269 2644 301 2690 ut
314 2636 499 2709 expeditiores
518 2638 573 2694 siut
591 2639 682 2696 cordis
695 2640 805 2713 vigiliae.
828 2644 897 2698 Sunt
950 2641 1053 2697 tionem
1080 2642 1131 2696 hac
1159 2641 1273 2695 docente
1297 2655 1409 2710 sperare
1432 2637 1587 2705 didicimus,
1611 2647 1640 2693 et
1659 2639 1747 2712 suspi-

96 2724 223 2793 quaedam
237 2723 337 2795 vigiliae
351 2725 561 2782 sollicitudinum
580 2727 692 2800 repletae
705 2729 841 2797 molestia,
862 2732 896 2787 de
948 2727 1636 2796 1·are.ltotusintuaoeabeus,tnturcetmaqnum
1646 2744 1748 2783 nomm
1832 2734 1837 2746 '

96 2812 197 2881 quibus
211 2812 318 2884 Petrus,
329 2814 422 2871 sobrii
438 2820 526 2872 estete
539 2821 568 2872 ct
581 2818 706 2889 vigilate,
718 2819 786 2892 quic
800 2821 897 2878 adror-
949 2821 1010 2891 ejus
1033 2817 1121 2888 (Psoi.
1147 2832 1233 2882 cxxv,
1257 2817 1293 2887 ἓ).
1318 2814 1446 2888 Nunquid
1471 2814 1603 2869 tantum?
1626 2815 1748 2887 nunquid

95 2903 191 2956 sarius
204 2907 297 2959 vester
310 2903 436 2960 dioboles
452 2909 589 2978 tanquam
604 2908 645 2964 leo
660 2908 777 2979 rugiens
790 2908 897 2965 circuit
949 2916 1005 2962 tam
1020 2906 1203 2978 expressum?
1225 2904 1362 2977 Numquid
1393 2912 1447 2958 tam
1465 2902 1654 2975 impressum?
1677 2920 1749 2959 nun·

97 3006 317 3065 quercusquem
335 2993 448 3049 devoret
458 2995 485 3063 (l
495 2996 572 3052 Pctr.
589 3013 615 3060 v,
628 2997 655 3067 8)
671 3016 677 3051 z
695 3005 723 3052 et
737 2998 835 3053 Paulus
851 2998 895 3052 in·
949 2995 1013 3068 quid
1029 3005 1083 3050 tarn
1097 2996 1246 3066 sparsum?
1261 2995 1293 3049 le
1307 2994 1394 3050 lsrael
1407 3009 1544 3064 magnum
1558 3008 1661 3048 nornen
1676 2995 1746 3065 ejus.

96 3079 165 3150 quit,
186 3081 305 3152 Vigilate
318 3088 346 3138 ct
361 3086 437 3140 stuic
451 3085 482 3139 in
497 3084 551 3154 fide
566 3086 592 3154 (l
604 3085 666 3141 Cor.
688 3100 745 3154 xvi,
771 3087 824 3157 ta).
842 3086 896 3142 Sed
949 3084 999 3140 sed
1024 3099 1079 3139 non
1106 3090 1221 3139 eatenus
1242 3097 1371 3154 magnum
1395 3079 1437 3137 vel
1463 3079 1583 3137 evidenti
1610 3080 1745 3149 doctrina,

97 3166 149 3224 ihae
172 3167 276 3241 vigiliae
299 3170 474 3228 nihilomiuus
502 3171 682 3230 sollicitudine
710 3190 766 3230 non
789 3184 894 3247 carent,
911 3141 933 3220 c
948 3173 990 3230 vel
1018 3172 1174 3230 vehementi
1203 3171 1356 3236 devotione,
1386 3169 1428 3226 vel
1460 3184 1607 3225 numerosa
1634 3169 1750 3240 populo·

97 3257 197 3328 quibus
209 3257 340 3315 Ecclesiae
357 3267 491 3317 vexantur
509 3261 647 3328 doctores,
663 3262 731 3319 sicut
745 3264 895 3336 evangelici
948 3262 1028 3317 sitate
1044 3261 1223 3317 credentium.
1243 3260 1315 3317 Olim
1339 3260 1456 3332 loquens
1478 3259 1552 3314 Deus
1571 3257 1701 3330 patribus
1715 3259 1748 3314 in

98 3345 133 3401 illi
147 3356 274 3416 pastores
288 3348 432 3420 vigilantes
447 3357 474 3406 et
488 3350 673 3407 custodientes
687 3352 793 3424 vigilias
808 3353 896 3409 noctis
949 3350 1110 3424 Prophetis,
1126 3350 1276 3405 ncvhsimc
1290 3347 1388 3404 dicbus
1406 3346 1471 3403 otis
1485 3348 1597 3403 locutus
1612 3349 1656 3403 est
1668 3346 1747 3404 nobis

98 3451 181 3507 super
200 3453 316 3512 gregem
331 3454 409 3494 suum
431 3439 507 3510 (luc.
524 3456 555 3505 u,
570 3440 608 3511 8).
629 3439 735 3513 Vigiliee
749 3441 808 3498 istae
825 3459 894 3513 qua·
949 3441 984 3495 in
998 3440 1070 3498 Filio
1084 3438 1175 3508 (liebr.
1191 3453 1211 3505 r,
1229 3441 1255 3492 l.
1272 3438 1311 3505 2).
1327 3436 1392 3490 ldeo
1416 3449 1467 3490 vox
1481 3433 1581 3502 valida,
1598 3449 1648 3489 vox
1662 3433 1746 3491 virtu-

98 3525 160 3580 dam
176 3532 337 3598 torquentur
352 3527 477 3584 molestia
491 3530 527 3585 ob
543 3529 707 3584 imminentis
721 3529 785 3585 mali
803 3538 895 3587 caute·
948 3527 991 3596 tis,
1013 3544 1065 3583 vox
1093 3525 1204 3590 dilecti;
1230 3523 1279 3580 sed
1304 3522 1460 3578 Judaeorum
1483 3520 1674 3576 convalescere
1699 3537 1747 3576 ne-

99 3613 163 3669 lam.
180 3613 285 3687 Vigiliae
299 3630 406 3687 spousae
428 3617 589 3674 dormientia
603 3632 658 3672 uon
677 3617 816 3678 continent
830 3618 895 3673 mali
947 3615 1034 3690 quivit
1046 3614 1076 3669 in
1095 3613 1215 3670 auribus.
1227 3611 1336 3667 audivit
1345 3610 1504 3679 Gentilitas,
1515 3615 1542 3664 et
1551 3607 1678 3665 consessa
1692 3617 1744 3680 est,

98 3702 265 3771 cautionem,
292 3706 342 3760 sed
370 3705 476 3778 copiam
509 3706 585 3762 boni.
616 3705 796 3778 Exoccupatae
823 3706 894 3762 enim
947 3713 975 3760 et
986 3719 1039 3760 nou
1049 3701 1160 3774 negavit
1178 3700 1285 3758 dicem:
1300 3702 1355 3759 Vox
1372 3699 1469 3756 dilecti
1480 3697 1632 3773 pulscmis.
1643 3696 1749 3753 Utrum.

100 3792 183 3847 nenti
196 3793 346 3850 vehemens
369 3809 447 3850 amor
471 3794 606 3851 aviditatis
625 3794 771 3866 inexpletae
789 3795 895 3868 vigilias
947 3809 1000 3866 que
1016 3806 1135 3865 agnosco
1150 3806 1212 3846 esse
1227 3788 1331 3858 dilecti,
1344 3803 1440 3846 vocem
1454 3793 1482 3843 et
1496 3785 1615 3860 pulsum,
1631 3786 1746 3842 verbum
1818 3788 1821 3794 '

98 3880 204 3938 indicit.
223 3881 325 3955 Vigiliae
339 3885 464 3956 quaedam
478 3893 542 3939 sunt
557 3885 599 3940 vel
615 3884 781 3941 desiderium
795 3892 894 3955 optatae
947 3888 974 3938 et
998 3881 1136 3939 virtutem.
1161 3880 1284 3951 Utroque
1308 3877 1373 3933 mibi
1395 3884 1490 3950 gratus
1512 3876 1629 3932 dilectus
1657 3890 1746 3942 meus,

99 3972 262 4041 praesentiae,
276 3972 317 4028 vel
331 3972 476 4029 delectatio
490 3973 619 4044 indeptae.
636 3973 743 4046 Vigihae
757 3975 846 4038 bonae,
859 3973 896 4029 vi·
948 3977 1063 4042 utroque
1078 3984 1123 4024 me
1136 3967 1273 4024 demulcet
1288 3973 1316 4023 et
1330 3964 1423 4032 movit,
1440 3980 1506 4021 voce
1522 3970 1550 4019 et
1563 3963 1652 4035 pulsu,
1669 3969 1708 4030 et,
1718 3972 1748 4020 ut

99 4074 166 4129 gens
183 4068 213 4114 et
237 4075 294 4116 nou
318 4062 488 4118 somnolenta
510 4062 627 4131 devotio,
643 4061 742 4118 sivein
759 4061 837 4132 copia
851 4060 895 4114 di-
952 4058 992 4114 sic
1006 4057 1105 4125 dicam,
1121 4055 1228 4113 cantico
1244 4064 1272 4113 et
1291 4055 1406 4127 psalmo.
1427 4055 1501 4110 Bene
1523 4052 1613 4125 pulsat
1625 4059 1653 4107 et
1669 4051 1747 4125 quasi

100 4147 160 4204 lecti
172 4151 327 4222 praesentis,
340 4152 398 4208 sive
412 4151 672 4224 inconcupiscentia
687 4151 820 4208 absentis.
831 4151 896 4206 llaec
950 4145 1125 4218 tympanizat,
1142 4144 1188 4218 qui
1212 4144 1290 4201 verbi
1305 4151 1332 4199 et
1356 4141 1446 4214 operis
1469 4141 1632 4197 concordem
1655 4146 1748 4199 movet

100 4254 150 4293 nec
163 4239 268 4311 vigilat,
284 4255 335 4297 uec
349 4240 434 4315 viget,
457 4240 511 4296 nisi
525 4241 656 4313 inquieta,
673 4249 699 4297 et
715 4248 845 4313 quantum
861 4240 896 4295 ad
948 4234 1149 4307 symphoniam.
1165 4233 1333 4306 Tympanmu
1343 4229 1640 4303 putatesummecede,
1652 4235 1745 4303 tange,

100 4323 190 4380 saeculi
204 4325 246 4381 vel
261 4327 350 4382 studia
359 4327 403 4384 vel
418 4328 554 4383 desideria
563 4329 704 4400 consopita
717 4338 817 4384 mente.
830 4328 894 4385 ldeo
950 4323 1065 4391 discute,
1087 4323 1165 4396 pulsa
1180 4338 1281 4388 mores,
1297 4334 1389 4393 opera,
1415 4320 1508 4385 verba,
1532 4318 1625 4374 vitam.
1642 4317 1746 4374 Omnes

101 4412 181 4467 dicit:
198 4415 252 4484 [ρο
266 4413 383 4487 dormio,
396 4416 896 4490 ctccrroccmvigiiutAEtinJoble-
949 4412 976 4467 in
990 4428 1024 4470 eo
1047 4412 1158 4469 chordae
1181 4417 1298 4467 extentae
1319 4418 1347 4465 et
1365 4425 1472 4466 sonorae
1496 4414 1570 4477 sunt,
1588 4413 1666 4462 taetae
1684 4421 1746 4462 iue-

99 4502 179 4573 gitur,
196 4503 270 4574 quod
284 4504 316 4558 in
335 4504 444 4562 oiaiouc
459 4510 689 4576 nocturnarum
707 4521 789 4578 sopor
803 4505 894 4561 irruit
949 4501 1048 4559 lodiam
1077 4501 1184 4556 dulcem
1214 4497 1365 4554 resultant.
1394 4498 1472 4552 lesus
1503 4494 1563 4562 ipse
1599 4493 1688 4565 pulsat
1714 4507 1746 4547 ae

98 4606 182 4661 super
195 4590 333 4658 bominac,
351 4593 539 4652 eidormittrvt
554 4594 586 4650 in
608 4595 689 4661 lecto,
710 4599 778 4650 tunc
799 4593 894 4665 aperit
947 4592 1047 4662 ipsum.
1076 4591 1170 4653 Nemo,
1195 4586 1291 4657 inquit,
1315 4586 1392 4641 toltit
1419 4585 1548 4638 unimam
1571 4597 1675 4647 meum,
1699 4582 1747 4639 aed

101 4680 170 4736 Deua
189 4695 274 4737 aures
300 4681 359 4751 (lob
383 4696 489 4751 xxxiii,
515 4686 559 4750 15,
585 4685 651 4752 ltu),
675 4690 740 4738 tune
762 4680 893 4754 loquitur,
948 4694 994 4750 eqo
1005 4692 1079 4750 porto
1093 4694 1166 4740 cem,
1191 4676 1347 4732 etiterum
1373 4687 1452 4730 semo
1474 4687 1548 4728 corn.
1572 4673 1746 4729 Potestntcm

101 4773 161 4824 tunc
173 4768 274 4839 pulsat.
299 4770 364 4826 ideo
379 4771 423 4827 hie
436 4772 583 4843 sequitur:
948 4769 1032 4824 haheo
1057 4763 1182 4838 pauendi
1200 4780 1274 4834 cem,
1292 4769 1320 4820 ct
1332 4764 1503 4836 potestatem
1527 4760 1615 4818 habco
1638 4759 1746 4818 iterum

134 4859 157 4912 l.
174 4858 230 4914 Vox
243 4859 495 4932 dilectipulvcntis
506 4881 515 4916 :
527 4863 611 4933 apori
621 4861 703 4917 mihi.
716 4860 779 4915 ture
790 4859 892 4933 vigilat,
948 4852 1081 4911 sumendi
1097 4853 1259 4925 campione.
1276 4869 1307 4922 x,
1321 4855 1363 4922 t't,
1377 4853 1432 4923 tr).
1444 4849 1512 4907 Vide
1527 4851 1593 4923 quid
1608 4849 1746 4907 tibisonet

97 4946 220 5002 nesciens
235 4947 318 5004 114
332 4963 386 5020 qua
411 4949 477 5004 hora
496 4949 571 5006 venit
584 4949 699 5005 dilectus
723 4950 794 5019 ejus.
810 4947 893 5017 Quasi
947 4942 999 4999 ista
1013 4941 1121 5015 positio,
1146 4941 1272 5014 sumptio,
1298 4947 1326 4996 et
1346 4941 1486 5013 utriusque
1512 4946 1658 5012 potestast
1679 4935 1745 5007 quid

95 5035 228 5092 couhnuae
250 5044 319 5112 sunt,
337 5036 438 5109 vigiliae
452 5053 570 5108 sponsae,
587 5046 613 5094 et
638 5053 691 5094 vox
706 5036 807 5094 dilecti.
831 5038 892 5103 Cor,
947 5032 1006 5104 ipsa
1021 5031 1060 5088 sic
1073 5030 1199 5104 pulsandi
1209 5033 1405 5088 causa.Nonue
1416 5036 1443 5086 et
1452 5029 1514 5102 ipse
1523 5026 1641 5083 maxime
1653 5024 1687 5080 ad
1699 5039 1746 5080 cor

93 5125 189 5197 inquit,
205 5142 301 5184 meum
317 5126 417 5199 vigilat
432 5146 442 5182 .·
456 5136 485 5182 et
498 5126 587 5182 statim
601 5126 710 5197 adjecit,
727 5129 781 5184 Vox
795 5126 894 5184 dilecti
947 5129 1070 5178 nostrum
1085 5120 1175 5193 pulsat
1189 5127 1216 5177 et
1230 5120 1339 5187 excitat,
1349 5128 1378 5176 ut
1388 5133 1448 5182 nos,
1460 5115 1533 5174 velut
1553 5116 1656 5171 cithara
1669 5127 1745 5185 quae·

92 5216 256 5286 pulsantis:
271 5216 358 5288 Aperi
367 5216 449 5272 mibi.
461 5216 514 5272 Cor
524 5232 614 5273 meum
628 5215 728 5287 vigilat,
741 5222 769 5271 et
779 5215 894 5271 dilectus
948 5210 1011 5267 dam
1026 5209 1127 5279 eflecti,
1141 5210 1178 5269 sic
1197 5207 1303 5265 sonanti
1318 5221 1471 5264 consonare
1484 5201 1625 5260 nitamur?

93 5319 172 5358 meus
187 5318 243 5359 non
257 5303 369 5360 dormit.
386 5305 443 5361 Vox
467 5306 528 5375 ejus
546 5305 645 5378 pulsat,
661 5315 689 5360 et
707 5302 794 5359 dicit:
811 5304 896 5375 Aperi
984 5300 1010 5354 5.
1032 5301 1087 5356 Vox
1100 5298 1197 5354 dilecti
1209 5296 1443 5370 pulsantisdtene
1453 5292 1551 5351 dilecti
1558 5289 1656 5364 iuquit,
1669 5291 1745 5365 quasi

97 5392 180 5455 mibi.
197 5393 252 5449 Cor
266 5409 357 5448 meum
380 5392 486 5466 vigilat,
503 5401 531 5449 et
552 5395 610 5466 ipse
629 5391 720 5447 statim
734 5388 851 5456 advolat,
868 5399 897 5447 et
950 5405 983 5445 ex
998 5387 1143 5444 dilectione
1159 5384 1217 5441 sola
1240 5394 1268 5439 et
1288 5384 1375 5457 gratia
1399 5380 1536 5455 loquentis
1554 5389 1582 5439 et
1601 5381 1743 5453 pulsantis.

96 5484 205 5542 auditur
227 5500 280 5541 vox
304 5485 387 5554 ejus:
418 5485 481 5552 Vox,
499 5482 598 5555 inquit,
616 5480 724 5539 dilecti.
750 5479 813 5535 llaec
832 5478 896 5536 mihi
950 5478 1035 5550 Aperi
1047 5475 1130 5542 milti,
1149 5475 1216 5547 quic
1234 5478 1320 5546 ceput
1339 5487 1434 5530 mcum
1446 5472 1700 5545 plcacmcstrorc,
1713 5474 1745 5535 aa
