3706 5962
147 184 216 244 initi
829 182 922 246 thul}
940 183 1100 246 unitum.
1729 184 1796 246 ¹308

152 308 1794 340 m

456 472 670 538 indomito
697 473 738 536 ΙΝ
755 473 981 547 SEQUENTES
1005 474 1159 539 VERSUS
1181 474 1229 537 ΕΤ
1252 472 1478 538 RHYTHMOS.

182 794 261 852 891
283 795 467 868 Berenporius
478 793 662 850 scholasticus
674 793 702 846 in
720 794 737 847 A
760 794 909 864 olopiopro
926 792 1068 848 dbrelordo
1079 798 1179 849 contro
1194 795 1222 850 S.
1237 794 1524 851 Rernurdnmnnetor
1542 800 1594 854 ost.
1614 797 1791 853 bernardum

148 870 243 939 ipsum
256 888 267 917 r
280 867 408 938 oprimis
417 868 477 934 sere
488 864 683 922 adolescentie
694 880 728 918 ru
748 865 862 918 imeutis
872 864 1070 919 contiuno-ulos
1082 864 1212 921 mimicos
1225 885 1235 914 v
1248 865 1354 935 (vieille
1364 881 1413 935 pro
1421 866 1524 921 innota
1533 868 1701 950 petulentia
1711 870 1795 939 loqui·

150 943 208 1001 turi
225 960 236 988 ι
254 942 282 992 et
296 938 417 993 nrbunoe
430 935 558 992 modnios
572 936 722 1003 fictitasse,
736 938 764 990 ot
780 935 938 1005 rhpthmieo
951 937 1110 992 certamine
1127 956 1138 985 »
1161 953 1227 992 oum
1259 937 1385 991 ratribus
1405 937 1595 993 contendisse.
1616 938 1676 992 b'on
1696 942 1793 994 temen

150 1010 325 1071 existimem,
340 1011 485 1080 sequentes
500 1021 594 1061 uorem
613 1009 641 1061 et
651 1005 799 1077 rhythmos
815 1005 957 1061 bernvardo
968 1020 1026 1063 erse
1037 1005 1213 1062 tribuendos.
1254 1008 1336 1079 uippe
1351 1007 1554 1063 cistercienses
1564 1006 1643 1062 nihil
1656 1009 1795 1064 admitte-

151 1081 230 1143 bant,
244 1078 317 1151 qnod
327 1077 455 1133 metriois
470 1074 575 1146 lopibus
590 1080 745 1132 coercetur.
764 1075 837 1134 Unde
851 1075 1016 1132 Bernartius
1029 1077 1060 1132 in
1075 1093 1230 1148 componore
1252 1094 1267 1134 o
1282 1077 1382 1134 enneli
1402 1078 1521 1135 Victoris
1536 1079 1633 1148 officio
1650 1080 1728 1147 lepre
1739 1097 1793 1135 non

152 1154 266 1205 tontum
281 1150 377 1214 metri,
392 1147 542 1202 sedetiam
556 1145 684 1218 rhythmi
698 1149 812 1202 omnino
827 1148 963 1216 neptenit.
981 1147 1042 1202 Non
1052 1163 1118 1218 erpo
1127 1149 1190 1219 ejus
1204 1164 1262 1206 ereo
1272 1151 1372 1220 putem
1385 1149 1506 1206 Carmen
1521 1152 1745 1220 phreneticum
1761 1154 1795 1208 nd

151 1220 333 1284 iioinnldnm,
349 1217 421 1292 qnod
437 1219 537 1272 Petrus
552 1217 687 1274 l’ossinns
702 1217 854 1273 Sooiotutis
870 1219 936 1275 lesu
953 1234 989 1274 ee
1005 1217 1177 1275 Bibliotheca
1192 1217 1332 1300 Chipiono
1352 1220 1448 1276 bonite
1467 1219 1595 1290 vulpooit
1610 1236 1691 1276 arene
1712 1224 1794 1280 ibib.-

151 1306 243 1362 nepue
256 1290 423 1363 rhythmum
437 1294 608 1361 vr’pneutevn,
620 1307 638 1344 o
650 1290 749 1344 duroto
764 1291 797 1345 do
818 1289 894 1344 l'ieoh
905 1285 1046 1345 monacho
1062 1290 1192 1346 diunensi
1204 1289 1322 1345 editum.
1342 1291 1396 1346 Nee
1411 1290 1565 1362 quidquam
1580 1294 1696 1346 eortius
1713 1292 1795 1347 habe·

150 1378 215 1417 mns
229 1361 262 1416 de
275 1361 366 1419 iubilo
381 1361 537 1434 rhpthnn'oo
551 1360 708 1417 denomino
721 1361 796 1426 lese,
809 1362 873 1431 jum
906 1358 994 1414 rident
1010 1359 1151 1416 Borrrordo
1165 1361 1327 1429 adscripto:
1342 1361 1434 1444 quiin
1452 1360 1571 1431 quodam
1581 1361 1678 1416 codiee
1700 1362 1799 1416 Voltis-

153 1432 267 1491 Cernoii
283 1431 396 1489 Ordinis
413 1431 605 1486 cisterciensis
620 1430 792 1496 inscribitur,
806 1452 818 1482 a
836 1432 859 1491 il
893 1431 977 1487 itotio
991 1431 1140 1500 onjvtsdom
1154 1434 1261 1486 sancte
1282 1432 1326 1486 Vir
1344 1432 1400 1486 inis
1410 1432 1443 1487 de
1454 1447 1549 1487 ornere
1564 1432 1683 1487 Christi.
1699 1435 1797 1489 »Sunt

151 1508 198 1576 put
214 1504 350 1575 hymnum
366 1524 377 1552 ι
400 1504 463 1565 Αυε,
481 1501 564 1556 blorr's
577 1503 658 1557 stello
681 1501 794 1557 reidem
808 1506 906 1557 sonoto
924 1503 1034 1559 liootori
1049 1503 1190 1558 tribu-ont.
1212 1503 1309 1558 lorrern
1324 1449 1400 1557 inno
1410 1501 1473 1556 nnti
1494 1503 1580 1557 niori:
1595 1519 1655 1558 esse
1669 1507 1797 1561 auctoris

151 1578 230 1645 potet
244 1577 306 1629 tvm
320 1589 357 1629 ee
370 1573 522 1628 vetustiori
535 1571 627 1628 codiee
641 1577 735 1628 nostro
753 1572 944 1640 derthonensi,
957 1575 1020 1627 tum
1035 1587 1071 1627 en
1080 1572 1223 1629 Breviorio
1239 1571 1394 1635 Catinensi.
1411 1518 1489 1654 quod
1499 1572 1579 1627 modo
1596 1572 1629 1629 in
1643 1573 1727 1628 domo
1742 1577 1800 1630 ins-

152 1647 297 1700 titutiones
316 1645 437 1700 Petrum
450 1644 572 1698 tlrntorii
590 1643 709 1698 Parisiis
723 1647 897 1705 asseruntur,
913 1643 1019 1714 scripto
1038 1645 1164 1713 tremore
1180 1642 1300 1699 Oderisii
1324 1642 1434 1697 nbbntts
1450 1644 1610 1698 eonomine
1633 1644 1739 1715 primi,
1754 1648 1801 1718 qni

151 1731 226 1771 anno
241 1718 308 1770 1105
324 1716 415 1773 vivere
433 1714 533 1770 desiit:
550 1714 648 1787 quibvs
662 1715 694 1771 in
708 1714 788 1769 libris
802 1716 923 1785 hymnus
937 1715 993 1770 iste
1009 1713 1136 1769 hobotvr.

600 2146 859 2255 CARMEN
888 2144 1352 2255 PARAENETtCUM

773 2392 840 2472 sn
868 2389 1173 2472 utrumnum.

805 2603 1110 2633 ..ιη’-..ω

187 2800 409 2858 8996ὴατω1α
419 2801 667 2874 nostrntibiportat‚
677 2801 943 2869 Reinelde‚suiutes;
962 2816 985 2894 Α
1001 2800 1078 2856 Talia
1098 2800 1243 2871 prudentes
1258 2798 1376 2873 fugiunt,
1392 2815 1425 2855 en
1437 2798 1631 2869 despicientes.

151 2889 231 2945 Plura
246 2889 350 2947 videbis
365 2890 411 2958 ibi,
433 2892 455 2946 si
471 2906 525 2947 non
540 2892 598 2946 haeo
612 2891 685 2947 done
700 2890 811 2947 reiutes.
1038 2890 1155 2945 Curcito
1172 2906 1225 2945 non
1239 2889 1345 2961 spernis
1363 2904 1424 2960 quae
1440 2887 1632 2959 pretereuntis
1646 2886 1763 2944 cerui-s?

152 2976 244 3035 Dulcia
258 2987 320 3034 suut
334 2979 432 3046 enimae
448 2978 546 3035 solatia
562 2995 623 3051 quae
638 2979 686 3034 tibi
701 2978 798 3034 mendo
815 2994 821 3032 :
1000 2976 1320 3032 Nonuevidesmundum
1332 2975 1412 3031 nimis
1422 2975 1556 3031 infirmum
1568 2986 1596 3030 et
1606 2976 1801 3033 moribundum

153 3064 206 3120 Sed
222 3077 335 3134 prosunt
345 3067 466 3130 minime,
482 3067 535 3120 nisi
549 3083 641 3122 serves
654 3068 713 3122 haeo
727 3066 878 3137 operando.
1001 3068 1056 3122 Sub
1068 3064 1160 3137 gladio
1174 3066 1239 3120 dirae
1259 3063 1353 3120 mortis
1367 3064 1520 3137 languendo
1538 3062 1649 3133 perire?

152 3151 230 3220 Quod
247 3167 305 3206 mea
319 3152 399 3208 verbu
411 3161 524 3208 monent
537 3160 565 3206 tu
578 3153 633 3207 noli
644 3152 747 3208 tradere
763 3163 861 3218 ventn;
1002 3155 1076 3211 biars
1089 3161 1203 3221 venenat,
1220 3167 1294 3208 mors
1315 3148 1378 3210 eeo'e
1393 3159 1471 3208 nebat
1484 3152 1557 3225 qued
1581 3167 1669 3208 earne
1684 3162 1803 3213 creatur.

152 3239 248 3296 Cordis
262 3239 289 3295 in
304 3255 370 3297 nure
389 3248 495 3305 sonent,
511 3249 540 3297 et
552 3239 591 3296 sie
606 3239 722 3297 retinere
736 3250 892 3298 memento:
1002 3241 1159 3315 Magnifieos
1182 3241 1282 3312 premit
1295 3251 1322 3296 et
1341 3240 1464 3298 modicos
1480 3259 1486 3295 :
1503 3241 1609 3296 eunetis
1631 3241 1804 3304 dominatur,

152 3330 187 3386 Ut
199 3328 247 3384 tibi
262 3331 363 3402 prande
377 3330 477 3385 bonum
491 3330 574 3385 nostri
590 3327 707 3385 monitus
721 3340 869 3399 operentur
975 3314 985 3325 ¹
1002 3334 1068 3387 Tem
1082 3329 1197 3387 duribus
1215 3343 1297 3401 quem
1313 3329 1480 3400 principibus
1501 3328 1659 3385 eommunis
1674 3329 1806 3393 hebetum

152 3420 258 3489 Perque
272 3418 321 3474 Dei
341 3419 444 3474 donum
459 3418 509 3473 tibi
522 3420 618 3475 ooetiee
634 3433 717 3488 regna
732 3427 874 3489 parentur.
1002 3419 1140 3475 Nobilium
1154 3426 1230 3474 tenet
1239 3416 1395 3489 imperium,
1412 3418 1514 3472 nullum
1529 3424 1688 3473 reveretur.

153 3506 235 3561 ilenti
249 3506 364 3562 sineerae
378 3515 492 3579 possunt
507 3507 565 3562 haee
575 3507 656 3563 verba
672 3508 786 3576 plaeere.
1003 3506 1076 3564 Mors
1088 3509 1203 3578 juvenes
1217 3505 1287 3576 rapit
1300 3516 1381 3577 atque
1394 3521 1483 3573 senez,
1500 3504 1565 3559 nulli
1583 3504 1745 3562 miseretur.

154 3595 451 3661 limitamentum,
467 3596 617 3663 hortantur,
633 3610 688 3652 non
703 3596 912 3668 reprehendunt.
1003 3595 1051 3651 Illa
1066 3594 1164 3663 tremit,
1175 3611 1261 3669 genus
1274 3609 1354 3652 omne
1365 3593 1454 3649 tremit
1464 3594 1536 3666 quod
1550 3592 1580 3647 in
1590 3594 1661 3649 orbe
1672 3604 1809 3655 moretur.

188 3684 248 3740 Vox
261 3682 353 3739 divine
366 3691 455 3750 sonet,
471 3685 543 3756 quod
558 3699 638 3740 nemo
653 3700 730 3756 spem
745 3683 798 3741 sibi
816 3694 897 3755 ponat
1005 3683 1136 3753 illuserit,
1152 3697 1216 3740 earo
1236 3690 1290 3739 tota
1308 3682 1378 3754 perit
1393 3699 1401 3748 ;
1422 3683 1488 3738 dum
1505 3683 1556 3736 sub
1571 3682 1644 3754 pede
1661 3684 1764 3739 mortis

154 3771 183 3825 In
203 3771 284 3827 rebus
300 3773 402 3840 nvindi,
418 3788 479 3844 quae
494 3788 603 3830 eausam
617 3774 683 3829 dant
696 3774 840 3846 pereundi.
1004 3772 1168 3838 Conteritur,
1185 3787 1240 3827 nnn
1255 3771 1369 3844 eripitur
1383 3770 1426 3827 vir
1441 3771 1537 3826 robore
1552 3769 1644 3825 iortis.

154 3858 284 3932 Quisquis
293 3868 363 3917 amnt
372 3860 521 3930 Christum,
536 3863 666 3917 mundum
677 3877 732 3918 non
745 3861 833 3935 diligit
846 3862 947 3918 istum:
1004 3862 1058 3918 Cur
1076 3860 1159 3935 igitur
1173 3860 1220 3934 qui
1235 3860 1273 3917 sio
1287 3859 1401 3916 moritur
1415 3859 1469 3915 vult
1485 3855 1680 3931 magnificari?

155 3946 208 4002 Sed
227 3948 304 4018 quusi
318 3946 419 4004 fetores
433 3965 565 4019 spernens
579 3949 651 4004 illius
666 3965 783 4015 amores,
1003 3951 1059 4007 Cur
1072 3949 1171 4005 nimins
1184 3949 1234 4005 sibi
1248 3948 1359 4005 divitias
1373 3948 1429 4003 vult
1444 3947 1490 4003 ilie
1504 3945 1622 4018 pererit

156 4034 277 4090 AEstimet
291 4034 446 4090 obscenum
470 4037 542 4108 quod
558 4036 675 4091 mundus
689 4038 775 4093 eredit
795 4054 948 4105 amoenum3
1004 4036 1144 4093 Instabiles
1159 4053 1252 4094 sumus
1266 4046 1294 4093 et
1308 4035 1414 4111 fragiles
1428 4035 1574 4107 multisque
1589 4035 1682 4090 ruinis

156 4122 190 4177 Et
208 4122 259 4178 sibi
272 4121 375 4179 vilescit
388 4130 473 4179 totum
487 4124 559 4196 quod
574 4123 602 4179 in
621 4124 687 4181 orbe
707 4123 811 4181 nitescit
1005 4127 1153 4183 Alterimur
1168 4143 1174 4181 :
1190 4125 1230 4182 sie
1241 4126 1298 4196 jam
1314 4124 1445 4180 trahimur
1459 4122 1508 4178 sub
1523 4127 1650 4193 tempore
1670 4123 1750 4180 finis.

156 4200 231 4267 Vitat
239 4218 374 4268 terrenum
388 4212 470 4269 decus
484 4220 514 4268 ut
529 4213 639 4269 mortale
653 4229 796 4279 venenum,
1005 4219 1168 4273 Prvetereunt
1181 4224 1207 4271 et
1222 4230 1276 4272 non
1290 4215 1401 4271 redeunt
1416 4211 1539 4268 mortalia
1553 4226 1687 4284 quaeque.

156 4299 326 4373 injectoque
341 4300 407 4356 ioris
421 4318 500 4356 roeuo
515 4302 632 4358 carnalis
650 4303 762 4372 umoris,
1004 4307 1060 4361 Nec
1073 4305 1160 4377 spatio
1174 4311 1265 4360 menet
1280 4303 1307 4358 in
1322 4302 1405 4359 dubio
1420 4319 1428 4356 ι
1444 4301 1493 4356 sed
1512 4307 1593 4356 noete
1611 4299 1720 4374 dieque

157 4387 200 4444 hd
214 4405 328 4462 regnum
339 4390 400 4447 eoeli
414 4390 532 4461 suspirat
547 4398 637 4446 niente
651 4390 735 4459 fideli,
1005 4393 1064 4450 Vite
1079 4392 1177 4458 brevis,
1197 4389 1271 4447 velut
1285 4393 1382 4446 umbre
1396 4389 1466 4445 levis
1482 4387 1522 4445 sio
1534 4386 1730 4459 annihilatum

156 4477 271 4551 lemque
290 4478 342 4534 fide
356 4479 438 4552 plene
452 4477 570 4550 paradisi
584 4489 677 4551 speret
689 4495 807 4537 amoena.
1003 4480 1048 4538 Sie
1063 4480 1135 4537 vadit
1147 4479 1291 4551 subitoque
1306 4479 1378 4535 ondit
1393 4479 1457 4532 dum
1472 4488 1545 4532 stare
1560 4482 1686 4547 putatur.

192 4566 234 4622 Tu
253 4582 371 4640 quoque,
386 4567 478 4635 irater,
494 4566 531 4622 ite
542 4567 633 4624 onmis
646 4568 773 4643 contegis
788 4569 851 4639 vita,
1004 4568 1070 4639 Quis
1084 4567 1191 4624 redimit
1215 4566 1280 4622 dum
1295 4582 1369 4623 mors
1383 4564 1518 4638 perimit?
1541 4554 1600 4635 quis
1615 4562 1744 4622 ioedernt
1766 4584 1814 4623 us·

158 4655 193 4711 Ut
207 4655 314 4725 placeas
327 4655 435 4712 Christo
449 4656 515 4712 dum
534 4658 637 4712 mundo
651 4657 719 4714 vivis
733 4656 761 4714 in
779 4657 842 4724 isto,
1654 4652 1779 4726 [quami

157 4742 224 4812 Quae
239 4743 292 4799 nito
306 4743 446 4815 labuntur,
460 4758 615 4817 magnoque
628 4743 722 4802 labore
736 4753 876 4819 petuntur,
1005 4746 1061 4801 Nee
1083 4744 1212 4816 pretium,
1239 4758 1290 4799 neo
1310 4741 1449 4799 servitium
1466 4757 1540 4797 mors
1554 4741 1658 4813 aceepit
1671 4758 1809 4816 unquam.

156 4831 219 4887 Non
236 4830 284 4887 tini
298 4830 350 4887 sint
363 4845 435 4887 eurae
449 4847 495 4887 res
509 4831 542 4886 nd
558 4832 669 4888 nihilum
685 4833 810 4889 rediturae
827 4851 835 4892 :
1005 4835 1058 4887 Sed
1073 4835 1136 4905 quid
1163 4834 1242 4904 plura
1257 4832 1373 4903 loquor?
1389 4831 1452 4887 uulti
1468 4846 1542 4887 mors
1557 4831 1681 4900 improba
1700 4833 1811 4902 parcit:

157 4921 214 4976 Nee
228 4918 427 4988 modulatoris,
446 4919 510 4992 quia
524 4920 614 4975 iorsnn
629 4935 689 4977 eras
703 4922 841 4988 morieris;
1005 4925 1065 4978 Non
1082 4921 1170 4977 evadit
1184 4922 1263 4993 inope
1278 4935 1327 4976 nee
1342 4920 1388 4993 qui
1404 4919 1539 4987 avarsupin
1555 4919 1643 4975 lereit.

158 5009 210 5064 Per
224 5008 326 5064 nuliam
341 5015 441 5064 sortem
461 5007 564 5081 poteris
578 5008 709 5080 depellere
723 5020 846 5066 mortem.
1004 5011 1065 5066 Non
1080 5010 1160 5082 igitur
1174 5024 1265 5064 cesses
1279 5024 1311 5063 en
1326 5024 1387 5081 quae
1402 5011 1472 5063 bonu
1485 5017 1547 5062 sunt
1561 5008 1670 5078 operari
1693 5027 1702 5064 :

158 5101 212 5157 Cur
225 5113 288 5155 euro
302 5097 416 5167 letetur,
432 5113 493 5171 quae
507 5097 643 5155 vermibus
658 5114 720 5155 esca
735 5100 867 5169 peretur?
1005 5101 1076 5154 Num
1091 5115 1163 5154 mors
1177 5112 1231 5152 non
1247 5104 1333 5153 cessat
1348 5095 1397 5150 tihi
1412 5103 1490 5151 noete
1503 5095 1601 5166 dieque
1616 5099 1722 5152 minari

159 5189 239 5245 Nune
254 5191 331 5245 iocus
350 5195 391 5244 est
406 5186 498 5255 fiendi,
514 5187 591 5244 loeus
604 5196 645 5244 est
656 5195 766 5261 peecata
777 5186 877 5244 luendi.
1043 5189 1165 5259 Amplius
1179 5186 1206 5241 in
1222 5187 1302 5241 rebus
1318 5184 1371 5239 noli
1386 5198 1497 5254 sperare
1511 5183 1624 5240 endueis
1641 5203 1647 5238 :

159 5277 256 5332 Postea
270 5277 399 5349 gaudebit
412 5276 460 5349 qui
473 5290 546 5333 nuno
561 5292 610 5332 sun
624 5276 736 5333 erimine
754 5276 829 5332 flebit
845 5295 851 5329 z
1006 5278 1057 5333 Sed
1077 5278 1167 5345 cupiet
1181 5282 1227 5330 tun
1241 5289 1318 5328 mens
1332 5280 1441 5328 veternae
1456 5271 1554 5344 gaudia
1569 5272 1646 5329 ineis.

159 5363 218 5417 lum
234 5364 292 5434 jum
307 5364 410 5422 laetetur
424 5365 489 5439 quie
507 5363 606 5437 gaudia
620 5380 728 5420 summe
742 5372 869 5421 meretur.
1010 5366 1122 5422 Fallitur
1138 5363 1270 5434 insipieus
1284 5362 1344 5417 vitre
1360 5363 1501 5432 presentis
1515 5377 1607 5416 umore
1623 5383 1630 5418 ε

161 5449 265 5511 Gaudia
278 5453 421 5515 stultorum
439 5456 575 5515 eumutunt
589 5463 735 5527 augmenta
754 5454 900 5524 melorum,
1014 5456 1068 5511 Sed
1082 5452 1188 5527 sepiens
1202 5451 1289 5508 noscit
1302 5459 1405 5525 quanto
1419 5451 1453 5508 sit
1466 5449 1545 5523 plena
1557 5450 1665 5517 dolore,
