<?xml version="1.0" encoding="UTF-8"?>
<!DOCTYPE html PUBLIC "-//W3C//DTD XHTML 1.0 Transitional//EN"
    "http://www.w3.org/TR/xhtml1/DTD/xhtml1-transitional.dtd">
<html xmlns="http://www.w3.org/1999/xhtml" xml:lang="en" lang="en">
 <head>
  <title>
</title>
<meta http-equiv="Content-Type" content="text/html;charset=utf-8" />
  <meta name='ocr-system' content='tesseract 3.04.00' />
  <meta name='ocr-capabilities' content='ocr_page ocr_carea ocr_par ocr_line ocrx_word'/>
</head>
<body>
  <div class='ocr_page' id='page_1' title='image "./patrologiaecurs00unkngoog_0482.png"; bbox 0 0 3706 5962; ppageno 0'>
   <div class='ocr_carea' id='block_1_1' title="bbox 135 191 1805 290">
    <p class='ocr_par' dir='ltr' id='par_1_1' title="bbox 135 191 1805 290">
     <span class='ocr_line' id='line_1_1' title="bbox 135 191 1805 290; baseline -0.013 -1"><span class='ocrx_word' id='word_1_1' title='bbox 135 191 185 290; x_wconf 73' lang='lat' dir='ltr'><strong>aar</strong></span> <span class='ocrx_word' id='word_1_2' title='bbox 749 216 1176 284; x_wconf 83' lang='lat' dir='ltr'><strong>sannorucmutnaurur.</strong></span> <span class='ocrx_word' id='word_1_3' title='bbox 1735 206 1805 269; x_wconf 85' lang='lat' dir='ltr'><strong>ssa·</strong></span> 
     </span>
    </p>
   </div>
   <div class='ocr_carea' id='block_1_2' title="bbox 136 348 1793 443">
    <p class='ocr_par' dir='ltr' id='par_1_2' title="bbox 136 348 1793 443">
     <span class='ocr_line' id='line_1_2' title="bbox 136 348 1793 443; baseline -0.005 -31"><span class='ocrx_word' id='word_1_4' title='bbox 136 355 334 426; x_wconf 65' lang='lat' dir='ltr'><strong>aucmentum,</strong></span> <span class='ocrx_word' id='word_1_5' title='bbox 349 348 376 406; x_wconf 91' lang='lat' dir='ltr'><strong>id</strong></span> <span class='ocrx_word' id='word_1_6' title='bbox 391 355 433 409; x_wconf 91' lang='lat' dir='ltr'><strong>est</strong></span> <span class='ocrx_word' id='word_1_7' title='bbox 447 349 561 422; x_wconf 79' lang='lat' dir='ltr'>quilibet</span> <span class='ocrx_word' id='word_1_8' title='bbox 578 348 715 422; x_wconf 86' lang='lat' dir='ltr'><strong>perlectus</strong></span> <span class='ocrx_word' id='word_1_9' title='bbox 727 349 800 406; x_wconf 90' lang='lat' dir='ltr'><strong>dono</strong></span> <span class='ocrx_word' id='word_1_10' title='bbox 812 350 933 407; x_wconf 89' lang='lat' dir='ltr'><strong>clemen·</strong></span> <span class='ocrx_word' id='word_1_11' title='bbox 949 364 973 443; x_wconf 61' lang='lat' dir='ltr'>st</span> <span class='ocrx_word' id='word_1_12' title='bbox 990 364 1027 424; x_wconf 62' lang='lat' dir='ltr'><strong>pp,</strong></span> <span class='ocrx_word' id='word_1_13' title='bbox 1038 379 1144 439; x_wconf 59' lang='lat' dir='ltr'><strong>pamm</strong></span> <span class='ocrx_word' id='word_1_14' title='bbox 1165 360 1267 419; x_wconf 62' lang='lat' dir='ltr'><strong>dolori,</strong></span> <span class='ocrx_word' id='word_1_15' title='bbox 1282 358 1371 431; x_wconf 56' lang='lat' dir='ltr'><strong>(Papi,</strong></span> <span class='ocrx_word' id='word_1_16' title='bbox 1387 367 1482 420; x_wconf 75' lang='lat' dir='ltr'><strong>cxxvi,</strong></span> <span class='ocrx_word' id='word_1_17' title='bbox 1499 351 1543 423; x_wconf 79' lang='lat'><strong>2);</strong></span> <span class='ocrx_word' id='word_1_18' title='bbox 1562 357 1590 407; x_wconf 86' lang='lat' dir='ltr'><strong>ct</strong></span> <span class='ocrx_word' id='word_1_19' title='bbox 1603 350 1682 423; x_wconf 89' lang='lat' dir='ltr'><strong>illud,</strong></span> <span class='ocrx_word' id='word_1_20' title='bbox 1701 353 1793 428; x_wconf 74' lang='lat' dir='ltr'><strong>sopar</strong></span> 
     </span>
    </p>
   </div>
   <div class='ocr_carea' id='block_1_3' title="bbox 136 438 1802 1059">
    <p class='ocr_par' dir='ltr' id='par_1_3' title="bbox 136 438 1791 613">
     <span class='ocr_line' id='line_1_3' title="bbox 137 438 1791 527; baseline -0.002 -29"><span class='ocrx_word' id='word_1_21' title='bbox 137 442 215 499; x_wconf 89' lang='lat' dir='ltr'><strong>tloris</strong></span> <span class='ocrx_word' id='word_1_22' title='bbox 224 439 328 515; x_wconf 75' lang='lat' dir='ltr'><strong>gratiae,</strong></span> <span class='ocrx_word' id='word_1_23' title='bbox 339 456 400 513; x_wconf 86' lang='lat' dir='ltr'><strong>quae</strong></span> <span class='ocrx_word' id='word_1_24' title='bbox 414 450 549 497; x_wconf 88' lang='lat' dir='ltr'><strong>estmater</strong></span> <span class='ocrx_word' id='word_1_25' title='bbox 568 439 747 511; x_wconf 87' lang='lat' dir='ltr'><strong>credentium)</strong></span> <span class='ocrx_word' id='word_1_26' title='bbox 761 438 932 513; x_wconf 76' lang='lat' dir='ltr'><strong>singulariter</strong></span> <span class='ocrx_word' id='word_1_27' title='bbox 985 456 1107 527; x_wconf 59' lang='lat' dir='ltr'><strong><em>flumina</em></strong></span> <span class='ocrx_word' id='word_1_28' title='bbox 1121 451 1267 525; x_wconf 59' lang='lat' dir='ltr'><strong>Babyloni,</strong></span> <span class='ocrx_word' id='word_1_29' title='bbox 1288 446 1351 504; x_wconf 71' lang='lat' dir='ltr'><strong>titia</strong></span> <span class='ocrx_word' id='word_1_30' title='bbox 1370 443 1493 501; x_wconf 74' lang='lat' dir='ltr'><strong>cadimus</strong></span> <span class='ocrx_word' id='word_1_31' title='bbox 1512 445 1540 496; x_wconf 86' lang='lat' dir='ltr'><strong>et</strong></span> <span class='ocrx_word' id='word_1_32' title='bbox 1554 441 1791 514; x_wconf 68' lang='lat' dir='ltr'><strong>ttaaimacffaat.</strong></span> 
     </span>
     <span class='ocr_line' id='line_1_4' title="bbox 136 529 1791 613; baseline -0.006 -13"><span class='ocrx_word' id='word_1_33' title='bbox 136 529 234 586; x_wconf 61' lang='lat' dir='ltr'><strong>indust·</strong></span> <span class='ocrx_word' id='word_1_34' title='bbox 986 534 1105 612; x_wconf 77' lang='lat' dir='ltr'><strong>cxxxvi,</strong></span> <span class='ocrx_word' id='word_1_35' title='bbox 1115 543 1160 613; x_wconf 86' lang='lat' dir='ltr'><strong>l);</strong></span> <span class='ocrx_word' id='word_1_36' title='bbox 1177 547 1205 597; x_wconf 91' lang='lat' dir='ltr'><strong>et</strong></span> <span class='ocrx_word' id='word_1_37' title='bbox 1215 537 1281 594; x_wconf 87' lang='lat' dir='ltr'><strong>illud</strong></span> <span class='ocrx_word' id='word_1_38' title='bbox 1288 533 1389 591; x_wconf 86' lang='lat' dir='ltr'><strong>Christi</strong></span> <span class='ocrx_word' id='word_1_39' title='bbox 1402 533 1435 587; x_wconf 88' lang='lat' dir='ltr'><strong>ad</strong></span> <span class='ocrx_word' id='word_1_40' title='bbox 1450 530 1609 602; x_wconf 90' lang='lat' dir='ltr'><strong>discipulas,</strong></span> <span class='ocrx_word' id='word_1_41' title='bbox 1627 530 1731 590; x_wconf 76' lang='lat' dir='ltr'><strong>sancte</strong></span> <span class='ocrx_word' id='word_1_42' title='bbox 1745 532 1791 590; x_wconf 75' lang='lat' dir='ltr'><strong>tac</strong></span> 
     </span>
    </p>

    <p class='ocr_par' dir='ltr' id='par_1_4' title="bbox 137 614 1802 1059">
     <span class='ocr_line' id='line_1_5' title="bbox 174 614 1794 700; baseline -0.01 -6"><span class='ocrx_word' id='word_1_43' title='bbox 174 622 201 694; x_wconf 79' lang='lat'><strong>³.-</strong></span> <span class='ocrx_word' id='word_1_44' title='bbox 227 618 379 677; x_wconf 62' lang='lat' dir='ltr'><strong>Sffllffldum</strong></span> <span class='ocrx_word' id='word_1_45' title='bbox 401 618 535 676; x_wconf 53' lang='lat' dir='ltr'>smmum</span> <span class='ocrx_word' id='word_1_46' title='bbox 560 624 600 673; x_wconf 64' lang='lat'><strong>⁰⁵²</strong></span> <span class='ocrx_word' id='word_1_47' title='bbox 619 623 762 691; x_wconf 54' lang='lat' dir='ltr'><strong>imperial</strong></span> <span class='ocrx_word' id='word_1_48' title='bbox 776 614 932 688; x_wconf 51' lang='lat' dir='ltr'><strong>spirituali&amp;</strong></span> <span class='ocrx_word' id='word_1_49' title='bbox 987 634 1072 692; x_wconf 82' lang='lat' dir='ltr'><strong>donec</strong></span> <span class='ocrx_word' id='word_1_50' title='bbox 1086 646 1162 689; x_wconf 85' lang='lat' dir='ltr'><strong>oram</strong></span> <span class='ocrx_word' id='word_1_51' title='bbox 1173 630 1269 700; x_wconf 77' lang='lat' dir='ltr'><strong>(Mara.</strong></span> <span class='ocrx_word' id='word_1_52' title='bbox 1283 640 1344 691; x_wconf 86' lang='lat' dir='ltr'><strong>xxv,</strong></span> <span class='ocrx_word' id='word_1_53' title='bbox 1360 622 1424 693; x_wconf 76' lang='lat'>32):</span> <span class='ocrx_word' id='word_1_54' title='bbox 1441 621 1523 677; x_wconf 85' lang='lat' dir='ltr'><strong>verba</strong></span> <span class='ocrx_word' id='word_1_55' title='bbox 1538 627 1600 675; x_wconf 88' lang='lat' dir='ltr'><strong>sunt</strong></span> <span class='ocrx_word' id='word_1_56' title='bbox 1613 620 1718 676; x_wconf 81' lang='lat' dir='ltr'><strong>debitae</strong></span> <span class='ocrx_word' id='word_1_57' title='bbox 1728 621 1794 677; x_wconf 88' lang='lat' dir='ltr'><strong>sub-</strong></span> 
     </span>
     <span class='ocr_line' id='line_1_6' title="bbox 137 706 1802 793; baseline -0.002 -29"><span class='ocrx_word' id='word_1_58' title='bbox 137 707 481 782; x_wconf 88' lang='lat' dir='ltr'><strong>quamtriaconstitnuut:</strong></span> <span class='ocrx_word' id='word_1_59' title='bbox 500 706 633 778; x_wconf 77' lang='lat' dir='ltr'><strong>depositio</strong></span> <span class='ocrx_word' id='word_1_60' title='bbox 647 722 736 762; x_wconf 88' lang='lat' dir='ltr'><strong>rerum</strong></span> <span class='ocrx_word' id='word_1_61' title='bbox 757 713 784 763; x_wconf 92' lang='lat' dir='ltr'><strong>et</strong></span> <span class='ocrx_word' id='word_1_62' title='bbox 811 708 933 762; x_wconf 83' lang='grc' dir='ltr'>ιιιιιιι-</span> <span class='ocrx_word' id='word_1_63' title='bbox 984 720 1118 793; x_wconf 52' lang='lat' dir='ltr'><strong>petioni„</strong></span> <span class='ocrx_word' id='word_1_64' title='bbox 1147 716 1253 773; x_wconf 64' lang='lat' dir='ltr'><strong>christo</strong></span> <span class='ocrx_word' id='word_1_65' title='bbox 1272 714 1355 786; x_wconf 68' lang='lat' dir='ltr'><strong>igitur</strong></span> <span class='ocrx_word' id='word_1_66' title='bbox 1379 710 1467 767; x_wconf 79' lang='lat' dir='ltr'><strong>adhuc</strong></span> <span class='ocrx_word' id='word_1_67' title='bbox 1490 714 1585 765; x_wconf 80' lang='lat' dir='ltr'><strong>arante</strong></span> <span class='ocrx_word' id='word_1_68' title='bbox 1612 723 1802 783; x_wconf 78' lang='lat' dir='ltr'><strong>nequaquam·</strong></span> 
     </span>
     <span class='ocr_line' id='line_1_7' title="bbox 137 793 1792 882; baseline -0.01 -11"><span class='ocrx_word' id='word_1_69' title='bbox 137 803 211 871; x_wconf 90' lang='lat' dir='ltr'><strong>ptus,</strong></span> <span class='ocrx_word' id='word_1_70' title='bbox 227 797 318 853; x_wconf 66' lang='lat' dir='ltr'><strong>lfflllls</strong></span> <span class='ocrx_word' id='word_1_71' title='bbox 336 804 363 851; x_wconf 70' lang='lat'><strong>⁸⁸</strong></span> <span class='ocrx_word' id='word_1_72' title='bbox 378 795 493 866; x_wconf 65' lang='lat' dir='ltr'><strong>lbjecli‘)</strong></span> <span class='ocrx_word' id='word_1_73' title='bbox 507 794 658 868; x_wconf 89' lang='lat' dir='ltr'><strong>suiipsius,</strong></span> <span class='ocrx_word' id='word_1_74' title='bbox 674 795 805 852; x_wconf 62' lang='lat' dir='ltr'><strong>lbffisslli0</strong></span> <span class='ocrx_word' id='word_1_75' title='bbox 819 793 936 866; x_wconf 74' lang='lat' dir='ltr'><strong>lll⁰llliae</strong></span> <span class='ocrx_word' id='word_1_76' title='bbox 987 824 1099 882; x_wconf 80' lang='lat' dir='ltr'><strong>surgere</strong></span> <span class='ocrx_word' id='word_1_77' title='bbox 1113 807 1244 864; x_wconf 90' lang='lat' dir='ltr'><strong>debemus</strong></span> <span class='ocrx_word' id='word_1_78' title='bbox 1257 819 1306 874; x_wconf 91' lang='lat' dir='ltr'><strong>per</strong></span> <span class='ocrx_word' id='word_1_79' title='bbox 1320 800 1435 872; x_wconf 79' lang='lat' dir='ltr'>aliquam</span> <span class='ocrx_word' id='word_1_80' title='bbox 1449 797 1647 863; x_wconf 75' lang='lat' dir='ltr'><strong>extollentiam,</strong></span> <span class='ocrx_word' id='word_1_81' title='bbox 1669 797 1722 853; x_wconf 83' lang='lat' dir='ltr'><strong>aad</strong></span> <span class='ocrx_word' id='word_1_82' title='bbox 1737 798 1792 854; x_wconf 83' lang='lat' dir='ltr'><strong>ltu·</strong></span> 
     </span>
     <span class='ocr_line' id='line_1_8' title="bbox 139 884 1792 964; baseline -0.007 -9"><span class='ocrx_word' id='word_1_83' title='bbox 139 885 285 943; x_wconf 60' lang='lat' dir='ltr'><strong>&#39;&#39;Olliniafis</strong></span> <span class='ocrx_word' id='word_1_84' title='bbox 307 885 336 941; x_wconf 94' lang='lat' dir='ltr'><strong>in</strong></span> <span class='ocrx_word' id='word_1_85' title='bbox 359 885 496 941; x_wconf 87' lang='lat' dir='ltr'><strong>omnibus.</strong></span> <span class='ocrx_word' id='word_1_86' title='bbox 519 884 679 941; x_wconf 61' lang='lat' dir='ltr'><strong>V⁰¹l¹¹¹²³list</strong></span> <span class='ocrx_word' id='word_1_87' title='bbox 693 898 759 956; x_wconf 61' lang='lat'><strong>“80</strong></span> <span class='ocrx_word' id='word_1_88' title='bbox 780 892 934 955; x_wconf 59' lang='lat' dir='ltr'><strong>ballistas,</strong></span> <span class='ocrx_word' id='word_1_89' title='bbox 987 897 1095 964; x_wconf 89' lang='lat' dir='ltr'><strong>miliari,</strong></span> <span class='ocrx_word' id='word_1_90' title='bbox 1110 905 1137 952; x_wconf 93' lang='lat' dir='ltr'><strong>et</strong></span> <span class='ocrx_word' id='word_1_91' title='bbox 1154 895 1182 950; x_wconf 92' lang='lat' dir='ltr'><strong>in</strong></span> <span class='ocrx_word' id='word_1_92' title='bbox 1206 891 1286 949; x_wconf 91' lang='lat' dir='ltr'><strong>bonis</strong></span> <span class='ocrx_word' id='word_1_93' title='bbox 1308 887 1454 951; x_wconf 88' lang='lat' dir='ltr'><strong>exercitari</strong></span> <span class='ocrx_word' id='word_1_94' title='bbox 1481 885 1611 958; x_wconf 75' lang='lat' dir='ltr'>operibus</span> <span class='ocrx_word' id='word_1_95' title='bbox 1639 886 1792 944; x_wconf 79' lang='lat' dir='ltr'><strong>convenit:</strong></span> 
     </span>
     <span class='ocr_line' id='line_1_9' title="bbox 138 972 1793 1059; baseline 0.002 -29"><span class='ocrx_word' id='word_1_96' title='bbox 138 972 200 1047; x_wconf 84' lang='lat' dir='ltr'><strong>q&#39;uae</strong></span> <span class='ocrx_word' id='word_1_97' title='bbox 214 974 272 1030; x_wconf 91' lang='lat' dir='ltr'><strong>sine</strong></span> <span class='ocrx_word' id='word_1_98' title='bbox 285 975 454 1045; x_wconf 79' lang='lat' dir='ltr'><strong>possessione</strong></span> <span class='ocrx_word' id='word_1_99' title='bbox 466 973 507 1030; x_wconf 87' lang='lat' dir='ltr'><strong>vel</strong></span> <span class='ocrx_word' id='word_1_100' title='bbox 528 972 665 1029; x_wconf 92' lang='lat' dir='ltr'><strong>desiderio</strong></span> <span class='ocrx_word' id='word_1_101' title='bbox 687 974 808 1037; x_wconf 88' lang='lat' dir='ltr'><strong>babetur,</strong></span> <span class='ocrx_word' id='word_1_102' title='bbox 836 978 937 1044; x_wconf 89' lang='lat' dir='ltr'><strong>quanto</strong></span> <span class='ocrx_word' id='word_1_103' title='bbox 989 995 1020 1044; x_wconf 66' lang='lat' dir='ltr'><strong>up</strong></span> <span class='ocrx_word' id='word_1_104' title='bbox 1033 975 1193 1059; x_wconf 60' lang='lat' dir='ltr'><strong>quandoque</strong></span> <span class='ocrx_word' id='word_1_105' title='bbox 1215 988 1276 1054; x_wconf 87' lang='lat' dir='ltr'><strong>post</strong></span> <span class='ocrx_word' id='word_1_106' title='bbox 1301 979 1437 1045; x_wconf 87' lang='lat' dir='ltr'><strong>laborum,</strong></span> <span class='ocrx_word' id='word_1_107' title='bbox 1452 976 1552 1047; x_wconf 91' lang='lat' dir='ltr'><strong>quibus</strong></span> <span class='ocrx_word' id='word_1_108' title='bbox 1575 974 1621 1030; x_wconf 90' lang='lat' dir='ltr'><strong>bic</strong></span> <span class='ocrx_word' id='word_1_109' title='bbox 1643 973 1793 1047; x_wconf 85' lang='lat' dir='ltr'><strong>allicimur,</strong></span> 
     </span>
    </p>
   </div>
   <div class='ocr_carea' id='block_1_4' title="bbox 140 1059 1795 1229">
    <p class='ocr_par' dir='ltr' id='par_1_5' title="bbox 140 1059 1795 1229">
     <span class='ocr_line' id='line_1_10' title="bbox 140 1059 1795 1144; baseline -0.002 -24"><span class='ocrx_word' id='word_1_110' title='bbox 140 1062 357 1134; x_wconf 61' lang='lat' dir='ltr'><strong>expeditiorest,</strong></span> <span class='ocrx_word' id='word_1_111' title='bbox 373 1073 446 1119; x_wconf 88' lang='lat' dir='ltr'><strong>tantu</strong></span> <span class='ocrx_word' id='word_1_112' title='bbox 460 1064 581 1119; x_wconf 82' lang='lat' dir='ltr'><strong>securior</strong></span> <span class='ocrx_word' id='word_1_113' title='bbox 595 1069 645 1118; x_wconf 88' lang='lat' dir='ltr'><strong>cst.</strong></span> <span class='ocrx_word' id='word_1_114' title='bbox 660 1062 758 1118; x_wconf 85' lang='lat' dir='ltr'>Custos</span> <span class='ocrx_word' id='word_1_115' title='bbox 771 1069 798 1118; x_wconf 92' lang='lat' dir='ltr'><strong>et</strong></span> <span class='ocrx_word' id='word_1_116' title='bbox 810 1059 937 1133; x_wconf 77' lang='lat' dir='ltr'><strong>magistra</strong></span> <span class='ocrx_word' id='word_1_117' title='bbox 988 1073 1157 1133; x_wconf 58' lang='lat' dir='ltr'><strong>tolerantiam</strong></span> <span class='ocrx_word' id='word_1_118' title='bbox 1181 1085 1334 1144; x_wconf 66' lang='lat' dir='ltr'><strong>surgamus,</strong></span> <span class='ocrx_word' id='word_1_119' title='bbox 1353 1067 1413 1124; x_wconf 78' lang='lat'><strong>1000</strong></span> <span class='ocrx_word' id='word_1_120' title='bbox 1427 1073 1456 1122; x_wconf 84' lang='lat' dir='ltr'><strong>at</strong></span> <span class='ocrx_word' id='word_1_121' title='bbox 1471 1076 1592 1135; x_wconf 85' lang='lat' dir='ltr'><strong>ternpore</strong></span> <span class='ocrx_word' id='word_1_122' title='bbox 1616 1079 1669 1120; x_wconf 89' lang='lat' dir='ltr'><strong>suo</strong></span> <span class='ocrx_word' id='word_1_123' title='bbox 1683 1079 1795 1137; x_wconf 86' lang='lat' dir='ltr'><strong>proma·</strong></span> 
     </span>
     <span class='ocr_line' id='line_1_11' title="bbox 140 1150 1411 1229; baseline -0.005 -20"><span class='ocrx_word' id='word_1_124' title='bbox 140 1152 184 1209; x_wconf 88' lang='lat' dir='ltr'><strong>e&#39;st</strong></span> <span class='ocrx_word' id='word_1_125' title='bbox 196 1152 325 1208; x_wconf 87' lang='lat' dir='ltr'><strong>virtutum</strong></span> <span class='ocrx_word' id='word_1_126' title='bbox 342 1151 496 1222; x_wconf 88' lang='lat' dir='ltr'><strong>hujusmodi</strong></span> <span class='ocrx_word' id='word_1_127' title='bbox 520 1160 665 1225; x_wconf 87' lang='lat' dir='ltr'><strong>paupertas</strong></span> <span class='ocrx_word' id='word_1_128' title='bbox 681 1169 688 1207; x_wconf 76' lang='grc' dir='ltr'><strong>ι</strong></span> <span class='ocrx_word' id='word_1_129' title='bbox 704 1150 803 1207; x_wconf 91' lang='lat' dir='ltr'><strong>sicute</strong></span> <span class='ocrx_word' id='word_1_130' title='bbox 831 1159 938 1205; x_wconf 88' lang='lat' dir='ltr'><strong>contra·</strong></span> <span class='ocrx_word' id='word_1_131' title='bbox 989 1163 1068 1220; x_wconf 60' lang='lat' dir='ltr'>vendi</span> <span class='ocrx_word' id='word_1_132' title='bbox 1082 1161 1117 1218; x_wconf 61' lang='lat' dir='ltr'><strong>ad</strong></span> <span class='ocrx_word' id='word_1_133' title='bbox 1135 1160 1271 1218; x_wconf 63' lang='lat' dir='ltr'><strong>coetesxem</strong></span> <span class='ocrx_word' id='word_1_134' title='bbox 1287 1156 1411 1229; x_wconf 71' lang='lat' dir='ltr'><strong>gloriam.</strong></span> 
     </span>
    </p>
   </div>
   <div class='ocr_carea' id='block_1_5' title="bbox 140 1236 1798 1589">
    <p class='ocr_par' dir='ltr' id='par_1_6' title="bbox 140 1236 1798 1589">
     <span class='ocr_line' id='line_1_12' title="bbox 140 1236 1797 1321; baseline -0.004 -23"><span class='ocrx_word' id='word_1_135' title='bbox 140 1240 183 1298; x_wconf 88' lang='lat' dir='ltr'><strong>rio</strong></span> <span class='ocrx_word' id='word_1_136' title='bbox 197 1241 322 1299; x_wconf 87' lang='lat' dir='ltr'><strong>radixest</strong></span> <span class='ocrx_word' id='word_1_137' title='bbox 344 1240 469 1299; x_wconf 82' lang='lat' dir='ltr'><strong>vitiorum</strong></span> <span class='ocrx_word' id='word_1_138' title='bbox 484 1242 661 1297; x_wconf 89' lang='lat' dir='ltr'><strong>immoderata</strong></span> <span class='ocrx_word' id='word_1_139' title='bbox 675 1255 763 1296; x_wconf 88' lang='lat' dir='ltr'><strong>rerum</strong></span> <span class='ocrx_word' id='word_1_140' title='bbox 789 1236 936 1293; x_wconf 80' lang='lat' dir='ltr'><strong>affluentia.</strong></span> <span class='ocrx_word' id='word_1_141' title='bbox 1028 1255 1055 1311; x_wconf 58' lang='lat'><strong>5,</strong></span> <span class='ocrx_word' id='word_1_142' title='bbox 1075 1251 1117 1307; x_wconf 72' lang='lat' dir='ltr'><strong>Tu</strong></span> <span class='ocrx_word' id='word_1_143' title='bbox 1131 1251 1229 1321; x_wconf 56' lang='lat' dir='ltr'><strong>quque,</strong></span> <span class='ocrx_word' id='word_1_144' title='bbox 1245 1245 1291 1318; x_wconf 75' lang='lat' dir='ltr'><strong>qui</strong></span> <span class='ocrx_word' id='word_1_145' title='bbox 1310 1244 1390 1300; x_wconf 73' lang='lat' dir='ltr'><strong>sedes</strong></span> <span class='ocrx_word' id='word_1_146' title='bbox 1411 1242 1445 1296; x_wconf 83' lang='lat' dir='ltr'><strong>ad</strong></span> <span class='ocrx_word' id='word_1_147' title='bbox 1469 1256 1589 1298; x_wconf 83' lang='lat' dir='ltr'><strong>mensam</strong></span> <span class='ocrx_word' id='word_1_148' title='bbox 1612 1240 1720 1309; x_wconf 73' lang='lat' dir='ltr'><strong>divitia,</strong></span> <span class='ocrx_word' id='word_1_149' title='bbox 1745 1241 1797 1300; x_wconf 65' lang='lat' dir='ltr'><strong>iea-</strong></span> 
     </span>
     <span class='ocr_line' id='line_1_13' title="bbox 141 1327 1798 1412; baseline 0.001 -27"><span class='ocrx_word' id='word_1_150' title='bbox 141 1328 254 1402; x_wconf 81' lang='lat' dir='ltr'><strong>Expedit</strong></span> <span class='ocrx_word' id='word_1_151' title='bbox 270 1345 330 1386; x_wconf 91' lang='lat' dir='ltr'><strong>esse</strong></span> <span class='ocrx_word' id='word_1_152' title='bbox 345 1331 439 1399; x_wconf 88' lang='lat' dir='ltr'><strong>nudas,</strong></span> <span class='ocrx_word' id='word_1_153' title='bbox 460 1347 523 1388; x_wconf 89' lang='lat' dir='ltr'><strong>curn</strong></span> <span class='ocrx_word' id='word_1_154' title='bbox 548 1329 669 1398; x_wconf 91' lang='lat' dir='ltr'><strong>diabalo,</strong></span> <span class='ocrx_word' id='word_1_155' title='bbox 697 1329 744 1401; x_wconf 90' lang='lat' dir='ltr'><strong>qui</strong></span> <span class='ocrx_word' id='word_1_156' title='bbox 772 1327 863 1384; x_wconf 92' lang='lat' dir='ltr'><strong>nudus</strong></span> <span class='ocrx_word' id='word_1_157' title='bbox 887 1335 939 1393; x_wconf 92' lang='lat' dir='ltr'><strong>est,</strong></span> <span class='ocrx_word' id='word_1_158' title='bbox 993 1342 1062 1400; x_wconf 59' lang='lat' dir='ltr'><strong>,uljs</strong></span> <span class='ocrx_word' id='word_1_159' title='bbox 1081 1354 1142 1412; x_wconf 52' lang='grc' dir='ltr'><strong>φρ</strong></span> <span class='ocrx_word' id='word_1_160' title='bbox 1156 1334 1334 1409; x_wconf 63' lang='lat' dir='ltr'><strong>pfaemisimas</strong></span> <span class='ocrx_word' id='word_1_161' title='bbox 1348 1329 1480 1405; x_wconf 84' lang='lat' dir='ltr'><strong>appositis</strong></span> <span class='ocrx_word' id='word_1_162' title='bbox 1502 1338 1529 1386; x_wconf 88' lang='lat' dir='ltr'><strong>te</strong></span> <span class='ocrx_word' id='word_1_163' title='bbox 1543 1330 1632 1401; x_wconf 87' lang='lat' dir='ltr'><strong>ipsum</strong></span> <span class='ocrx_word' id='word_1_164' title='bbox 1648 1330 1798 1401; x_wconf 79' lang='lat' dir='ltr'><strong>subjiciens</strong></span> 
     </span>
     <span class='ocr_line' id='line_1_14' title="bbox 140 1416 1797 1489; baseline -0.003 -15"><span class='ocrx_word' id='word_1_165' title='bbox 140 1418 296 1477; x_wconf 88' lang='lat' dir='ltr'><strong>luctaturos.</strong></span> <span class='ocrx_word' id='word_1_166' title='bbox 311 1420 407 1476; x_wconf 88' lang='lat' dir='ltr'><strong>Nudus</strong></span> <span class='ocrx_word' id='word_1_167' title='bbox 429 1418 529 1477; x_wconf 76' lang='lat' dir='ltr'><strong>athleta</strong></span> <span class='ocrx_word' id='word_1_168' title='bbox 556 1417 652 1475; x_wconf 81' lang='lat' dir='ltr'><strong>fortius</strong></span> <span class='ocrx_word' id='word_1_169' title='bbox 675 1416 810 1474; x_wconf 84' lang='lat' dir='ltr'><strong>dimicat:</strong></span> <span class='ocrx_word' id='word_1_170' title='bbox 835 1421 941 1470; x_wconf 88' lang='lat' dir='ltr'><strong>natator</strong></span> <span class='ocrx_word' id='word_1_171' title='bbox 995 1440 1023 1486; x_wconf 65' lang='lat' dir='ltr'><strong>,q</strong></span> <span class='ocrx_word' id='word_1_172' title='bbox 1049 1426 1193 1485; x_wconf 59' lang='lat' dir='ltr'><strong>humilians</strong></span> <span class='ocrx_word' id='word_1_173' title='bbox 1224 1420 1416 1480; x_wconf 62' lang='lat' dir='ltr'><strong>incarnationis</strong></span> <span class='ocrx_word' id='word_1_174' title='bbox 1440 1418 1585 1476; x_wconf 76' lang='lat' dir='ltr'><strong>Dominicae</strong></span> <span class='ocrx_word' id='word_1_175' title='bbox 1612 1429 1797 1489; x_wconf 69' lang='lat' dir='ltr'><strong>sacramanto,</strong></span> 
     </span>
     <span class='ocr_line' id='line_1_15' title="bbox 140 1503 1798 1589; baseline -0.008 -24"><span class='ocrx_word' id='word_1_176' title='bbox 140 1508 256 1579; x_wconf 80' lang='lat' dir='ltr'><strong>exuitur,</strong></span> <span class='ocrx_word' id='word_1_177' title='bbox 268 1516 297 1563; x_wconf 93' lang='lat' dir='ltr'><strong>ut</strong></span> <span class='ocrx_word' id='word_1_178' title='bbox 310 1507 421 1566; x_wconf 81' lang='lat' dir='ltr'><strong>linaium</strong></span> <span class='ocrx_word' id='word_1_179' title='bbox 435 1515 552 1566; x_wconf 87' lang='lat' dir='ltr'><strong>transeat</strong></span> <span class='ocrx_word' id='word_1_180' title='bbox 567 1525 574 1574; x_wconf 90' lang='lat'>;</span> <span class='ocrx_word' id='word_1_181' title='bbox 590 1509 677 1564; x_wconf 87' lang='lat' dir='ltr'><strong>viator</strong></span> <span class='ocrx_word' id='word_1_182' title='bbox 690 1506 798 1577; x_wconf 87' lang='lat' dir='ltr'><strong>rejectis</strong></span> <span class='ocrx_word' id='word_1_183' title='bbox 820 1503 942 1560; x_wconf 89' lang='lat' dir='ltr'><strong>sarcinu·</strong></span> <span class='ocrx_word' id='word_1_184' title='bbox 993 1515 1224 1589; x_wconf 64' lang='lat' dir='ltr'><strong>nonnegljgenaef</strong></span> <span class='ocrx_word' id='word_1_185' title='bbox 1233 1506 1633 1583; x_wconf 58' lang='lat' dir='ltr'><strong>oeddttiqencpraatendaqw</strong></span> <span class='ocrx_word' id='word_1_186' title='bbox 1642 1523 1798 1582; x_wconf 53' lang='lat' dir='ltr'><strong>mma.</strong></span> 
     </span>
    </p>
   </div>
   <div class='ocr_carea' id='block_1_6' title="bbox 140 1590 950 2909">
    <p class='ocr_par' dir='ltr' id='par_1_7' title="bbox 140 1590 950 2909">
     <span class='ocr_line' id='line_1_16' title="bbox 141 1590 942 1669; baseline -0.01 -15"><span class='ocrx_word' id='word_1_187' title='bbox 141 1597 175 1654; x_wconf 93' lang='lat' dir='ltr'><strong>lis</strong></span> <span class='ocrx_word' id='word_1_188' title='bbox 189 1598 260 1654; x_wconf 90' lang='lat' dir='ltr'><strong>bene</strong></span> <span class='ocrx_word' id='word_1_189' title='bbox 274 1598 396 1655; x_wconf 89' lang='lat' dir='ltr'><strong>cursitat.</strong></span> <span class='ocrx_word' id='word_1_190' title='bbox 417 1598 522 1653; x_wconf 84' lang='lat' dir='ltr'><strong>Nobilis</strong></span> <span class='ocrx_word' id='word_1_191' title='bbox 543 1597 633 1669; x_wconf 89' lang='lat' dir='ltr'><strong>itaque</strong></span> <span class='ocrx_word' id='word_1_192' title='bbox 660 1595 753 1650; x_wconf 92' lang='lat' dir='ltr'><strong>titulus</strong></span> <span class='ocrx_word' id='word_1_193' title='bbox 782 1590 942 1650; x_wconf 85' lang='lat' dir='ltr'><strong>voluntariae</strong></span> 
     </span>
     <span class='ocr_line' id='line_1_17' title="bbox 140 1680 942 1760; baseline -0.01 -18"><span class='ocrx_word' id='word_1_194' title='bbox 140 1685 322 1760; x_wconf 75' lang='lat' dir='ltr'><strong>paupertatis,</strong></span> <span class='ocrx_word' id='word_1_195' title='bbox 338 1702 418 1759; x_wconf 89' lang='lat' dir='ltr'><strong>quam</strong></span> <span class='ocrx_word' id='word_1_196' title='bbox 440 1685 569 1742; x_wconf 83' lang='lat' dir='ltr'><strong>Christus</strong></span> <span class='ocrx_word' id='word_1_197' title='bbox 581 1683 673 1740; x_wconf 91' lang='lat' dir='ltr'><strong>docuit</strong></span> <span class='ocrx_word' id='word_1_198' title='bbox 687 1684 780 1748; x_wconf 91' lang='lat' dir='ltr'><strong>verba,</strong></span> <span class='ocrx_word' id='word_1_199' title='bbox 796 1683 887 1746; x_wconf 84' lang='lat' dir='ltr'><strong>Beati,</strong></span> <span class='ocrx_word' id='word_1_200' title='bbox 898 1680 942 1734; x_wconf 92' lang='lat' dir='ltr'><strong>in·</strong></span> 
     </span>
     <span class='ocr_line' id='line_1_18' title="bbox 141 1771 945 1848; baseline -0.006 -19"><span class='ocrx_word' id='word_1_201' title='bbox 141 1775 250 1846; x_wconf 86' lang='lat' dir='ltr'><strong>quiens,</strong></span> <span class='ocrx_word' id='word_1_202' title='bbox 267 1790 405 1848; x_wconf 81' lang='lat' dir='ltr'><strong>pauperes</strong></span> <span class='ocrx_word' id='word_1_203' title='bbox 432 1776 527 1846; x_wconf 78' lang='lat' dir='ltr'><strong>spritu</strong></span> <span class='ocrx_word' id='word_1_204' title='bbox 549 1773 654 1845; x_wconf 83' lang='lat' dir='ltr'><strong>(llattlc</strong></span> <span class='ocrx_word' id='word_1_205' title='bbox 672 1788 699 1838; x_wconf 91' lang='lat' dir='ltr'><strong>v,</strong></span> <span class='ocrx_word' id='word_1_206' title='bbox 716 1771 753 1842; x_wconf 88' lang='grc'><strong>3),</strong></span> <span class='ocrx_word' id='word_1_207' title='bbox 772 1781 826 1830; x_wconf 88' lang='grc' dir='ltr'>ιιι.</span> <span class='ocrx_word' id='word_1_208' title='bbox 847 1784 945 1826; x_wconf 89' lang='lat' dir='ltr'><strong>conse·</strong></span> 
     </span>
     <span class='ocr_line' id='line_1_19' title="bbox 142 1857 942 1934; baseline -0.009 -16"><span class='ocrx_word' id='word_1_209' title='bbox 142 1862 228 1918; x_wconf 86' lang='lat' dir='ltr'><strong>aravit</strong></span> <span class='ocrx_word' id='word_1_210' title='bbox 242 1862 389 1934; x_wconf 85' lang='lat' dir='ltr'><strong>exemplo:</strong></span> <span class='ocrx_word' id='word_1_211' title='bbox 406 1877 457 1917; x_wconf 91' lang='lat' dir='ltr'><strong>nec</strong></span> <span class='ocrx_word' id='word_1_212' title='bbox 473 1860 545 1918; x_wconf 91' lang='lat' dir='ltr'><strong>enim</strong></span> <span class='ocrx_word' id='word_1_213' title='bbox 561 1859 654 1916; x_wconf 87' lang='lat' dir='ltr'><strong>babuit</strong></span> <span class='ocrx_word' id='word_1_214' title='bbox 669 1858 805 1930; x_wconf 86' lang='lat' dir='ltr'><strong>propriam</strong></span> <span class='ocrx_word' id='word_1_215' title='bbox 820 1857 942 1922; x_wconf 89' lang='lat' dir='ltr'><strong>domum,</strong></span> 
     </span>
     <span class='ocr_line' id='line_1_20' title="bbox 142 1944 944 2022; baseline -0.01 -15"><span class='ocrx_word' id='word_1_216' title='bbox 142 1951 172 2007; x_wconf 89' lang='lat' dir='ltr'><strong>in</strong></span> <span class='ocrx_word' id='word_1_217' title='bbox 187 1965 243 2022; x_wconf 91' lang='lat' dir='ltr'><strong>qua</strong></span> <span class='ocrx_word' id='word_1_218' title='bbox 264 1959 343 2017; x_wconf 89' lang='lat' dir='ltr'><strong>caput</strong></span> <span class='ocrx_word' id='word_1_219' title='bbox 356 1949 509 2018; x_wconf 88' lang='lat' dir='ltr'><strong>reclinaret,</strong></span> <span class='ocrx_word' id='word_1_220' title='bbox 537 1954 564 2004; x_wconf 92' lang='lat' dir='ltr'><strong>et</strong></span> <span class='ocrx_word' id='word_1_221' title='bbox 594 1947 621 2002; x_wconf 92' lang='lat' dir='ltr'><strong>iu</strong></span> <span class='ocrx_word' id='word_1_222' title='bbox 641 1963 693 2019; x_wconf 91' lang='lat' dir='ltr'><strong>qua</strong></span> <span class='ocrx_word' id='word_1_223' title='bbox 712 1963 772 2004; x_wconf 90' lang='lat' dir='ltr'><strong>curn</strong></span> <span class='ocrx_word' id='word_1_224' title='bbox 800 1944 944 2016; x_wconf 83' lang='lat' dir='ltr'><strong>discipulis</strong></span> 
     </span>
     <span class='ocr_line' id='line_1_21' title="bbox 143 2034 944 2109; baseline -0.01 -13"><span class='ocrx_word' id='word_1_225' title='bbox 143 2039 247 2096; x_wconf 87' lang='lat' dir='ltr'><strong>Pascha</strong></span> <span class='ocrx_word' id='word_1_226' title='bbox 266 2038 458 2104; x_wconf 62' lang='lat' dir='ltr'><strong>manducatae</strong></span> <span class='ocrx_word' id='word_1_227' title='bbox 488 2052 536 2093; x_wconf 89' lang='lat' dir='ltr'><strong>nec</strong></span> <span class='ocrx_word' id='word_1_228' title='bbox 567 2036 709 2109; x_wconf 87' lang='lat' dir='ltr'><strong>proprium</strong></span> <span class='ocrx_word' id='word_1_229' title='bbox 733 2034 836 2101; x_wconf 89' lang='lat' dir='ltr'><strong>babuit,</strong></span> <span class='ocrx_word' id='word_1_230' title='bbox 871 2034 944 2089; x_wconf 90' lang='lat' dir='ltr'><strong>unde</strong></span> 
     </span>
     <span class='ocr_line' id='line_1_22' title="bbox 143 2124 944 2196; baseline -0.009 -13"><span class='ocrx_word' id='word_1_231' title='bbox 143 2127 274 2183; x_wconf 89' lang='lat' dir='ltr'><strong>tributum</strong></span> <span class='ocrx_word' id='word_1_232' title='bbox 287 2127 412 2184; x_wconf 84' lang='lat' dir='ltr'><strong>solveret.</strong></span> <span class='ocrx_word' id='word_1_233' title='bbox 425 2124 627 2183; x_wconf 81' lang='lat' dir='ltr'><strong>commendavit</strong></span> <span class='ocrx_word' id='word_1_234' title='bbox 641 2139 701 2181; x_wconf 92' lang='lat' dir='ltr'><strong>eam</strong></span> <span class='ocrx_word' id='word_1_235' title='bbox 717 2125 800 2180; x_wconf 90' lang='lat' dir='ltr'><strong>etiarn</strong></span> <span class='ocrx_word' id='word_1_236' title='bbox 815 2139 861 2179; x_wconf 87' lang='lat' dir='ltr'><strong>ore</strong></span> <span class='ocrx_word' id='word_1_237' title='bbox 876 2139 944 2196; x_wconf 83' lang='lat' dir='ltr'><strong>pra·</strong></span> 
     </span>
     <span class='ocr_line' id='line_1_23' title="bbox 144 2211 947 2287; baseline -0.001 -17"><span class='ocrx_word' id='word_1_238' title='bbox 144 2214 264 2286; x_wconf 77' lang='lat' dir='ltr'><strong>plastica,</strong></span> <span class='ocrx_word' id='word_1_239' title='bbox 279 2214 513 2287; x_wconf 72' lang='lat' dir='ltr'><strong>dicens1llpouir</strong></span> <span class='ocrx_word' id='word_1_240' title='bbox 526 2211 624 2271; x_wconf 82' lang='lat' dir='ltr'><strong>videas</strong></span> <span class='ocrx_word' id='word_1_241' title='bbox 635 2217 838 2287; x_wconf 84' lang='lat' dir='ltr'><strong>paupertatem</strong></span> <span class='ocrx_word' id='word_1_242' title='bbox 851 2228 947 2269; x_wconf 85' lang='lat' dir='ltr'><strong>meana</strong></span> 
     </span>
     <span class='ocr_line' id='line_1_24' title="bbox 145 2302 946 2376; baseline -0.005 -14"><span class='ocrx_word' id='word_1_243' title='bbox 145 2303 260 2376; x_wconf 81' lang='lat' dir='ltr'><strong>(lbraa.</strong></span> <span class='ocrx_word' id='word_1_244' title='bbox 280 2319 323 2370; x_wconf 92' lang='grc' dir='ltr'>ιιι,</span> <span class='ocrx_word' id='word_1_245' title='bbox 343 2304 380 2375; x_wconf 87' lang='grc' dir='ltr'>ι).</span> <span class='ocrx_word' id='word_1_246' title='bbox 404 2304 491 2374; x_wconf 87' lang='lat' dir='ltr'><strong>liujus</strong></span> <span class='ocrx_word' id='word_1_247' title='bbox 511 2304 675 2372; x_wconf 83' lang='lat' dir='ltr'><strong>paupertatis</strong></span> <span class='ocrx_word' id='word_1_248' title='bbox 701 2302 854 2372; x_wconf 89' lang='lat' dir='ltr'><strong>exemplum</strong></span> <span class='ocrx_word' id='word_1_249' title='bbox 868 2302 946 2373; x_wconf 89' lang='lat' dir='ltr'><strong>prirni</strong></span> 
     </span>
     <span class='ocr_line' id='line_1_25' title="bbox 143 2390 949 2466; baseline -0.005 -17"><span class='ocrx_word' id='word_1_250' title='bbox 143 2403 206 2466; x_wconf 90' lang='lat' dir='ltr'><strong>post</strong></span> <span class='ocrx_word' id='word_1_251' title='bbox 219 2391 355 2450; x_wconf 82' lang='lat' dir='ltr'><strong>Christum</strong></span> <span class='ocrx_word' id='word_1_252' title='bbox 370 2391 492 2461; x_wconf 78' lang='lat' dir='ltr'><strong>apostoli</strong></span> <span class='ocrx_word' id='word_1_253' title='bbox 506 2391 660 2461; x_wconf 86' lang='lat' dir='ltr'><strong>ediderunt,</strong></span> <span class='ocrx_word' id='word_1_254' title='bbox 678 2392 787 2464; x_wconf 90' lang='lat' dir='ltr'><strong>qnando</strong></span> <span class='ocrx_word' id='word_1_255' title='bbox 801 2391 828 2446; x_wconf 92' lang='lat' dir='ltr'><strong>in</strong></span> <span class='ocrx_word' id='word_1_256' title='bbox 858 2390 949 2464; x_wconf 89' lang='lat' dir='ltr'><strong>primi·</strong></span> 
     </span>
     <span class='ocr_line' id='line_1_26' title="bbox 145 2477 947 2539; baseline -0.005 -1"><span class='ocrx_word' id='word_1_257' title='bbox 145 2484 198 2539; x_wconf 85' lang='lat' dir='ltr'><strong>tiva</strong></span> <span class='ocrx_word' id='word_1_258' title='bbox 212 2480 331 2538; x_wconf 82' lang='lat' dir='ltr'><strong>Ecclesia</strong></span> <span class='ocrx_word' id='word_1_259' title='bbox 343 2477 524 2536; x_wconf 89' lang='lat' dir='ltr'><strong>multitudinis</strong></span> <span class='ocrx_word' id='word_1_260' title='bbox 537 2479 702 2537; x_wconf 88' lang='lat' dir='ltr'><strong>credentium</strong></span> <span class='ocrx_word' id='word_1_261' title='bbox 721 2488 779 2535; x_wconf 87' lang='lat' dir='ltr'><strong>erat</strong></span> <span class='ocrx_word' id='word_1_262' title='bbox 801 2494 847 2536; x_wconf 91' lang='lat' dir='ltr'><strong>cnr</strong></span> <span class='ocrx_word' id='word_1_263' title='bbox 864 2496 947 2536; x_wconf 89' lang='lat' dir='ltr'><strong>unum</strong></span> 
     </span>
     <span class='ocr_line' id='line_1_27' title="bbox 146 2568 948 2640; baseline 0 -12"><span class='ocrx_word' id='word_1_264' title='bbox 146 2578 175 2628; x_wconf 92' lang='lat' dir='ltr'><strong>et</strong></span> <span class='ocrx_word' id='word_1_265' title='bbox 189 2570 278 2627; x_wconf 87' lang='lat' dir='ltr'><strong>anima</strong></span> <span class='ocrx_word' id='word_1_266' title='bbox 291 2586 344 2627; x_wconf 90' lang='lat' dir='ltr'><strong>una</strong></span> <span class='ocrx_word' id='word_1_267' title='bbox 367 2580 394 2627; x_wconf 92' lang='lat' dir='ltr'><strong>et</strong></span> <span class='ocrx_word' id='word_1_268' title='bbox 420 2571 511 2626; x_wconf 90' lang='lat' dir='ltr'><strong>omnia</strong></span> <span class='ocrx_word' id='word_1_269' title='bbox 539 2568 694 2627; x_wconf 90' lang='lat' dir='ltr'><strong>communia</strong></span> <span class='ocrx_word' id='word_1_270' title='bbox 720 2570 791 2640; x_wconf 80' lang='lat' dir='ltr'><strong>(Act.</strong></span> <span class='ocrx_word' id='word_1_271' title='bbox 820 2573 858 2637; x_wconf 85' lang='grc' dir='ltr'><strong>ιι,</strong></span> <span class='ocrx_word' id='word_1_272' title='bbox 890 2571 948 2640; x_wconf 77' lang='lat'>32).</span> 
     </span>
     <span class='ocr_line' id='line_1_28' title="bbox 147 2658 947 2734; baseline -0.004 -18"><span class='ocrx_word' id='word_1_273' title='bbox 147 2661 212 2717; x_wconf 82' lang='lat' dir='ltr'><strong>llaec</strong></span> <span class='ocrx_word' id='word_1_274' title='bbox 224 2658 371 2734; x_wconf 76' lang='lat' dir='ltr'><strong>Religiosis</strong></span> <span class='ocrx_word' id='word_1_275' title='bbox 384 2658 575 2731; x_wconf 79' lang='lat' dir='ltr'><strong>Apostolorum</strong></span> <span class='ocrx_word' id='word_1_276' title='bbox 590 2659 753 2729; x_wconf 81' lang='lat' dir='ltr'><strong>sequacibus</strong></span> <span class='ocrx_word' id='word_1_277' title='bbox 773 2658 872 2714; x_wconf 90' lang='lat' dir='ltr'><strong>indicta</strong></span> <span class='ocrx_word' id='word_1_278' title='bbox 899 2666 947 2715; x_wconf 89' lang='lat' dir='ltr'><strong>est.</strong></span> 
     </span>
     <span class='ocr_line' id='line_1_29' title="bbox 149 2746 947 2822; baseline -0.006 -16"><span class='ocrx_word' id='word_1_279' title='bbox 149 2749 297 2822; x_wconf 80' lang='lat' dir='ltr'><strong>Paupertas</strong></span> <span class='ocrx_word' id='word_1_280' title='bbox 307 2750 359 2805; x_wconf 90' lang='lat' dir='ltr'><strong>ista</strong></span> <span class='ocrx_word' id='word_1_281' title='bbox 372 2765 432 2821; x_wconf 86' lang='lat' dir='ltr'><strong>quae</strong></span> <span class='ocrx_word' id='word_1_282' title='bbox 446 2763 494 2805; x_wconf 93' lang='lat' dir='ltr'><strong>nec</strong></span> <span class='ocrx_word' id='word_1_283' title='bbox 509 2749 600 2814; x_wconf 90' lang='lat' dir='ltr'><strong>babet,</strong></span> <span class='ocrx_word' id='word_1_284' title='bbox 615 2762 666 2804; x_wconf 90' lang='lat' dir='ltr'><strong>nec</strong></span> <span class='ocrx_word' id='word_1_285' title='bbox 689 2747 790 2802; x_wconf 88' lang='lat' dir='ltr'><strong>bebere</strong></span> <span class='ocrx_word' id='word_1_286' title='bbox 805 2746 947 2816; x_wconf 81' lang='lat' dir='ltr'><strong>desiderat,</strong></span> 
     </span>
     <span class='ocr_line' id='line_1_30' title="bbox 148 2835 950 2909; baseline -0.002 -15"><span class='ocrx_word' id='word_1_287' title='bbox 148 2838 289 2895; x_wconf 85' lang='lat' dir='ltr'><strong>lateralem</strong></span> <span class='ocrx_word' id='word_1_288' title='bbox 306 2838 460 2909; x_wconf 88' lang='lat' dir='ltr'><strong>adjunctam</strong></span> <span class='ocrx_word' id='word_1_289' title='bbox 474 2836 525 2892; x_wconf 91' lang='lat' dir='ltr'><strong>sibi</strong></span> <span class='ocrx_word' id='word_1_290' title='bbox 539 2835 634 2909; x_wconf 87' lang='lat' dir='ltr'><strong>quaerit</strong></span> <span class='ocrx_word' id='word_1_291' title='bbox 654 2841 850 2908; x_wconf 86' lang='lat' dir='ltr'><strong>paupertatem,</strong></span> <span class='ocrx_word' id='word_1_292' title='bbox 872 2836 950 2892; x_wconf 84' lang='lat' dir='ltr'><strong>aide·</strong></span> 
     </span>
    </p>
   </div>
   <div class='ocr_carea' id='block_1_7' title="bbox 997 1596 1803 2030">
    <p class='ocr_par' dir='ltr' id='par_1_8' title="bbox 997 1596 1803 2030">
     <span class='ocr_line' id='line_1_31' title="bbox 997 1596 1801 1672; baseline -0.01 -9"><span class='ocrx_word' id='word_1_293' title='bbox 997 1612 1048 1663; x_wconf 83' lang='lat' dir='ltr'><strong>tar</strong></span> <span class='ocrx_word' id='word_1_294' title='bbox 1060 1605 1124 1662; x_wconf 83' lang='lat' dir='ltr'><strong>tibi.</strong></span> <span class='ocrx_word' id='word_1_295' title='bbox 1148 1601 1274 1672; x_wconf 75' lang='lat' dir='ltr'><strong>Attouda,</strong></span> <span class='ocrx_word' id='word_1_296' title='bbox 1290 1599 1411 1672; x_wconf 87' lang='lat' dir='ltr'><strong>inquam,</strong></span> <span class='ocrx_word' id='word_1_297' title='bbox 1440 1603 1469 1652; x_wconf 90' lang='grc' dir='ltr'><strong>ιιι</strong></span> <span class='ocrx_word' id='word_1_298' title='bbox 1486 1596 1576 1653; x_wconf 86' lang='lat' dir='ltr'><strong>discas</strong></span> <span class='ocrx_word' id='word_1_299' title='bbox 1600 1596 1629 1651; x_wconf 89' lang='lat' dir='ltr'><strong>iu</strong></span> <span class='ocrx_word' id='word_1_300' title='bbox 1653 1596 1801 1655; x_wconf 80' lang='lat' dir='ltr'><strong>celerando</strong></span> 
     </span>
     <span class='ocr_line' id='line_1_32' title="bbox 1001 1683 1800 1767; baseline -0.01 -18"><span class='ocrx_word' id='word_1_301' title='bbox 1001 1694 1115 1767; x_wconf 79' lang='lat' dir='ltr'><strong>gratiam</strong></span> <span class='ocrx_word' id='word_1_302' title='bbox 1130 1705 1185 1746; x_wconf 91' lang='lat' dir='ltr'><strong>nan</strong></span> <span class='ocrx_word' id='word_1_303' title='bbox 1208 1704 1268 1746; x_wconf 87' lang='lat' dir='ltr'><strong>esse</strong></span> <span class='ocrx_word' id='word_1_304' title='bbox 1281 1688 1374 1744; x_wconf 78' lang='lat' dir='ltr'><strong>mrdus</strong></span> <span class='ocrx_word' id='word_1_305' title='bbox 1396 1692 1441 1741; x_wconf 88' lang='lat' dir='ltr'><strong>aut</strong></span> <span class='ocrx_word' id='word_1_306' title='bbox 1464 1683 1576 1758; x_wconf 81' lang='lat' dir='ltr'><strong>segnis:</strong></span> <span class='ocrx_word' id='word_1_307' title='bbox 1592 1695 1624 1741; x_wconf 90' lang='lat' dir='ltr'><strong>ut</strong></span> <span class='ocrx_word' id='word_1_308' title='bbox 1650 1684 1743 1741; x_wconf 86' lang='lat' dir='ltr'><strong>discas</strong></span> <span class='ocrx_word' id='word_1_309' title='bbox 1765 1687 1800 1741; x_wconf 90' lang='lat' dir='ltr'><strong>ad</strong></span> 
     </span>
     <span class='ocr_line' id='line_1_33' title="bbox 999 1773 1803 1855; baseline -0.01 -17"><span class='ocrx_word' id='word_1_310' title='bbox 999 1783 1107 1855; x_wconf 79' lang='lat' dir='ltr'><strong>singule</strong></span> <span class='ocrx_word' id='word_1_311' title='bbox 1133 1779 1205 1835; x_wconf 85' lang='lat' dir='ltr'><strong>dona</strong></span> <span class='ocrx_word' id='word_1_312' title='bbox 1231 1792 1310 1850; x_wconf 78' lang='lat' dir='ltr'><strong>agere</strong></span> <span class='ocrx_word' id='word_1_313' title='bbox 1344 1782 1453 1848; x_wconf 74' lang='lat' dir='ltr'><strong>gratias.</strong></span> <span class='ocrx_word' id='word_1_314' title='bbox 1482 1773 1606 1843; x_wconf 73' lang='lat' dir='ltr'><strong>attende,</strong></span> <span class='ocrx_word' id='word_1_315' title='bbox 1619 1773 1744 1844; x_wconf 89' lang='lat' dir='ltr'><strong>inquam,</strong></span> <span class='ocrx_word' id='word_1_316' title='bbox 1773 1780 1803 1830; x_wconf 90' lang='lat' dir='ltr'><strong>ul</strong></span> 
     </span>
     <span class='ocr_line' id='line_1_34' title="bbox 998 1861 1803 1937; baseline -0.012 -9"><span class='ocrx_word' id='word_1_317' title='bbox 998 1869 1072 1928; x_wconf 89' lang='lat' dir='ltr'><strong>nulla</strong></span> <span class='ocrx_word' id='word_1_318' title='bbox 1085 1867 1135 1926; x_wconf 87' lang='lat' dir='ltr'><strong>Dei</strong></span> <span class='ocrx_word' id='word_1_319' title='bbox 1150 1883 1263 1923; x_wconf 89' lang='lat' dir='ltr'><strong>munera</strong></span> <span class='ocrx_word' id='word_1_320' title='bbox 1276 1864 1365 1923; x_wconf 87' lang='lat' dir='ltr'><strong>debita</strong></span> <span class='ocrx_word' id='word_1_321' title='bbox 1377 1862 1527 1937; x_wconf 73' lang='lat' dir='ltr'><strong>gratiarum</strong></span> <span class='ocrx_word' id='word_1_322' title='bbox 1546 1862 1655 1919; x_wconf 87' lang='lat' dir='ltr'><strong>actione</strong></span> <span class='ocrx_word' id='word_1_323' title='bbox 1670 1861 1803 1919; x_wconf 75' lang='lat' dir='ltr'><strong>frustren-</strong></span> 
     </span>
     <span class='ocr_line' id='line_1_35' title="bbox 997 1949 1803 2030; baseline -0.011 -15"><span class='ocrx_word' id='word_1_324' title='bbox 997 1965 1063 2029; x_wconf 87' lang='lat' dir='ltr'><strong>tur;</strong></span> <span class='ocrx_word' id='word_1_325' title='bbox 1084 1973 1137 2014; x_wconf 90' lang='lat' dir='ltr'><strong>non</strong></span> <span class='ocrx_word' id='word_1_326' title='bbox 1152 1955 1277 2030; x_wconf 78' lang='lat' dir='ltr'><strong>grandia,</strong></span> <span class='ocrx_word' id='word_1_327' title='bbox 1291 1969 1347 2010; x_wconf 91' lang='lat' dir='ltr'><strong>uon</strong></span> <span class='ocrx_word' id='word_1_328' title='bbox 1364 1952 1523 2017; x_wconf 87' lang='lat' dir='ltr'><strong>mediocria,</strong></span> <span class='ocrx_word' id='word_1_329' title='bbox 1543 1966 1596 2005; x_wconf 90' lang='lat' dir='ltr'><strong>nun</strong></span> <span class='ocrx_word' id='word_1_330' title='bbox 1613 1949 1731 2008; x_wconf 87' lang='lat' dir='ltr'><strong>modice.</strong></span> <span class='ocrx_word' id='word_1_331' title='bbox 1749 1952 1803 2006; x_wconf 87' lang='lat' dir='ltr'><strong>De·</strong></span> 
     </span>
    </p>
   </div>
   <div class='ocr_carea' id='block_1_8' title="bbox 978 2039 1803 2121">
    <p class='ocr_par' dir='ltr' id='par_1_9' title="bbox 978 2039 1803 2121">
     <span class='ocr_line' id='line_1_36' title="bbox 978 2039 1803 2121; baseline -0.011 -18"><span class='ocrx_word' id='word_1_332' title='bbox 978 2048 1079 2121; x_wconf 89' lang='lat' dir='ltr'><strong>-nique</strong></span> <span class='ocrx_word' id='word_1_333' title='bbox 1106 2045 1235 2118; x_wconf 88' lang='lat' dir='ltr'><strong>jubemur</strong></span> <span class='ocrx_word' id='word_1_334' title='bbox 1264 2042 1392 2114; x_wconf 75' lang='lat' dir='ltr'><strong>¹colligere</strong></span> <span class='ocrx_word' id='word_1_335' title='bbox 1420 2039 1572 2113; x_wconf 77' lang='lat' dir='ltr'><strong>fragmenta</strong></span> <span class='ocrx_word' id='word_1_336' title='bbox 1599 2054 1636 2094; x_wconf 92' lang='lat' dir='ltr'><strong>ne</strong></span> <span class='ocrx_word' id='word_1_337' title='bbox 1651 2039 1803 2111; x_wconf 88' lang='lat' dir='ltr'><strong>pereant,id</strong></span> 
     </span>
    </p>
   </div>
   <div class='ocr_carea' id='block_1_9' title="bbox 999 2127 1807 2914">
    <p class='ocr_par' dir='ltr' id='par_1_10' title="bbox 999 2127 1807 2914">
     <span class='ocr_line' id='line_1_37' title="bbox 999 2127 1806 2200; baseline -0.011 -7"><span class='ocrx_word' id='word_1_338' title='bbox 999 2144 1107 2193; x_wconf 90' lang='lat' dir='ltr'><strong>estnec</strong></span> <span class='ocrx_word' id='word_1_339' title='bbox 1135 2133 1247 2189; x_wconf 89' lang='lat' dir='ltr'><strong>minima</strong></span> <span class='ocrx_word' id='word_1_340' title='bbox 1267 2129 1398 2187; x_wconf 77' lang='lat' dir='ltr'><strong>beneficia</strong></span> <span class='ocrx_word' id='word_1_341' title='bbox 1418 2127 1554 2185; x_wconf 87' lang='lat' dir='ltr'><strong>oblivisci.</strong></span> <span class='ocrx_word' id='word_1_342' title='bbox 1577 2127 1724 2200; x_wconf 87' lang='lat' dir='ltr'><strong>Nunquam</strong></span> <span class='ocrx_word' id='word_1_343' title='bbox 1751 2143 1806 2184; x_wconf 91' lang='lat' dir='ltr'><strong>non</strong></span> 
     </span>
     <span class='ocr_line' id='line_1_38' title="bbox 1000 2215 1806 2297; baseline -0.01 -17"><span class='ocrx_word' id='word_1_344' title='bbox 1000 2224 1071 2297; x_wconf 88' lang='lat' dir='ltr'><strong>perit</strong></span> <span class='ocrx_word' id='word_1_345' title='bbox 1080 2222 1158 2295; x_wconf 82' lang='lat' dir='ltr'><strong>&#39;quod</strong></span> <span class='ocrx_word' id='word_1_346' title='bbox 1173 2223 1252 2277; x_wconf 91' lang='lat' dir='ltr'><strong>datur</strong></span> <span class='ocrx_word' id='word_1_347' title='bbox 1265 2217 1353 2278; x_wconf 73' lang='grc'><strong>648</strong></span> <span class='ocrx_word' id='word_1_348' title='bbox 1382 2219 1499 2292; x_wconf 79' lang='lat' dir='ltr'><strong>ingrato.</strong></span> <span class='ocrx_word' id='word_1_349' title='bbox 1514 2215 1648 2272; x_wconf 85' lang='lat' dir='ltr'><strong>Terribile</strong></span> <span class='ocrx_word' id='word_1_350' title='bbox 1676 2215 1806 2289; x_wconf 87' lang='lat' dir='ltr'><strong>estquod</strong></span> 
     </span>
     <span class='ocr_line' id='line_1_39' title="bbox 1000 2303 1807 2385; baseline -0.011 -16"><span class='ocrx_word' id='word_1_351' title='bbox 1000 2314 1132 2385; x_wconf 89' lang='lat' dir='ltr'><strong>sequitur,</strong></span> <span class='ocrx_word' id='word_1_352' title='bbox 1147 2310 1211 2383; x_wconf 90' lang='lat' dir='ltr'><strong>quia</strong></span> <span class='ocrx_word' id='word_1_353' title='bbox 1223 2323 1381 2376; x_wconf 91' lang='lat' dir='ltr'><strong>onerosum,</strong></span> <span class='ocrx_word' id='word_1_354' title='bbox 1401 2314 1428 2362; x_wconf 94' lang='lat' dir='ltr'><strong>et</strong></span> <span class='ocrx_word' id='word_1_355' title='bbox 1442 2305 1520 2378; x_wconf 89' lang='lat' dir='ltr'><strong>quasi</strong></span> <span class='ocrx_word' id='word_1_356' title='bbox 1544 2303 1717 2375; x_wconf 88' lang='lat' dir='ltr'><strong>impossibile</strong></span> <span class='ocrx_word' id='word_1_357' title='bbox 1739 2305 1807 2362; x_wconf 81' lang='lat' dir='ltr'><strong>ride·</strong></span> 
     </span>
     <span class='ocr_line' id='line_1_40' title="bbox 1003 2392 1806 2472; baseline -0.009 -14"><span class='ocrx_word' id='word_1_358' title='bbox 1003 2411 1055 2458; x_wconf 88' lang='lat' dir='ltr'><strong>tur.</strong></span> <span class='ocrx_word' id='word_1_359' title='bbox 1074 2401 1128 2456; x_wconf 92' lang='lat' dir='ltr'><strong>Scd</strong></span> <span class='ocrx_word' id='word_1_360' title='bbox 1143 2398 1244 2472; x_wconf 91' lang='lat' dir='ltr'><strong>quibus</strong></span> <span class='ocrx_word' id='word_1_361' title='bbox 1257 2397 1271 2456; x_wconf 79' lang='lat' dir='ltr'><strong>i</strong></span> <span class='ocrx_word' id='word_1_362' title='bbox 1284 2395 1420 2462; x_wconf 88' lang='lat' dir='ltr'><strong>llollibus,</strong></span> <span class='ocrx_word' id='word_1_363' title='bbox 1447 2392 1621 2459; x_wconf 82' lang='lat' dir='ltr'><strong>effeminatis,</strong></span> <span class='ocrx_word' id='word_1_364' title='bbox 1636 2392 1757 2468; x_wconf 81' lang='lat' dir='ltr'><strong>ignavis,</strong></span> <span class='ocrx_word' id='word_1_365' title='bbox 1780 2393 1806 2451; x_wconf 88' lang='lat' dir='ltr'><strong>ia</strong></span> 
     </span>
     <span class='ocr_line' id='line_1_41' title="bbox 1003 2481 1805 2562; baseline -0.011 -16"><span class='ocrx_word' id='word_1_366' title='bbox 1003 2489 1102 2562; x_wconf 91' lang='lat' dir='ltr'><strong>quibus</strong></span> <span class='ocrx_word' id='word_1_367' title='bbox 1126 2488 1250 2544; x_wconf 88' lang='lat' dir='ltr'><strong>libertate</strong></span> <span class='ocrx_word' id='word_1_368' title='bbox 1273 2485 1433 2557; x_wconf 89' lang='lat' dir='ltr'><strong>perniciosa,</strong></span> <span class='ocrx_word' id='word_1_369' title='bbox 1468 2482 1556 2554; x_wconf 89' lang='lat' dir='ltr'><strong>ruptis</strong></span> <span class='ocrx_word' id='word_1_370' title='bbox 1583 2481 1701 2537; x_wconf 87' lang='lat' dir='ltr'><strong>habenis</strong></span> <span class='ocrx_word' id='word_1_371' title='bbox 1723 2482 1805 2539; x_wconf 83' lang='lat' dir='ltr'><strong>cond·</strong></span> 
     </span>
     <span class='ocr_line' id='line_1_42' title="bbox 1003 2570 1806 2648; baseline -0.01 -13"><span class='ocrx_word' id='word_1_372' title='bbox 1003 2579 1111 2644; x_wconf 88' lang='lat' dir='ltr'><strong>nentiae,</strong></span> <span class='ocrx_word' id='word_1_373' title='bbox 1120 2583 1247 2648; x_wconf 86' lang='lat' dir='ltr'><strong>euntque</strong></span> <span class='ocrx_word' id='word_1_374' title='bbox 1256 2574 1353 2631; x_wconf 81' lang='lat' dir='ltr'><strong>uolunt</strong></span> <span class='ocrx_word' id='word_1_375' title='bbox 1365 2572 1459 2637; x_wconf 85' lang='lat' dir='ltr'><strong>ebriae,</strong></span> <span class='ocrx_word' id='word_1_376' title='bbox 1470 2570 1806 2642; x_wconf 59' lang='lat' dir='ltr'><strong>antepenultimam·</strong></span> 
     </span>
     <span class='ocr_line' id='line_1_43' title="bbox 1003 2659 1804 2739; baseline -0.009 -16"><span class='ocrx_word' id='word_1_377' title='bbox 1003 2666 1132 2739; x_wconf 89' lang='lat' dir='ltr'><strong>lentiqua,</strong></span> <span class='ocrx_word' id='word_1_378' title='bbox 1148 2663 1273 2734; x_wconf 87' lang='lat' dir='ltr'><strong>aflectus,</strong></span> <span class='ocrx_word' id='word_1_379' title='bbox 1288 2665 1353 2719; x_wconf 90' lang='lat' dir='ltr'><strong>dum</strong></span> <span class='ocrx_word' id='word_1_380' title='bbox 1367 2668 1428 2733; x_wconf 92' lang='lat' dir='ltr'><strong>post</strong></span> <span class='ocrx_word' id='word_1_381' title='bbox 1452 2674 1560 2716; x_wconf 87' lang='lat' dir='ltr'><strong>carnem</strong></span> <span class='ocrx_word' id='word_1_382' title='bbox 1582 2659 1726 2715; x_wconf 88' lang='lat' dir='ltr'><strong>carnalius</strong></span> <span class='ocrx_word' id='word_1_383' title='bbox 1746 2675 1804 2717; x_wconf 81' lang='lat' dir='ltr'><strong>eta·</strong></span> 
     </span>
     <span class='ocr_line' id='line_1_44' title="bbox 1004 2746 1805 2829; baseline -0.011 -19"><span class='ocrx_word' id='word_1_384' title='bbox 1004 2754 1192 2829; x_wconf 62' lang='lat' dir='ltr'><strong>gemundum</strong></span> <span class='ocrx_word' id='word_1_385' title='bbox 1220 2752 1352 2807; x_wconf 90' lang='lat' dir='ltr'><strong>mundum</strong></span> <span class='ocrx_word' id='word_1_386' title='bbox 1384 2765 1466 2821; x_wconf 90' lang='lat' dir='ltr'><strong>supra</strong></span> <span class='ocrx_word' id='word_1_387' title='bbox 1493 2746 1607 2803; x_wconf 88' lang='lat' dir='ltr'><strong>modum</strong></span> <span class='ocrx_word' id='word_1_388' title='bbox 1628 2747 1753 2803; x_wconf 86' lang='lat' dir='ltr'><strong>ambiunt</strong></span> <span class='ocrx_word' id='word_1_389' title='bbox 1781 2754 1805 2802; x_wconf 90' lang='lat' dir='ltr'><strong>et</strong></span> 
     </span>
     <span class='ocr_line' id='line_1_45' title="bbox 1005 2834 1806 2914; baseline -0.009 -15"><span class='ocrx_word' id='word_1_390' title='bbox 1005 2851 1164 2914; x_wconf 78' lang='lat' dir='ltr'><strong>sequuntur.</strong></span> <span class='ocrx_word' id='word_1_391' title='bbox 1173 2841 1224 2897; x_wconf 87' lang='lat' dir='ltr'><strong>Sed</strong></span> <span class='ocrx_word' id='word_1_392' title='bbox 1234 2840 1298 2911; x_wconf 91' lang='lat' dir='ltr'><strong>quid</strong></span> <span class='ocrx_word' id='word_1_393' title='bbox 1314 2849 1354 2896; x_wconf 89' lang='lat' dir='ltr'><strong>est</strong></span> <span class='ocrx_word' id='word_1_394' title='bbox 1365 2837 1432 2894; x_wconf 91' lang='lat' dir='ltr'><strong>illud</strong></span> <span class='ocrx_word' id='word_1_395' title='bbox 1444 2835 1518 2909; x_wconf 92' lang='lat' dir='ltr'><strong>quod</strong></span> <span class='ocrx_word' id='word_1_396' title='bbox 1530 2835 1652 2892; x_wconf 86' lang='lat' dir='ltr'><strong>terribile</strong></span> <span class='ocrx_word' id='word_1_397' title='bbox 1659 2834 1806 2908; x_wconf 82' lang='lat' dir='ltr'><strong>judicanti</strong></span> 
     </span>
    </p>
   </div>
   <div class='ocr_carea' id='block_1_10' title="bbox 148 2924 1813 4513">
    <p class='ocr_par' dir='ltr' id='par_1_11' title="bbox 148 2924 1813 4513">
     <span class='ocr_line' id='line_1_46' title="bbox 148 2924 1807 3001; baseline -0.01 -17"><span class='ocrx_word' id='word_1_398' title='bbox 148 2927 213 2985; x_wconf 84' lang='lat' dir='ltr'><strong>licet</strong></span> <span class='ocrx_word' id='word_1_399' title='bbox 228 2927 361 2998; x_wconf 87' lang='lat' dir='ltr'><strong>superbiae</strong></span> <span class='ocrx_word' id='word_1_400' title='bbox 374 2925 483 2983; x_wconf 85' lang='lat' dir='ltr'><strong>latentis</strong></span> <span class='ocrx_word' id='word_1_401' title='bbox 509 2925 721 2983; x_wconf 86' lang='lat' dir='ltr'><strong>contritionem:</strong></span> <span class='ocrx_word' id='word_1_402' title='bbox 740 2933 771 2980; x_wconf 92' lang='lat' dir='ltr'><strong>ut</strong></span> <span class='ocrx_word' id='word_1_403' title='bbox 793 2924 838 2998; x_wconf 83' lang='lat' dir='ltr'><strong>qai</strong></span> <span class='ocrx_word' id='word_1_404' title='bbox 858 2942 948 2982; x_wconf 89' lang='lat' dir='ltr'><strong>meru-</strong></span> <span class='ocrx_word' id='word_1_405' title='bbox 1006 2932 1061 2989; x_wconf 68' lang='lat'><strong>}{00</strong></span> <span class='ocrx_word' id='word_1_406' title='bbox 1071 2938 1122 2999; x_wconf 69' lang='lat' dir='ltr'><strong>aaa,</strong></span> <span class='ocrx_word' id='word_1_407' title='bbox 1141 2929 1282 3001; x_wconf 70' lang='lat' dir='ltr'><strong>Quoniam</strong></span> <span class='ocrx_word' id='word_1_408' title='bbox 1297 2928 1369 2984; x_wconf 65' lang='lat' dir='ltr'><strong>aazia</strong></span> <span class='ocrx_word' id='word_1_409' title='bbox 1381 2928 1491 2999; x_wconf 64' lang='lat' dir='ltr'><strong>oportet</strong></span> <span class='ocrx_word' id='word_1_410' title='bbox 1507 2928 1535 2981; x_wconf 66' lang='lat' dir='ltr'><strong>te</strong></span> <span class='ocrx_word' id='word_1_411' title='bbox 1546 2939 1724 2999; x_wconf 54' lang='lat' dir='ltr'><strong>praeparas„</strong></span> <span class='ocrx_word' id='word_1_412' title='bbox 1739 2924 1807 2980; x_wconf 65' lang='lat' dir='ltr'><strong>Nou</strong></span> 
     </span>
     <span class='ocr_line' id='line_1_47' title="bbox 150 3013 1806 3094; baseline -0.003 -22"><span class='ocrx_word' id='word_1_413' title='bbox 150 3017 231 3073; x_wconf 89' lang='lat' dir='ltr'><strong>brum</strong></span> <span class='ocrx_word' id='word_1_414' title='bbox 246 3016 296 3072; x_wconf 90' lang='lat' dir='ltr'><strong>Dei</strong></span> <span class='ocrx_word' id='word_1_415' title='bbox 315 3024 365 3084; x_wconf 82' lang='lat' dir='ltr'><strong>est,</strong></span> <span class='ocrx_word' id='word_1_416' title='bbox 382 3030 488 3087; x_wconf 90' lang='lat' dir='ltr'><strong>pauper</strong></span> <span class='ocrx_word' id='word_1_417' title='bbox 503 3016 538 3071; x_wconf 91' lang='lat' dir='ltr'><strong>sit</strong></span> <span class='ocrx_word' id='word_1_418' title='bbox 553 3014 661 3086; x_wconf 91' lang='lat' dir='ltr'><strong>spiritu,</strong></span> <span class='ocrx_word' id='word_1_419' title='bbox 683 3014 712 3069; x_wconf 94' lang='lat' dir='ltr'><strong>id</strong></span> <span class='ocrx_word' id='word_1_420' title='bbox 728 3022 770 3070; x_wconf 88' lang='lat' dir='ltr'><strong>est</strong></span> <span class='ocrx_word' id='word_1_421' title='bbox 784 3014 899 3071; x_wconf 87' lang='lat' dir='ltr'><strong>humilia</strong></span> <span class='ocrx_word' id='word_1_422' title='bbox 925 3025 952 3072; x_wconf 92' lang='lat' dir='ltr'><strong>et</strong></span> <span class='ocrx_word' id='word_1_423' title='bbox 1007 3020 1151 3094; x_wconf 81' lang='lat' dir='ltr'><strong>qnoniam,</strong></span> <span class='ocrx_word' id='word_1_424' title='bbox 1175 3017 1377 3091; x_wconf 82' lang='lat' dir='ltr'><strong>compatiendo,</strong></span> <span class='ocrx_word' id='word_1_425' title='bbox 1405 3013 1606 3071; x_wconf 86' lang='lat' dir='ltr'><strong>commoriendo</strong></span> <span class='ocrx_word' id='word_1_426' title='bbox 1629 3018 1655 3068; x_wconf 92' lang='lat' dir='ltr'><strong>et</strong></span> <span class='ocrx_word' id='word_1_427' title='bbox 1669 3027 1806 3084; x_wconf 82' lang='lat' dir='ltr'><strong>consepe-</strong></span> 
     </span>
     <span class='ocr_line' id='line_1_48' title="bbox 151 3089 1808 3178; baseline -0.012 -2"><span class='ocrx_word' id='word_1_428' title='bbox 151 3102 259 3176; x_wconf 67' lang='lat' dir='ltr'><strong>¹⁸bielli</strong></span> <span class='ocrx_word' id='word_1_429' title='bbox 278 3105 311 3159; x_wconf 76' lang='lat'><strong>(¹0</strong></span> <span class='ocrx_word' id='word_1_430' title='bbox 326 3118 355 3159; x_wconf 69' lang='lat'><strong>⁸⁰</strong></span> <span class='ocrx_word' id='word_1_431' title='bbox 367 3103 427 3172; x_wconf 74' lang='lat' dir='ltr'><strong>ill⁸⁰</strong></span> <span class='ocrx_word' id='word_1_432' title='bbox 441 3101 537 3158; x_wconf 89' lang='lat' dir='ltr'><strong>sentiat</strong></span> <span class='ocrx_word' id='word_1_433' title='bbox 555 3109 583 3157; x_wconf 72' lang='grc' dir='ltr'><strong>θῑ</strong></span> <span class='ocrx_word' id='word_1_434' title='bbox 595 3102 717 3173; x_wconf 83' lang='lat' dir='ltr'><strong>judieat;</strong></span> <span class='ocrx_word' id='word_1_435' title='bbox 735 3117 790 3159; x_wconf 77' lang='lat' dir='ltr'><strong>11⁰ss</strong></span> <span class='ocrx_word' id='word_1_436' title='bbox 811 3103 956 3174; x_wconf 86' lang='lat' dir='ltr'><strong>applaudat</strong></span> <span class='ocrx_word' id='word_1_437' title='bbox 973 3089 1102 3168; x_wconf 71' lang='lat' dir='ltr'><strong>Bibenda</strong></span> <span class='ocrx_word' id='word_1_438' title='bbox 1114 3116 1140 3164; x_wconf 90' lang='lat' dir='ltr'><strong>te</strong></span> <span class='ocrx_word' id='word_1_439' title='bbox 1155 3107 1253 3178; x_wconf 89' lang='lat' dir='ltr'><strong>ipsum,</strong></span> <span class='ocrx_word' id='word_1_440' title='bbox 1271 3114 1297 3161; x_wconf 90' lang='lat' dir='ltr'><strong>et</strong></span> <span class='ocrx_word' id='word_1_441' title='bbox 1310 3110 1419 3161; x_wconf 84' lang='lat' dir='ltr'><strong>caetera.</strong></span> <span class='ocrx_word' id='word_1_442' title='bbox 1436 3101 1554 3173; x_wconf 74' lang='lat' dir='ltr'><strong>Dignum</strong></span> <span class='ocrx_word' id='word_1_443' title='bbox 1570 3111 1612 3159; x_wconf 89' lang='lat' dir='ltr'><strong>est</strong></span> <span class='ocrx_word' id='word_1_444' title='bbox 1632 3099 1705 3157; x_wconf 86' lang='lat' dir='ltr'><strong>euim</strong></span> <span class='ocrx_word' id='word_1_445' title='bbox 1720 3109 1750 3158; x_wconf 92' lang='lat' dir='ltr'><strong>et</strong></span> <span class='ocrx_word' id='word_1_446' title='bbox 1762 3099 1808 3156; x_wconf 92' lang='lat' dir='ltr'><strong>tibi</strong></span> 
     </span>
     <span class='ocr_line' id='line_1_49' title="bbox 152 3188 1807 3267; baseline -0.006 -14"><span class='ocrx_word' id='word_1_447' title='bbox 152 3195 215 3263; x_wconf 86' lang='lat' dir='ltr'><strong>sibi,</strong></span> <span class='ocrx_word' id='word_1_448' title='bbox 231 3209 285 3250; x_wconf 91' lang='lat' dir='ltr'><strong>non</strong></span> <span class='ocrx_word' id='word_1_449' title='bbox 303 3190 412 3248; x_wconf 86' lang='lat' dir='ltr'><strong>infletur</strong></span> <span class='ocrx_word' id='word_1_450' title='bbox 430 3192 463 3248; x_wconf 92' lang='lat' dir='ltr'><strong>de</strong></span> <span class='ocrx_word' id='word_1_451' title='bbox 483 3193 636 3248; x_wconf 87' lang='lat' dir='ltr'><strong>meritorum</strong></span> <span class='ocrx_word' id='word_1_452' title='bbox 651 3190 809 3257; x_wconf 88' lang='lat' dir='ltr'><strong>eminentia,</strong></span> <span class='ocrx_word' id='word_1_453' title='bbox 824 3204 876 3247; x_wconf 86' lang='lat' dir='ltr'><strong>nec</strong></span> <span class='ocrx_word' id='word_1_454' title='bbox 897 3188 958 3246; x_wconf 89' lang='lat' dir='ltr'><strong>aliis</strong></span> <span class='ocrx_word' id='word_1_455' title='bbox 1010 3199 1123 3254; x_wconf 75' lang='lat' dir='ltr'><strong>multum</strong></span> <span class='ocrx_word' id='word_1_456' title='bbox 1135 3195 1242 3267; x_wconf 77' lang='lat' dir='ltr'><strong>expedit</strong></span> <span class='ocrx_word' id='word_1_457' title='bbox 1253 3191 1380 3265; x_wconf 87' lang='lat' dir='ltr'><strong>compati,</strong></span> <span class='ocrx_word' id='word_1_458' title='bbox 1391 3191 1531 3259; x_wconf 89' lang='lat' dir='ltr'><strong>commori,</strong></span> <span class='ocrx_word' id='word_1_459' title='bbox 1542 3189 1708 3261; x_wconf 85' lang='lat' dir='ltr'><strong>consepeliri</strong></span> <span class='ocrx_word' id='word_1_460' title='bbox 1715 3203 1807 3261; x_wconf 78' lang='lat' dir='ltr'><strong>passo,</strong></span> 
     </span>
     <span class='ocr_line' id='line_1_50' title="bbox 151 3276 1806 3356; baseline -0.012 -17"><span class='ocrx_word' id='word_1_461' title='bbox 151 3284 274 3342; x_wconf 54' lang='lat' dir='ltr'><strong>insultet.</strong></span> <span class='ocrx_word' id='word_1_462' title='bbox 289 3282 367 3353; x_wconf 81' lang='lat' dir='ltr'><strong>Quod</strong></span> <span class='ocrx_word' id='word_1_463' title='bbox 380 3281 503 3338; x_wconf 83' lang='lat' dir='ltr'><strong>Christus</strong></span> <span class='ocrx_word' id='word_1_464' title='bbox 521 3281 607 3337; x_wconf 72' lang='lat' dir='ltr'><strong>lenuit</strong></span> <span class='ocrx_word' id='word_1_465' title='bbox 621 3287 648 3337; x_wconf 73' lang='lat' dir='ltr'><strong>ei</strong></span> <span class='ocrx_word' id='word_1_466' title='bbox 662 3280 779 3338; x_wconf 67' lang='lat' dir='ltr'><strong>servatii</strong></span> <span class='ocrx_word' id='word_1_467' title='bbox 799 3296 855 3352; x_wconf 75' lang='lat' dir='ltr'><strong>prae</strong></span> <span class='ocrx_word' id='word_1_468' title='bbox 869 3279 956 3335; x_wconf 74' lang='lat' dir='ltr'><strong>omiti·</strong></span> <span class='ocrx_word' id='word_1_469' title='bbox 1010 3293 1124 3354; x_wconf 67' lang='lat' dir='ltr'><strong>mortuo,</strong></span> <span class='ocrx_word' id='word_1_470' title='bbox 1135 3284 1285 3356; x_wconf 75' lang='lat' dir='ltr'><strong>etsepulto,</strong></span> <span class='ocrx_word' id='word_1_471' title='bbox 1295 3282 1337 3338; x_wconf 69' lang='lat' dir='ltr'><strong>Ad</strong></span> <span class='ocrx_word' id='word_1_472' title='bbox 1347 3282 1399 3337; x_wconf 75' lang='lat' dir='ltr'><strong>hoo</strong></span> <span class='ocrx_word' id='word_1_473' title='bbox 1407 3281 1480 3336; x_wconf 80' lang='lat' dir='ltr'><strong>enim</strong></span> <span class='ocrx_word' id='word_1_474' title='bbox 1492 3278 1633 3335; x_wconf 65' lang='lat' dir='ltr'><strong>factasunt</strong></span> <span class='ocrx_word' id='word_1_475' title='bbox 1641 3276 1806 3350; x_wconf 66' lang='lat' dir='ltr'><strong>hujusmodi¹</strong></span> 
     </span>
     <span class='ocr_line' id='line_1_51' title="bbox 152 3367 1807 3443; baseline -0.015 5"><span class='ocrx_word' id='word_1_476' title='bbox 152 3375 204 3432; x_wconf 68' lang='lat' dir='ltr'><strong>bul</strong></span> <span class='ocrx_word' id='word_1_477' title='bbox 220 3391 227 3429; x_wconf 79' lang='lat'>²</span> <span class='ocrx_word' id='word_1_478' title='bbox 242 3372 314 3429; x_wconf 62' lang='grc' dir='ltr'><strong>ΗΜΘ</strong></span> <span class='ocrx_word' id='word_1_479' title='bbox 327 3381 354 3429; x_wconf 71' lang='lat'><strong>⁰¹</strong></span> <span class='ocrx_word' id='word_1_480' title='bbox 364 3372 397 3426; x_wconf 58' lang='grc' dir='ltr'><strong><em>Μ</em></strong></span> <span class='ocrx_word' id='word_1_481' title='bbox 409 3370 557 3442; x_wconf 65' lang='lat' dir='ltr'><strong>discillssffl</strong></span> <span class='ocrx_word' id='word_1_482' title='bbox 570 3371 676 3427; x_wconf 63' lang='lat' dir='ltr'><strong>difflbll</strong></span> <span class='ocrx_word' id='word_1_483' title='bbox 694 3389 701 3427; x_wconf 65' lang='grc' dir='ltr'><strong>ἒ</strong></span> <span class='ocrx_word' id='word_1_484' title='bbox 733 3371 804 3428; x_wconf 64' lang='lat' dir='ltr'><strong>Cum</strong></span> <span class='ocrx_word' id='word_1_485' title='bbox 830 3370 957 3440; x_wconf 60' lang='lat' dir='ltr'><strong>feceriut</strong></span> <span class='ocrx_word' id='word_1_486' title='bbox 1010 3387 1040 3432; x_wconf 93' lang='lat' dir='ltr'><strong>ut</strong></span> <span class='ocrx_word' id='word_1_487' title='bbox 1054 3376 1096 3430; x_wconf 89' lang='lat' dir='ltr'><strong>bis</strong></span> <span class='ocrx_word' id='word_1_488' title='bbox 1109 3373 1233 3429; x_wconf 91' lang='lat' dir='ltr'><strong>omuibus</strong></span> <span class='ocrx_word' id='word_1_489' title='bbox 1246 3371 1430 3443; x_wconf 73' lang='lat' dir='ltr'><strong>configuretur</strong></span> <span class='ocrx_word' id='word_1_490' title='bbox 1444 3375 1471 3425; x_wconf 91' lang='lat' dir='ltr'><strong>et</strong></span> <span class='ocrx_word' id='word_1_491' title='bbox 1485 3368 1668 3424; x_wconf 89' lang='lat' dir='ltr'><strong>conlormetur</strong></span> <span class='ocrx_word' id='word_1_492' title='bbox 1678 3368 1734 3423; x_wconf 79' lang='lat' dir='ltr'><strong>sita</strong></span> <span class='ocrx_word' id='word_1_493' title='bbox 1742 3367 1807 3424; x_wconf 76' lang='lat' dir='ltr'><strong>chri</strong></span> 
     </span>
     <span class='ocr_line' id='line_1_52' title="bbox 155 3454 1809 3532; baseline -0.013 -1"><span class='ocrx_word' id='word_1_494' title='bbox 155 3465 213 3523; x_wconf 66' lang='lat' dir='ltr'><strong>Mc</strong></span> <span class='ocrx_word' id='word_1_495' title='bbox 227 3463 332 3528; x_wconf 63' lang='lat' dir='ltr'><strong>omnia,</strong></span> <span class='ocrx_word' id='word_1_496' title='bbox 354 3460 449 3528; x_wconf 63' lang='lat' dir='ltr'><strong>dicite,</strong></span> <span class='ocrx_word' id='word_1_497' title='bbox 469 3461 541 3531; x_wconf 69' lang='lat' dir='ltr'><strong>Quia</strong></span> <span class='ocrx_word' id='word_1_498' title='bbox 555 3459 757 3518; x_wconf 67' lang='lat' dir='ltr'><strong>terviintlliles</strong></span> <span class='ocrx_word' id='word_1_499' title='bbox 771 3475 869 3517; x_wconf 67' lang='lat' dir='ltr'><strong>tumus</strong></span> <span class='ocrx_word' id='word_1_500' title='bbox 883 3462 956 3529; x_wconf 68' lang='lat' dir='ltr'><strong>(Luc.</strong></span> <span class='ocrx_word' id='word_1_501' title='bbox 1011 3463 1107 3520; x_wconf 91' lang='lat' dir='ltr'><strong>stieni.</strong></span> <span class='ocrx_word' id='word_1_502' title='bbox 1122 3461 1173 3532; x_wconf 89' lang='lat' dir='ltr'><strong>Qui</strong></span> <span class='ocrx_word' id='word_1_503' title='bbox 1196 3460 1269 3518; x_wconf 88' lang='lat' dir='ltr'><strong>enirn</strong></span> <span class='ocrx_word' id='word_1_504' title='bbox 1300 3467 1429 3532; x_wconf 89' lang='lat' dir='ltr'><strong>tanquam</strong></span> <span class='ocrx_word' id='word_1_505' title='bbox 1449 3457 1604 3513; x_wconf 92' lang='lat' dir='ltr'><strong>membrum</strong></span> <span class='ocrx_word' id='word_1_506' title='bbox 1631 3455 1733 3512; x_wconf 86' lang='lat' dir='ltr'><strong>Christi</strong></span> <span class='ocrx_word' id='word_1_507' title='bbox 1745 3454 1809 3512; x_wconf 87' lang='lat' dir='ltr'><strong>dicit</strong></span> 
     </span>
     <span class='ocr_line' id='line_1_53' title="bbox 153 3543 1806 3623; baseline -0.015 0"><span class='ocrx_word' id='word_1_508' title='bbox 153 3549 621 3623; x_wconf 63' lang='grc' dir='ltr'><strong>Μ,10)·Τθΐῑῑοῐθῑῑιῑθῦΰθθῑῑ</strong></span> <span class='ocrx_word' id='word_1_509' title='bbox 645 3565 747 3621; x_wconf 62' lang='lat' dir='ltr'><strong>lauder</strong></span> <span class='ocrx_word' id='word_1_510' title='bbox 761 3549 869 3622; x_wconf 63' lang='lat' dir='ltr'><strong>Spiritu,</strong></span> <span class='ocrx_word' id='word_1_511' title='bbox 890 3546 957 3602; x_wconf 74' lang='lat' dir='ltr'><strong>nihil</strong></span> <span class='ocrx_word' id='word_1_512' title='bbox 1010 3569 1040 3608; x_wconf 91' lang='lat' dir='ltr'><strong>se</strong></span> <span class='ocrx_word' id='word_1_513' title='bbox 1054 3553 1082 3607; x_wconf 92' lang='lat' dir='ltr'><strong>in</strong></span> <span class='ocrx_word' id='word_1_514' title='bbox 1096 3553 1201 3609; x_wconf 82' lang='lat' dir='ltr'><strong>Christo</strong></span> <span class='ocrx_word' id='word_1_515' title='bbox 1228 3563 1349 3614; x_wconf 88' lang='lat' dir='ltr'><strong>manere,</strong></span> <span class='ocrx_word' id='word_1_516' title='bbox 1369 3546 1449 3602; x_wconf 89' lang='lat' dir='ltr'><strong>debet</strong></span> <span class='ocrx_word' id='word_1_517' title='bbox 1478 3545 1548 3601; x_wconf 78' lang='lat' dir='ltr'><strong>sicud</strong></span> <span class='ocrx_word' id='word_1_518' title='bbox 1575 3544 1622 3600; x_wconf 92' lang='lat' dir='ltr'><strong>ille</strong></span> <span class='ocrx_word' id='word_1_519' title='bbox 1650 3543 1806 3609; x_wconf 85' lang='lat' dir='ltr'><strong>ambularit,</strong></span> 
     </span>
     <span class='ocr_line' id='line_1_54' title="bbox 153 3631 1807 3717; baseline -0.01 -17"><span class='ocrx_word' id='word_1_520' title='bbox 153 3658 272 3717; x_wconf 86' lang='lat' dir='ltr'><strong>unquam</strong></span> <span class='ocrx_word' id='word_1_521' title='bbox 289 3656 323 3695; x_wconf 85' lang='lat' dir='ltr'><strong>ex</strong></span> <span class='ocrx_word' id='word_1_522' title='bbox 336 3642 447 3712; x_wconf 89' lang='lat' dir='ltr'><strong>propria</strong></span> <span class='ocrx_word' id='word_1_523' title='bbox 457 3639 558 3695; x_wconf 82' lang='lat' dir='ltr'><strong>iaciens</strong></span> <span class='ocrx_word' id='word_1_524' title='bbox 582 3640 729 3703; x_wconf 82' lang='lat' dir='ltr'><strong>voluntate,</strong></span> <span class='ocrx_word' id='word_1_525' title='bbox 751 3638 841 3693; x_wconf 90' lang='lat' dir='ltr'><strong>sedin</strong></span> <span class='ocrx_word' id='word_1_526' title='bbox 864 3637 956 3693; x_wconf 90' lang='lat' dir='ltr'><strong>omni·</strong></span> <span class='ocrx_word' id='word_1_527' title='bbox 1011 3651 1037 3697; x_wconf 80' lang='lat' dir='ltr'><strong>et</strong></span> <span class='ocrx_word' id='word_1_528' title='bbox 1051 3641 1109 3713; x_wconf 75' lang='lat' dir='ltr'><strong>ipse</strong></span> <span class='ocrx_word' id='word_1_529' title='bbox 1122 3637 1269 3698; x_wconf 78' lang='lat' dir='ltr'><strong>ambulare.</strong></span> <span class='ocrx_word' id='word_1_530' title='bbox 1297 3637 1366 3693; x_wconf 89' lang='lat' dir='ltr'><strong>Nam</strong></span> <span class='ocrx_word' id='word_1_531' title='bbox 1381 3641 1490 3707; x_wconf 90' lang='lat' dir='ltr'><strong>propter</strong></span> <span class='ocrx_word' id='word_1_532' title='bbox 1516 3648 1628 3690; x_wconf 89' lang='lat' dir='ltr'><strong>crucem</strong></span> <span class='ocrx_word' id='word_1_533' title='bbox 1644 3632 1700 3703; x_wconf 88' lang='lat' dir='ltr'><strong>piis</strong></span> <span class='ocrx_word' id='word_1_534' title='bbox 1713 3631 1807 3688; x_wconf 83' lang='lat' dir='ltr'><strong>dictam</strong></span> 
     </span>
     <span class='ocr_line' id='line_1_55' title="bbox 152 3722 1808 3800; baseline -0.008 -13"><span class='ocrx_word' id='word_1_535' title='bbox 152 3733 208 3787; x_wconf 90' lang='lat' dir='ltr'><strong>bus</strong></span> <span class='ocrx_word' id='word_1_536' title='bbox 223 3738 248 3785; x_wconf 91' lang='lat' dir='ltr'><strong>et</strong></span> <span class='ocrx_word' id='word_1_537' title='bbox 265 3744 314 3800; x_wconf 90' lang='lat' dir='ltr'><strong>per</strong></span> <span class='ocrx_word' id='word_1_538' title='bbox 327 3728 418 3783; x_wconf 90' lang='lat' dir='ltr'><strong>omnia</strong></span> <span class='ocrx_word' id='word_1_539' title='bbox 431 3730 499 3800; x_wconf 82' lang='lat' dir='ltr'><strong>jugo</strong></span> <span class='ocrx_word' id='word_1_540' title='bbox 515 3725 683 3797; x_wconf 85' lang='lat' dir='ltr'><strong>mancipatus</strong></span> <span class='ocrx_word' id='word_1_541' title='bbox 706 3726 878 3782; x_wconf 82' lang='lat' dir='ltr'><strong>obedientiae.</strong></span> <span class='ocrx_word' id='word_1_542' title='bbox 895 3726 957 3780; x_wconf 77' lang='lat' dir='ltr'><strong>llaec</strong></span> <span class='ocrx_word' id='word_1_543' title='bbox 1010 3739 1069 3786; x_wconf 69' lang='lat' dir='ltr'><strong>aaa:</strong></span> <span class='ocrx_word' id='word_1_544' title='bbox 1089 3731 1220 3799; x_wconf 78' lang='lat' dir='ltr'><strong>Qaiaant</strong></span> <span class='ocrx_word' id='word_1_545' title='bbox 1231 3726 1351 3796; x_wconf 77' lang='lat' dir='ltr'><strong>cariati,</strong></span> <span class='ocrx_word' id='word_1_546' title='bbox 1365 3740 1481 3780; x_wconf 85' lang='lat' dir='ltr'><strong>caraem</strong></span> <span class='ocrx_word' id='word_1_547' title='bbox 1499 3739 1581 3778; x_wconf 82' lang='lat' dir='ltr'><strong>suam</strong></span> <span class='ocrx_word' id='word_1_548' title='bbox 1600 3722 1808 3792; x_wconf 68' lang='lat' dir='ltr'><strong>crudfiamat</strong></span> 
     </span>
     <span class='ocr_line' id='line_1_56' title="bbox 155 3809 1810 3890; baseline -0.009 -13"><span class='ocrx_word' id='word_1_549' title='bbox 155 3827 220 3877; x_wconf 87' lang='lat' dir='ltr'><strong>sunt</strong></span> <span class='ocrx_word' id='word_1_550' title='bbox 242 3818 293 3875; x_wconf 91' lang='lat' dir='ltr'><strong>tria</strong></span> <span class='ocrx_word' id='word_1_551' title='bbox 318 3831 380 3890; x_wconf 87' lang='lat' dir='ltr'><strong>quae</strong></span> <span class='ocrx_word' id='word_1_552' title='bbox 404 3815 586 3889; x_wconf 76' lang='lat' dir='ltr'><strong>premisimus</strong></span> <span class='ocrx_word' id='word_1_553' title='bbox 618 3830 692 3870; x_wconf 84' lang='lat' dir='ltr'><strong>verae</strong></span> <span class='ocrx_word' id='word_1_554' title='bbox 720 3814 861 3884; x_wconf 80' lang='lat' dir='ltr'><strong>religionis</strong></span> <span class='ocrx_word' id='word_1_555' title='bbox 888 3813 957 3870; x_wconf 91' lang='lat' dir='ltr'><strong>insi·</strong></span> <span class='ocrx_word' id='word_1_556' title='bbox 1010 3834 1076 3875; x_wconf 87' lang='lat' dir='ltr'><strong>cum</strong></span> <span class='ocrx_word' id='word_1_557' title='bbox 1088 3818 1168 3874; x_wconf 85' lang='lat' dir='ltr'><strong>uitiis</strong></span> <span class='ocrx_word' id='word_1_558' title='bbox 1178 3813 1453 3887; x_wconf 82' lang='lat' dir='ltr'><strong>etcanaapisceatiis</strong></span> <span class='ocrx_word' id='word_1_559' title='bbox 1465 3810 1570 3882; x_wconf 80' lang='lat' dir='ltr'><strong>(Galat.</strong></span> <span class='ocrx_word' id='word_1_560' title='bbox 1586 3825 1616 3874; x_wconf 83' lang='lat' dir='ltr'><strong>v,</strong></span> <span class='ocrx_word' id='word_1_561' title='bbox 1630 3809 1690 3882; x_wconf 80' lang='lat' dir='ltr'><strong>tt).</strong></span> <span class='ocrx_word' id='word_1_562' title='bbox 1701 3809 1810 3880; x_wconf 84' lang='lat' dir='ltr'><strong>Propter</strong></span> 
     </span>
     <span class='ocr_line' id='line_1_57' title="bbox 151 3897 1810 3982; baseline -0.008 -14"><span class='ocrx_word' id='word_1_563' title='bbox 151 3907 230 3982; x_wconf 69' lang='lat' dir='ltr'><strong>qnia,</strong></span> <span class='ocrx_word' id='word_1_564' title='bbox 246 3922 308 3979; x_wconf 76' lang='lat' dir='ltr'><strong>qua</strong></span> <span class='ocrx_word' id='word_1_565' title='bbox 323 3906 459 3961; x_wconf 85' lang='lat' dir='ltr'><strong>bominem</strong></span> <span class='ocrx_word' id='word_1_566' title='bbox 473 3905 532 3960; x_wconf 86' lang='lat' dir='ltr'><strong>Deo</strong></span> <span class='ocrx_word' id='word_1_567' title='bbox 547 3911 574 3959; x_wconf 92' lang='lat' dir='ltr'><strong>et</strong></span> <span class='ocrx_word' id='word_1_568' title='bbox 599 3903 713 3973; x_wconf 77' lang='lat' dir='ltr'><strong>nagelta</strong></span> <span class='ocrx_word' id='word_1_569' title='bbox 744 3902 860 3959; x_wconf 84' lang='lat' dir='ltr'><strong>reddunt</strong></span> <span class='ocrx_word' id='word_1_570' title='bbox 887 3919 956 3958; x_wconf 88' lang='lat' dir='ltr'><strong>ean·</strong></span> <span class='ocrx_word' id='word_1_571' title='bbox 1011 3906 1175 3980; x_wconf 85' lang='lat' dir='ltr'><strong>sepulturam</strong></span> <span class='ocrx_word' id='word_1_572' title='bbox 1186 3905 1285 3961; x_wconf 89' lang='lat' dir='ltr'><strong>dictum</strong></span> <span class='ocrx_word' id='word_1_573' title='bbox 1301 3912 1363 3959; x_wconf 91' lang='lat' dir='ltr'><strong>cst:</strong></span> <span class='ocrx_word' id='word_1_574' title='bbox 1383 3901 1532 3974; x_wconf 78' lang='lat' dir='ltr'><strong>consapati</strong></span> <span class='ocrx_word' id='word_1_575' title='bbox 1544 3914 1723 3957; x_wconf 75' lang='lat' dir='ltr'><strong>camoenam</strong></span> <span class='ocrx_word' id='word_1_576' title='bbox 1738 3897 1810 3956; x_wconf 66' lang='lat' dir='ltr'><strong>dlii</strong></span> 
     </span>
     <span class='ocr_line' id='line_1_58' title="bbox 155 3990 1333 4068; baseline -0.002 -19"><span class='ocrx_word' id='word_1_577' title='bbox 155 3993 284 4062; x_wconf 76' lang='lat' dir='ltr'><strong>formem,</strong></span> <span class='ocrx_word' id='word_1_578' title='bbox 299 3992 416 4049; x_wconf 74' lang='lat' dir='ltr'><strong>coelmtis</strong></span> <span class='ocrx_word' id='word_1_579' title='bbox 433 3992 527 4066; x_wconf 78' lang='lat' dir='ltr'><strong>patria</strong></span> <span class='ocrx_word' id='word_1_580' title='bbox 541 3990 627 4051; x_wconf 82' lang='lat' dir='ltr'><strong>civem</strong></span> <span class='ocrx_word' id='word_1_581' title='bbox 647 3992 818 4048; x_wconf 91' lang='lat' dir='ltr'><strong>conscribunt</strong></span> <span class='ocrx_word' id='word_1_582' title='bbox 842 4001 869 4050; x_wconf 94' lang='lat' dir='ltr'><strong>et</strong></span> <span class='ocrx_word' id='word_1_583' title='bbox 898 3994 956 4049; x_wconf 79' lang='lat' dir='ltr'><strong>ba·</strong></span> <span class='ocrx_word' id='word_1_584' title='bbox 1011 4002 1053 4054; x_wconf 84' lang='lat' dir='ltr'><strong>sta</strong></span> <span class='ocrx_word' id='word_1_585' title='bbox 1068 3996 1160 4068; x_wconf 81' lang='lat' dir='ltr'><strong>(Ram.</strong></span> <span class='ocrx_word' id='word_1_586' title='bbox 1173 4009 1210 4065; x_wconf 86' lang='grc' dir='ltr'><strong>ιι,</strong></span> <span class='ocrx_word' id='word_1_587' title='bbox 1228 3993 1267 4064; x_wconf 78' lang='grc' dir='ltr'>ι),</span> <span class='ocrx_word' id='word_1_588' title='bbox 1282 4000 1333 4050; x_wconf 87' lang='grc' dir='ltr'>ιιι.</span> 
     </span>
     <span class='ocr_line' id='line_1_59' title="bbox 157 4072 1811 4149; baseline -0.015 7"><span class='ocrx_word' id='word_1_589' title='bbox 157 4085 259 4141; x_wconf 60' lang='lat' dir='ltr'><strong>Mem·</strong></span> <span class='ocrx_word' id='word_1_590' title='bbox 1046 4087 1073 4141; x_wconf 87' lang='grc'><strong>6.</strong></span> <span class='ocrx_word' id='word_1_591' title='bbox 1086 4086 1119 4141; x_wconf 86' lang='grc' dir='ltr'><strong>Ει</strong></span> <span class='ocrx_word' id='word_1_592' title='bbox 1133 4083 1195 4140; x_wconf 89' lang='lat' dir='ltr'><strong>ideo</strong></span> <span class='ocrx_word' id='word_1_593' title='bbox 1209 4090 1239 4138; x_wconf 93' lang='lat' dir='ltr'><strong>ut</strong></span> <span class='ocrx_word' id='word_1_594' title='bbox 1261 4079 1379 4137; x_wconf 83' lang='lat' dir='ltr'><strong>validius</strong></span> <span class='ocrx_word' id='word_1_595' title='bbox 1402 4091 1627 4149; x_wconf 71' lang='lat' dir='ltr'><strong>compungamur,</strong></span> <span class='ocrx_word' id='word_1_596' title='bbox 1645 4083 1677 4132; x_wconf 93' lang='lat' dir='ltr'><strong>ut</strong></span> <span class='ocrx_word' id='word_1_597' title='bbox 1698 4072 1811 4146; x_wconf 83' lang='lat' dir='ltr'><strong>amplius</strong></span> 
     </span>
     <span class='ocr_line' id='line_1_60' title="bbox 194 4164 1811 4243; baseline -0.007 -13"><span class='ocrx_word' id='word_1_598' title='bbox 194 4177 220 4230; x_wconf 82' lang='lat' dir='ltr'><strong>t.</strong></span> <span class='ocrx_word' id='word_1_599' title='bbox 235 4173 352 4230; x_wconf 85' lang='lat' dir='ltr'><strong>Tertium</strong></span> <span class='ocrx_word' id='word_1_600' title='bbox 368 4170 497 4230; x_wconf 80' lang='lat' dir='ltr'><strong>ferculum</strong></span> <span class='ocrx_word' id='word_1_601' title='bbox 520 4177 562 4228; x_wconf 93' lang='lat' dir='ltr'><strong>est</strong></span> <span class='ocrx_word' id='word_1_602' title='bbox 576 4186 649 4228; x_wconf 89' lang='lat' dir='ltr'><strong>rnors</strong></span> <span class='ocrx_word' id='word_1_603' title='bbox 672 4171 771 4229; x_wconf 87' lang='lat' dir='ltr'><strong>Christi</strong></span> <span class='ocrx_word' id='word_1_604' title='bbox 796 4170 953 4239; x_wconf 86' lang='lat' dir='ltr'><strong>reverenda,</strong></span> <span class='ocrx_word' id='word_1_605' title='bbox 1010 4188 1176 4243; x_wconf 85' lang='lat' dir='ltr'><strong>moveamur,</strong></span> <span class='ocrx_word' id='word_1_606' title='bbox 1205 4177 1231 4227; x_wconf 89' lang='lat' dir='ltr'><strong>et</strong></span> <span class='ocrx_word' id='word_1_607' title='bbox 1257 4184 1397 4225; x_wconf 89' lang='lat' dir='ltr'><strong>curramus</strong></span> <span class='ocrx_word' id='word_1_608' title='bbox 1433 4182 1480 4238; x_wconf 88' lang='lat' dir='ltr'><strong>per</strong></span> <span class='ocrx_word' id='word_1_609' title='bbox 1507 4164 1615 4234; x_wconf 89' lang='lat' dir='ltr'><strong>omnia;</strong></span> <span class='ocrx_word' id='word_1_610' title='bbox 1643 4164 1811 4223; x_wconf 79' lang='lat' dir='ltr'><strong>resolverunt</strong></span> 
     </span>
     <span class='ocr_line' id='line_1_61' title="bbox 154 4242 1810 4339; baseline -0.008 -18"><span class='ocrx_word' id='word_1_611' title='bbox 154 4281 218 4339; x_wconf 82' lang='lat' dir='ltr'><strong>prae</strong></span> <span class='ocrx_word' id='word_1_612' title='bbox 241 4262 368 4320; x_wconf 91' lang='lat' dir='ltr'><strong>amnibus</strong></span> <span class='ocrx_word' id='word_1_613' title='bbox 381 4261 557 4320; x_wconf 85' lang='lat' dir='ltr'><strong>sacramentis</strong></span> <span class='ocrx_word' id='word_1_614' title='bbox 570 4259 730 4319; x_wconf 83' lang='lat' dir='ltr'><strong>atlcctuosa.</strong></span> <span class='ocrx_word' id='word_1_615' title='bbox 745 4262 774 4316; x_wconf 95' lang='lat' dir='ltr'><strong>ln</strong></span> <span class='ocrx_word' id='word_1_616' title='bbox 803 4261 856 4318; x_wconf 91' lang='lat' dir='ltr'><strong>bac</strong></span> <span class='ocrx_word' id='word_1_617' title='bbox 882 4242 956 4316; x_wconf 79' lang='lat' dir='ltr'><strong>euim</strong></span> <span class='ocrx_word' id='word_1_618' title='bbox 1009 4262 1114 4336; x_wconf 79' lang='lat' dir='ltr'><strong>singula</strong></span> <span class='ocrx_word' id='word_1_619' title='bbox 1128 4259 1298 4319; x_wconf 86' lang='lat' dir='ltr'><strong>contexendo</strong></span> <span class='ocrx_word' id='word_1_620' title='bbox 1323 4254 1490 4320; x_wconf 88' lang='lat' dir='ltr'><strong>resticulum,</strong></span> <span class='ocrx_word' id='word_1_621' title='bbox 1505 4253 1687 4310; x_wconf 82' lang='lat' dir='ltr'><strong>connexendo</strong></span> <span class='ocrx_word' id='word_1_622' title='bbox 1709 4252 1810 4309; x_wconf 80' lang='lat' dir='ltr'><strong>iunicu-</strong></span> 
     </span>
     <span class='ocr_line' id='line_1_62' title="bbox 157 4339 1813 4447; baseline -0.01 -35"><span class='ocrx_word' id='word_1_623' title='bbox 157 4363 328 4412; x_wconf 85' lang='lat' dir='ltr'><strong>sacramento</strong></span> <span class='ocrx_word' id='word_1_624' title='bbox 338 4351 424 4424; x_wconf 89' lang='lat' dir='ltr'><strong>pietas</strong></span> <span class='ocrx_word' id='word_1_625' title='bbox 438 4350 523 4422; x_wconf 76' lang='lat' dir='ltr'><strong>magis</strong></span> <span class='ocrx_word' id='word_1_626' title='bbox 537 4349 643 4417; x_wconf 88' lang='lat' dir='ltr'><strong>enituit,</strong></span> <span class='ocrx_word' id='word_1_627' title='bbox 659 4351 744 4424; x_wconf 82' lang='lat' dir='ltr'><strong>gratie</strong></span> <span class='ocrx_word' id='word_1_628' title='bbox 762 4351 824 4422; x_wconf 91' lang='lat' dir='ltr'><strong>plus</strong></span> <span class='ocrx_word' id='word_1_629' title='bbox 839 4348 953 4416; x_wconf 85' lang='lat' dir='ltr'><strong>refulsit,</strong></span> <span class='ocrx_word' id='word_1_630' title='bbox 970 4352 1077 4447; x_wconf 68' lang='lat' dir='ltr'><strong>ulum,</strong></span> <span class='ocrx_word' id='word_1_631' title='bbox 1090 4348 1275 4410; x_wconf 88' lang='lat' dir='ltr'><strong>connectendo</strong></span> <span class='ocrx_word' id='word_1_632' title='bbox 1290 4345 1447 4404; x_wconf 83' lang='lat' dir='ltr'><strong>fasciculum</strong></span> <span class='ocrx_word' id='word_1_633' title='bbox 1460 4340 1630 4399; x_wconf 86' lang='lat' dir='ltr'><strong>deomnibua</strong></span> <span class='ocrx_word' id='word_1_634' title='bbox 1646 4348 1676 4398; x_wconf 93' lang='lat' dir='ltr'><strong>et</strong></span> <span class='ocrx_word' id='word_1_635' title='bbox 1700 4339 1813 4416; x_wconf 70' lang='lat' dir='ltr'><strong>singulis</strong></span> 
     </span>
     <span class='ocr_line' id='line_1_63' title="bbox 156 4429 1813 4513; baseline -0.007 -13"><span class='ocrx_word' id='word_1_636' title='bbox 156 4442 274 4500; x_wconf 87' lang='lat' dir='ltr'><strong>ebaritas</strong></span> <span class='ocrx_word' id='word_1_637' title='bbox 302 4441 416 4512; x_wconf 85' lang='lat' dir='ltr'><strong>amplius</strong></span> <span class='ocrx_word' id='word_1_638' title='bbox 433 4439 556 4498; x_wconf 87' lang='lat' dir='ltr'><strong>radiavit.</strong></span> <span class='ocrx_word' id='word_1_639' title='bbox 586 4440 628 4496; x_wconf 78' lang='lat' dir='ltr'><strong>ad</strong></span> <span class='ocrx_word' id='word_1_640' title='bbox 647 4448 760 4497; x_wconf 87' lang='lat' dir='ltr'><strong>mortem</strong></span> <span class='ocrx_word' id='word_1_641' title='bbox 784 4438 883 4497; x_wconf 86' lang='lat' dir='ltr'><strong>Christi</strong></span> <span class='ocrx_word' id='word_1_642' title='bbox 906 4439 956 4495; x_wconf 90' lang='lat' dir='ltr'><strong>tria</strong></span> <span class='ocrx_word' id='word_1_643' title='bbox 1012 4457 1072 4513; x_wconf 90' lang='lat' dir='ltr'><strong>quae</strong></span> <span class='ocrx_word' id='word_1_644' title='bbox 1086 4438 1331 4501; x_wconf 87' lang='lat' dir='ltr'><strong>lactareieruatur,</strong></span> <span class='ocrx_word' id='word_1_645' title='bbox 1347 4434 1380 4491; x_wconf 93' lang='lat' dir='ltr'><strong>de</strong></span> <span class='ocrx_word' id='word_1_646' title='bbox 1394 4430 1550 4488; x_wconf 88' lang='lat' dir='ltr'><strong>bumiliDei</strong></span> <span class='ocrx_word' id='word_1_647' title='bbox 1563 4429 1643 4496; x_wconf 81' lang='lat' dir='ltr'><strong>Filio,</strong></span> <span class='ocrx_word' id='word_1_648' title='bbox 1659 4430 1695 4488; x_wconf 92' lang='lat' dir='ltr'><strong>de</strong></span> <span class='ocrx_word' id='word_1_649' title='bbox 1709 4442 1813 4489; x_wconf 79' lang='lat' dir='ltr'><strong>summu</strong></span> 
     </span>
    </p>
   </div>
   <div class='ocr_carea' id='block_1_11' title="bbox 153 4528 960 5046">
    <p class='ocr_par' dir='ltr' id='par_1_12' title="bbox 153 4528 960 5046">
     <span class='ocr_line' id='line_1_64' title="bbox 158 4528 957 4605; baseline -0.005 -17"><span class='ocrx_word' id='word_1_650' title='bbox 158 4532 296 4605; x_wconf 73' lang='lat' dir='ltr'><strong>precipue</strong></span> <span class='ocrx_word' id='word_1_651' title='bbox 310 4529 469 4602; x_wconf 85' lang='lat' dir='ltr'><strong>respiciunt,</strong></span> <span class='ocrx_word' id='word_1_652' title='bbox 485 4545 540 4586; x_wconf 91' lang='lat' dir='ltr'><strong>nou</strong></span> <span class='ocrx_word' id='word_1_653' title='bbox 563 4528 622 4586; x_wconf 92' lang='lat' dir='ltr'><strong>sine</strong></span> <span class='ocrx_word' id='word_1_654' title='bbox 642 4530 747 4601; x_wconf 89' lang='lat' dir='ltr'><strong>timore,</strong></span> <span class='ocrx_word' id='word_1_655' title='bbox 762 4545 816 4586; x_wconf 91' lang='lat' dir='ltr'><strong>non</strong></span> <span class='ocrx_word' id='word_1_656' title='bbox 835 4529 894 4585; x_wconf 91' lang='lat' dir='ltr'><strong>siue</strong></span> <span class='ocrx_word' id='word_1_657' title='bbox 914 4528 957 4585; x_wconf 89' lang='lat' dir='ltr'><strong>la-</strong></span> 
     </span>
     <span class='ocr_line' id='line_1_65' title="bbox 159 4617 956 4693; baseline -0.008 -14"><span class='ocrx_word' id='word_1_658' title='bbox 159 4620 261 4693; x_wconf 76' lang='lat' dir='ltr'><strong>crymis</strong></span> <span class='ocrx_word' id='word_1_659' title='bbox 276 4628 303 4675; x_wconf 90' lang='lat' dir='ltr'><strong>et</strong></span> <span class='ocrx_word' id='word_1_660' title='bbox 316 4619 419 4690; x_wconf 73' lang='lat' dir='ltr'><strong>gemitu</strong></span> <span class='ocrx_word' id='word_1_661' title='bbox 441 4618 629 4691; x_wconf 89' lang='lat' dir='ltr'><strong>prosequenda</strong></span> <span class='ocrx_word' id='word_1_662' title='bbox 645 4633 650 4674; x_wconf 95' lang='lat'><strong>:</strong></span> <span class='ocrx_word' id='word_1_663' title='bbox 668 4618 836 4690; x_wconf 76' lang='lat' dir='ltr'><strong>injuriarium</strong></span> <span class='ocrx_word' id='word_1_664' title='bbox 862 4617 956 4674; x_wconf 90' lang='lat' dir='ltr'><strong>multi-</strong></span> 
     </span>
     <span class='ocr_line' id='line_1_66' title="bbox 153 4706 959 4780; baseline -0.006 -13"><span class='ocrx_word' id='word_1_665' title='bbox 153 4708 288 4767; x_wconf 80' lang='lat' dir='ltr'><strong>durmium</strong></span> <span class='ocrx_word' id='word_1_666' title='bbox 303 4706 397 4776; x_wconf 89' lang='lat' dir='ltr'><strong>illatio,</strong></span> <span class='ocrx_word' id='word_1_667' title='bbox 418 4723 546 4764; x_wconf 91' lang='lat' dir='ltr'><strong>manuum</strong></span> <span class='ocrx_word' id='word_1_668' title='bbox 565 4723 596 4763; x_wconf 90' lang='lat' dir='ltr'><strong>ac</strong></span> <span class='ocrx_word' id='word_1_669' title='bbox 618 4708 716 4780; x_wconf 91' lang='lat' dir='ltr'><strong>pedum</strong></span> <span class='ocrx_word' id='word_1_670' title='bbox 743 4710 770 4763; x_wconf 91' lang='lat' dir='ltr'><strong>in</strong></span> <span class='ocrx_word' id='word_1_671' title='bbox 793 4723 872 4765; x_wconf 88' lang='lat' dir='ltr'><strong>cruce</strong></span> <span class='ocrx_word' id='word_1_672' title='bbox 898 4721 959 4764; x_wconf 90' lang='lat' dir='ltr'><strong>cou-</strong></span> 
     </span>
     <span class='ocr_line' id='line_1_67' title="bbox 159 4794 959 4867; baseline -0.005 -13"><span class='ocrx_word' id='word_1_673' title='bbox 159 4797 234 4864; x_wconf 90' lang='lat' dir='ltr'><strong>tixio,</strong></span> <span class='ocrx_word' id='word_1_674' title='bbox 265 4794 384 4867; x_wconf 90' lang='lat' dir='ltr'><strong>sepulcri</strong></span> <span class='ocrx_word' id='word_1_675' title='bbox 414 4810 447 4852; x_wconf 93' lang='lat' dir='ltr'><strong>ac</strong></span> <span class='ocrx_word' id='word_1_676' title='bbox 483 4795 579 4865; x_wconf 88' lang='lat' dir='ltr'><strong>sepulti</strong></span> <span class='ocrx_word' id='word_1_677' title='bbox 613 4796 664 4851; x_wconf 91' lang='lat' dir='ltr'><strong>sub</strong></span> <span class='ocrx_word' id='word_1_678' title='bbox 693 4797 810 4852; x_wconf 89' lang='lat' dir='ltr'><strong>militum</strong></span> <span class='ocrx_word' id='word_1_679' title='bbox 838 4794 959 4852; x_wconf 91' lang='lat' dir='ltr'><strong>excubiis</strong></span> 
     </span>
     <span class='ocr_line' id='line_1_68' title="bbox 159 4883 960 4960; baseline -0.004 -15"><span class='ocrx_word' id='word_1_680' title='bbox 159 4885 323 4945; x_wconf 87' lang='lat' dir='ltr'><strong>observatio.</strong></span> <span class='ocrx_word' id='word_1_681' title='bbox 353 4886 437 4940; x_wconf 82' lang='lat' dir='ltr'><strong>Parra</strong></span> <span class='ocrx_word' id='word_1_682' title='bbox 454 4883 550 4942; x_wconf 81' lang='lat' dir='ltr'><strong>aedera</strong></span> <span class='ocrx_word' id='word_1_683' title='bbox 568 4885 623 4941; x_wconf 90' lang='lat' dir='ltr'><strong>dno</strong></span> <span class='ocrx_word' id='word_1_684' title='bbox 660 4883 818 4960; x_wconf 77' lang='lat' dir='ltr'><strong>significat:</strong></span> <span class='ocrx_word' id='word_1_685' title='bbox 841 4891 960 4956; x_wconf 84' lang='lat' dir='ltr'><strong>potesta·</strong></span> 
     </span>
     <span class='ocr_line' id='line_1_69' title="bbox 159 4971 960 5046; baseline -0.006 -12"><span class='ocrx_word' id='word_1_686' title='bbox 159 4985 214 5034; x_wconf 90' lang='lat' dir='ltr'><strong>tem</strong></span> <span class='ocrx_word' id='word_1_687' title='bbox 252 4973 435 5046; x_wconf 78' lang='lat' dir='ltr'><strong>judiciariam,</strong></span> <span class='ocrx_word' id='word_1_688' title='bbox 470 4971 665 5044; x_wconf 82' lang='lat' dir='ltr'><strong>subjectionem</strong></span> <span class='ocrx_word' id='word_1_689' title='bbox 694 4972 881 5029; x_wconf 84' lang='lat' dir='ltr'><strong>volxrnteriem.</strong></span> <span class='ocrx_word' id='word_1_690' title='bbox 906 4973 960 5030; x_wconf 91' lang='lat' dir='ltr'><strong>lla·</strong></span> 
     </span>
    </p>
   </div>
   <div class='ocr_carea' id='block_1_12' title="bbox 1012 4517 1819 5044">
    <p class='ocr_par' dir='ltr' id='par_1_13' title="bbox 1012 4517 1819 5044">
     <span class='ocr_line' id='line_1_70' title="bbox 1012 4517 1815 4602; baseline -0.014 -18"><span class='ocrx_word' id='word_1_691' title='bbox 1012 4530 1097 4586; x_wconf 86' lang='lat' dir='ltr'><strong>Patris</strong></span> <span class='ocrx_word' id='word_1_692' title='bbox 1111 4527 1267 4602; x_wconf 73' lang='lat' dir='ltr'><strong>Unigenito,</strong></span> <span class='ocrx_word' id='word_1_693' title='bbox 1282 4524 1316 4582; x_wconf 92' lang='lat' dir='ltr'><strong>de</strong></span> <span class='ocrx_word' id='word_1_694' title='bbox 1325 4523 1507 4591; x_wconf 84' lang='lat' dir='ltr'><strong>Redemptore</strong></span> <span class='ocrx_word' id='word_1_695' title='bbox 1520 4517 1658 4590; x_wconf 89' lang='lat' dir='ltr'><strong>piissimo,</strong></span> <span class='ocrx_word' id='word_1_696' title='bbox 1674 4518 1709 4575; x_wconf 93' lang='lat' dir='ltr'><strong>de</strong></span> <span class='ocrx_word' id='word_1_697' title='bbox 1723 4533 1815 4574; x_wconf 85' lang='lat' dir='ltr'><strong>amaa·</strong></span> 
     </span>
     <span class='ocr_line' id='line_1_71' title="bbox 1013 4606 1816 4679; baseline -0.014 -5"><span class='ocrx_word' id='word_1_698' title='bbox 1013 4618 1118 4675; x_wconf 90' lang='lat' dir='ltr'><strong>tissima</strong></span> <span class='ocrx_word' id='word_1_699' title='bbox 1143 4617 1224 4673; x_wconf 77' lang='lat' dir='ltr'><strong>fratre</strong></span> <span class='ocrx_word' id='word_1_700' title='bbox 1246 4623 1352 4670; x_wconf 86' lang='lat' dir='ltr'><strong>nostra.</strong></span> <span class='ocrx_word' id='word_1_701' title='bbox 1376 4610 1506 4668; x_wconf 88' lang='lat' dir='ltr'><strong>Occurrat</strong></span> <span class='ocrx_word' id='word_1_702' title='bbox 1526 4607 1616 4679; x_wconf 88' lang='lat' dir='ltr'><strong>itaque</strong></span> <span class='ocrx_word' id='word_1_703' title='bbox 1636 4606 1816 4678; x_wconf 85' lang='lat' dir='ltr'><strong>spiritualiter</strong></span> 
     </span>
     <span class='ocr_line' id='line_1_72' title="bbox 1013 4694 1817 4779; baseline -0.015 -15"><span class='ocrx_word' id='word_1_704' title='bbox 1013 4708 1198 4779; x_wconf 75' lang='lat' dir='ltr'><strong>etingcratse</strong></span> <span class='ocrx_word' id='word_1_705' title='bbox 1219 4705 1306 4776; x_wconf 84' lang='lat' dir='ltr'><strong>ipsum</strong></span> <span class='ocrx_word' id='word_1_706' title='bbox 1321 4699 1450 4758; x_wconf 91' lang='lat' dir='ltr'><strong>cordibus</strong></span> <span class='ocrx_word' id='word_1_707' title='bbox 1463 4697 1565 4753; x_wconf 91' lang='lat' dir='ltr'><strong>nostris</strong></span> <span class='ocrx_word' id='word_1_708' title='bbox 1588 4695 1726 4752; x_wconf 84' lang='lat' dir='ltr'><strong>Dominus</strong></span> <span class='ocrx_word' id='word_1_709' title='bbox 1746 4694 1817 4752; x_wconf 74' lang='lat' dir='ltr'><strong>cun·</strong></span> 
     </span>
     <span class='ocr_line' id='line_1_73' title="bbox 1013 4784 1818 4868; baseline -0.014 -17"><span class='ocrx_word' id='word_1_710' title='bbox 1013 4803 1081 4864; x_wconf 90' lang='lat' dir='ltr'><strong>stus,</strong></span> <span class='ocrx_word' id='word_1_711' title='bbox 1091 4794 1216 4868; x_wconf 93' lang='lat' dir='ltr'><strong>proditus</strong></span> <span class='ocrx_word' id='word_1_712' title='bbox 1232 4800 1259 4847; x_wconf 92' lang='lat' dir='ltr'><strong>et</strong></span> <span class='ocrx_word' id='word_1_713' title='bbox 1272 4789 1399 4847; x_wconf 88' lang='lat' dir='ltr'><strong>venditus</strong></span> <span class='ocrx_word' id='word_1_714' title='bbox 1413 4805 1429 4842; x_wconf 87' lang='lat' dir='ltr'><strong>a</strong></span> <span class='ocrx_word' id='word_1_715' title='bbox 1443 4785 1586 4857; x_wconf 86' lang='lat' dir='ltr'><strong>discipulo,</strong></span> <span class='ocrx_word' id='word_1_716' title='bbox 1605 4798 1621 4838; x_wconf 87' lang='lat' dir='ltr'><strong>a</strong></span> <span class='ocrx_word' id='word_1_717' title='bbox 1635 4784 1744 4840; x_wconf 82' lang='lat' dir='ltr'><strong>ludaeis</strong></span> <span class='ocrx_word' id='word_1_718' title='bbox 1760 4794 1818 4840; x_wconf 87' lang='lat' dir='ltr'><strong>tan·</strong></span> 
     </span>
     <span class='ocr_line' id='line_1_74' title="bbox 1013 4872 1818 4957; baseline -0.015 -17"><span class='ocrx_word' id='word_1_719' title='bbox 1013 4900 1093 4957; x_wconf 89' lang='lat' dir='ltr'><strong>quarn</strong></span> <span class='ocrx_word' id='word_1_720' title='bbox 1108 4882 1159 4938; x_wconf 82' lang='lat' dir='ltr'><strong>vile</strong></span> <span class='ocrx_word' id='word_1_721' title='bbox 1175 4878 1341 4951; x_wconf 90' lang='lat' dir='ltr'><strong>mancipium</strong></span> <span class='ocrx_word' id='word_1_722' title='bbox 1356 4876 1444 4950; x_wconf 90' lang='lat' dir='ltr'><strong>pretia</strong></span> <span class='ocrx_word' id='word_1_723' title='bbox 1460 4875 1527 4930; x_wconf 90' lang='lat' dir='ltr'><strong>satis</strong></span> <span class='ocrx_word' id='word_1_724' title='bbox 1547 4872 1648 4948; x_wconf 79' lang='lat' dir='ltr'><strong>exiguo</strong></span> <span class='ocrx_word' id='word_1_725' title='bbox 1672 4888 1818 4947; x_wconf 88' lang='lat' dir='ltr'><strong>compara·</strong></span> 
     </span>
     <span class='ocr_line' id='line_1_75' title="bbox 1014 4961 1819 5044; baseline -0.014 -15"><span class='ocrx_word' id='word_1_726' title='bbox 1014 4981 1066 5042; x_wconf 91' lang='lat' dir='ltr'><strong>tur,</strong></span> <span class='ocrx_word' id='word_1_727' title='bbox 1083 4979 1188 5044; x_wconf 89' lang='lat' dir='ltr'><strong>captus,</strong></span> <span class='ocrx_word' id='word_1_728' title='bbox 1204 4976 1305 5026; x_wconf 90' lang='lat' dir='ltr'><strong>tractus</strong></span> <span class='ocrx_word' id='word_1_729' title='bbox 1319 4976 1346 5024; x_wconf 92' lang='lat' dir='ltr'><strong>et</strong></span> <span class='ocrx_word' id='word_1_730' title='bbox 1359 4966 1467 5037; x_wconf 66' lang='lat' dir='ltr'><strong>ligatus,</strong></span> <span class='ocrx_word' id='word_1_731' title='bbox 1498 4970 1623 5034; x_wconf 88' lang='lat' dir='ltr'><strong>tanquam</strong></span> <span class='ocrx_word' id='word_1_732' title='bbox 1647 4962 1735 5019; x_wconf 88' lang='lat' dir='ltr'><strong>bomo</strong></span> <span class='ocrx_word' id='word_1_733' title='bbox 1765 4961 1819 5018; x_wconf 81' lang='lat' dir='ltr'><strong>aine</strong></span> 
     </span>
    </p>
   </div>
   <div class='ocr_carea' id='block_1_13' title="bbox 109 5048 1822 5583">
    <p class='ocr_par' dir='ltr' id='par_1_14' title="bbox 109 5048 1822 5583">
     <span class='ocr_line' id='line_1_76' title="bbox 161 5048 1820 5134; baseline -0.009 -14"><span class='ocrx_word' id='word_1_734' title='bbox 161 5069 210 5122; x_wconf 90' lang='lat' dir='ltr'><strong>bes</strong></span> <span class='ocrx_word' id='word_1_735' title='bbox 224 5064 259 5121; x_wconf 95' lang='lat' dir='ltr'><strong>ad</strong></span> <span class='ocrx_word' id='word_1_736' title='bbox 284 5079 391 5119; x_wconf 91' lang='lat' dir='ltr'><strong>manum</strong></span> <span class='ocrx_word' id='word_1_737' title='bbox 406 5061 528 5132; x_wconf 86' lang='lat' dir='ltr'><strong>exempla</strong></span> <span class='ocrx_word' id='word_1_738' title='bbox 542 5075 665 5134; x_wconf 81' lang='lat' dir='ltr'><strong>congrua</strong></span> <span class='ocrx_word' id='word_1_739' title='bbox 675 5060 708 5117; x_wconf 92' lang='lat' dir='ltr'><strong>de</strong></span> <span class='ocrx_word' id='word_1_740' title='bbox 723 5069 849 5133; x_wconf 91' lang='lat' dir='ltr'><strong>utruque.</strong></span> <span class='ocrx_word' id='word_1_741' title='bbox 867 5062 960 5120; x_wconf 66' lang='grc' dir='ltr'>διάει</span> <span class='ocrx_word' id='word_1_742' title='bbox 1014 5060 1168 5132; x_wconf 85' lang='lat' dir='ltr'><strong>adjutoria;</strong></span> <span class='ocrx_word' id='word_1_743' title='bbox 1185 5058 1269 5114; x_wconf 90' lang='lat' dir='ltr'><strong>scisso</strong></span> <span class='ocrx_word' id='word_1_744' title='bbox 1284 5056 1364 5112; x_wconf 87' lang='lat' dir='ltr'><strong>ctiam</strong></span> <span class='ocrx_word' id='word_1_745' title='bbox 1380 5052 1541 5110; x_wconf 87' lang='lat' dir='ltr'><strong>verberibus</strong></span> <span class='ocrx_word' id='word_1_746' title='bbox 1567 5049 1663 5118; x_wconf 89' lang='lat' dir='ltr'><strong>dorso,</strong></span> <span class='ocrx_word' id='word_1_747' title='bbox 1684 5048 1820 5107; x_wconf 83' lang='lat' dir='ltr'><strong>vellicatis</strong></span> 
     </span>
     <span class='ocr_line' id='line_1_77' title="bbox 162 5138 1817 5223; baseline -0.011 -11"><span class='ocrx_word' id='word_1_748' title='bbox 162 5152 353 5212; x_wconf 75' lang='lat' dir='ltr'><strong>taetramatc</strong></span> <span class='ocrx_word' id='word_1_749' title='bbox 371 5150 458 5223; x_wconf 84' lang='lat' dir='ltr'><strong>(Paul.</strong></span> <span class='ocrx_word' id='word_1_750' title='bbox 475 5166 528 5218; x_wconf 89' lang='grc' dir='ltr'>ιιι,</span> <span class='ocrx_word' id='word_1_751' title='bbox 543 5151 584 5222; x_wconf 89' lang='lat' dir='ltr'><strong>l);</strong></span> <span class='ocrx_word' id='word_1_752' title='bbox 600 5150 714 5221; x_wconf 90' lang='lat' dir='ltr'><strong>etillud,</strong></span> <span class='ocrx_word' id='word_1_753' title='bbox 736 5151 960 5208; x_wconf 82' lang='lat' dir='ltr'><strong>Vidilloma&#39;nuna</strong></span> <span class='ocrx_word' id='word_1_754' title='bbox 1014 5149 1104 5222; x_wconf 76' lang='lat' dir='ltr'><strong>genis,</strong></span> <span class='ocrx_word' id='word_1_755' title='bbox 1130 5149 1197 5206; x_wconf 78' lang='lat' dir='ltr'><strong>facie</strong></span> <span class='ocrx_word' id='word_1_756' title='bbox 1220 5145 1306 5218; x_wconf 90' lang='lat' dir='ltr'><strong>sputis</strong></span> <span class='ocrx_word' id='word_1_757' title='bbox 1331 5143 1411 5209; x_wconf 90' lang='lat' dir='ltr'><strong>illita,</strong></span> <span class='ocrx_word' id='word_1_758' title='bbox 1437 5146 1536 5211; x_wconf 87' lang='lat' dir='ltr'><strong>puncto</strong></span> <span class='ocrx_word' id='word_1_759' title='bbox 1560 5138 1693 5211; x_wconf 86' lang='lat' dir='ltr'><strong>vepribus</strong></span> <span class='ocrx_word' id='word_1_760' title='bbox 1719 5140 1817 5211; x_wconf 82' lang='lat' dir='ltr'><strong>capite,</strong></span> 
     </span>
     <span class='ocr_line' id='line_1_78' title="bbox 162 5226 1821 5315; baseline -0.011 -15"><span class='ocrx_word' id='word_1_761' title='bbox 162 5244 307 5301; x_wconf 80' lang='lat' dir='ltr'><strong>sedentem</strong></span> <span class='ocrx_word' id='word_1_762' title='bbox 321 5242 386 5315; x_wconf 77' lang='lat' dir='ltr'><strong>(lca,</strong></span> <span class='ocrx_word' id='word_1_763' title='bbox 397 5241 484 5314; x_wconf 84' lang='lat' dir='ltr'><strong>ut,l);</strong></span> <span class='ocrx_word' id='word_1_764' title='bbox 497 5240 664 5313; x_wconf 87' lang='lat' dir='ltr'><strong>atqueillud,</strong></span> <span class='ocrx_word' id='word_1_765' title='bbox 677 5239 960 5298; x_wconf 71' lang='lat' dir='ltr'><strong>dameadaattattiac</strong></span> <span class='ocrx_word' id='word_1_766' title='bbox 1015 5238 1107 5296; x_wconf 87' lang='lat' dir='ltr'><strong>saucio</strong></span> <span class='ocrx_word' id='word_1_767' title='bbox 1118 5238 1214 5304; x_wconf 87' lang='lat' dir='ltr'><strong>latere,</strong></span> <span class='ocrx_word' id='word_1_768' title='bbox 1231 5231 1371 5291; x_wconf 86' lang='lat' dir='ltr'><strong>terebratis</strong></span> <span class='ocrx_word' id='word_1_769' title='bbox 1394 5229 1501 5302; x_wconf 88' lang='lat' dir='ltr'><strong>p&#39;almis,</strong></span> <span class='ocrx_word' id='word_1_770' title='bbox 1524 5226 1697 5301; x_wconf 83' lang='lat' dir='ltr'><strong>pedibusque</strong></span> <span class='ocrx_word' id='word_1_771' title='bbox 1714 5227 1821 5284; x_wconf 76' lang='lat' dir='ltr'><strong>enaim·</strong></span> 
     </span>
     <span class='ocr_line' id='line_1_79' title="bbox 109 5315 1821 5404; baseline -0.012 -14"><span class='ocrx_word' id='word_1_772' title='bbox 109 5346 113 5354; x_wconf 85' lang='grc'>’</span> <span class='ocrx_word' id='word_1_773' title='bbox 152 5331 286 5389; x_wconf 78' lang='lat' dir='ltr'><strong>-bama‘ata</strong></span> <span class='ocrx_word' id='word_1_774' title='bbox 299 5333 331 5389; x_wconf 85' lang='lat' dir='ltr'><strong>ia</strong></span> <span class='ocrx_word' id='word_1_775' title='bbox 344 5330 407 5391; x_wconf 82' lang='lat' dir='ltr'><strong>sada</strong></span> <span class='ocrx_word' id='word_1_776' title='bbox 420 5332 582 5404; x_wconf 72' lang='lat' dir='ltr'><strong>mayatattc</strong></span> <span class='ocrx_word' id='word_1_777' title='bbox 591 5347 649 5388; x_wconf 82' lang='lat' dir='ltr'><strong>tace</strong></span> <span class='ocrx_word' id='word_1_778' title='bbox 660 5329 907 5403; x_wconf 74' lang='lat' dir='ltr'><strong>(llattlr.11x,28];</strong></span> <span class='ocrx_word' id='word_1_779' title='bbox 923 5328 961 5382; x_wconf 91' lang='lat' dir='ltr'><strong>si·</strong></span> <span class='ocrx_word' id='word_1_780' title='bbox 1016 5327 1071 5384; x_wconf 90' lang='lat' dir='ltr'><strong>sis:</strong></span> <span class='ocrx_word' id='word_1_781' title='bbox 1087 5327 1135 5403; x_wconf 92' lang='lat' dir='ltr'><strong>qui</strong></span> <span class='ocrx_word' id='word_1_782' title='bbox 1150 5337 1279 5398; x_wconf 87' lang='lat' dir='ltr'><strong>tanquam</strong></span> <span class='ocrx_word' id='word_1_783' title='bbox 1296 5319 1447 5393; x_wconf 77' lang='lat' dir='ltr'><strong>iugulatori</strong></span> <span class='ocrx_word' id='word_1_784' title='bbox 1462 5333 1511 5374; x_wconf 91' lang='lat' dir='ltr'><strong>sua</strong></span> <span class='ocrx_word' id='word_1_785' title='bbox 1525 5315 1661 5384; x_wconf 85' lang='lat' dir='ltr'><strong>alludens,</strong></span> <span class='ocrx_word' id='word_1_786' title='bbox 1675 5331 1709 5373; x_wconf 89' lang='lat' dir='ltr'><strong>se</strong></span> <span class='ocrx_word' id='word_1_787' title='bbox 1731 5316 1821 5391; x_wconf 79' lang='lat' dir='ltr'><strong>ipsun</strong></span> 
     </span>
     <span class='ocr_line' id='line_1_80' title="bbox 150 5403 1821 5492; baseline -0.004 -23"><span class='ocrx_word' id='word_1_788' title='bbox 150 5432 216 5490; x_wconf 72' lang='lat' dir='ltr'><strong>¹gna</strong></span> <span class='ocrx_word' id='word_1_789' title='bbox 229 5429 291 5476; x_wconf 88' lang='lat' dir='ltr'><strong>sunt</strong></span> <span class='ocrx_word' id='word_1_790' title='bbox 303 5418 749 5492; x_wconf 78' lang='lat' dir='ltr'><strong>judiciariepatestatis.daetcrum</strong></span> <span class='ocrx_word' id='word_1_791' title='bbox 768 5419 827 5490; x_wconf 91' lang='lat' dir='ltr'><strong>ipsa</strong></span> <span class='ocrx_word' id='word_1_792' title='bbox 841 5416 963 5490; x_wconf 89' lang='lat' dir='ltr'><strong>Scriptu-</strong></span> <span class='ocrx_word' id='word_1_793' title='bbox 1016 5433 1071 5474; x_wconf 91' lang='lat' dir='ltr'><strong>non</strong></span> <span class='ocrx_word' id='word_1_794' title='bbox 1085 5416 1218 5474; x_wconf 89' lang='lat' dir='ltr'><strong>reluctans</strong></span> <span class='ocrx_word' id='word_1_795' title='bbox 1232 5411 1367 5484; x_wconf 85' lang='lat' dir='ltr'><strong>exposuit,</strong></span> <span class='ocrx_word' id='word_1_796' title='bbox 1382 5417 1410 5466; x_wconf 90' lang='lat' dir='ltr'><strong>et</strong></span> <span class='ocrx_word' id='word_1_797' title='bbox 1423 5406 1528 5464; x_wconf 88' lang='lat' dir='ltr'><strong>nudum</strong></span> <span class='ocrx_word' id='word_1_798' title='bbox 1542 5419 1644 5477; x_wconf 90' lang='lat' dir='ltr'><strong>corpus</strong></span> <span class='ocrx_word' id='word_1_799' title='bbox 1672 5405 1756 5477; x_wconf 88' lang='lat' dir='ltr'><strong>quasi</strong></span> <span class='ocrx_word' id='word_1_800' title='bbox 1778 5403 1821 5462; x_wconf 92' lang='lat' dir='ltr'><strong>in·</strong></span> 
     </span>
     <span class='ocr_line' id='line_1_81' title="bbox 153 5491 1822 5583; baseline -0.008 -18"><span class='ocrx_word' id='word_1_801' title='bbox 153 5519 193 5565; x_wconf 82' lang='lat' dir='ltr'><strong>st</strong></span> <span class='ocrx_word' id='word_1_802' title='bbox 202 5504 309 5576; x_wconf 75' lang='lat' dir='ltr'><strong>amet,</strong></span> <span class='ocrx_word' id='word_1_803' title='bbox 317 5507 794 5583; x_wconf 52' lang='lat' dir='ltr'><strong>manupatqoamxadaritamat</strong></span> <span class='ocrx_word' id='word_1_804' title='bbox 806 5505 964 5567; x_wconf 77' lang='lat' dir='ltr'><strong>mandaca-</strong></span> <span class='ocrx_word' id='word_1_805' title='bbox 998 5552 1001 5557; x_wconf 85' lang='lat'>.</span> <span class='ocrx_word' id='word_1_806' title='bbox 1016 5506 1113 5565; x_wconf 84' lang='lat' dir='ltr'><strong>andern</strong></span> <span class='ocrx_word' id='word_1_807' title='bbox 1126 5502 1312 5570; x_wconf 83' lang='lat' dir='ltr'><strong>malleatorum</strong></span> <span class='ocrx_word' id='word_1_808' title='bbox 1325 5498 1425 5557; x_wconf 87' lang='lat' dir='ltr'><strong>ictibus</strong></span> <span class='ocrx_word' id='word_1_809' title='bbox 1445 5495 1581 5571; x_wconf 84' lang='lat' dir='ltr'><strong>patienter</strong></span> <span class='ocrx_word' id='word_1_810' title='bbox 1590 5491 1730 5569; x_wconf 44' lang='lat' dir='ltr'><strong>,exaltata</strong></span> <span class='ocrx_word' id='word_1_811' title='bbox 1740 5494 1822 5567; x_wconf 71' lang='lat' dir='ltr'><strong>;dan</strong></span> 
     </span>
    </p>
   </div>
   <div class='ocr_carea' id='block_1_14' title="bbox 0 0 1887 5962">
    <p class='ocr_par' dir='ltr' id='par_1_15' title="bbox 0 0 1887 5962">
     <span class='ocr_line' id='line_1_82' title="bbox 0 0 1887 5962; baseline 0 0"><span class='ocrx_word' id='word_1_812' title='bbox 0 0 1887 5962; x_wconf 95' lang='lat' dir='ltr'><strong> </strong></span> 
     </span>
    </p>
   </div>
  </div>
 </body>
</html>
