3706 5962
541 210 653 273 ultum
675 210 716 271 lid
734 210 871 273 nudant
890 213 1097 276 ColllllllOllll.
1592 214 1646 283 ΕΒ

76 348 118 402 na,
132 335 184 392 nisi
208 335 322 409 perdere
345 336 446 392 animas
474 344 591 392 nostras.
611 336 662 394 llic
676 341 716 392 est
738 334 785 409 qui
803 350 826 428 p
843 336 1011 411 peregrinus,
1027 338 1237 413 sedquicnnque
1252 338 1316 397 illuc
1337 340 1431 398 venire
1453 342 1639 413 merebuntur,

76 425 201 482 rmalum
228 425 405 492 machinatur,
429 433 526 499 argute
554 424 682 496 loquitur,
698 425 785 482 antu·
841 426 927 481 securi
945 427 1094 498 inproprie
1118 429 1205 499 patria
1232 429 1389 500 manabunt,
1403 447 1509 503 semper
1524 434 1587 505 laeti,
1613 445 1640 493 et

76 514 203 588 suggerit,
219 513 315 569 callide
335 512 447 585 decipit.
463 513 572 570 lllicitcs
597 521 686 569 motus
702 513 789 570 insul·
838 529 946 588 semper
959 516 1046 573 satiati
1060 516 1094 571 de
1107 515 1209 573 visione
1224 517 1288 571 Dei.
1307 518 1340 572 Et
1354 526 1454 589 quanto
1468 521 1529 591 plus
1543 522 1640 595 aliquis

76 609 198 660 menatae
216 601 393 674 cogitationes
415 601 563 657 inflammat
579 620 585 659 :
601 612 691 658 movet
706 602 787 671 bella,
839 601 883 658 lric
896 603 955 661 Deo
968 604 1098 660 obediens
1114 604 1205 675 fuerit,
1216 612 1290 662 tauto
1305 606 1468 676 ampliorem
1482 609 1516 663 ab
1530 624 1640 666 eomer-

80 689 153 761 odia,
177 690 270 746 incitat
292 690 393 763 gulam,
411 699 502 746 movet
524 690 662 747 libidinem
680 731 687 756 ,
713 690 787 746 desi·
837 691 931 748 cedem
945 692 983 749 ibi
998 695 1112 764 recipiet
1129 711 1136 751 :
1151 702 1307 767 quantoque
1322 694 1441 763 amplius
1461 696 1549 754 Deum
1564 704 1641 754 ams-

76 780 162 837 earnis
178 779 300 851 instigat,
313 789 339 835 et
358 778 462 850 peccati
477 781 637 836 occasiones
652 786 743 851 paret,
757 788 784 835 et
836 780 884 849 bit,
898 787 972 838 tanto
988 784 1101 853 propius
1115 781 1218 838 videbit
1231 798 1312 854 quem
1321 798 1431 841 cernere
1445 783 1527 855 cupit.

76 869 189 926 nocendi
210 867 312 924 artibus
329 868 412 924 corda
435 868 572 923 bominum
601 868 708 939 pulsare
729 884 783 925 non
1138 870 1250 928 CAPUT
1269 871 1334 930 XV.

76 998 78 1011 ,
106 956 177 1014 Ηίοο
190 965 233 1013 est
263 956 335 1028 quod
350 956 448 1013 baculo
471 964 566 1012 nostru
579 970 629 1013 nos
649 956 738 1024 caedit,
755 965 784 1013 et
837 960 873 1013 De
885 957 1107 1032 proprietatibus
1121 964 1150 1015 et
1164 960 1373 1033 affectionibus
1388 961 1491 1019 oeteis
1502 963 1641 1034 Masinis,

76 1080 79 1097 .
95 1056 204 1104 nostras
217 1047 330 1117 proprio
340 1044 450 1117 cingulo
473 1045 539 1118 ligat
562 1052 614 1103 :ut
633 1060 696 1103 caro
718 1061 780 1117 quae
869 1036 1247 1121 c'p'usqucmortifiocticneet
1261 1050 1641 1124 ructatioaeperdbrt'stsm.

76 1142 107 1191 st
130 1131 210 1190 nobis
229 1134 256 1188 in
274 1132 450 1206 adjutorium,
465 1133 512 1189 liat
531 1134 611 1191 nobis
626 1135 653 1189 in
672 1133 779 1192 ruinam
869 1138 914 1192 38.
927 1135 992 1193 Dies
1005 1136 1124 1192 hominis
1146 1137 1215 1195 sicut
1241 1139 1338 1195 umbra
1365 1154 1448 1210 super
1476 1148 1587 1209 terram,
1612 1154 1640 1200 ct

76 1222 189 1279 stlalnm.
204 1220 302 1278 Gravis
321 1220 402 1291 lucta,
419 1230 445 1276 et
467 1238 550 1295 grave
573 1222 721 1294 perieulum
737 1232 779 1280 est
834 1223 905 1279 nulla
918 1229 961 1281 est
974 1240 1067 1281 mora:
1094 1232 1158 1282 tunc
1173 1233 1200 1281 et
1210 1225 1320 1298 proprie
1334 1225 1404 1283 nibil
1418 1234 1469 1296 est,
1489 1243 1552 1285 cnm
1569 1237 1640 1288 stare

76 1326 111 1369 us
137 1311 314 1366 domesticum
350 1313 455 1366 hostem
481 1327 599 1383 pugnare
627 1330 635 1366 :
662 1312 778 1369 maxime
832 1312 950 1369 videtur.
967 1313 1022 1369 Cur
1040 1328 1106 1387 ergo
1120 1313 1284 1371 thesaurizat
1312 1315 1339 1371 in
1363 1321 1436 1371 terra
1456 1317 1549 1383 homo,
1576 1334 1638 1375 cum

76 1400 231 1458 assdvenae
244 1400 340 1465 simus,
356 1409 383 1454 et
398 1398 443 1455 ille
457 1399 535 1456 civis.
544 1399 594 1456 llla
604 1415 682 1457 suem
696 1400 777 1457 inha-
832 1400 890 1457 sine
905 1400 1034 1459 dilatione
1055 1410 1184 1472 transeat,
1213 1411 1241 1460 et
1255 1403 1318 1459 illud
1347 1403 1420 1476 qnod
1449 1405 1594 1480 colligitur,
1613 1417 1640 1464 st

76 1487 214 1560 monent
230 1509 236 1547 :
263 1503 314 1544 uos
336 1487 443 1544 exsules
467 1504 561 1545 sumus
588 1497 615 1544 et
629 1488 777 1561 peregrini.
835 1489 893 1562 ipso
905 1487 953 1564 qni
964 1488 1068 1565 colligit
1081 1491 1096 1548 l
1110 1492 1142 1547 lit
1158 1499 1184 1547 tu
1198 1491 1280 1549 borno
1293 1532 1300 1557 ,
1315 1507 1395 1565 quem
1417 1493 1533 1548 fmotum
1546 1509 1642 1565 esspe-

76 1592 108 1637 ω
126 1591 235 1650 quoque
263 1577 416 1633 discrimem
432 1584 473 1634 est
497 1578 626 1635 adversus
639 1577 781 1636 diabolice
834 1586 892 1634 ctas
906 1578 932 1633 in
948 1578 1058 1649 mundo,
1074 1580 1152 1649 cujus
1176 1580 1279 1636 fructus
1307 1581 1387 1637 ruina
1401 1590 1453 1649 est,
1482 1582 1561 1651 crtjus
1576 1581 1638 1638 linis

76 1682 83 1723 t
104 1665 227 1722 astutiam
243 1673 297 1722 mm
323 1667 445 1735 crebros,
463 1665 517 1721 imo
536 1666 679 1722 continuos
699 1669 782 1724 susti·
797 1626 818 1704 Β
835 1682 908 1723 mora
926 1667 1118 1724 esthtiuam
1148 1683 1266 1739 saperes,
1282 1676 1309 1724 et
1331 1668 1509 1742 intelligeres,
1539 1685 1572 1727 ac
1587 1685 1639 1728 no·

76 1753 201 1812 oadictus
229 1773 236 1811 :
265 1771 345 1826 quern
367 1763 485 1811 astutum
508 1754 572 1810 fecit
604 1762 659 1810 tam
685 1764 782 1814 natura
833 1754 943 1813 tissima
955 1756 1104 1826 prudenter
1127 1755 1302 1826 provideres!
1321 1756 1384 1812 Scio
1416 1757 1562 1827 quemdam
1592 1757 1640 1829 qui

76 1858 100 1913 s,
114 1859 197 1916 quam
211 1842 293 1916 longa
308 1843 464 1898 exercitatio
478 1843 588 1900 malitiae
599 1843 690 1913 hujus.
834 1859 885 1914 per
909 1858 995 1900 annos
1025 1843 1155 1915 plurimos
1181 1853 1272 1901 tecum
1305 1844 1474 1901 familiariter
1497 1846 1574 1912 vixit,
1603 1849 1639 1902 ad

269 1931 384 1988 CAPUT
408 1931 480 1989 xiv.
834 1948 954 1989 mensam
969 1939 1043 1989 tuam
1057 1932 1134 1998 sedit,
1159 1934 1249 1990 cibum
1270 1933 1304 1988 de
1332 1948 1414 1988 rnann
1436 1943 1481 1989 tua
1508 1935 1637 2006 sumpsit,

76 2018 169 2079 tuoto
192 2019 297 2093 patriae
323 2021 456 2087 cetenis,
476 2025 505 2076 ct
523 2037 636 2077 summa
654 2021 780 2091 ejusdem
832 2019 860 2075 in
889 2020 951 2078 sinn
966 2028 1011 2076 tuo
1025 2021 1152 2078 dormivit
1166 2063 1175 2087 ,
1191 2037 1252 2077 curn
1267 2020 1449 2081 voluittecum
1472 2021 1637 2095 colloquium

298 2107 450 2179 felicitate.
832 2109 924 2165 babuit
938 2125 946 2167 :
961 2109 1006 2167 bic
1024 2110 1085 2178 jure
1113 2109 1287 2167 baereditario
1309 2126 1405 2167 servus
1425 2118 1488 2168 tuus
1515 2118 1566 2167 est.
1582 2110 1637 2168 Sed

77 2194 160 2268 Eripe
174 2210 217 2251 me
232 2195 267 2252 de
278 2195 393 2253 inimicia
410 2197 489 2265 meis,
505 2197 580 2254 Deus
594 2213 682 2267 meus,
697 2206 724 2253 et
745 2199 779 2254 ab
833 2198 897 2271 quia
910 2197 945 2253 ab
958 2197 1068 2254 ineunte
1082 2205 1161 2254 aetate
1174 2197 1287 2256 delicate
1301 2198 1409 2255 nutristi
1419 2215 1493 2270 eum,
1509 2205 1535 2255 et
1550 2200 1637 2272 virgae

76 2283 221 2343 tioderunt
245 2300 298 2352 me,
315 2285 442 2357 quoniam
457 2286 601 2343 confortati
617 2289 682 2342 sunt
695 2302 779 2358 super
833 2285 988 2359 pepercisti,
1002 2295 1145 2343 contumax
1159 2285 1273 2343 effectus
1287 2295 1347 2357 est3
1362 2286 1461 2344 levavit
1479 2286 1636 2344 calcaneum

76 2386 191 2448 gavero
209 2375 256 2447 qui
283 2390 367 2446 usque
390 2375 423 2429 ad
445 2374 518 2431 huuc
540 2376 612 2431 utrm
629 2383 722 2431 contra
737 2391 780 2432 me
832 2390 912 2431 suum
926 2389 1010 2448 super
1023 2384 1105 2447 caput
1119 2377 1215 2444 tuum,
1231 2381 1259 2430 et
1269 2380 1295 2431 tc
1308 2374 1337 2430 in
1350 2376 1508 2432 servitutem
1521 2376 1634 2450 redegit,

76 2463 182 2535 lsmjam
213 2480 264 2535 per
292 2470 364 2518 tuam
382 2464 495 2536 gratiam
511 2464 577 2520 mibi
601 2464 690 2521 vivere
710 2465 784 2522 inci.
832 2474 859 2520 et
873 2464 909 2520 tui
923 2463 1069 2522 crudeliter
1082 2461 1245 2519 dominatur.

77 2550 124 2609 sie
149 2551 221 2607 enim
241 2551 269 2608 in
296 2555 349 2609 hoc
369 2554 469 2608 mundo
488 2552 579 2609 vivere
593 2552 737 2621 debemus,
754 2565 783 2611 ut
868 2555 912 2609 39.
934 2551 1113 2609 Sedfortasse
1129 2550 1302 2620 dicestQuis
1315 2550 1409 2608 esthic
1426 2552 1440 2609 ‘f
1457 2551 1540 2607 Vetus
1554 2552 1636 2608 homo

76 2654 155 2713 orpus
169 2639 285 2710 coeperit
303 2640 471 2697 avermibus
500 2641 623 2696 devorari
639 2642 777 2715 insepul·
833 2648 909 2706 tuus,
939 2640 985 2714 qui
1000 2640 1141 2699 conculcat
1168 2638 1294 2711 spiritum
1318 2647 1404 2710 tuum,
1417 2640 1463 2712 qni
1476 2655 1527 2712 pro
1551 2640 1637 2696 nihilo

76 2726 135 2785 usna
150 2727 329 2785 laeteturcum
344 2728 444 2785 sanctis
463 2728 584 2785 incoelo.
613 2729 776 2802 lllncspiri·
833 2731 912 2786 babet
940 2735 1038 2785 terram
1064 2727 1283 2796 desiderabilem,
1314 2728 1360 2801 qui
1375 2728 1433 2784 sola
1460 2743 1521 2799 quae
1549 2729 1637 2785 carnis

76 2815 256 2889 igendusest,
286 2832 339 2889 quo
364 2826 405 2873 est
434 2817 624 2875 ituruszilluc
651 2818 779 2875 festinare
832 2818 991 2891 suutsapit.
1015 2818 1106 2876 Homo
1137 2820 1188 2875 iste
1213 2834 1229 2874 a
1252 2818 1388 2875 nativitate
1412 2832 1500 2874 cecus
1527 2826 1577 2887 est,
1611 2827 1638 2875 et

76 2920 121 2978 as,
140 2905 186 2960 ubi
201 2921 308 2978 semper
324 2905 460 2970 vivamus,
476 2906 564 2961 etubi
581 2906 649 2962 mori
664 2907 780 2979 amplius
795 2901 817 2978 c
834 2910 943 2976 surdus,
968 2916 995 2967 et
1016 2916 1121 2978 mutus;
1159 2908 1326 2965 inveteratus
1350 2907 1455 2964 diemm
1490 2907 1636 2972 malcrum,

76 3007 202 3051 murus.
218 2995 247 3050 si
270 2994 310 3050 sio
336 3010 458 3049 amamus
472 2994 550 3050 istam
565 2994 671 3051 labilem
690 3003 718 3051 et
730 3010 778 3052 ca-
835 2995 945 3053 rebellis
961 2995 1055 3053 virtuti
1069 3007 1096 3052 et
1116 2995 1234 3065 verimti,
1259 2994 1386 3053 inimicus
1411 2995 1500 3052 crucis
1527 2994 1638 3053 curisti.

89 3081 184 3149 sitam,
201 3082 246 3140 nbi
268 3099 330 3138 curn
359 3091 432 3138 muto
461 3084 551 3141 labore
579 3084 706 3151 vivimus,
734 3085 780 3140 ubi
834 3085 946 3141 Deridet
977 3085 1160 3150 innocentem,
1187 3091 1215 3139 et
1243 3083 1400 3155 simpliciter
1431 3090 1626 3151 transeuntem

76 3169 154 3237 ando,
171 3170 298 3239 bibendo,
328 3172 497 3237 dormiendo,
513 3171 558 3228 vix
582 3173 670 3228 carnis
685 3189 782 3231 neces·
833 3173 997 3229 ambulatio
1015 3174 1121 3247 maguis
1135 3181 1162 3230 et
1176 3172 1204 3228 in
1224 3171 1398 3228 mirabilibus
1416 3187 1496 3244 supra
1520 3188 1560 3228 se.
1580 3172 1636 3230 Ar-

76 3274 108 3317 as
126 3255 210 3317 881
238 3259 440 3317 satisfacimus:
465 3260 551 3317 multo
580 3261 668 3333 magis
693 3278 783 3319 amare
833 3262 1254 3333 roganttaejusestptusquam
1275 3259 1404 3318 fortitudo
1432 3263 1502 3330 eius.
1525 3260 1635 3317 Nullum

76 3362 112 3405 :sss
124 3348 219 3420 vitam,
236 3356 379 3418 aeternam,
400 3348 446 3404 nbi
461 3350 566 3404 nullum
588 3350 706 3408 laborem
722 3367 782 3408 sus·
833 3357 983 3406 reveretur.
999 3348 1071 3405 Dicit
1088 3349 1115 3405 iu
1129 3346 1285 3420 insipientia
1299 3362 1373 3404 sua:
1398 3349 1456 3404 Non
1483 3356 1526 3404 ast
1551 3350 1634 3405 Deus.

76 3452 137 3506 sss,
152 3437 199 3493 ubi
227 3452 335 3493 summa
358 3453 463 3510 semper
490 3439 657 3508 jucunditas,
674 3456 781 3496 summa
832 3436 958 3494 labescit
972 3436 1058 3504 bonis,
1073 3443 1104 3492 et
1123 3435 1201 3491 malis
1217 3435 1337 3507 pascitur
1354 3434 1459 3494 alienis.
1476 3436 1636 3492 .lmmundis

76 3541 106 3593 s,
119 3525 183 3582 felix
208 3525 329 3593 libertas,
344 3533 371 3581 et
385 3526 448 3581 felix
464 3526 620 3595 beatitudo;
645 3527 692 3584 ubi
706 3528 781 3584 simi·
832 3523 1042 3596 cogimticuibns
1054 3524 1189 3595 pascitur;
1202 3522 1424 3594 nonfatigabitur
1440 3523 1467 3578 in
1483 3523 1537 3579 illis
1547 3531 1636 3580 traus-

76 3620 117 3671 rnt
130 3614 254 3670 homines
269 3616 375 3689 angelis
404 3614 466 3680 Dei,
495 3621 523 3669 et
550 3614 692 3690 fulgebunt
714 3618 782 3688 justi
832 3612 961 3688 grediens
977 3611 1110 3686 usquead
1126 3611 1218 3668 linem.
1243 3609 1383 3686 Dispergit
1397 3620 1426 3668 et
1441 3609 1555 3682 dissipat
1566 3625 1634 3683 pro·

76 3700 114 3760 sol
140 3702 168 3758 in
196 3718 281 3776 regno
302 3704 387 3758 Patris
411 3718 504 3759 eorum
519 3703 629 3774 tuaest.
646 3720 707 3770 xtra,
722 3709 776 3774 ta).
832 3703 901 3775 pria,
916 3701 987 3759 sicut
1000 3701 1133 3778 prodigus
1143 3718 1151 3774 3
1162 3701 1238 3774 cupit
1252 3708 1279 3757 at
1294 3699 1469 3774 rapitaliens,
1485 3700 1555 3759 sicut
1567 3718 1633 3761 ava-

76 3797 187 3865 ‚putas,
204 3801 268 3848 tunc
281 3793 333 3847 erit
348 3791 475 3863 splendor
490 3792 649 3860 animemm,
671 3794 778 3865 quando
832 3806 878 3846 rus
901 3807 908 3857 ;
924 3789 1122 3861 turpitudinem
1144 3797 1170 3846 et
1197 3788 1374 3862 ignominiam
1392 3797 1542 3866 congregat
1565 3790 1632 3858 sibi;

76 3879 233 3954 plendorem
248 3880 358 3936 habebit
386 3880 432 3935 lux
445 3882 616 3951 corporum?
630 3882 710 3939 Nulla
725 3883 777 3940 erit
831 3878 962 3937 simulans
984 3889 1012 3937 at
1033 3879 1145 3936 callidus
1158 3885 1288 3951 provocat
1310 3878 1379 3934 iram
1398 3879 1460 3936 Dei.
1478 3879 1567 3937 Homo
1582 3879 1634 3937 iste

76 3969 157 4039 stitit,
188 3970 261 4024 nulla
289 3967 424 4041 angustia,
452 3967 542 4024 nullus
572 3969 663 4037 dolor,
688 3972 777 4028 nullus
831 3976 901 4025 totus
916 3969 944 4024 in
959 3968 1077 4039 peccatis
1095 3977 1174 4025 uatus
1200 3975 1252 4033 est,
1268 3975 1296 4024 et
1313 3969 1353 4025 sic
1369 3969 1497 4034 nutritus,
1527 3970 1635 4027 amiam

85 4057 179 4115 nullus
194 4057 229 4114 ibi
252 4058 338 4123 labor,
369 4058 439 4112 nulla
463 4072 546 4129 mors,
572 4059 621 4115 sed
647 4069 777 4133 perpetua
794 4071 817 4147 ῃ
834 4051 990 4129 iniquitatis,
1006 4057 1079 4114 lilius
1103 4057 1207 4126 mortis,
1230 4072 1279 4113 vas
1303 4056 1350 4113 irae
1372 4056 1400 4113 in
1428 4059 1631 4127 contumeliam,

76 4159 206 4217 asemper
221 4146 258 4201 ibi
273 4153 439 4218 perseverat.
834 4155 913 4217 aptus
934 4147 968 4200 ad
992 4146 1139 4204 interitum.
1159 4144 1213 4214 Qui
1227 4160 1288 4201 cum
1309 4145 1371 4200 talis
1392 4144 1439 4228 sit,
1460 4151 1569 4201 enarrat
1585 4148 1633 4216 jn-

76 4234 138 4293 lton
152 4234 241 4310 surgit
269 4235 307 4290 ibi
334 4233 447 4304 malitia,
477 4250 526 4290 nec
553 4235 642 4292 carnis
656 4237 777 4296 miseria.
835 4236 920 4293 stitias
947 4235 1007 4305 Dei,
1036 4243 1062 4290 et
1084 4234 1199 4290 assumit
1221 4241 1410 4290 tastamentum
1441 4233 1501 4302 ejus
1525 4250 1575 4304 per
1601 4251 1632 4292 os

85 4330 129 4381 sst
156 4323 194 4379 ibi
213 4323 358 4396 egritudo,
389 4322 589 4380 nullaomnino
606 4325 778 4382 necessitas:
834 4340 922 4381 suum.
947 4323 1011 4382 Odit
1028 4322 1221 4394 disciplinam,
1248 4322 1354 4392 projicit
1381 4320 1522 4377 domiuum
1551 4337 1631 4379 suum

76 4410 143 4469 tibi
154 4412 248 4476 fames,
266 4426 321 4467 uon
340 4411 409 4478 sitis,
435 4426 489 4467 non
504 4411 602 4484 frigus,
618 4420 778 4481 nonestus,
835 4412 1019 4484 postdorsum
1039 4426 1129 4466 suum.
1157 4409 1226 4467 Cum
1239 4408 1314 4464 videt
1339 4408 1438 4473 furem,
1454 4408 1539 4464 currit
1569 4424 1631 4465 cum

76 4498 191 4557 sssitudo
212 4500 322 4570 jejunii,
339 4514 387 4554 uec
409 4500 464 4556 ulla
479 4500 588 4556 tentatio
603 4500 716 4568 inimici,
731 4518 781 4559 uec
834 4518 878 4571 eu,
893 4513 996 4557 etcum
1023 4498 1153 4553 adulteris
1170 4494 1322 4568 portionem
1351 4509 1428 4550 susm
1461 4494 1549 4563 ponit.
1569 4493 1631 4550 Ad-

76 4586 260 4653 tdi'voluntns,
276 4603 326 4643 uec
338 4587 514 4659 delinquendi
529 4589 655 4657 facultas,
671 4590 718 4646 sed
735 4599 780 4647 to·
833 4605 927 4647 versus
953 4587 1043 4643 lilium
1066 4584 1237 4640 matrissuae
1260 4583 1336 4654 ponit
1360 4581 1516 4639 scandalum
1537 4582 1628 4656 (Psst.

76 4676 148 4741 titis,
164 4683 252 4733 totum
267 4677 410 4735 exsultatio
420 4677 550 4749 possidet.
567 4677 696 4734 Homines
709 4696 780 4752 quo·
834 4693 909 4743 suin,
926 4677 1034 4745 taso).
1051 4675 1140 4744 Super
1154 4682 1253 4729 terram
1276 4671 1357 4729 etiam
1376 4670 1538 4727 thesaurizat
1562 4671 1629 4728 iram

76 4764 151 4840 tgelis
179 4764 285 4831 sociati,
315 4766 375 4821 sine
403 4765 455 4821 ulla
484 4765 574 4822 carnis
588 4765 778 4824 infirmitatem
832 4766 859 4821 in
887 4764 1004 4822 dieirve.
1018 4762 1081 4819 littlt
1109 4770 1172 4820 ate
1190 4760 1376 4819 haereditatem
1402 4761 1505 4827 tollere,
1531 4768 1559 4819 et
1578 4761 1629 4819 de·

76 4855 314 4912 commanebunt.
344 4853 384 4909 lbi
411 4853 462 4909 orit
482 4855 635 4923 jucunditas
664 4856 777 4920 infinita,
832 4870 914 4926 super
942 4863 1041 4911 terram
1055 4851 1187 4909 auferre:
1207 4859 1233 4909 et
1248 4858 1277 4907 tu
1296 4858 1396 4907 uuum
1417 4849 1545 4921 iniuriam
1574 4867 1628 4907 non

76 4942 299 5014 sdosempiterua
316 4958 324 4997 ε
344 4941 371 4996 iu
386 4958 440 5015 qua
455 4943 501 5013 qui
525 4945 610 5000 semel
633 4944 779 5016 suscipitur
832 4942 962 5010 vindicas,
986 4943 1034 4999 sed
1070 4940 1236 5007 dissimulas,
1260 4955 1310 4996 nec
1347 4939 1373 4995 ei
1391 4939 1504 4997 verbnm
1531 4939 1627 4994 durum

76 5049 89 5089 r
102 5038 221 5089 tenetur.
237 5030 277 5086 lbi
293 5041 335 5086 est
349 5031 456 5101 requies
471 5047 486 5086 a
501 5031 650 5102 laboribus,
666 5051 717 5105 pax
737 5042 779 5092 est
832 5032 962 5104 loqueris,
974 5031 1136 5089 uecvultum
1153 5030 1251 5086 iratum
1266 5027 1403 5094 ostendis,
1419 5028 1466 5085 sed
1479 5025 1627 5082 blandienti

76 5120 177 5186 stibus,
203 5119 347 5176 emunitas
374 5118 408 5174 de
432 5120 559 5187 novitate,
587 5125 716 5180 securitas
742 5126 777 5180 de
833 5122 880 5178 tibi
891 5121 1020 5180 arrides?
1038 5120 1189 5177 Lndiscum
1204 5115 1292 5176 885
1306 5117 1435 5175 illusoret
1453 5115 1541 5172 nescis
1564 5113 1629 5187 quia

76 5216 138 5279 late,
168 5209 287 5266 suavitas
311 5215 391 5278 atque
418 5207 534 5264 dulcedo
549 5210 583 5265 de
598 5212 646 5268 Dei
660 5212 777 5271 visione.
832 5210 929 5268 lamaci
947 5221 988 5267 est
1011 5211 1059 5282 qui
1073 5217 1172 5266 tectum
1188 5206 1254 5262 ludit
1269 5207 1283 5265 f
1296 5205 1376 5276 (Gett-
1391 5219 1453 5271 m,
1470 5204 1520 5274 9.).
1536 5202 1629 5259 Ludus

76 5314 154 5357 saon
168 5298 225 5356 illic
252 5298 374 5353 habitare
393 5299 569 5355 vehementer
590 5298 735 5368 desideret,
750 5310 779 5358 st
831 5300 881 5356 iste
896 5307 1007 5357 nonest
1032 5295 1166 5369 pueritie,
1196 5309 1248 5350 nec
1269 5291 1457 5366 simplicitatis,
1475 5292 1518 5346 vel
1547 5291 1628 5348 inno-

76 5403 210 5463 rpacam,
225 5396 252 5443 et
270 5395 384 5458 propter
407 5385 599 5455 amoeuitatem,
629 5397 656 5443 et
669 5397 779 5460 propter
834 5387 947 5454 conticet
962 5383 1011 5443 sed
1024 5383 1114 5441 illusio
1136 5391 1177 5438 ast
1200 5382 1307 5442 animae,
1330 5381 1378 5458 sed
1398 5380 1562 5452 persecutio,
1581 5382 1629 5438 aad

76 5483 205 5545 tetemet
218 5484 328 5547 propter
343 5476 389 5532 Dei
404 5476 563 5534 visionem?
578 5475 675 5534 Nullus
688 5478 778 5538 estibi
835 5492 917 5536 mors.
944 5475 1003 5537 fam
1029 5479 1055 5529 te
1081 5471 1109 5528 in
1134 5469 1250 5535 foveam,
1281 5483 1360 5545 quam
1385 5467 1455 5538 feeit,
1476 5466 1630 5543 precipita-
