3706 5962
68 248 222 321 ‚1275

991 144 1002 171 t

726 238 821 299 ultus
840 237 882 297 llll
899 234 991 297 110110
1009 236 1093 297 atus
1111 237 1258 299 vivuttttt.
1737 238 1796 299 1216

148 380 248 451 mium
259 375 453 448 uespertinum
466 371 554 443 (Psoi.
571 384 637 438 cru,
653 369 692 440 2).
708 366 809 423 Psalmi
828 378 879 421 nos
893 364 943 418 ad·
957 377 981 456 q
995 363 1187 423 lationevocis.
1205 365 1336 432 Quamvis
1358 366 1430 421 enim
1455 365 1488 421 sd
1516 365 1686 420 laudandum
1716 366 1795 421 Ιιεεει

149 472 261 525 ιιιοιιειιι
279 474 309 521 ut
322 462 511 518 benedicamus
535 458 649 516 Domino
680 457 713 512 ad
737 452 943 527 completorium
999 464 1168 523 peccatorem
1183 464 1210 512 et
1224 455 1329 528 indigni
1343 455 1440 522 simus,
1457 463 1547 512 umen
1559 470 1674 513 cessare
1702 472 1720 511 a
1744 454 1797 511 lan·

150 556 291 612 dicentesz
311 556 378 611 Ecce
393 566 471 607 acac
494 549 648 608 benedicite
662 548 826 611 Dominum,
850 557 946 601 omnes
999 541 1079 597 dibus
1101 559 1156 599 nou
1184 546 1322 608 debemus,
1351 544 1414 616 quia
1441 544 1505 600 iuda
1531 544 1670 613 consequi
1699 545 1798 601 venian

149 646 223 702 servi
234 643 346 700 Domini
357 641 443 711 (Psal.
455 653 572 706 cxxxiii,
585 635 716 706 l).Soror
725 633 791 688 uribi
804 634 831 687 in
840 630 946 686 Christo
1002 639 1171 698 peecatorum
1191 633 1336 699 credimus,
1355 635 1427 689 uude
1445 634 1530 688 Deum
1550 632 1712 689 laudamus.
1728 633 1800 689 Unde

151 733 258 797 dilecta,
273 729 388 785 firmiter
404 727 525 782 retincin
541 735 586 782 tna
600 723 730 779 memoria
747 721 817 791 quol
847 718 874 773 in
895 734 946 773 an·
1000 735 1055 775 tos
1070 720 1161 776 divina
1175 722 1202 776 iu
1219 721 1328 778 Psalmis
1345 740 1352 776 ε
1369 721 1545 791 Smrificicm
1556 721 1655 779 luridis
1666 722 1798 793 bonomi·

149 821 227 878 ribns
241 818 290 877 Dei
304 819 373 874 benc
388 824 466 873 sonat
489 831 550 872 cum
581 819 674 869 sancta
698 810 800 866 anima.
817 810 868 864 Per
881 807 947 863 dile·
1001 810 1073 865 cubit
1087 827 1142 875 mc,
1154 810 1248 882 inquit,
1261 814 1290 866 et
1301 812 1362 867 illic
1374 811 1492 885 iterque
1506 810 1660 868 ostendam
1670 811 1719 867 itti
1728 813 1801 868 sulu-

150 909 276 979 cuonem,
292 916 460 970 clamorem,
476 919 507 961 ac
520 901 702 968 devotionem,
721 898 850 964 Psalmos,
864 896 945 967 ham*
1002 901 1064 954 tore
1078 898 1127 954 Dei
1138 900 1225 967 (Psoi.
1243 915 1318 965 sarx,
1335 902 1394 969 23).
1408 899 1480 956 Ausi
1494 899 1620 972 apertius
1633 899 1759 957 diceret:
1775 901 1800 955 ln

151 1013 212 1066 nos,
227 1004 254 1051 ει
264 995 368 1051 cantica
382 991 530 1064 spiritualia
545 991 601 1046 Dec
616 995 706 1044 canta.
724 987 800 1043 Unde
819 1001 946 1057 sponsus,
1002 986 1115 1042 Psalmis
1129 985 1218 1045 809
1230 999 1272 1044 est
1291 988 1353 1044 liter
1365 988 1452 1054 audis,
1475 987 1580 1060 quoad
1595 997 1734 1044 aeternam
1747 989 1801 1045 lau·

151 1083 255 1140 scilicet
267 1082 399 1150 christus,
421 1079 449 1134 in
471 1077 589 1134 Canticis
617 1077 784 1132 canticorum
810 1089 947 1145 sponsam,
1001 1074 1065 1131 dem
1081 1077 1219 1145 pervenire
1232 1077 1328 1148 possis.
1345 1077 1399 1132 Sed
1421 1078 1445 1134 si
1461 1091 1511 1149 eqo
1527 1077 1594 1133 illud
1616 1077 1669 1133 tibi
1689 1092 1746 1134 non
1761 1095 1803 1134 us-

150 1170 179 1226 il
194 1178 235 1226 est
253 1168 403 1226 Ecclesiam
413 1167 458 1224 vol
473 1176 592 1222 sanctam
606 1167 736 1236 animam,
752 1163 887 1228 admouet,
903 1163 947 1218 di·
1002 1166 1124 1234 tendero,
1143 1166 1210 1221 illud
1222 1166 1342 1221 inuenire
1360 1180 1414 1222 nou
1430 1166 1539 1236 poteris.
1564 1166 1730 1238 Propterea,
1747 1169 1805 1222 cba-

151 1275 233 1317 cens:
249 1256 561 1329 Ostmdemiltlsceiciu
575 1261 665 1321 tuum,
682 1255 948 1320 sonctuoetrmin
1001 1252 1120 1323 sissima,
1143 1254 1206 1326 quia
1234 1254 1284 1310 iter
1312 1262 1412 1311 nostre
1431 1255 1525 1310 salutis
1552 1255 1578 1310 iu
1609 1255 1744 1311 manibus
1769 1266 1804 1311 est

150 1349 267 1406 carbas
275 1348 362 1416 meis,-
376 1346 445 1419 quio
459 1349 573 1404 uoaetuu
588 1342 682 1401 dumis
691 1346 720 1398 ct
734 1343 821 1414 (ccicc
834 1345 885 1396 tun
901 1340 948 1398 de·
1002 1342 1149 1409 creatoris,
1161 1358 1258 1400 moneo
1274 1353 1299 1400 te
1310 1352 1337 1399 ut
1351 1344 1410 1399 laus
1424 1344 1473 1399 Dei
1488 1359 1630 1415 uunquam
1639 1344 1766 1401 discedat
1775 1346 1804 1398 ab

151 1453 217 1496 coro
240 1436 338 1508 (Gaul.
357 1449 388 1501 u,
406 1436 463 1500 11).
488 1435 540 1502 Tu,
554 1433 650 1505 inquit,
679 1430 777 1486 dilecta
797 1445 867 1495 mea,
886 1444 948 1500 quae
1003 1446 1049 1488 ore
1066 1443 1122 1488 tuo.
1138 1432 1222 1488 Soror
1236 1431 1302 1488 mibi
1316 1432 1343 1487 iu
1367 1433 1475 1489 Christo
1501 1433 1707 1505 amantissima,
1735 1434 1804 1490 Dens

149 1525 226 1597 jaces
238 1526 266 1581 in
280 1523 380 1581 lectulo
399 1523 564 1580 dulcissimae
578 1518 824 1592 contemplationis,
848 1519 876 1573 in
895 1533 948 1590 qna
1002 1527 1044 1576 εει
1058 1519 1117 1576 laus
1132 1530 1195 1590 tna;
1211 1531 1319 1593 ergoet
1333 1530 1361 1578 tn
1373 1520 1432 1580 laus
1445 1520 1518 1577 illius
1533 1529 1606 1593 esto,
1633 1520 1671 1577 ita
1685 1527 1718 1578 ut
1732 1538 1803 1579 sem-

152 1614 219 1671 mihi
246 1615 274 1670 in
300 1611 422 1679 Psalmis,
438 1611 554 1684 hymnis,
576 1618 603 1666 ot
617 1609 728 1666 canticis
762 1606 948 1680 spiritualibus
1003 1625 1051 1679 per
1066 1612 1100 1664 sit
1115 1611 1172 1665 laus
1186 1609 1256 1665 illius
1275 1610 1302 1664 iu
1321 1625 1377 1666 ore.
1392 1610 1489 1666 Amen.

152 1713 233 1776 atque
245 1702 412 1760 orationibus
429 1701 534 1772 placere
552 1699 698 1770 desideras,
719 1699 781 1755 veni
795 1706 823 1754 ει
835 1653 986 1754 (ιειειιιίεΒ
1075 1699 1143 1755 1111.
1161 1729 1196 1740 -
1214 1700 1253 1756 Dc
1267 1702 1360 1756 actico
1379 1703 1407 1755 et
1424 1698 1651 1771 coutcanplotiuo
1663 1701 1736 1756 vito.

152 1793 219 1848 mihi
240 1791 332 1849 taciem
347 1798 430 1859 tuam,
444 1789 472 1844 id
486 1797 528 1845 est
543 1790 674 1861 egredere
687 1803 703 1842 a
717 1795 821 1843 secreto
848 1786 948 1848 cordis,
1040 1790 1101 1843 125.
1117 1788 1189 1844 Vidit
1211 1788 1293 1844 Jacob
1320 1789 1420 1843 scalam
1444 1795 1562 1843 stantem
1581 1803 1671 1859 super
1700 1797 1802 1852 temus,

154 1888 182 1938 et
195 1880 258 1936 aliis
272 1878 499 1952 pulchritudinem
515 1878 647 1933 bonorum
661 1891 775 1947 operum
793 1881 901 1929 tuorum
915 1873 950 1927 ad
1005 1876 1123 1949 Angelos
1149 1891 1256 1948 qnoque
1271 1877 1319 1932 Dei
1346 1876 1534 1941 ascendeutes,
1553 1885 1582 1932 et
1610 1877 1804 1933 descendentes

155 1965 309 2039 exemplum
323 1965 490 2035 demonstra,
514 1974 544 2019 ut
569 1979 629 2021 cum
657 1962 695 2018 illi
719 1961 836 2018 viderint
863 1976 946 2032 opera
1004 1981 1053 2036 per
1067 1981 1136 2030 eam,
1164 1974 1190 2022 et
1209 1980 1340 2022 cacumen
1358 1963 1431 2020 illius
1449 1966 1536 2021 coelos
1565 1966 1717 2036 tangebat
1731 1966 1802 2037 [Gen.

153 2061 243 2112 vestra
256 2055 337 2121 bona,
345 2052 496 2129 glorificent
509 2052 615 2108 Patrem
626 2059 745 2107 vestrum
761 2049 806 2122 qui
823 2050 849 2105 iu
867 2049 946 2106 coelis
1004 2069 1105 2120 xxvur,
1124 2054 1223 2125 12111]
1239 2055 1289 2109 bac
1306 2054 1377 2109 scala
1393 2062 1454 2110 sunt
1467 2054 1546 2124 positi
1557 2068 1657 2111 omnes
1674 2055 1711 2109 ad
1729 2055 1804 2112 utam

149 2154 195 2212 ‚est
209 2143 321 2216 (llottb.
333 2158 363 2209 v,
379 2143 436 2213 16).
452 2143 536 2200 Sonat
549 2157 604 2199 uox
623 2146 673 2198 tuo
691 2142 723 2195 iu
739 2140 857 2196 cambus
872 2141 950 2195 iners.
1005 2149 1133 2198 seminam
1149 2142 1329 2212 praedestinati
1348 2159 1353 2198 :
1373 2154 1400 2199 et
1425 2143 1514 2197 omnis
1526 2142 1573 2214 qui
1590 2151 1701 2214 spectat
1715 2143 1749 2197 ad
1764 2159 1803 2199 re·

155 2234 214 2291 Vox
228 2232 332 2290 scilicet
345 2232 555 2303 predicationis,
580 2247 632 2288 vox
660 2228 759 2287 divinae
778 2228 875 2299 laudis,
897 2244 950 2284 vox
1005 2248 1088 2304 girum
1102 2232 1243 2296 coelorurn,
1265 2231 1293 2287 iu
1316 2233 1368 2288 bac
1391 2230 1462 2286 acala
1484 2233 1565 2287 habet
1599 2230 1706 2288 locum.
1735 2232 1805 2287 Scala

154 2322 332 2395 jubilationis,
348 2335 410 2393 quae
424 2321 491 2377 alios
516 2319 550 2375 ad
563 2319 671 2374 landem
689 2325 715 2374 et
732 2316 846 2389 gloriam
865 2331 951 2372 meam
1004 2321 1055 2376 ista
1070 2320 1202 2392 generatis
1216 2331 1258 2376 est
1272 2320 1403 2389 Ecclesia,
1420 2336 1481 2393 quae
1502 2336 1536 2377 ax
1551 2330 1632 2392 parte
1645 2322 1738 2378 ndbnc'
1760 2322 1805 2375 mi·

156 2411 288 2484 proficere
302 2410 394 2467 iaciat.
415 2411 515 2466 Cantus
530 2410 696 2464 Psalmorum
725 2407 842 2462 oblectat
868 2420 950 2461 aures
1004 2409 1064 2465 litat
1078 2409 1104 2464 in
1120 2409 1208 2476 terris,
1225 2418 1252 2464 ει
1273 2425 1305 2465 ex
1325 2417 1402 2481 parte
1425 2409 1480 2479 jam
1495 2419 1592 2479 regnat
1621 2409 1649 2464 in
1663 2409 1754 2465 coelis.
1771 2409 1799 2463 lu

139 2499 333 2571 taruennam,
349 2507 377 2556 et
390 2499 497 2557 iustruit
510 2497 615 2553 animas
633 2495 752 2551 fidelium
769 2495 804 2549 ad
819 2494 888 2551 bene
908 2494 950 2550 vi·
1005 2501 1057 2554 trac
1071 2499 1142 2554 scala
1157 2506 1219 2553 suut
1234 2505 1289 2553 tras
1305 2497 1413 2553 ordines
1423 2497 1577 2565 homiuum
1595 2496 1705 2554 scilicet
1720 2513 1803 2553 secu-

155 2590 284 2646 randum.
299 2587 359 2646 Vox
372 2587 533 2645 mutantium
554 2586 588 2643 sit
615 2600 679 2650 una,
698 2593 725 2641 et
747 2599 809 2639 curn
837 2583 952 2656 Angelis
1005 2587 1085 2659 lzrrcs,
1113 2587 1193 2643 acuti
1221 2595 1248 2643 et
1265 2572 1488 2656 ¹contemplativi.
1514 2585 1668 2642 seculares
1691 2594 1756 2644 sunt
1781 2587 1803 2640 iu

155 2677 215 2748 Del,
230 2692 298 2750 quus
313 2677 404 2735 videre
417 2692 472 2732 uon
502 2690 658 2747 possumus,
684 2674 766 2730 verba
794 2671 883 2729 laudis
905 2672 952 2726 mi·
1004 2676 1103 2730 minori
1117 2678 1213 2748 gradu.
1229 2676 1394 2732 acclusam
1413 2675 1440 2728 in
1466 2673 1558 2731 altiori
1587 2676 1660 2731 loco.
1678 2675 1805 2732 Contum-

156 2781 290 2823 sccamus.
1006 2764 1097 2836 platiri
1111 2780 1176 2820 vero
1192 2774 1255 2819 suut
1274 2764 1301 2818 in
1312 2779 1428 2820 summo.
1444 2764 1479 2819 Et
1494 2764 1529 2820 dc
1550 2764 1611 2820 istis
1627 2764 1718 2821 tribus
1731 2764 1803 2818 ordi-

193 2857 254 2911 tat.
269 2853 346 2912 Servi
361 2852 408 2908 Dei
423 2867 532 2925 semper
541 2851 640 2907 debent
653 2848 950 2919 laudareuomcmbei,
1006 2853 1237 2909 uibusboruinum
1252 2852 1360 2924 quidam
1375 2861 1438 2908 sunt
1467 2854 1494 2906 iu
1514 2853 1596 2919 mola,
1611 2852 1725 2923 quidam
1745 2860 1805 2907 sunt

156 2945 229 3013 quod
246 2949 272 2998 et
286 2958 361 3015 aquae
381 2941 537 3014 superiores
565 2940 712 3011 insinuant,
732 2939 768 2994 da
787 2939 884 3011 quibua
910 2938 950 2992 di·
966 2925 988 3003 c
1007 2944 1033 2997 iu
1045 2958 1122 3013 agro,
1134 2943 1244 3014 quidam
1261 2957 1324 2998 iero
1337 2949 1399 2996 sunt
1413 2940 1440 2995 iu
1451 2941 1531 2997 lecto.
1546 2942 1616 2997 llola
1628 2949 1671 2995 est
1683 2940 1741 2995 vita
1753 2956 1806 2995 sre-

157 3032 235 3099 citur,
243 3031 603 3102 seacotcimaquoeomaca
612 3045 674 3102 quoe
682 3044 768 3101 super
779 3030 862 3085 coelos
873 3033 951 3093 sunt,
1007 3031 1117 3088 calaris.
1137 3033 1210 3104 Ager
1231 3038 1273 3086 est
1288 3030 1394 3086 animus
1409 3029 1526 3085 bominis
1551 3028 1651 3085 caetui.
1679 3029 1711 3082 ln
1739 3044 1805 3099 agro

158 3119 276 3174 Domino
292 3116 379 3187 ίΡδᾱῙ·
398 3131 508 3187 1111111,
524 3119 551 3183 1,
568 3115 612 3184 511
628 3115 692 3185 quia
705 3116 782 3170 electi
796 3130 851 3169 nou
880 3121 952 3169 tace·
1008 3128 1070 3174 sunt
1100 3119 1292 3192 praedicatores
1318 3119 1392 3175 verbi
1425 3118 1483 3174 Dei.
1514 3119 1542 3172 lu
1562 3117 1632 3173 lecto
1654 3127 1702 3173 est
1729 3132 1805 3171 amor

151 3205 226 3261 bunt
239 3203 266 3258 in
280 3213 440 3275 perpetuum
456 3204 566 3260 laudare
580 3218 679 3259 nomeu
693 3202 811 3260 Domini.
820 3203 861 3259 Da
876 3203 955 3275 aquis

157 3307 223 3352 veru
248 3292 424 3350 inferioribus
447 3293 548 3349 dictam
573 3300 624 3358 cst,
646 3293 855 3364 Conpraqcutcr
874 3308 955 3365 oque

158 3401 220 3458 quoe
229 3384 278 3441 sub
293 3384 359 3442 celo
374 3386 445 3439 scut
458 3384 596 3440 inlocum
610 3398 700 3439 uuum
710 3380 791 3452 (Gen.
803 3396 822 3451 t,
834 3381 872 3452 9),
889 3383 955 3452 qnia

158 3474 268 3547 reprobi
284 3491 332 3546 per
342 3481 427 3529 tutum
443 3473 572 3529 mnndum
586 3473 668 3528 modo
684 3472 796 3542 dispcrsi
808 3487 955 3544 cougrega-

158 3564 260 3619 buntur
282 3563 311 3618 iu
339 3561 473 3618 internum
501 3561 650 3618 cruciandi.
675 3560 737 3616 Sine
757 3559 955 3616 intermissione

157 3650 250 3709 fldeles
270 3651 369 3707 debent
387 3650 489 3706 reterre
513 3650 608 3706 landes
623 3651 688 3717 Deo,
711 3649 774 3721 qnia
787 3649 861 3704 Deus
881 3651 956 3705 delc-

158 3747 247 3798 etatnr
260 3739 291 3796 in
305 3741 365 3797 illis.
380 3738 457 3810 Quod
470 3739 542 3795 erun
551 3741 621 3794 Deus
631 3738 778 3795 delectetur
788 3740 815 3794 in
828 3739 955 3795 laudibus

159 3829 291 3897 fidelium,
308 3838 420 3885 testatur
434 3844 560 3899 sponsus,
577 3828 678 3884 scilicet
700 3827 833 3898 Christus,
853 3829 901 3899 qni
928 3827 955 3884 iu

160 3917 277 3974 canticis
298 3917 463 3975 canticorum
488 3931 605 3985 sponsae,
622 3917 646 3970 irt
667 3926 709 3972 εει
727 3925 825 3974 sanctae
845 3917 953 3983 animae,

160 4004 281 4075 loquitur
300 4005 394 4060 dicens
410 4021 416 4059 :
432 4006 497 4073 Qum
512 4002 623 4060 liabitas
638 4006 668 4058 ic
689 4005 777 4061 bortis
787 4007 881 4069 (Cant.
892 4022 953 4071 vui,

1008 3208 1113 3279 spousi,
1129 3207 1231 3263 scilicet
1244 3207 1353 3263 Christi.
1369 3206 1440 3274 Quid
1466 3215 1529 3261 sunt
1547 3205 1573 3260 iu
1597 3205 1684 3277 mola,
1710 3215 1804 3261 terram

1008 3297 1185 3362 circumeunt,
1205 3296 1251 3368 qui
1268 3306 1371 3351 terrena
1396 3305 1522 3366 quaerunt
1548 3302 1576 3350 ct
1598 3294 1728 3368 diligunt.
1755 3294 1805 3363 Qui

1009 3387 1113 3443 suntin
1128 3401 1203 3456 agro,
1220 3393 1321 3441 terram
1336 3386 1440 3449 colunt,
1461 3384 1506 3457 qui
1530 3384 1666 3440 seminant
1694 3385 1804 3441 verbum

1010 3475 1057 3528 Dei
1071 3475 1099 3529 in
1118 3475 1228 3529 auribus
1246 3474 1397 3529 homiuum.
1420 3474 1449 3527 lu
1466 3475 1537 3529 lecto
1558 3479 1623 3528 sunt
1644 3474 1693 3543 qni
1721 3472 1806 3540 despi-

1009 3564 1083 3620 ciunt
1096 3572 1315 3621 etcontemnuut.
1330 3563 1372 3618 bd
1387 3562 1472 3633 pedes
1485 3563 1568 3632 hujus
1589 3563 1670 3618 sealae
1685 3573 1749 3618 snut
1760 3564 1806 3617 bo-

1009 3652 1207 3710 miuessaeculi.
1225 3654 1253 3706 lu
1266 3653 1356 3707 medio
1375 3651 1453 3708 scalae
1471 3660 1534 3707 sunt
1556 3650 1660 3706 activi:
1688 3653 1716 3707 in
1735 3667 1804 3707 snm·

1010 3742 1101 3797 mitate
1116 3742 1197 3809 hujus
1210 3742 1289 3796 scalae
1303 3749 1366 3795 sunt
1383 3727 1671 3811 contemplativi,'jam
1689 3740 1765 3811 quasi
1781 3740 1805 3793 ir

1009 3831 1078 3887 coslo
1096 3830 1185 3901 positi,
1208 3829 1272 3900 quia
1290 3829 1409 3885 coelcatia
1419 3830 1547 3903 cogitant.
1562 3829 1611 3884 lsti
1623 3838 1691 3884 suot
1716 3828 1805 3901 uagati

1010 3919 1059 3975 Dei
1079 3935 1127 3989 pur
1152 3918 1251 3973 scalam
1273 3919 1459 3984 ascendentes,
1487 3918 1550 3990 quia
1583 3920 1737 3974 ascendunt
1763 3934 1807 3989 par

1010 4006 1261 4077 contemplationem
1273 4007 1307 4061 ad
1326 4009 1423 4072 Deum,
1439 4018 1466 4062 ct
1480 4007 1652 4062 descendunt
1669 4024 1717 4077 pet·
1736 4023 1805 4063 cout-

161 4092 213 4162 13).
233 4092 262 4148 ln
281 4093 483 4149 bortisbabitat
504 4092 632 4163 Ecclesia,
649 4092 690 4148 vel
712 4093 836 4164 quelibet
864 4102 956 4150 sancta
1012 4095 1164 4166 passionem
1192 4095 1224 4150 ad
1256 4096 1416 4166 proximum.
1446 4095 1540 4152 Actias
1568 4095 1625 4150 rita
1659 4096 1808 4153 innocentia

159 4182 259 4248 anima,
276 4198 337 4255 quae
350 4184 406 4250 iarn
419 4182 555 4239 viriditate
578 4190 605 4238 et
627 4198 675 4252 spe
689 4181 820 4239 bonorum
843 4197 956 4251 opernm
971 4198 995 4276 ὓ
1011 4192 1053 4241 εει
1068 4187 1201 4240 bonorum
1215 4199 1350 4255 operum:
1373 4184 1580 4254 contemplativa
1600 4184 1659 4239 vita
1682 4195 1726 4242 est
1748 4201 1807 4258 spc-

161 4278 202 4328 est
221 4271 334 4342 repleta.
351 4271 418 4342 Quae
432 4287 497 4341 ergo
509 4271 566 4342 jam
581 4270 608 4325 iu
622 4271 707 4327 hortis
723 4271 832 4339 habitat,
847 4277 956 4343 oportet
1010 4273 1109 4329 culatio
1119 4287 1313 4344 supernorum.
1328 4273 1421 4328 activa
1445 4275 1497 4328 vita
1511 4273 1670 4328 communis
1684 4284 1730 4332 εει
1743 4274 1808 4330 mul·

160 4370 190 4417 nt
199 4376 330 4432 sponsum
345 4378 423 4416 suurn
437 4377 531 4418 vocem
542 4376 619 4416 suam
632 4360 725 4415 andire
750 4359 839 4432 liciat,
860 4361 888 4416 id
917 4369 958 4417 εει
1010 4369 1097 4418 torum
1114 4381 1120 4420 τ
1138 4362 1342 4434 εοειειιιρΙειίιε
1359 4376 1434 4431 vcro,
1451 4377 1610 4432 paucorum.
1638 4363 1739 4418 Activa
1762 4364 1809 4418 rin

160 4457 270 4506 cautum
297 4450 376 4506 boum
405 4449 611 4519 predicationis,
632 4451 674 4507 vel
690 4458 791 4504 sanctae
815 4450 957 4518 jubilatio·

161 4537 204 4592 nis
219 4554 227 4592 ε
244 4538 284 4594 vel
297 4553 388 4595 vocem
402 4537 501 4593 divinae
511 4536 597 4593 laudis
607 4537 722 4609 emittat,
740 4538 767 4593 in
778 4554 831 4608 qua
845 4538 891 4593 ille
905 4539 957 4594 de-

161 4625 283 4694 lectetur,
304 4642 385 4697 qnam
413 4626 558 4692 desiderat,
581 4642 664 4698 quam
686 4627 766 4682 amici
795 4629 958 4692 auscultant,

160 4713 287 4770 videlicet
297 4730 390 4770 ornnes
405 4715 495 4784 electi,
508 4714 555 4788 qui
569 4717 651 4771 rerba
666 4716 737 4785 vitae,
747 4715 850 4772 scilicet
862 4717 957 4773 lectio-

90 4862 95 4870 ,
161 4818 222 4874 nes,
238 4801 371 4868 Psalmos,
387 4805 513 4875 hymnos,
529 4812 556 4861 ct
569 4803 834 4875 canticasptriiurtir
864 4808 958 4861 andire

162 4892 326 4959 desiderant,
341 4900 369 4947 ut
383 4892 416 4949 ad
430 4895 568 4950 coelestem
584 4893 699 4964 patriam
720 4896 888 4952 reviviscant.
901 4897 958 4967 lgi-

163 4986 217 5052 tur‚
246 4995 323 5037 soror
346 4979 549 5051 revendissime,
579 4984 646 5038 sicut
663 4982 720 5052 jam
744 4983 873 5055 superius
891 4983 957 5051 diri,

162 5069 241 5126 valde
251 5070 435 5127 necessarium
450 5069 597 5139 esttibi,nt
607 5070 634 5126 in
649 5070 722 5126 ouini
737 5071 791 5127 vitu
802 5087 851 5127 sua
865 5072 959 5127 landes

163 5158 375 5228 omnipotentem
392 5161 475 5216 Deum
485 5168 635 5217 creatorem
647 5169 733 5229 tunm,
748 5161 875 5231 quoniam
895 5161 959 5218 indo

165 5249 333 5318 promittitur
348 5249 394 5306 tibi
419 5250 504 5318 venia,
522 5248 593 5305 unde
611 5265 673 5304 eum
688 5249 791 5305 laudes.
807 5249 896 5305 Lauda
912 5270 958 5304 rr-

1011 4451 1124 4506 terrenis
1153 4454 1230 4506 rebus
1263 4452 1333 4507 bene
1361 4450 1472 4507 utitur:
1502 4451 1720 4521 contemplativa
1753 4467 1809 4508 vero

1011 4539 1109 4594 saeculo
1125 4538 1310 4606 renunutians,
1330 4540 1380 4594 soli
1395 4538 1551 4594 [lectitare
1568 4539 1738 4598 delectatur.

1049 4632 1110 4683 itu.
1121 4628 1335 4700 (Interrogatio.)
1350 4627 1443 4682 Frater
1452 4626 1561 4695 dilecte,
1594 4642 1667 4700 rogo
1683 4642 1715 4685 ut
1729 4638 1810 4685 osten·

1012 4717 1061 4772 das
1080 4717 1144 4772 milri
1160 4716 1328 4773 dit't'erentics
1348 4715 1439 4771 artivae
1452 4724 1477 4770 et
1489 4716 1719 4786 contemplativae
1745 4719 1809 4773 aits.

1013 4807 1055 4877 (lii
1064 4806 1199 4877 sponsio.)
1232 4804 1317 4861 Soror
1346 4803 1515 4870 charissima,
1555 4803 1628 4858 iuter
1648 4806 1813 4862 activamrt

1012 4893 1245 4965 contemplativam
1258 4892 1341 4947 vitam
1354 4892 1468 4948 maxima
1478 4901 1520 4947 εει
1532 4891 1708 4954 dit'lnrantia.
1728 4897 1813 4952 Actias

1012 4986 1069 5041 vita
1089 4989 1129 5038 est
1151 4998 1249 5053 panem
1277 4983 1405 5038 esurienti
1433 4982 1508 5051 dare,
1527 4981 1646 5036 verbnm
1678 4986 1814 5055 sapiieutia

1012 5075 1151 5146 proximos
1164 5072 1271 5137 docere,
1289 5079 1418 5125 errantem
1429 5069 1575 5142 corrigere,
1600 5071 1636 5124 ad
1669 5074 1745 5130 viam
1768 5076 1814 5130 bu-

1014 5162 1132 5219 militatiu
1160 5159 1359 5228 superbientem
1389 5160 1526 5224 reducere,
1551 5158 1752 5219 discordantes
1787 5163 1816 5219 ad

1012 5252 1183 5312 concordiam
1201 5263 1336 5313 revocare,
1352 5248 1476 5305 intirmos
1492 5246 1613 5318 visitare,
1631 5262 1767 5310 mortuos
1779 5270 1816 5308 sc·

166 5350 202 5404 go
221 5350 285 5394 eum
299 5337 324 5393 iu
339 5339 433 5405 corde,
450 5340 530 5396 lauda
545 5355 606 5394 eum
618 5339 644 5393 in
660 5356 739 5403 voce,
757 5338 837 5396 lunda
850 5357 913 5395 enm
934 5344 960 5395 iu
1020 5342 1110 5412 petire,
1126 5339 1248 5412 captivos
1261 5346 1288 5395 et
1301 5338 1330 5393 iu
1346 5354 1455 5395 carcere
1472 5337 1575 5408 positos
1591 5339 1749 5409 redimere,
1764 5358 1817 5415 que

167 5434 234 5478 voca
246 5425 422 5494 jubilationis,
439 5429 516 5485 lauda
531 5429 609 5484 ctiam
624 5445 685 5483 eum
708 5429 735 5483 ln
764 5439 869 5485 secreto
894 5447 962 5488 con·
1018 5431 1133 5501 singulis
1149 5429 1355 5503 quibuscunque
1377 5425 1504 5498 expediat
1526 5425 1705 5499 dispensare,
1729 5444 1818 5488 neers·

167 5510 365 5584 templatiouis3
380 5515 460 5574 lauda
473 5532 537 5574 eum
550 5518 579 5574 iu
592 5517 717 5576 cubiculo
732 5517 837 5591 mentia,
852 5519 963 5590 iniubi·
1016 5518 1248 5591 sariauniouiqnc
1262 5517 1417 5590 providere.
1436 5516 1520 5574 Soror
1547 5514 1616 5572 mibi
1649 5518 1682 5575 in
1712 5522 1819 5578 Cirtisa
