<?xml version="1.0" encoding="UTF-8"?>
<!DOCTYPE html PUBLIC "-//W3C//DTD XHTML 1.0 Transitional//EN"
    "http://www.w3.org/TR/xhtml1/DTD/xhtml1-transitional.dtd">
<html xmlns="http://www.w3.org/1999/xhtml" xml:lang="en" lang="en">
 <head>
  <title>
</title>
<meta http-equiv="Content-Type" content="text/html;charset=utf-8" />
  <meta name='ocr-system' content='tesseract 3.04.00' />
  <meta name='ocr-capabilities' content='ocr_page ocr_carea ocr_par ocr_line ocrx_word'/>
</head>
<body>
  <div class='ocr_page' id='page_1' title='image "./patrologiaecurs00unkngoog_0315.png"; bbox 0 0 3706 5962; ppageno 0'>
   <div class='ocr_carea' id='block_1_1' title="bbox 63 226 1718 298">
    <p class='ocr_par' dir='ltr' id='par_1_1' title="bbox 63 226 1718 298">
     <span class='ocr_line' id='line_1_1' title="bbox 63 226 1718 298; baseline 0.006 -12"><span class='ocrx_word' id='word_1_1' title='bbox 63 227 123 288; x_wconf 79' lang='lat' dir='ltr'><strong>atr</strong></span> <span class='ocrx_word' id='word_1_2' title='bbox 656 231 851 296; x_wconf 75' lang='lat' dir='ltr'><strong>tatuvinus</strong></span> <span class='ocrx_word' id='word_1_3' title='bbox 869 230 912 292; x_wconf 79' lang='lat' dir='ltr'><strong>bb</strong></span> <span class='ocrx_word' id='word_1_4' title='bbox 929 228 1126 294; x_wconf 67' lang='lat' dir='ltr'><strong>numana.</strong></span> <span class='ocrx_word' id='word_1_5' title='bbox 1658 226 1718 298; x_wconf 81' lang='lat' dir='ltr'><strong>tts&#39;</strong></span> 
     </span>
    </p>
   </div>
   <div class='ocr_carea' id='block_1_2' title="bbox 64 352 1715 784">
    <p class='ocr_par' dir='ltr' id='par_1_2' title="bbox 64 352 1715 784">
     <span class='ocr_line' id='line_1_2' title="bbox 65 352 1713 451; baseline 0.004 -46"><span class='ocrx_word' id='word_1_6' title='bbox 65 352 121 407; x_wconf 88' lang='lat' dir='ltr'><strong>tuis</strong></span> <span class='ocrx_word' id='word_1_7' title='bbox 135 352 237 424; x_wconf 87' lang='lat' dir='ltr'><strong>pariter</strong></span> <span class='ocrx_word' id='word_1_8' title='bbox 260 353 464 410; x_wconf 87' lang='lat' dir='ltr'><strong>necessitatibus</strong></span> <span class='ocrx_word' id='word_1_9' title='bbox 491 361 519 410; x_wconf 88' lang='lat' dir='ltr'><strong>et</strong></span> <span class='ocrx_word' id='word_1_10' title='bbox 542 354 751 415; x_wconf 72' lang='lat' dir='ltr'><strong>oblectamentis</strong></span> <span class='ocrx_word' id='word_1_11' title='bbox 774 358 988 451; x_wconf 61' lang='lat' dir='ltr'><strong>inser-gnarit</strong></span> <span class='ocrx_word' id='word_1_12' title='bbox 1003 365 1028 414; x_wconf 90' lang='lat' dir='ltr'><strong>ts</strong></span> <span class='ocrx_word' id='word_1_13' title='bbox 1046 354 1181 421; x_wconf 74' lang='lat' dir='ltr'>sensibus,</span> <span class='ocrx_word' id='word_1_14' title='bbox 1207 352 1466 426; x_wconf 85' lang='lat' dir='ltr'><strong>quasiquibusdam</strong></span> <span class='ocrx_word' id='word_1_15' title='bbox 1490 352 1713 427; x_wconf 77' lang='lat' dir='ltr'><strong>praefulgentibus</strong></span> 
     </span>
     <span class='ocr_line' id='line_1_3' title="bbox 64 438 1712 519; baseline 0.005 -27"><span class='ocrx_word' id='word_1_16' title='bbox 64 438 156 493; x_wconf 87' lang='lat' dir='ltr'><strong>viunt.</strong></span> <span class='ocrx_word' id='word_1_17' title='bbox 170 439 270 495; x_wconf 78' lang='lat' dir='ltr'><strong>Annua</strong></span> <span class='ocrx_word' id='word_1_18' title='bbox 283 441 415 498; x_wconf 77' lang='lat' dir='ltr'>revolutio</span> <span class='ocrx_word' id='word_1_19' title='bbox 432 442 512 499; x_wconf 92' lang='lat' dir='ltr'><strong>llores</strong></span> <span class='ocrx_word' id='word_1_20' title='bbox 523 442 680 517; x_wconf 83' lang='lat' dir='ltr'><strong>fructusque</strong></span> <span class='ocrx_word' id='word_1_21' title='bbox 694 446 823 503; x_wconf 89' lang='lat' dir='ltr'><strong>arborum</strong></span> <span class='ocrx_word' id='word_1_22' title='bbox 833 453 861 502; x_wconf 88' lang='lat' dir='ltr'><strong>et</strong></span> <span class='ocrx_word' id='word_1_23' title='bbox 916 444 1052 519; x_wconf 85' lang='lat' dir='ltr'><strong>gemmis:</strong></span> <span class='ocrx_word' id='word_1_24' title='bbox 1071 451 1095 498; x_wconf 91' lang='lat' dir='ltr'><strong>te</strong></span> <span class='ocrx_word' id='word_1_25' title='bbox 1108 457 1173 498; x_wconf 88' lang='lat' dir='ltr'><strong>vero</strong></span> <span class='ocrx_word' id='word_1_26' title='bbox 1197 441 1308 498; x_wconf 90' lang='lat' dir='ltr'><strong>interius</strong></span> <span class='ocrx_word' id='word_1_27' title='bbox 1329 439 1406 511; x_wconf 81' lang='lat' dir='ltr'><strong>qusai</strong></span> <span class='ocrx_word' id='word_1_28' title='bbox 1427 441 1542 496; x_wconf 88' lang='lat' dir='ltr'><strong>naturali</strong></span> <span class='ocrx_word' id='word_1_29' title='bbox 1558 443 1712 510; x_wconf 86' lang='lat' dir='ltr'><strong>pulchritu-</strong></span> 
     </span>
     <span class='ocr_line' id='line_1_4' title="bbox 65 525 1713 609; baseline 0.005 -29"><span class='ocrx_word' id='word_1_30' title='bbox 65 527 213 582; x_wconf 90' lang='lat' dir='ltr'><strong>herbarum</strong></span> <span class='ocrx_word' id='word_1_31' title='bbox 228 528 347 587; x_wconf 91' lang='lat' dir='ltr'><strong>rediviva</strong></span> <span class='ocrx_word' id='word_1_32' title='bbox 359 529 534 588; x_wconf 89' lang='lat' dir='ltr'><strong>innovatione</strong></span> <span class='ocrx_word' id='word_1_33' title='bbox 549 533 689 602; x_wconf 82' lang='lat' dir='ltr'><strong>reformat,</strong></span> <span class='ocrx_word' id='word_1_34' title='bbox 710 544 790 609; x_wconf 89' lang='lat' dir='ltr'><strong>atquc</strong></span> <span class='ocrx_word' id='word_1_35' title='bbox 810 538 860 591; x_wconf 89' lang='lat' dir='ltr'><strong>ba·</strong></span> <span class='ocrx_word' id='word_1_36' title='bbox 916 534 978 590; x_wconf 90' lang='lat' dir='ltr'><strong>dine</strong></span> <span class='ocrx_word' id='word_1_37' title='bbox 1004 532 1137 602; x_wconf 76' lang='lat' dir='ltr'><strong>sapientia</strong></span> <span class='ocrx_word' id='word_1_38' title='bbox 1164 529 1310 602; x_wconf 77' lang='lat' dir='ltr'><strong>insignivit.</strong></span> <span class='ocrx_word' id='word_1_39' title='bbox 1342 528 1424 586; x_wconf 90' lang='lat' dir='ltr'><strong>Novit</strong></span> <span class='ocrx_word' id='word_1_40' title='bbox 1446 529 1507 600; x_wconf 91' lang='lat' dir='ltr'><strong>quis</strong></span> <span class='ocrx_word' id='word_1_41' title='bbox 1531 525 1641 586; x_wconf 87' lang='lat' dir='ltr'><strong>ornatus</strong></span> <span class='ocrx_word' id='word_1_42' title='bbox 1664 531 1713 588; x_wconf 89' lang='lat' dir='ltr'><strong>tibi</strong></span> 
     </span>
     <span class='ocr_line' id='line_1_5' title="bbox 65 615 1715 695; baseline 0.004 -25"><span class='ocrx_word' id='word_1_43' title='bbox 65 615 193 670; x_wconf 89' lang='lat' dir='ltr'><strong>bentibus</strong></span> <span class='ocrx_word' id='word_1_44' title='bbox 208 625 233 670; x_wconf 90' lang='lat' dir='ltr'><strong>et</strong></span> <span class='ocrx_word' id='word_1_45' title='bbox 244 618 468 688; x_wconf 88' lang='lat' dir='ltr'><strong>repullulantibus</strong></span> <span class='ocrx_word' id='word_1_46' title='bbox 488 620 591 677; x_wconf 89' lang='lat' dir='ltr'><strong>naturis</strong></span> <span class='ocrx_word' id='word_1_47' title='bbox 612 622 765 692; x_wconf 87' lang='lat' dir='ltr'><strong>germinum</strong></span> <span class='ocrx_word' id='word_1_48' title='bbox 788 622 861 678; x_wconf 92' lang='lat' dir='ltr'><strong>anti·</strong></span> <span class='ocrx_word' id='word_1_49' title='bbox 915 621 1108 695; x_wconf 69' lang='lat' dir='ltr'><strong>competentior</strong></span> <span class='ocrx_word' id='word_1_50' title='bbox 1122 629 1193 677; x_wconf 87' lang='lat' dir='ltr'><strong>esset</strong></span> <span class='ocrx_word' id='word_1_51' title='bbox 1209 637 1216 674; x_wconf 77' lang='grc' dir='ltr'>ε</span> <span class='ocrx_word' id='word_1_52' title='bbox 1231 618 1349 691; x_wconf 89' lang='lat' dir='ltr'><strong>ideoque</strong></span> <span class='ocrx_word' id='word_1_53' title='bbox 1358 618 1433 675; x_wconf 88' lang='lat' dir='ltr'><strong>dedit</strong></span> <span class='ocrx_word' id='word_1_54' title='bbox 1444 618 1517 690; x_wconf 89' lang='lat' dir='ltr'><strong>quod</strong></span> <span class='ocrx_word' id='word_1_55' title='bbox 1530 626 1558 675; x_wconf 92' lang='lat' dir='ltr'><strong>te</strong></span> <span class='ocrx_word' id='word_1_56' title='bbox 1571 619 1715 686; x_wconf 86' lang='lat' dir='ltr'><strong>decuit,et</strong></span> 
     </span>
     <span class='ocr_line' id='line_1_6' title="bbox 64 703 1714 784; baseline 0.005 -27"><span class='ocrx_word' id='word_1_57' title='bbox 64 703 188 773; x_wconf 82' lang='lat' dir='ltr'><strong>quitatis,</strong></span> <span class='ocrx_word' id='word_1_58' title='bbox 199 705 329 760; x_wconf 88' lang='lat' dir='ltr'><strong>contiuua</strong></span> <span class='ocrx_word' id='word_1_59' title='bbox 342 706 392 761; x_wconf 86' lang='lat' dir='ltr'><strong>Dei</strong></span> <span class='ocrx_word' id='word_1_60' title='bbox 410 722 524 762; x_wconf 87' lang='lat' dir='ltr'><strong>munera</strong></span> <span class='ocrx_word' id='word_1_61' title='bbox 539 707 585 764; x_wconf 87' lang='lat' dir='ltr'><strong>tibi</strong></span> <span class='ocrx_word' id='word_1_62' title='bbox 613 708 743 767; x_wconf 88' lang='lat' dir='ltr'><strong>circuitus</strong></span> <span class='ocrx_word' id='word_1_63' title='bbox 756 718 862 784; x_wconf 89' lang='lat' dir='ltr'><strong>tempo·</strong></span> <span class='ocrx_word' id='word_1_64' title='bbox 915 711 943 765; x_wconf 92' lang='lat' dir='ltr'><strong>in</strong></span> <span class='ocrx_word' id='word_1_65' title='bbox 956 718 1072 781; x_wconf 89' lang='lat' dir='ltr'><strong>tautum,</strong></span> <span class='ocrx_word' id='word_1_66' title='bbox 1092 716 1121 765; x_wconf 95' lang='lat' dir='ltr'><strong>ut</strong></span> <span class='ocrx_word' id='word_1_67' title='bbox 1134 709 1213 764; x_wconf 89' lang='lat' dir='ltr'><strong>etiam</strong></span> <span class='ocrx_word' id='word_1_68' title='bbox 1227 715 1339 780; x_wconf 90' lang='lat' dir='ltr'><strong>propter</strong></span> <span class='ocrx_word' id='word_1_69' title='bbox 1351 708 1404 764; x_wconf 89' lang='lat' dir='ltr'><strong>hoc</strong></span> <span class='ocrx_word' id='word_1_70' title='bbox 1417 707 1475 777; x_wconf 88' lang='lat' dir='ltr'><strong>ipse</strong></span> <span class='ocrx_word' id='word_1_71' title='bbox 1490 717 1516 763; x_wconf 91' lang='lat' dir='ltr'><strong>te</strong></span> <span class='ocrx_word' id='word_1_72' title='bbox 1528 706 1653 781; x_wconf 75' lang='lat' dir='ltr'><strong>diligeret</strong></span> <span class='ocrx_word' id='word_1_73' title='bbox 1666 707 1714 780; x_wconf 83' lang='lat' dir='ltr'><strong>qui</strong></span> 
     </span>
    </p>
   </div>
   <div class='ocr_carea' id='block_1_3' title="bbox 64 793 865 1576">
    <p class='ocr_par' dir='ltr' id='par_1_3' title="bbox 64 793 865 1576">
     <span class='ocr_line' id='line_1_7' title="bbox 66 793 862 871; baseline 0.013 -27"><span class='ocrx_word' id='word_1_74' title='bbox 66 807 128 845; x_wconf 91' lang='lat' dir='ltr'><strong>rum</strong></span> <span class='ocrx_word' id='word_1_75' title='bbox 142 793 337 850; x_wconf 83' lang='lat' dir='ltr'><strong>subministrat.</strong></span> <span class='ocrx_word' id='word_1_76' title='bbox 356 794 539 867; x_wconf 84' lang='lat' dir='ltr'><strong>Recognosce,</strong></span> <span class='ocrx_word' id='word_1_77' title='bbox 558 797 659 868; x_wconf 89' lang='lat' dir='ltr'><strong>anima,</strong></span> <span class='ocrx_word' id='word_1_78' title='bbox 674 799 750 871; x_wconf 86' lang='lat' dir='ltr'><strong>quod</strong></span> <span class='ocrx_word' id='word_1_79' title='bbox 772 816 862 871; x_wconf 89' lang='lat' dir='ltr'><strong>quan·</strong></span> 
     </span>
     <span class='ocr_line' id='line_1_8' title="bbox 64 880 863 950; baseline 0.014 -17"><span class='ocrx_word' id='word_1_80' title='bbox 64 880 159 950; x_wconf 90' lang='lat' dir='ltr'><strong>doque</strong></span> <span class='ocrx_word' id='word_1_81' title='bbox 173 896 304 947; x_wconf 88' lang='lat' dir='ltr'><strong>noneras,</strong></span> <span class='ocrx_word' id='word_1_82' title='bbox 316 889 343 938; x_wconf 90' lang='lat' dir='ltr'><strong>et</strong></span> <span class='ocrx_word' id='word_1_83' title='bbox 359 882 444 939; x_wconf 76' lang='lat' dir='ltr'><strong>nvn</strong></span> <span class='ocrx_word' id='word_1_84' title='bbox 454 884 489 939; x_wconf 89' lang='lat' dir='ltr'><strong>ab</strong></span> <span class='ocrx_word' id='word_1_85' title='bbox 503 902 536 941; x_wconf 90' lang='lat' dir='ltr'><strong>eo</strong></span> <span class='ocrx_word' id='word_1_86' title='bbox 551 887 620 943; x_wconf 87' lang='lat' dir='ltr'><strong>iacta</strong></span> <span class='ocrx_word' id='word_1_87' title='bbox 632 904 672 943; x_wconf 85' lang='lat' dir='ltr'><strong>es.</strong></span> <span class='ocrx_word' id='word_1_88' title='bbox 688 887 762 944; x_wconf 90' lang='lat' dir='ltr'><strong>Nihil</strong></span> <span class='ocrx_word' id='word_1_89' title='bbox 777 888 803 944; x_wconf 89' lang='lat' dir='ltr'><strong>ei</strong></span> <span class='ocrx_word' id='word_1_90' title='bbox 817 887 863 944; x_wconf 88' lang='lat' dir='ltr'><strong>de-</strong></span> 
     </span>
     <span class='ocr_line' id='line_1_9' title="bbox 66 968 863 1047; baseline 0.013 -24"><span class='ocrx_word' id='word_1_91' title='bbox 66 968 143 1034; x_wconf 88' lang='lat' dir='ltr'><strong>disti,</strong></span> <span class='ocrx_word' id='word_1_92' title='bbox 157 980 186 1024; x_wconf 92' lang='lat' dir='ltr'><strong>ut</strong></span> <span class='ocrx_word' id='word_1_93' title='bbox 199 977 225 1025; x_wconf 86' lang='lat' dir='ltr'><strong>te</strong></span> <span class='ocrx_word' id='word_1_94' title='bbox 240 968 351 1026; x_wconf 85' lang='lat' dir='ltr'><strong>faceret.</strong></span> <span class='ocrx_word' id='word_1_95' title='bbox 366 972 440 1028; x_wconf 84' lang='lat' dir='ltr'><strong>Nihil</strong></span> <span class='ocrx_word' id='word_1_96' title='bbox 455 973 526 1028; x_wconf 90' lang='lat' dir='ltr'><strong>enim</strong></span> <span class='ocrx_word' id='word_1_97' title='bbox 540 975 605 1030; x_wconf 90' lang='lat' dir='ltr'><strong>dare</strong></span> <span class='ocrx_word' id='word_1_98' title='bbox 619 981 739 1046; x_wconf 90' lang='lat' dir='ltr'><strong>poteras,</strong></span> <span class='ocrx_word' id='word_1_99' title='bbox 751 977 863 1047; x_wconf 88' lang='lat' dir='ltr'><strong>quinon</strong></span> 
     </span>
     <span class='ocr_line' id='line_1_10' title="bbox 65 1058 861 1136; baseline 0.011 -24"><span class='ocrx_word' id='word_1_100' title='bbox 65 1073 137 1113; x_wconf 87' lang='lat' dir='ltr'><strong>eras.</strong></span> <span class='ocrx_word' id='word_1_101' title='bbox 158 1058 224 1113; x_wconf 90' lang='lat' dir='ltr'><strong>Cum</strong></span> <span class='ocrx_word' id='word_1_102' title='bbox 239 1070 329 1116; x_wconf 88' lang='lat' dir='ltr'><strong>autern</strong></span> <span class='ocrx_word' id='word_1_103' title='bbox 344 1060 440 1117; x_wconf 89' lang='lat' dir='ltr'><strong>melius</strong></span> <span class='ocrx_word' id='word_1_104' title='bbox 453 1069 525 1118; x_wconf 87' lang='lat' dir='ltr'><strong>esset</strong></span> <span class='ocrx_word' id='word_1_105' title='bbox 538 1079 609 1133; x_wconf 87' lang='lat' dir='ltr'><strong>esse,</strong></span> <span class='ocrx_word' id='word_1_106' title='bbox 623 1078 705 1136; x_wconf 86' lang='lat' dir='ltr'><strong>quam</strong></span> <span class='ocrx_word' id='word_1_107' title='bbox 720 1079 774 1121; x_wconf 90' lang='lat' dir='ltr'><strong>non</strong></span> <span class='ocrx_word' id='word_1_108' title='bbox 792 1081 861 1134; x_wconf 88' lang='lat' dir='ltr'><strong>esse,</strong></span> 
     </span>
     <span class='ocr_line' id='line_1_11' title="bbox 67 1146 863 1223; baseline 0.013 -24"><span class='ocrx_word' id='word_1_109' title='bbox 67 1146 155 1219; x_wconf 90' lang='lat' dir='ltr'><strong>gratis</strong></span> <span class='ocrx_word' id='word_1_110' title='bbox 169 1146 216 1201; x_wconf 89' lang='lat' dir='ltr'><strong>tibi</strong></span> <span class='ocrx_word' id='word_1_111' title='bbox 231 1162 292 1203; x_wconf 90' lang='lat' dir='ltr'><strong>esse</strong></span> <span class='ocrx_word' id='word_1_112' title='bbox 302 1149 417 1205; x_wconf 89' lang='lat' dir='ltr'><strong>contulit</strong></span> <span class='ocrx_word' id='word_1_113' title='bbox 431 1193 440 1221; x_wconf 91' lang='lat'><strong>,</strong></span> <span class='ocrx_word' id='word_1_114' title='bbox 455 1150 584 1208; x_wconf 84' lang='lat' dir='ltr'><strong>omnibus</strong></span> <span class='ocrx_word' id='word_1_115' title='bbox 600 1151 652 1208; x_wconf 89' lang='lat' dir='ltr'><strong>illis</strong></span> <span class='ocrx_word' id='word_1_116' title='bbox 669 1163 695 1208; x_wconf 90' lang='lat' dir='ltr'><strong>te</strong></span> <span class='ocrx_word' id='word_1_117' title='bbox 706 1152 863 1223; x_wconf 85' lang='lat' dir='ltr'><strong>praeierens,</strong></span> 
     </span>
     <span class='ocr_line' id='line_1_12' title="bbox 68 1236 865 1313; baseline 0.013 -24"><span class='ocrx_word' id='word_1_118' title='bbox 68 1251 131 1306; x_wconf 91' lang='lat' dir='ltr'><strong>quae</strong></span> <span class='ocrx_word' id='word_1_119' title='bbox 146 1236 179 1290; x_wconf 91' lang='lat' dir='ltr'><strong>de</strong></span> <span class='ocrx_word' id='word_1_120' title='bbox 189 1254 242 1291; x_wconf 91' lang='lat' dir='ltr'><strong>non</strong></span> <span class='ocrx_word' id='word_1_121' title='bbox 257 1252 316 1292; x_wconf 89' lang='lat' dir='ltr'><strong>ease</strong></span> <span class='ocrx_word' id='word_1_122' title='bbox 330 1239 366 1293; x_wconf 89' lang='lat' dir='ltr'><strong>ad</strong></span> <span class='ocrx_word' id='word_1_123' title='bbox 380 1254 436 1295; x_wconf 88' lang='lat' dir='ltr'><strong>esse</strong></span> <span class='ocrx_word' id='word_1_124' title='bbox 451 1241 728 1310; x_wconf 80' lang='lat' dir='ltr'><strong>poteratpnrduceru,</strong></span> <span class='ocrx_word' id='word_1_125' title='bbox 745 1258 865 1313; x_wconf 89' lang='lat' dir='ltr'><strong>nccper·</strong></span> 
     </span>
     <span class='ocr_line' id='line_1_13' title="bbox 69 1323 864 1397; baseline 0.011 -20"><span class='ocrx_word' id='word_1_126' title='bbox 69 1323 156 1378; x_wconf 79' lang='lat' dir='ltr'><strong>diruit.</strong></span> <span class='ocrx_word' id='word_1_127' title='bbox 177 1325 285 1394; x_wconf 69' lang='lat' dir='ltr'><strong>adjecit</strong></span> <span class='ocrx_word' id='word_1_128' title='bbox 297 1325 346 1380; x_wconf 94' lang='lat' dir='ltr'><strong>tibi</strong></span> <span class='ocrx_word' id='word_1_129' title='bbox 361 1330 479 1397; x_wconf 89' lang='lat' dir='ltr'><strong>speciem</strong></span> <span class='ocrx_word' id='word_1_130' title='bbox 497 1346 503 1381; x_wconf 93' lang='lat'>:</span> <span class='ocrx_word' id='word_1_131' title='bbox 523 1339 625 1385; x_wconf 88' lang='lat' dir='ltr'><strong>etcum</strong></span> <span class='ocrx_word' id='word_1_132' title='bbox 644 1331 761 1386; x_wconf 90' lang='lat' dir='ltr'><strong>essentia</strong></span> <span class='ocrx_word' id='word_1_133' title='bbox 771 1330 805 1386; x_wconf 91' lang='lat' dir='ltr'><strong>de</strong></span> <span class='ocrx_word' id='word_1_134' title='bbox 820 1330 864 1386; x_wconf 92' lang='lat' dir='ltr'><strong>ni-</strong></span> 
     </span>
     <span class='ocr_line' id='line_1_14' title="bbox 67 1412 864 1488; baseline 0.01 -23"><span class='ocrx_word' id='word_1_135' title='bbox 67 1412 126 1468; x_wconf 87' lang='lat' dir='ltr'><strong>hilo</strong></span> <span class='ocrx_word' id='word_1_136' title='bbox 140 1412 272 1483; x_wconf 84' lang='lat' dir='ltr'><strong>Prodierit</strong></span> <span class='ocrx_word' id='word_1_137' title='bbox 286 1416 319 1467; x_wconf 93' lang='lat' dir='ltr'><strong>de</strong></span> <span class='ocrx_word' id='word_1_138' title='bbox 333 1413 422 1486; x_wconf 89' lang='lat' dir='ltr'><strong>gratia</strong></span> <span class='ocrx_word' id='word_1_139' title='bbox 437 1414 582 1481; x_wconf 82' lang='lat' dir='ltr'><strong>Crantoris,</strong></span> <span class='ocrx_word' id='word_1_140' title='bbox 607 1416 665 1488; x_wconf 88' lang='lat' dir='ltr'><strong>ipse</strong></span> <span class='ocrx_word' id='word_1_141' title='bbox 677 1433 726 1472; x_wconf 88' lang='lat' dir='ltr'><strong>sua</strong></span> <span class='ocrx_word' id='word_1_142' title='bbox 740 1427 767 1472; x_wconf 88' lang='lat' dir='ltr'><strong>te</strong></span> <span class='ocrx_word' id='word_1_143' title='bbox 794 1417 864 1473; x_wconf 91' lang='lat' dir='ltr'><strong>ima-</strong></span> 
     </span>
     <span class='ocr_line' id='line_1_15' title="bbox 68 1498 863 1576; baseline 0.009 -22"><span class='ocrx_word' id='word_1_144' title='bbox 68 1498 134 1575; x_wconf 87' lang='lat' dir='ltr'><strong>gine</strong></span> <span class='ocrx_word' id='word_1_145' title='bbox 148 1508 175 1555; x_wconf 91' lang='lat' dir='ltr'><strong>et</strong></span> <span class='ocrx_word' id='word_1_146' title='bbox 187 1500 363 1557; x_wconf 83' lang='lat' dir='ltr'><strong>similitudine</strong></span> <span class='ocrx_word' id='word_1_147' title='bbox 377 1501 524 1574; x_wconf 68' lang='lat' dir='ltr'><strong>insignivit,</strong></span> <span class='ocrx_word' id='word_1_148' title='bbox 541 1511 569 1559; x_wconf 92' lang='lat' dir='ltr'><strong>et</strong></span> <span class='ocrx_word' id='word_1_149' title='bbox 583 1504 707 1560; x_wconf 81' lang='lat' dir='ltr'><strong>adhibuit</strong></span> <span class='ocrx_word' id='word_1_150' title='bbox 725 1521 785 1561; x_wconf 89' lang='lat' dir='ltr'><strong>eum</strong></span> <span class='ocrx_word' id='word_1_151' title='bbox 799 1508 863 1576; x_wconf 90' lang='lat' dir='ltr'><strong>pul-</strong></span> 
     </span>
    </p>
   </div>
   <div class='ocr_carea' id='block_1_4' title="bbox 916 795 1716 1576">
    <p class='ocr_par' dir='ltr' id='par_1_4' title="bbox 916 795 1716 1576">
     <span class='ocr_line' id='line_1_16' title="bbox 916 795 1711 865; baseline -0.004 -10"><span class='ocrx_word' id='word_1_152' title='bbox 916 801 969 858; x_wconf 93' lang='lat' dir='ltr'><strong>hoc</strong></span> <span class='ocrx_word' id='word_1_153' title='bbox 982 798 1067 855; x_wconf 89' lang='lat' dir='ltr'><strong>dedit.</strong></span> <span class='ocrx_word' id='word_1_154' title='bbox 1081 797 1150 854; x_wconf 85' lang='lat' dir='ltr'><strong>Sane</strong></span> <span class='ocrx_word' id='word_1_155' title='bbox 1165 798 1259 854; x_wconf 88' lang='lat' dir='ltr'><strong>insana</strong></span> <span class='ocrx_word' id='word_1_156' title='bbox 1276 813 1315 863; x_wconf 88' lang='lat' dir='ltr'><strong>es,</strong></span> <span class='ocrx_word' id='word_1_157' title='bbox 1331 795 1354 852; x_wconf 90' lang='lat' dir='ltr'><strong>si</strong></span> <span class='ocrx_word' id='word_1_158' title='bbox 1369 812 1429 852; x_wconf 91' lang='lat' dir='ltr'><strong>eum</strong></span> <span class='ocrx_word' id='word_1_159' title='bbox 1444 795 1616 852; x_wconf 81' lang='lat' dir='ltr'><strong>mediocriter</strong></span> <span class='ocrx_word' id='word_1_160' title='bbox 1629 811 1711 865; x_wconf 81' lang='lat' dir='ltr'><strong>amas,</strong></span> 
     </span>
     <span class='ocr_line' id='line_1_17' title="bbox 916 886 1713 962; baseline -0.001 -18"><span class='ocrx_word' id='word_1_161' title='bbox 916 889 962 962; x_wconf 91' lang='lat' dir='ltr'><strong>qui</strong></span> <span class='ocrx_word' id='word_1_162' title='bbox 977 896 1004 944; x_wconf 90' lang='lat' dir='ltr'><strong>te</strong></span> <span class='ocrx_word' id='word_1_163' title='bbox 1018 895 1092 943; x_wconf 89' lang='lat' dir='ltr'><strong>tanto</strong></span> <span class='ocrx_word' id='word_1_164' title='bbox 1106 902 1200 943; x_wconf 90' lang='lat' dir='ltr'><strong>amore</strong></span> <span class='ocrx_word' id='word_1_165' title='bbox 1213 886 1353 958; x_wconf 78' lang='lat' dir='ltr'><strong>praevenit,</strong></span> <span class='ocrx_word' id='word_1_166' title='bbox 1368 887 1414 957; x_wconf 91' lang='lat' dir='ltr'><strong>qui</strong></span> <span class='ocrx_word' id='word_1_167' title='bbox 1433 893 1505 942; x_wconf 89' lang='lat' dir='ltr'><strong>tanta</strong></span> <span class='ocrx_word' id='word_1_168' title='bbox 1529 893 1557 941; x_wconf 91' lang='lat' dir='ltr'><strong>et</strong></span> <span class='ocrx_word' id='word_1_169' title='bbox 1571 892 1624 941; x_wconf 90' lang='lat' dir='ltr'><strong>tam</strong></span> <span class='ocrx_word' id='word_1_170' title='bbox 1648 900 1713 956; x_wconf 84' lang='lat' dir='ltr'><strong>pre·</strong></span> 
     </span>
     <span class='ocr_line' id='line_1_18' title="bbox 917 973 1713 1047; baseline -0.003 -15"><span class='ocrx_word' id='word_1_171' title='bbox 917 977 987 1033; x_wconf 88' lang='lat' dir='ltr'><strong>tiosa</strong></span> <span class='ocrx_word' id='word_1_172' title='bbox 1000 975 1129 1046; x_wconf 87' lang='lat' dir='ltr'><strong>largiens,</strong></span> <span class='ocrx_word' id='word_1_173' title='bbox 1145 975 1246 1045; x_wconf 85' lang='lat' dir='ltr'><strong>majora</strong></span> <span class='ocrx_word' id='word_1_174' title='bbox 1263 974 1343 1030; x_wconf 89' lang='lat' dir='ltr'><strong>etiam</strong></span> <span class='ocrx_word' id='word_1_175' title='bbox 1366 973 1494 1047; x_wconf 80' lang='lat' dir='ltr'><strong>diligenti</strong></span> <span class='ocrx_word' id='word_1_176' title='bbox 1513 990 1543 1029; x_wconf 88' lang='lat' dir='ltr'><strong>se</strong></span> <span class='ocrx_word' id='word_1_177' title='bbox 1559 973 1713 1046; x_wconf 86' lang='lat' dir='ltr'><strong>pollicetur,</strong></span> 
     </span>
     <span class='ocr_line' id='line_1_19' title="bbox 918 1061 1716 1136; baseline -0.001 -17"><span class='ocrx_word' id='word_1_178' title='bbox 918 1080 982 1136; x_wconf 84' lang='lat' dir='ltr'><strong>quae</strong></span> <span class='ocrx_word' id='word_1_179' title='bbox 991 1080 1042 1121; x_wconf 90' lang='lat' dir='ltr'><strong>nec</strong></span> <span class='ocrx_word' id='word_1_180' title='bbox 1051 1064 1147 1121; x_wconf 86' lang='lat' dir='ltr'><strong>oculus</strong></span> <span class='ocrx_word' id='word_1_181' title='bbox 1156 1062 1233 1133; x_wconf 85' lang='lat' dir='ltr'><strong>vidit,</strong></span> <span class='ocrx_word' id='word_1_182' title='bbox 1245 1079 1295 1119; x_wconf 89' lang='lat' dir='ltr'><strong>neo</strong></span> <span class='ocrx_word' id='word_1_183' title='bbox 1304 1062 1377 1118; x_wconf 90' lang='lat' dir='ltr'><strong>auris</strong></span> <span class='ocrx_word' id='word_1_184' title='bbox 1386 1062 1505 1133; x_wconf 90' lang='lat' dir='ltr'><strong>audivit;</strong></span> <span class='ocrx_word' id='word_1_185' title='bbox 1521 1077 1638 1134; x_wconf 89' lang='lat' dir='ltr'><strong>quorum</strong></span> <span class='ocrx_word' id='word_1_186' title='bbox 1646 1061 1716 1118; x_wconf 84' lang='lat' dir='ltr'><strong>resti·</strong></span> 
     </span>
     <span class='ocr_line' id='line_1_20' title="bbox 918 1148 1714 1222; baseline -0.001 -15"><span class='ocrx_word' id='word_1_187' title='bbox 918 1152 1002 1209; x_wconf 89' lang='lat' dir='ltr'><strong>matio</strong></span> <span class='ocrx_word' id='word_1_188' title='bbox 1016 1151 1043 1206; x_wconf 90' lang='lat' dir='ltr'><strong>in</strong></span> <span class='ocrx_word' id='word_1_189' title='bbox 1058 1168 1104 1208; x_wconf 91' lang='lat' dir='ltr'><strong>eor</strong></span> <span class='ocrx_word' id='word_1_190' title='bbox 1115 1150 1233 1209; x_wconf 92' lang='lat' dir='ltr'><strong>hominis</strong></span> <span class='ocrx_word' id='word_1_191' title='bbox 1246 1165 1302 1206; x_wconf 91' lang='lat' dir='ltr'><strong>non</strong></span> <span class='ocrx_word' id='word_1_192' title='bbox 1316 1148 1437 1206; x_wconf 83' lang='lat' dir='ltr'><strong>aseendit</strong></span> <span class='ocrx_word' id='word_1_193' title='bbox 1450 1151 1478 1221; x_wconf 87' lang='lat'><strong>(1</strong></span> <span class='ocrx_word' id='word_1_194' title='bbox 1490 1150 1552 1206; x_wconf 83' lang='lat' dir='ltr'><strong>Cor.</strong></span> <span class='ocrx_word' id='word_1_195' title='bbox 1568 1165 1600 1222; x_wconf 89' lang='grc' dir='ltr'><strong>ιι,</strong></span> <span class='ocrx_word' id='word_1_196' title='bbox 1620 1149 1659 1220; x_wconf 84' lang='grc'><strong>9).</strong></span> <span class='ocrx_word' id='word_1_197' title='bbox 1672 1149 1714 1206; x_wconf 83' lang='lat' dir='ltr'><strong>Rx</strong></span> 
     </span>
     <span class='ocr_line' id='line_1_21' title="bbox 918 1237 1714 1312; baseline -0.005 -14"><span class='ocrx_word' id='word_1_198' title='bbox 918 1244 978 1312; x_wconf 87' lang='lat' dir='ltr'><strong>ejus</strong></span> <span class='ocrx_word' id='word_1_199' title='bbox 992 1256 1102 1298; x_wconf 90' lang='lat' dir='ltr'><strong>munere</strong></span> <span class='ocrx_word' id='word_1_200' title='bbox 1116 1255 1227 1310; x_wconf 88' lang='lat' dir='ltr'><strong>pensare</strong></span> <span class='ocrx_word' id='word_1_201' title='bbox 1238 1237 1347 1305; x_wconf 91' lang='lat' dir='ltr'><strong>teneris,</strong></span> <span class='ocrx_word' id='word_1_202' title='bbox 1358 1247 1489 1311; x_wconf 89' lang='lat' dir='ltr'><strong>quantum</strong></span> <span class='ocrx_word' id='word_1_203' title='bbox 1503 1238 1538 1295; x_wconf 86' lang='lat' dir='ltr'><strong>sit</strong></span> <span class='ocrx_word' id='word_1_204' title='bbox 1547 1237 1714 1311; x_wconf 85' lang='lat' dir='ltr'><strong>diligendus,</strong></span> 
     </span>
     <span class='ocr_line' id='line_1_22' title="bbox 919 1325 1715 1402; baseline -0.003 -17"><span class='ocrx_word' id='word_1_205' title='bbox 919 1329 966 1402; x_wconf 89' lang='lat' dir='ltr'><strong>qni</strong></span> <span class='ocrx_word' id='word_1_206' title='bbox 982 1338 1085 1385; x_wconf 88' lang='lat' dir='ltr'><strong>tantum</strong></span> <span class='ocrx_word' id='word_1_207' title='bbox 1099 1327 1203 1400; x_wconf 84' lang='lat' dir='ltr'><strong>ditigit;</strong></span> <span class='ocrx_word' id='word_1_208' title='bbox 1221 1334 1251 1382; x_wconf 92' lang='lat' dir='ltr'><strong>ut</strong></span> <span class='ocrx_word' id='word_1_209' title='bbox 1265 1341 1319 1383; x_wconf 91' lang='lat' dir='ltr'><strong>nou</strong></span> <span class='ocrx_word' id='word_1_210' title='bbox 1343 1334 1446 1382; x_wconf 77' lang='lat' dir='ltr'><strong>uatum</strong></span> <span class='ocrx_word' id='word_1_211' title='bbox 1462 1325 1647 1393; x_wconf 86' lang='lat' dir='ltr'><strong>temerarium,</strong></span> <span class='ocrx_word' id='word_1_212' title='bbox 1668 1326 1715 1383; x_wconf 84' lang='lat' dir='ltr'><strong>sed</strong></span> 
     </span>
     <span class='ocr_line' id='line_1_23' title="bbox 919 1414 1715 1489; baseline -0.003 -15"><span class='ocrx_word' id='word_1_213' title='bbox 919 1418 998 1474; x_wconf 90' lang='lat' dir='ltr'><strong>etiam</strong></span> <span class='ocrx_word' id='word_1_214' title='bbox 1012 1415 1147 1473; x_wconf 85' lang='lat' dir='ltr'><strong>nefarium</strong></span> <span class='ocrx_word' id='word_1_215' title='bbox 1163 1416 1264 1472; x_wconf 89' lang='lat' dir='ltr'><strong>debeas</strong></span> <span class='ocrx_word' id='word_1_216' title='bbox 1284 1424 1410 1489; x_wconf 88' lang='lat' dir='ltr'><strong>reputare</strong></span> <span class='ocrx_word' id='word_1_217' title='bbox 1423 1431 1478 1473; x_wconf 91' lang='lat' dir='ltr'><strong>non</strong></span> <span class='ocrx_word' id='word_1_218' title='bbox 1493 1415 1582 1472; x_wconf 90' lang='lat' dir='ltr'><strong>solum</strong></span> <span class='ocrx_word' id='word_1_219' title='bbox 1597 1414 1715 1488; x_wconf 86' lang='lat' dir='ltr'><strong>diligen·</strong></span> 
     </span>
     <span class='ocr_line' id='line_1_24' title="bbox 920 1504 1716 1576; baseline -0.006 -11"><span class='ocrx_word' id='word_1_220' title='bbox 920 1518 973 1565; x_wconf 91' lang='lat' dir='ltr'><strong>tem</strong></span> <span class='ocrx_word' id='word_1_221' title='bbox 990 1521 1045 1563; x_wconf 90' lang='lat' dir='ltr'><strong>aon</strong></span> <span class='ocrx_word' id='word_1_222' title='bbox 1060 1505 1184 1576; x_wconf 89' lang='lat' dir='ltr'><strong>diligere,</strong></span> <span class='ocrx_word' id='word_1_223' title='bbox 1199 1504 1246 1562; x_wconf 86' lang='lat' dir='ltr'><strong>sed</strong></span> <span class='ocrx_word' id='word_1_224' title='bbox 1261 1504 1338 1571; x_wconf 90' lang='lat' dir='ltr'><strong>tanti,</strong></span> <span class='ocrx_word' id='word_1_225' title='bbox 1358 1514 1412 1561; x_wconf 91' lang='lat' dir='ltr'><strong>tam</strong></span> <span class='ocrx_word' id='word_1_226' title='bbox 1426 1504 1558 1576; x_wconf 89' lang='lat' dir='ltr'><strong>putentis,</strong></span> <span class='ocrx_word' id='word_1_227' title='bbox 1572 1512 1629 1559; x_wconf 71' lang='lat' dir='ltr'><strong>um</strong></span> <span class='ocrx_word' id='word_1_228' title='bbox 1643 1518 1716 1575; x_wconf 81' lang='lat' dir='ltr'><strong>prae·</strong></span> 
     </span>
    </p>
   </div>
   <div class='ocr_carea' id='block_1_5' title="bbox 23 1588 1804 5642">
    <p class='ocr_par' dir='ltr' id='par_1_5' title="bbox 23 1588 1804 5642">
     <span class='ocr_line' id='line_1_25' title="bbox 68 1588 1717 1665; baseline 0.004 -22"><span class='ocrx_word' id='word_1_229' title='bbox 68 1588 222 1646; x_wconf 70' lang='lat' dir='ltr'><strong>caritudine</strong></span> <span class='ocrx_word' id='word_1_230' title='bbox 237 1589 327 1645; x_wconf 84' lang='lat' dir='ltr'><strong>vitam.</strong></span> <span class='ocrx_word' id='word_1_231' title='bbox 344 1591 418 1647; x_wconf 93' lang='lat' dir='ltr'><strong>Unde</strong></span> <span class='ocrx_word' id='word_1_232' title='bbox 434 1600 506 1647; x_wconf 92' lang='lat' dir='ltr'><strong>tanta</strong></span> <span class='ocrx_word' id='word_1_233' title='bbox 518 1603 545 1648; x_wconf 92' lang='lat' dir='ltr'><strong>et</strong></span> <span class='ocrx_word' id='word_1_234' title='bbox 559 1600 613 1647; x_wconf 90' lang='lat' dir='ltr'><strong>tam</strong></span> <span class='ocrx_word' id='word_1_235' title='bbox 627 1593 754 1665; x_wconf 90' lang='lat' dir='ltr'><strong>gratuita,</strong></span> <span class='ocrx_word' id='word_1_236' title='bbox 769 1603 796 1651; x_wconf 90' lang='lat' dir='ltr'><strong>et</strong></span> <span class='ocrx_word' id='word_1_237' title='bbox 811 1605 864 1651; x_wconf 91' lang='lat' dir='ltr'><strong>tam</strong></span> <span class='ocrx_word' id='word_1_238' title='bbox 919 1594 1041 1653; x_wconf 75' lang='lat' dir='ltr'><strong>callentis</strong></span> <span class='ocrx_word' id='word_1_239' title='bbox 1062 1609 1181 1650; x_wconf 84' lang='lat' dir='ltr'><strong>amorem</strong></span> <span class='ocrx_word' id='word_1_240' title='bbox 1206 1592 1270 1650; x_wconf 88' lang='lat' dir='ltr'><strong>totis</strong></span> <span class='ocrx_word' id='word_1_241' title='bbox 1281 1593 1442 1660; x_wconf 88' lang='lat' dir='ltr'><strong>visceribus,</strong></span> <span class='ocrx_word' id='word_1_242' title='bbox 1459 1593 1524 1650; x_wconf 92' lang='lat' dir='ltr'><strong>totis</strong></span> <span class='ocrx_word' id='word_1_243' title='bbox 1537 1592 1717 1651; x_wconf 84' lang='lat' dir='ltr'><strong>interioribus</strong></span> 
     </span>
     <span class='ocr_line' id='line_1_26' title="bbox 68 1638 1718 1757; baseline 0.004 -26"><span class='ocrx_word' id='word_1_244' title='bbox 68 1677 195 1734; x_wconf 88' lang='lat' dir='ltr'><strong>inaudita</strong></span> <span class='ocrx_word' id='word_1_245' title='bbox 208 1678 339 1752; x_wconf 88' lang='lat' dir='ltr'><strong>dignatio,</strong></span> <span class='ocrx_word' id='word_1_246' title='bbox 354 1690 384 1735; x_wconf 90' lang='lat' dir='ltr'><strong>ut</strong></span> <span class='ocrx_word' id='word_1_247' title='bbox 399 1681 479 1736; x_wconf 86' lang='lat' dir='ltr'><strong>heres</strong></span> <span class='ocrx_word' id='word_1_248' title='bbox 492 1681 526 1736; x_wconf 90' lang='lat' dir='ltr'><strong>ad</strong></span> <span class='ocrx_word' id='word_1_249' title='bbox 540 1680 684 1753; x_wconf 86' lang='lat' dir='ltr'><strong>imaginem</strong></span> <span class='ocrx_word' id='word_1_250' title='bbox 698 1695 725 1738; x_wconf 90' lang='lat' dir='ltr'><strong>et</strong></span> <span class='ocrx_word' id='word_1_251' title='bbox 738 1682 865 1739; x_wconf 89' lang='lat' dir='ltr'><strong>similitu·</strong></span> <span class='ocrx_word' id='word_1_252' title='bbox 881 1638 904 1716; x_wconf 69' lang='grc' dir='ltr'><strong>Β</strong></span> <span class='ocrx_word' id='word_1_253' title='bbox 922 1682 1076 1757; x_wconf 68' lang='lat' dir='ltr'><strong>precordiis</strong></span> <span class='ocrx_word' id='word_1_254' title='bbox 1090 1697 1144 1738; x_wconf 93' lang='lat' dir='ltr'><strong>non</strong></span> <span class='ocrx_word' id='word_1_255' title='bbox 1157 1681 1292 1752; x_wconf 88' lang='lat' dir='ltr'><strong>amplecti.</strong></span> <span class='ocrx_word' id='word_1_256' title='bbox 1309 1680 1436 1737; x_wconf 88' lang='lat' dir='ltr'><strong>Omnium</strong></span> <span class='ocrx_word' id='word_1_257' title='bbox 1458 1680 1661 1754; x_wconf 89' lang='lat' dir='ltr'><strong>pulcherrimus</strong></span> <span class='ocrx_word' id='word_1_258' title='bbox 1675 1687 1718 1738; x_wconf 87' lang='lat' dir='ltr'><strong>est</strong></span> 
     </span>
     <span class='ocr_line' id='line_1_27' title="bbox 69 1765 1719 1844; baseline 0.003 -24"><span class='ocrx_word' id='word_1_259' title='bbox 69 1765 164 1822; x_wconf 88' lang='lat' dir='ltr'><strong>dinem</strong></span> <span class='ocrx_word' id='word_1_260' title='bbox 177 1768 239 1836; x_wconf 85' lang='lat' dir='ltr'><strong>ejus</strong></span> <span class='ocrx_word' id='word_1_261' title='bbox 254 1767 333 1837; x_wconf 81' lang='lat' dir='ltr'><strong>(Gerr.</strong></span> <span class='ocrx_word' id='word_1_262' title='bbox 350 1783 371 1836; x_wconf 92' lang='lat'><strong>1,</strong></span> <span class='ocrx_word' id='word_1_263' title='bbox 387 1769 441 1839; x_wconf 72' lang='lat'><strong>27),</strong></span> <span class='ocrx_word' id='word_1_264' title='bbox 458 1768 511 1823; x_wconf 91' lang='lat' dir='ltr'><strong>nisi</strong></span> <span class='ocrx_word' id='word_1_265' title='bbox 524 1779 554 1825; x_wconf 90' lang='lat' dir='ltr'><strong>ut</strong></span> <span class='ocrx_word' id='word_1_266' title='bbox 567 1768 657 1825; x_wconf 91' lang='lat' dir='ltr'><strong>simile</strong></span> <span class='ocrx_word' id='word_1_267' title='bbox 672 1781 747 1827; x_wconf 93' lang='lat' dir='ltr'><strong>tunm</strong></span> <span class='ocrx_word' id='word_1_268' title='bbox 771 1771 867 1843; x_wconf 90' lang='lat' dir='ltr'><strong>dilige·</strong></span> <span class='ocrx_word' id='word_1_269' title='bbox 922 1787 1048 1844; x_wconf 90' lang='lat' dir='ltr'><strong>sponsus,</strong></span> <span class='ocrx_word' id='word_1_270' title='bbox 1064 1770 1204 1842; x_wconf 88' lang='lat' dir='ltr'><strong>speciosus</strong></span> <span class='ocrx_word' id='word_1_271' title='bbox 1217 1770 1305 1826; x_wconf 84' lang='lat' dir='ltr'><strong>iactus</strong></span> <span class='ocrx_word' id='word_1_272' title='bbox 1317 1785 1375 1841; x_wconf 78' lang='lat' dir='ltr'><strong>pre</strong></span> <span class='ocrx_word' id='word_1_273' title='bbox 1397 1769 1459 1825; x_wconf 86' lang='lat' dir='ltr'><strong>filiis</strong></span> <span class='ocrx_word' id='word_1_274' title='bbox 1478 1769 1629 1829; x_wconf 88' lang='lat' dir='ltr'><strong>bominum.</strong></span> <span class='ocrx_word' id='word_1_275' title='bbox 1648 1770 1719 1825; x_wconf 76' lang='lat' dir='ltr'><strong>hura</strong></span> 
     </span>
     <span class='ocr_line' id='line_1_28' title="bbox 71 1855 1718 1933; baseline 0.003 -25"><span class='ocrx_word' id='word_1_276' title='bbox 71 1869 126 1922; x_wconf 87' lang='lat' dir='ltr'><strong>res,</strong></span> <span class='ocrx_word' id='word_1_277' title='bbox 142 1863 169 1910; x_wconf 91' lang='lat' dir='ltr'><strong>et</strong></span> <span class='ocrx_word' id='word_1_278' title='bbox 183 1855 221 1927; x_wconf 81' lang='lat' dir='ltr'><strong>ei,</strong></span> <span class='ocrx_word' id='word_1_279' title='bbox 234 1856 279 1926; x_wconf 74' lang='lat' dir='ltr'><strong>urii</strong></span> <span class='ocrx_word' id='word_1_280' title='bbox 294 1865 320 1911; x_wconf 94' lang='lat' dir='ltr'><strong>te</strong></span> <span class='ocrx_word' id='word_1_281' title='bbox 333 1858 450 1927; x_wconf 88' lang='lat' dir='ltr'><strong>gratuita</strong></span> <span class='ocrx_word' id='word_1_282' title='bbox 465 1855 610 1914; x_wconf 87' lang='lat' dir='ltr'><strong>dilectione</strong></span> <span class='ocrx_word' id='word_1_283' title='bbox 632 1860 771 1932; x_wconf 78' lang='lat' dir='ltr'><strong>prevenit,</strong></span> <span class='ocrx_word' id='word_1_284' title='bbox 795 1860 866 1916; x_wconf 90' lang='lat' dir='ltr'><strong>dile·</strong></span> <span class='ocrx_word' id='word_1_285' title='bbox 922 1862 1067 1932; x_wconf 88' lang='lat' dir='ltr'><strong>Sponsum,</strong></span> <span class='ocrx_word' id='word_1_286' title='bbox 1085 1874 1145 1915; x_wconf 90' lang='lat' dir='ltr'><strong>ama</strong></span> <span class='ocrx_word' id='word_1_287' title='bbox 1163 1858 1263 1933; x_wconf 83' lang='lat' dir='ltr'><strong>Regem</strong></span> <span class='ocrx_word' id='word_1_288' title='bbox 1277 1857 1304 1912; x_wconf 94' lang='lat' dir='ltr'><strong>in</strong></span> <span class='ocrx_word' id='word_1_289' title='bbox 1319 1859 1418 1915; x_wconf 89' lang='lat' dir='ltr'><strong>decore</strong></span> <span class='ocrx_word' id='word_1_290' title='bbox 1441 1871 1501 1926; x_wconf 92' lang='lat' dir='ltr'><strong>suo,</strong></span> <span class='ocrx_word' id='word_1_291' title='bbox 1516 1858 1618 1930; x_wconf 80' lang='lat' dir='ltr'><strong>Regem</strong></span> <span class='ocrx_word' id='word_1_292' title='bbox 1631 1857 1718 1916; x_wconf 84' lang='lat' dir='ltr'><strong>virtu·</strong></span> 
     </span>
     <span class='ocr_line' id='line_1_29' title="bbox 70 1943 1720 2021; baseline 0.004 -24"><span class='ocrx_word' id='word_1_293' title='bbox 70 1943 162 1998; x_wconf 88' lang='lat' dir='ltr'><strong>ctione</strong></span> <span class='ocrx_word' id='word_1_294' title='bbox 177 1956 269 1998; x_wconf 85' lang='lat' dir='ltr'><strong>mutua</strong></span> <span class='ocrx_word' id='word_1_295' title='bbox 283 1945 489 2004; x_wconf 75' lang='lat' dir='ltr'><strong>conformares?</strong></span> <span class='ocrx_word' id='word_1_296' title='bbox 924 1958 991 2017; x_wconf 91' lang='lat' dir='ltr'><strong>turn,</strong></span> <span class='ocrx_word' id='word_1_297' title='bbox 1011 1948 1119 2021; x_wconf 91' lang='lat' dir='ltr'><strong>plenum</strong></span> <span class='ocrx_word' id='word_1_298' title='bbox 1135 1947 1263 2021; x_wconf 82' lang='lat' dir='ltr'><strong>gratiaeet</strong></span> <span class='ocrx_word' id='word_1_299' title='bbox 1277 1945 1409 2018; x_wconf 83' lang='lat' dir='ltr'><strong>veritatis,</strong></span> <span class='ocrx_word' id='word_1_300' title='bbox 1424 1953 1583 2004; x_wconf 87' lang='lat' dir='ltr'><strong>coronatum</strong></span> <span class='ocrx_word' id='word_1_301' title='bbox 1596 1945 1720 2020; x_wconf 78' lang='lat' dir='ltr'><strong>glutinet</strong></span> 
     </span>
     <span class='ocr_line' id='line_1_30' title="bbox 105 2030 1376 2106; baseline 0.006 -21"><span class='ocrx_word' id='word_1_302' title='bbox 105 2035 154 2085; x_wconf 82' lang='grc'><strong>68.</strong></span> <span class='ocrx_word' id='word_1_303' title='bbox 172 2030 203 2084; x_wconf 90' lang='lat' dir='ltr'><strong>Ei</strong></span> <span class='ocrx_word' id='word_1_304' title='bbox 220 2046 285 2099; x_wconf 88' lang='lat' dir='ltr'><strong>ergo</strong></span> <span class='ocrx_word' id='word_1_305' title='bbox 299 2047 345 2087; x_wconf 89' lang='lat' dir='ltr'><strong>cor</strong></span> <span class='ocrx_word' id='word_1_306' title='bbox 367 2044 395 2089; x_wconf 92' lang='lat' dir='ltr'><strong>et</strong></span> <span class='ocrx_word' id='word_1_307' title='bbox 412 2032 591 2091; x_wconf 89' lang='lat' dir='ltr'><strong>medullarum</strong></span> <span class='ocrx_word' id='word_1_308' title='bbox 612 2043 718 2091; x_wconf 88' lang='lat' dir='ltr'><strong>tuarum</strong></span> <span class='ocrx_word' id='word_1_309' title='bbox 742 2036 870 2093; x_wconf 90' lang='lat' dir='ltr'><strong>interiora</strong></span> <span class='ocrx_word' id='word_1_310' title='bbox 925 2038 1040 2106; x_wconf 90' lang='lat' dir='ltr'><strong>honore,</strong></span> <span class='ocrx_word' id='word_1_311' title='bbox 1056 2036 1202 2093; x_wconf 90' lang='lat' dir='ltr'><strong>Dominum</strong></span> <span class='ocrx_word' id='word_1_312' title='bbox 1215 2035 1376 2105; x_wconf 89' lang='lat' dir='ltr'><strong>majestatis.</strong></span> 
     </span>
     <span class='ocr_line' id='line_1_31' title="bbox 72 2118 1723 2195; baseline 0.005 -23"><span class='ocrx_word' id='word_1_313' title='bbox 72 2119 174 2173; x_wconf 78' lang='lat' dir='ltr'><strong>exhibe</strong></span> <span class='ocrx_word' id='word_1_314' title='bbox 188 2119 220 2172; x_wconf 91' lang='lat' dir='ltr'><strong>ad</strong></span> <span class='ocrx_word' id='word_1_315' title='bbox 237 2118 416 2191; x_wconf 89' lang='lat' dir='ltr'><strong>diligendum,</strong></span> <span class='ocrx_word' id='word_1_316' title='bbox 431 2121 516 2190; x_wconf 89' lang='lat' dir='ltr'><strong>quite</strong></span> <span class='ocrx_word' id='word_1_317' title='bbox 530 2120 645 2194; x_wconf 89' lang='lat' dir='ltr'><strong>diligere</strong></span> <span class='ocrx_word' id='word_1_318' title='bbox 672 2123 870 2195; x_wconf 83' lang='lat' dir='ltr'><strong>dignatusest,</strong></span> <span class='ocrx_word' id='word_1_319' title='bbox 959 2128 1006 2182; x_wconf 76' lang='lat'><strong>70.</strong></span> <span class='ocrx_word' id='word_1_320' title='bbox 1030 2124 1188 2194; x_wconf 78' lang='lat' dir='ltr'><strong>concupivit</strong></span> <span class='ocrx_word' id='word_1_321' title='bbox 1208 2124 1265 2180; x_wconf 90' lang='lat' dir='ltr'><strong>Rex</strong></span> <span class='ocrx_word' id='word_1_322' title='bbox 1289 2125 1418 2182; x_wconf 89' lang='lat' dir='ltr'><strong>decorem</strong></span> <span class='ocrx_word' id='word_1_323' title='bbox 1442 2131 1527 2194; x_wconf 91' lang='lat' dir='ltr'><strong>tuum,</strong></span> <span class='ocrx_word' id='word_1_324' title='bbox 1557 2133 1584 2180; x_wconf 90' lang='lat' dir='ltr'><strong>et</strong></span> <span class='ocrx_word' id='word_1_325' title='bbox 1608 2136 1723 2180; x_wconf 81' lang='lat' dir='ltr'><strong>munera</strong></span> 
     </span>
     <span class='ocr_line' id='line_1_32' title="bbox 72 2207 1722 2287; baseline 0.002 -25"><span class='ocrx_word' id='word_1_326' title='bbox 72 2208 141 2262; x_wconf 91' lang='lat' dir='ltr'><strong>nihil</strong></span> <span class='ocrx_word' id='word_1_327' title='bbox 156 2215 245 2261; x_wconf 86' lang='lat' dir='ltr'><strong>tanren</strong></span> <span class='ocrx_word' id='word_1_328' title='bbox 259 2208 286 2262; x_wconf 91' lang='lat' dir='ltr'><strong>in</strong></span> <span class='ocrx_word' id='word_1_329' title='bbox 301 2213 328 2263; x_wconf 88' lang='lat' dir='ltr'><strong>te</strong></span> <span class='ocrx_word' id='word_1_330' title='bbox 341 2207 481 2278; x_wconf 88' lang='lat' dir='ltr'><strong>reperiens</strong></span> <span class='ocrx_word' id='word_1_331' title='bbox 495 2208 677 2283; x_wconf 87' lang='lat' dir='ltr'><strong>diligendum.</strong></span> <span class='ocrx_word' id='word_1_332' title='bbox 691 2213 761 2267; x_wconf 83' lang='lat' dir='ltr'><strong>Ama</strong></span> <span class='ocrx_word' id='word_1_333' title='bbox 783 2212 872 2282; x_wconf 83' lang='lat' dir='ltr'><strong>signa·</strong></span> <span class='ocrx_word' id='word_1_334' title='bbox 925 2214 1023 2287; x_wconf 90' lang='lat' dir='ltr'><strong>quibus</strong></span> <span class='ocrx_word' id='word_1_335' title='bbox 1038 2223 1064 2270; x_wconf 92' lang='lat' dir='ltr'><strong>te</strong></span> <span class='ocrx_word' id='word_1_336' title='bbox 1084 2229 1180 2270; x_wconf 90' lang='lat' dir='ltr'><strong>ornare</strong></span> <span class='ocrx_word' id='word_1_337' title='bbox 1194 2212 1320 2285; x_wconf 89' lang='lat' dir='ltr'><strong>dignatus</strong></span> <span class='ocrx_word' id='word_1_338' title='bbox 1339 2222 1390 2278; x_wconf 87' lang='lat' dir='ltr'><strong>est,</strong></span> <span class='ocrx_word' id='word_1_339' title='bbox 1414 2213 1443 2266; x_wconf 91' lang='lat' dir='ltr'><strong>in</strong></span> <span class='ocrx_word' id='word_1_340' title='bbox 1466 2220 1542 2267; x_wconf 91' lang='lat' dir='ltr'><strong>tuum</strong></span> <span class='ocrx_word' id='word_1_341' title='bbox 1565 2212 1626 2282; x_wconf 82' lang='lat' dir='ltr'><strong>ejus</strong></span> <span class='ocrx_word' id='word_1_342' title='bbox 1641 2225 1722 2267; x_wconf 88' lang='lat' dir='ltr'><strong>amo-</strong></span> 
     </span>
     <span class='ocr_line' id='line_1_33' title="bbox 74 2294 1725 2371; baseline 0.003 -20"><span class='ocrx_word' id='word_1_343' title='bbox 74 2294 168 2351; x_wconf 91' lang='lat' dir='ltr'><strong>culum</strong></span> <span class='ocrx_word' id='word_1_344' title='bbox 183 2304 269 2361; x_wconf 92' lang='lat' dir='ltr'><strong>tuum,</strong></span> <span class='ocrx_word' id='word_1_345' title='bbox 285 2306 311 2351; x_wconf 89' lang='lat' dir='ltr'><strong>et</strong></span> <span class='ocrx_word' id='word_1_346' title='bbox 337 2295 484 2369; x_wconf 86' lang='lat' dir='ltr'><strong>imaginem</strong></span> <span class='ocrx_word' id='word_1_347' title='bbox 504 2305 595 2363; x_wconf 75' lang='lat' dir='ltr'><strong>tuam,</strong></span> <span class='ocrx_word' id='word_1_348' title='bbox 612 2305 693 2370; x_wconf 85' lang='lat' dir='ltr'><strong>utque</strong></span> <span class='ocrx_word' id='word_1_349' title='bbox 718 2299 873 2371; x_wconf 79' lang='lat' dir='ltr'><strong>expressior</strong></span> <span class='ocrx_word' id='word_1_350' title='bbox 926 2318 984 2360; x_wconf 91' lang='lat' dir='ltr'><strong>rem</strong></span> <span class='ocrx_word' id='word_1_351' title='bbox 999 2302 1195 2357; x_wconf 86' lang='lat' dir='ltr'><strong>inclinaverunt</strong></span> <span class='ocrx_word' id='word_1_352' title='bbox 1209 2299 1347 2356; x_wconf 81' lang='lat' dir='ltr'><strong>affectum.</strong></span> <span class='ocrx_word' id='word_1_353' title='bbox 1374 2301 1456 2355; x_wconf 80' lang='lat' dir='ltr'><strong>hinet</strong></span> <span class='ocrx_word' id='word_1_354' title='bbox 1475 2311 1500 2356; x_wconf 88' lang='lat' dir='ltr'><strong>te</strong></span> <span class='ocrx_word' id='word_1_355' title='bbox 1521 2300 1549 2354; x_wconf 90' lang='lat' dir='ltr'><strong>in</strong></span> <span class='ocrx_word' id='word_1_356' title='bbox 1564 2298 1725 2356; x_wconf 85' lang='lat' dir='ltr'><strong>muneribus</strong></span> 
     </span>
     <span class='ocr_line' id='line_1_34' title="bbox 76 2382 1723 2462; baseline 0.004 -24"><span class='ocrx_word' id='word_1_357' title='bbox 76 2385 103 2439; x_wconf 91' lang='lat' dir='ltr'><strong>in</strong></span> <span class='ocrx_word' id='word_1_358' title='bbox 124 2382 247 2438; x_wconf 78' lang='lat' dir='ltr'><strong>reforma</strong></span> <span class='ocrx_word' id='word_1_359' title='bbox 261 2384 299 2439; x_wconf 92' lang='lat' dir='ltr'><strong>tui</strong></span> <span class='ocrx_word' id='word_1_360' title='bbox 323 2386 460 2441; x_wconf 82' lang='lat' dir='ltr'><strong>creaturis</strong></span> <span class='ocrx_word' id='word_1_361' title='bbox 486 2395 628 2458; x_wconf 86' lang='lat' dir='ltr'><strong>appareat,</strong></span> <span class='ocrx_word' id='word_1_362' title='bbox 643 2387 668 2443; x_wconf 91' lang='lat' dir='ltr'><strong>ei</strong></span> <span class='ocrx_word' id='word_1_363' title='bbox 690 2389 735 2459; x_wconf 89' lang='lat' dir='ltr'><strong>qui</strong></span> <span class='ocrx_word' id='word_1_364' title='bbox 757 2388 873 2445; x_wconf 87' lang='lat' dir='ltr'><strong>charitas</strong></span> <span class='ocrx_word' id='word_1_365' title='bbox 926 2391 992 2447; x_wconf 88' lang='lat' dir='ltr'><strong>suis.</strong></span> <span class='ocrx_word' id='word_1_366' title='bbox 1009 2390 1038 2446; x_wconf 91' lang='lat' dir='ltr'><strong>Si</strong></span> <span class='ocrx_word' id='word_1_367' title='bbox 1053 2389 1125 2445; x_wconf 91' lang='lat' dir='ltr'><strong>enim</strong></span> <span class='ocrx_word' id='word_1_368' title='bbox 1144 2391 1228 2446; x_wconf 89' lang='lat' dir='ltr'><strong>habes</strong></span> <span class='ocrx_word' id='word_1_369' title='bbox 1241 2387 1350 2462; x_wconf 89' lang='lat' dir='ltr'><strong>aliquod</strong></span> <span class='ocrx_word' id='word_1_370' title='bbox 1359 2389 1472 2455; x_wconf 90' lang='lat' dir='ltr'><strong>bonurn,</strong></span> <span class='ocrx_word' id='word_1_371' title='bbox 1487 2387 1555 2443; x_wconf 78' lang='lat' dir='ltr'><strong>illud</strong></span> <span class='ocrx_word' id='word_1_372' title='bbox 1569 2389 1654 2444; x_wconf 88' lang='lat' dir='ltr'><strong>habes</strong></span> <span class='ocrx_word' id='word_1_373' title='bbox 1673 2385 1723 2460; x_wconf 86' lang='lat' dir='ltr'><strong>[cl.</strong></span> 
     </span>
     <span class='ocr_line' id='line_1_35' title="bbox 74 2470 1723 2551; baseline 0.002 -25"><span class='ocrx_word' id='word_1_374' title='bbox 74 2479 125 2538; x_wconf 90' lang='lat' dir='ltr'><strong>est,</strong></span> <span class='ocrx_word' id='word_1_375' title='bbox 142 2470 232 2526; x_wconf 86' lang='lat' dir='ltr'><strong>tefide</strong></span> <span class='ocrx_word' id='word_1_376' title='bbox 256 2479 282 2526; x_wconf 92' lang='lat' dir='ltr'><strong>et</strong></span> <span class='ocrx_word' id='word_1_377' title='bbox 297 2472 590 2542; x_wconf 84' lang='lat' dir='ltr'><strong>charitateconiorma,</strong></span> <span class='ocrx_word' id='word_1_378' title='bbox 624 2481 651 2530; x_wconf 90' lang='lat' dir='ltr'><strong>et</strong></span> <span class='ocrx_word' id='word_1_379' title='bbox 682 2476 711 2531; x_wconf 90' lang='lat' dir='ltr'><strong>iu</strong></span> <span class='ocrx_word' id='word_1_380' title='bbox 735 2477 872 2533; x_wconf 91' lang='lat' dir='ltr'><strong>materiam</strong></span> <span class='ocrx_word' id='word_1_381' title='bbox 928 2478 1022 2551; x_wconf 78' lang='lat' dir='ltr'><strong>debesl</strong></span> <span class='ocrx_word' id='word_1_382' title='bbox 1036 2477 1189 2551; x_wconf 91' lang='lat' dir='ltr'><strong>intelligere</strong></span> <span class='ocrx_word' id='word_1_383' title='bbox 1202 2478 1262 2548; x_wconf 82' lang='lat' dir='ltr'><strong>ejus</strong></span> <span class='ocrx_word' id='word_1_384' title='bbox 1274 2478 1385 2532; x_wconf 90' lang='lat' dir='ltr'><strong>donum.</strong></span> <span class='ocrx_word' id='word_1_385' title='bbox 1404 2475 1521 2532; x_wconf 78' lang='lat' dir='ltr'><strong>Verbum</strong></span> <span class='ocrx_word' id='word_1_386' title='bbox 1530 2476 1657 2548; x_wconf 74' lang='lat' dir='ltr'><strong>Apostoli</strong></span> <span class='ocrx_word' id='word_1_387' title='bbox 1671 2481 1723 2532; x_wconf 91' lang='lat' dir='ltr'><strong>ast.</strong></span> 
     </span>
     <span class='ocr_line' id='line_1_36' title="bbox 74 2557 1723 2640; baseline 0.005 -28"><span class='ocrx_word' id='word_1_388' title='bbox 74 2557 222 2631; x_wconf 83' lang='lat' dir='ltr'><strong>gratiarum</strong></span> <span class='ocrx_word' id='word_1_389' title='bbox 246 2559 379 2615; x_wconf 85' lang='lat' dir='ltr'><strong>beneficia</strong></span> <span class='ocrx_word' id='word_1_390' title='bbox 407 2562 467 2631; x_wconf 85' lang='lat' dir='ltr'><strong>ejus</strong></span> <span class='ocrx_word' id='word_1_391' title='bbox 493 2562 553 2634; x_wconf 90' lang='lat' dir='ltr'><strong>jugi</strong></span> <span class='ocrx_word' id='word_1_392' title='bbox 582 2562 758 2620; x_wconf 90' lang='lat' dir='ltr'><strong>meditatione</strong></span> <span class='ocrx_word' id='word_1_393' title='bbox 772 2564 871 2639; x_wconf 88' lang='lat' dir='ltr'><strong>cogita.</strong></span> <span class='ocrx_word' id='word_1_394' title='bbox 932 2566 1002 2636; x_wconf 80' lang='lat' dir='ltr'><strong>Quid</strong></span> <span class='ocrx_word' id='word_1_395' title='bbox 1017 2566 1098 2623; x_wconf 84' lang='lat' dir='ltr'><strong>bobes</strong></span> <span class='ocrx_word' id='word_1_396' title='bbox 1115 2564 1416 2640; x_wconf 78' lang='lat' dir='ltr'><strong>gnodnonuccepiati?</strong></span> <span class='ocrx_word' id='word_1_397' title='bbox 1431 2566 1461 2622; x_wconf 86' lang='lat' dir='ltr'><strong>Si</strong></span> <span class='ocrx_word' id='word_1_398' title='bbox 1469 2569 1567 2622; x_wconf 83' lang='lat' dir='ltr'><strong>nutem</strong></span> <span class='ocrx_word' id='word_1_399' title='bbox 1576 2565 1723 2638; x_wconf 76' lang='lat' dir='ltr'><strong>occepisti,</strong></span> 
     </span>
     <span class='ocr_line' id='line_1_37' title="bbox 76 2649 1725 2730; baseline 0.004 -28"><span class='ocrx_word' id='word_1_400' title='bbox 76 2649 189 2703; x_wconf 84' lang='lat' dir='ltr'><strong>dmator</strong></span> <span class='ocrx_word' id='word_1_401' title='bbox 203 2656 265 2702; x_wconf 87' lang='lat' dir='ltr'><strong>tuus</strong></span> <span class='ocrx_word' id='word_1_402' title='bbox 280 2649 315 2703; x_wconf 92' lang='lat' dir='ltr'><strong>ad</strong></span> <span class='ocrx_word' id='word_1_403' title='bbox 330 2650 381 2704; x_wconf 91' lang='lat' dir='ltr'><strong>hoc</strong></span> <span class='ocrx_word' id='word_1_404' title='bbox 396 2651 583 2708; x_wconf 81' lang='lat' dir='ltr'><strong>exhortatione</strong></span> <span class='ocrx_word' id='word_1_405' title='bbox 605 2653 764 2723; x_wconf 91' lang='lat' dir='ltr'><strong>prophetica</strong></span> <span class='ocrx_word' id='word_1_406' title='bbox 789 2661 816 2710; x_wconf 90' lang='lat' dir='ltr'><strong>te</strong></span> <span class='ocrx_word' id='word_1_407' title='bbox 830 2654 873 2708; x_wconf 92' lang='lat' dir='ltr'><strong>in·</strong></span> <span class='ocrx_word' id='word_1_408' title='bbox 926 2655 993 2730; x_wconf 83' lang='lat' dir='ltr'><strong>qaid</strong></span> <span class='ocrx_word' id='word_1_409' title='bbox 1001 2655 1134 2728; x_wconf 75' lang='lat' dir='ltr'><strong>gloriaris</strong></span> <span class='ocrx_word' id='word_1_410' title='bbox 1144 2654 1227 2729; x_wconf 79' lang='lat' dir='ltr'><strong>quasi</strong></span> <span class='ocrx_word' id='word_1_411' title='bbox 1237 2670 1295 2712; x_wconf 85' lang='lat' dir='ltr'><strong>non</strong></span> <span class='ocrx_word' id='word_1_412' title='bbox 1308 2653 1506 2727; x_wconf 69' lang='lat' dir='ltr'><strong>acceperim</strong></span> <span class='ocrx_word' id='word_1_413' title='bbox 1519 2654 1580 2710; x_wconf 83' lang='lat' dir='ltr'><strong>Cor.</strong></span> <span class='ocrx_word' id='word_1_414' title='bbox 1592 2668 1631 2722; x_wconf 84' lang='lat' dir='ltr'><strong>tv,</strong></span> <span class='ocrx_word' id='word_1_415' title='bbox 1643 2653 1682 2721; x_wconf 81' lang='grc'><strong>7.)</strong></span> <span class='ocrx_word' id='word_1_416' title='bbox 1696 2651 1725 2709; x_wconf 83' lang='lat' dir='ltr'><strong>si</strong></span> 
     </span>
     <span class='ocr_line' id='line_1_38' title="bbox 75 2735 1725 2818; baseline 0.004 -27"><span class='ocrx_word' id='word_1_417' title='bbox 75 2735 168 2791; x_wconf 86' lang='lat' dir='ltr'><strong>vitavit</strong></span> <span class='ocrx_word' id='word_1_418' title='bbox 188 2737 284 2793; x_wconf 83' lang='lat' dir='ltr'><strong>:Pone</strong></span> <span class='ocrx_word' id='word_1_419' title='bbox 298 2753 354 2804; x_wconf 87' lang='lat' dir='ltr'><strong>me,</strong></span> <span class='ocrx_word' id='word_1_420' title='bbox 370 2738 468 2809; x_wconf 88' lang='lat' dir='ltr'><strong>inquit,</strong></span> <span class='ocrx_word' id='word_1_421' title='bbox 483 2744 516 2794; x_wconf 85' lang='lat' dir='ltr'><strong>ut</strong></span> <span class='ocrx_word' id='word_1_422' title='bbox 532 2742 714 2812; x_wconf 74' lang='lat' dir='ltr'><strong>signaculum</strong></span> <span class='ocrx_word' id='word_1_423' title='bbox 731 2757 874 2816; x_wconf 84' lang='lat' dir='ltr'><strong>supercor</strong></span> <span class='ocrx_word' id='word_1_424' title='bbox 926 2746 962 2800; x_wconf 89' lang='lat' dir='ltr'><strong>de</strong></span> <span class='ocrx_word' id='word_1_425' title='bbox 972 2744 1062 2818; x_wconf 88' lang='lat' dir='ltr'><strong>aliquo</strong></span> <span class='ocrx_word' id='word_1_426' title='bbox 1073 2743 1206 2817; x_wconf 84' lang='lat' dir='ltr'><strong>gloriaris,</strong></span> <span class='ocrx_word' id='word_1_427' title='bbox 1218 2743 1295 2817; x_wconf 89' lang='lat' dir='ltr'><strong>quasi</strong></span> <span class='ocrx_word' id='word_1_428' title='bbox 1307 2741 1374 2800; x_wconf 92' lang='lat' dir='ltr'><strong>illud</strong></span> <span class='ocrx_word' id='word_1_429' title='bbox 1390 2744 1424 2798; x_wconf 91' lang='lat' dir='ltr'><strong>de</strong></span> <span class='ocrx_word' id='word_1_430' title='bbox 1438 2749 1465 2798; x_wconf 93' lang='lat' dir='ltr'><strong>te</strong></span> <span class='ocrx_word' id='word_1_431' title='bbox 1481 2741 1550 2815; x_wconf 90' lang='lat' dir='ltr'><strong>ipso,</strong></span> <span class='ocrx_word' id='word_1_432' title='bbox 1567 2756 1622 2797; x_wconf 93' lang='lat' dir='ltr'><strong>non</strong></span> <span class='ocrx_word' id='word_1_433' title='bbox 1637 2758 1653 2798; x_wconf 88' lang='lat' dir='ltr'><strong>a</strong></span> <span class='ocrx_word' id='word_1_434' title='bbox 1666 2742 1725 2797; x_wconf 73' lang='lat' dir='ltr'><strong>Deo</strong></span> 
     </span>
     <span class='ocr_line' id='line_1_39' title="bbox 77 2826 1724 2904; baseline 0.005 -26"><span class='ocrx_word' id='word_1_435' title='bbox 77 2829 169 2894; x_wconf 82' lang='lat' dir='ltr'><strong>tuam,</strong></span> <span class='ocrx_word' id='word_1_436' title='bbox 184 2833 211 2880; x_wconf 93' lang='lat' dir='ltr'><strong>et</strong></span> <span class='ocrx_word' id='word_1_437' title='bbox 222 2842 308 2898; x_wconf 82' lang='lat' dir='ltr'><strong>super</strong></span> <span class='ocrx_word' id='word_1_438' title='bbox 330 2826 479 2883; x_wconf 80' lang='lat' dir='ltr'><strong>bruchium</strong></span> <span class='ocrx_word' id='word_1_439' title='bbox 494 2832 575 2885; x_wconf 76' lang='lat' dir='ltr'><strong>tenen</strong></span> <span class='ocrx_word' id='word_1_440' title='bbox 592 2830 731 2887; x_wconf 88' lang='lat' dir='ltr'><strong>dexterum</strong></span> <span class='ocrx_word' id='word_1_441' title='bbox 746 2831 871 2902; x_wconf 72' lang='lat' dir='ltr'><strong>(Cunetio.</strong></span> <span class='ocrx_word' id='word_1_442' title='bbox 928 2836 1082 2904; x_wconf 88' lang='lat' dir='ltr'><strong>acceperis;</strong></span> <span class='ocrx_word' id='word_1_443' title='bbox 1103 2831 1201 2889; x_wconf 81' lang='lat' dir='ltr'><strong>furaris</strong></span> <span class='ocrx_word' id='word_1_444' title='bbox 1216 2832 1275 2889; x_wconf 91' lang='lat' dir='ltr'><strong>Deo</strong></span> <span class='ocrx_word' id='word_1_445' title='bbox 1288 2831 1362 2904; x_wconf 91' lang='lat' dir='ltr'><strong>quod</strong></span> <span class='ocrx_word' id='word_1_446' title='bbox 1378 2848 1456 2889; x_wconf 86' lang='lat' dir='ltr'><strong>suurn</strong></span> <span class='ocrx_word' id='word_1_447' title='bbox 1470 2840 1520 2899; x_wconf 90' lang='lat' dir='ltr'><strong>est,</strong></span> <span class='ocrx_word' id='word_1_448' title='bbox 1536 2831 1666 2888; x_wconf 89' lang='lat' dir='ltr'><strong>honorem</strong></span> <span class='ocrx_word' id='word_1_449' title='bbox 1680 2828 1724 2885; x_wconf 86' lang='lat' dir='ltr'><strong>al-</strong></span> 
     </span>
     <span class='ocr_line' id='line_1_40' title="bbox 75 2911 1732 2994; baseline 0.005 -27"><span class='ocrx_word' id='word_1_450' title='bbox 75 2928 138 2980; x_wconf 83' lang='lat' dir='ltr'><strong>virt,</strong></span> <span class='ocrx_word' id='word_1_451' title='bbox 153 2914 189 2982; x_wconf 77' lang='lat' dir='ltr'><strong>bl.</strong></span> <span class='ocrx_word' id='word_1_452' title='bbox 206 2914 245 2969; x_wconf 79' lang='lat' dir='ltr'><strong>hc</strong></span> <span class='ocrx_word' id='word_1_453' title='bbox 268 2915 291 2968; x_wconf 90' lang='lat' dir='ltr'><strong>si</strong></span> <span class='ocrx_word' id='word_1_454' title='bbox 306 2914 378 2970; x_wconf 84' lang='lat' dir='ltr'><strong>dicat</strong></span> <span class='ocrx_word' id='word_1_455' title='bbox 392 2931 399 2973; x_wconf 89' lang='lat'>:</span> <span class='ocrx_word' id='word_1_456' title='bbox 415 2915 488 2971; x_wconf 89' lang='lat' dir='ltr'><strong>Pone</strong></span> <span class='ocrx_word' id='word_1_457' title='bbox 512 2932 555 2972; x_wconf 88' lang='lat' dir='ltr'><strong>mc</strong></span> <span class='ocrx_word' id='word_1_458' title='bbox 575 2916 728 2973; x_wconf 85' lang='lat' dir='ltr'><strong>memoriale</strong></span> <span class='ocrx_word' id='word_1_459' title='bbox 747 2926 824 2973; x_wconf 90' lang='lat' dir='ltr'><strong>tuum</strong></span> <span class='ocrx_word' id='word_1_460' title='bbox 848 2919 874 2973; x_wconf 90' lang='lat' dir='ltr'><strong>in</strong></span> <span class='ocrx_word' id='word_1_461' title='bbox 889 2911 912 2989; x_wconf 71' lang='lat' dir='ltr'><strong>c</strong></span> <span class='ocrx_word' id='word_1_462' title='bbox 931 2923 1014 2978; x_wconf 87' lang='lat' dir='ltr'><strong>terius</strong></span> <span class='ocrx_word' id='word_1_463' title='bbox 1029 2921 1076 2978; x_wconf 91' lang='lat' dir='ltr'><strong>tibi</strong></span> <span class='ocrx_word' id='word_1_464' title='bbox 1087 2923 1168 2994; x_wconf 87' lang='lat' dir='ltr'><strong>rapis,</strong></span> <span class='ocrx_word' id='word_1_465' title='bbox 1179 2931 1207 2976; x_wconf 92' lang='lat' dir='ltr'><strong>et</strong></span> <span class='ocrx_word' id='word_1_466' title='bbox 1217 2920 1244 2976; x_wconf 93' lang='lat' dir='ltr'><strong>in</strong></span> <span class='ocrx_word' id='word_1_467' title='bbox 1256 2920 1374 2978; x_wconf 89' lang='lat' dir='ltr'><strong>alienam</strong></span> <span class='ocrx_word' id='word_1_468' title='bbox 1383 2920 1497 2992; x_wconf 87' lang='lat' dir='ltr'><strong>gloriam</strong></span> <span class='ocrx_word' id='word_1_469' title='bbox 1508 2928 1732 2992; x_wconf 72' lang='lat' dir='ltr'><strong>praesumptuose</strong></span> 
     </span>
     <span class='ocr_line' id='line_1_41' title="bbox 75 3000 1725 3085; baseline 0.005 -30"><span class='ocrx_word' id='word_1_470' title='bbox 75 3000 156 3056; x_wconf 89' lang='lat' dir='ltr'><strong>eorde</strong></span> <span class='ocrx_word' id='word_1_471' title='bbox 174 3001 337 3069; x_wconf 85' lang='lat' dir='ltr'><strong>etbrachio,</strong></span> <span class='ocrx_word' id='word_1_472' title='bbox 353 3001 444 3072; x_wconf 85' lang='lat' dir='ltr'><strong>idest,</strong></span> <span class='ocrx_word' id='word_1_473' title='bbox 460 3004 488 3058; x_wconf 94' lang='lat' dir='ltr'><strong>in</strong></span> <span class='ocrx_word' id='word_1_474' title='bbox 507 3003 671 3077; x_wconf 88' lang='lat' dir='ltr'><strong>cogitatione</strong></span> <span class='ocrx_word' id='word_1_475' title='bbox 689 3012 823 3078; x_wconf 89' lang='lat' dir='ltr'><strong>etoperc,</strong></span> <span class='ocrx_word' id='word_1_476' title='bbox 843 3013 874 3061; x_wconf 90' lang='lat' dir='ltr'><strong>ut</strong></span> <span class='ocrx_word' id='word_1_477' title='bbox 928 3010 1079 3079; x_wconf 87' lang='lat' dir='ltr'><strong>intrudens,</strong></span> <span class='ocrx_word' id='word_1_478' title='bbox 1108 3010 1191 3067; x_wconf 91' lang='lat' dir='ltr'><strong>habes</strong></span> <span class='ocrx_word' id='word_1_479' title='bbox 1213 3010 1325 3082; x_wconf 89' lang='lat' dir='ltr'><strong>quidem</strong></span> <span class='ocrx_word' id='word_1_480' title='bbox 1350 3009 1475 3085; x_wconf 90' lang='lat' dir='ltr'><strong>gloriam,</strong></span> <span class='ocrx_word' id='word_1_481' title='bbox 1498 3008 1548 3065; x_wconf 88' lang='lat' dir='ltr'><strong>scd</strong></span> <span class='ocrx_word' id='word_1_482' title='bbox 1572 3024 1625 3064; x_wconf 93' lang='lat' dir='ltr'><strong>nou</strong></span> <span class='ocrx_word' id='word_1_483' title='bbox 1652 3007 1725 3080; x_wconf 87' lang='lat' dir='ltr'><strong>apud</strong></span> 
     </span>
     <span class='ocr_line' id='line_1_42' title="bbox 75 3084 1726 3171; baseline 0.005 -27"><span class='ocrx_word' id='word_1_484' title='bbox 75 3089 199 3161; x_wconf 88' lang='lat' dir='ltr'><strong>deposita</strong></span> <span class='ocrx_word' id='word_1_485' title='bbox 212 3089 329 3163; x_wconf 87' lang='lat' dir='ltr'><strong>imagine</strong></span> <span class='ocrx_word' id='word_1_486' title='bbox 343 3091 443 3148; x_wconf 91' lang='lat' dir='ltr'><strong>terreni</strong></span> <span class='ocrx_word' id='word_1_487' title='bbox 457 3091 584 3163; x_wconf 92' lang='lat' dir='ltr'><strong>hominis,</strong></span> <span class='ocrx_word' id='word_1_488' title='bbox 594 3093 713 3150; x_wconf 78' lang='lat' dir='ltr'><strong>colestia</strong></span> <span class='ocrx_word' id='word_1_489' title='bbox 728 3093 872 3167; x_wconf 90' lang='lat' dir='ltr'><strong>imaginem</strong></span> <span class='ocrx_word' id='word_1_490' title='bbox 925 3100 1011 3155; x_wconf 86' lang='lat' dir='ltr'><strong>Deum</strong></span> <span class='ocrx_word' id='word_1_491' title='bbox 1024 3101 1116 3170; x_wconf 86' lang='lat' dir='ltr'><strong>(Rom.</strong></span> <span class='ocrx_word' id='word_1_492' title='bbox 1133 3114 1171 3167; x_wconf 86' lang='lat' dir='ltr'><strong>xv,</strong></span> <span class='ocrx_word' id='word_1_493' title='bbox 1187 3101 1232 3170; x_wconf 75' lang='lat' dir='ltr'><strong>²l3</strong></span> <span class='ocrx_word' id='word_1_494' title='bbox 1248 3084 1313 3171; x_wconf 83' lang='lat' dir='ltr'><strong>quia</strong></span> <span class='ocrx_word' id='word_1_495' title='bbox 1328 3098 1442 3170; x_wconf 87' lang='lat' dir='ltr'><strong>gloriam</strong></span> <span class='ocrx_word' id='word_1_496' title='bbox 1455 3098 1571 3153; x_wconf 88' lang='lat' dir='ltr'><strong>alienam</strong></span> <span class='ocrx_word' id='word_1_497' title='bbox 1583 3095 1632 3152; x_wconf 89' lang='lat' dir='ltr'><strong>tibi</strong></span> <span class='ocrx_word' id='word_1_498' title='bbox 1641 3111 1726 3153; x_wconf 85' lang='lat' dir='ltr'><strong>usur·</strong></span> 
     </span>
     <span class='ocr_line' id='line_1_43' title="bbox 75 3177 1725 3259; baseline 0.003 -24"><span class='ocrx_word' id='word_1_499' title='bbox 75 3186 169 3250; x_wconf 79' lang='lat' dir='ltr'><strong>portos</strong></span> <span class='ocrx_word' id='word_1_500' title='bbox 182 3177 209 3249; x_wconf 89' lang='lat' dir='ltr'><strong>(l</strong></span> <span class='ocrx_word' id='word_1_501' title='bbox 223 3179 285 3236; x_wconf 84' lang='lat' dir='ltr'><strong>Cor.</strong></span> <span class='ocrx_word' id='word_1_502' title='bbox 301 3195 349 3245; x_wconf 86' lang='lat' dir='ltr'><strong>xv,</strong></span> <span class='ocrx_word' id='word_1_503' title='bbox 366 3181 421 3249; x_wconf 82' lang='lat' dir='ltr'><strong>tt),</strong></span> <span class='ocrx_word' id='word_1_504' title='bbox 440 3181 579 3237; x_wconf 88' lang='lat' dir='ltr'><strong>attendens</strong></span> <span class='ocrx_word' id='word_1_505' title='bbox 606 3180 708 3240; x_wconf 79' lang='lat' dir='ltr'><strong>divine</strong></span> <span class='ocrx_word' id='word_1_506' title='bbox 722 3181 873 3239; x_wconf 87' lang='lat' dir='ltr'><strong>dilectionis</strong></span> <span class='ocrx_word' id='word_1_507' title='bbox 927 3203 974 3257; x_wconf 87' lang='lat' dir='ltr'><strong>pas</strong></span> <span class='ocrx_word' id='word_1_508' title='bbox 990 3188 1116 3257; x_wconf 85' lang='lat' dir='ltr'><strong>nequiter</strong></span> <span class='ocrx_word' id='word_1_509' title='bbox 1129 3193 1226 3243; x_wconf 90' lang='lat' dir='ltr'><strong>eontra</strong></span> <span class='ocrx_word' id='word_1_510' title='bbox 1239 3187 1338 3243; x_wconf 88' lang='lat' dir='ltr'><strong>Deum.</strong></span> <span class='ocrx_word' id='word_1_511' title='bbox 1353 3185 1420 3242; x_wconf 86' lang='lat' dir='ltr'><strong>Vide</strong></span> <span class='ocrx_word' id='word_1_512' title='bbox 1442 3202 1475 3239; x_wconf 88' lang='lat' dir='ltr'><strong>ne</strong></span> <span class='ocrx_word' id='word_1_513' title='bbox 1491 3199 1611 3259; x_wconf 90' lang='lat' dir='ltr'><strong>unquam</strong></span> <span class='ocrx_word' id='word_1_514' title='bbox 1624 3186 1725 3242; x_wconf 84' lang='lat' dir='ltr'><strong>snbre-</strong></span> 
     </span>
     <span class='ocr_line' id='line_1_44' title="bbox 75 3268 1767 3348; baseline 0.004 -26"><span class='ocrx_word' id='word_1_515' title='bbox 75 3277 247 3340; x_wconf 88' lang='lat' dir='ltr'><strong>argumeuta,</strong></span> <span class='ocrx_word' id='word_1_516' title='bbox 262 3283 323 3338; x_wconf 83' lang='lat' dir='ltr'><strong>quae</strong></span> <span class='ocrx_word' id='word_1_517' title='bbox 337 3268 422 3323; x_wconf 80' lang='lat' dir='ltr'><strong>refelli</strong></span> <span class='ocrx_word' id='word_1_518' title='bbox 438 3284 492 3325; x_wconf 90' lang='lat' dir='ltr'><strong>non</strong></span> <span class='ocrx_word' id='word_1_519' title='bbox 505 3277 629 3341; x_wconf 90' lang='lat' dir='ltr'><strong>possunt.</strong></span> <span class='ocrx_word' id='word_1_520' title='bbox 645 3270 719 3327; x_wconf 87' lang='lat' dir='ltr'><strong>Pone</strong></span> <span class='ocrx_word' id='word_1_521' title='bbox 735 3285 777 3326; x_wconf 89' lang='lat' dir='ltr'><strong>me</strong></span> <span class='ocrx_word' id='word_1_522' title='bbox 790 3286 873 3342; x_wconf 85' lang='lat' dir='ltr'><strong>super</strong></span> <span class='ocrx_word' id='word_1_523' title='bbox 926 3282 971 3346; x_wconf 91' lang='lat' dir='ltr'><strong>pat</strong></span> <span class='ocrx_word' id='word_1_524' title='bbox 980 3274 1028 3332; x_wconf 89' lang='lat' dir='ltr'><strong>tibi</strong></span> <span class='ocrx_word' id='word_1_525' title='bbox 1037 3274 1238 3348; x_wconf 88' lang='lat' dir='ltr'><strong>ingratitudinis</strong></span> <span class='ocrx_word' id='word_1_526' title='bbox 1254 3285 1327 3330; x_wconf 88' lang='lat' dir='ltr'><strong>nota.</strong></span> <span class='ocrx_word' id='word_1_527' title='bbox 1343 3274 1442 3330; x_wconf 81' lang='lat' dir='ltr'><strong>Recole</strong></span> <span class='ocrx_word' id='word_1_528' title='bbox 1455 3272 1625 3329; x_wconf 79' lang='lat' dir='ltr'><strong>incessanter</strong></span> <span class='ocrx_word' id='word_1_529' title='bbox 1638 3271 1724 3330; x_wconf 69' lang='grc' dir='ltr'><strong>4Ιὸ</strong></span> <span class='ocrx_word' id='word_1_530' title='bbox 1761 3278 1767 3287; x_wconf 84' lang='grc'><em>“</em></span> 
     </span>
     <span class='ocr_line' id='line_1_45' title="bbox 74 3355 1726 3434; baseline 0.002 -22"><span class='ocrx_word' id='word_1_531' title='bbox 74 3371 125 3412; x_wconf 88' lang='lat' dir='ltr'><strong>cor</strong></span> <span class='ocrx_word' id='word_1_532' title='bbox 140 3364 226 3423; x_wconf 92' lang='lat' dir='ltr'><strong>tuum,</strong></span> <span class='ocrx_word' id='word_1_533' title='bbox 242 3366 270 3412; x_wconf 90' lang='lat' dir='ltr'><strong>ut</strong></span> <span class='ocrx_word' id='word_1_534' title='bbox 284 3355 347 3411; x_wconf 85' lang='lat' dir='ltr'><strong>fidei</strong></span> <span class='ocrx_word' id='word_1_535' title='bbox 359 3356 537 3428; x_wconf 88' lang='lat' dir='ltr'><strong>signaculum,</strong></span> <span class='ocrx_word' id='word_1_536' title='bbox 554 3367 582 3415; x_wconf 93' lang='lat' dir='ltr'><strong>ut</strong></span> <span class='ocrx_word' id='word_1_537' title='bbox 596 3359 696 3415; x_wconf 85' lang='lat' dir='ltr'><strong>amoris</strong></span> <span class='ocrx_word' id='word_1_538' title='bbox 706 3357 870 3431; x_wconf 89' lang='lat' dir='ltr'><strong>exemplum.</strong></span> <span class='ocrx_word' id='word_1_539' title='bbox 927 3374 952 3418; x_wconf 87' lang='lat' dir='ltr'><strong>te</strong></span> <span class='ocrx_word' id='word_1_540' title='bbox 977 3372 1024 3419; x_wconf 91' lang='lat' dir='ltr'><strong>tna</strong></span> <span class='ocrx_word' id='word_1_541' title='bbox 1047 3361 1189 3432; x_wconf 86' lang='lat' dir='ltr'><strong>iniquitate</strong></span> <span class='ocrx_word' id='word_1_542' title='bbox 1209 3361 1352 3434; x_wconf 91' lang='lat' dir='ltr'><strong>perditam,</strong></span> <span class='ocrx_word' id='word_1_543' title='bbox 1376 3369 1403 3416; x_wconf 91' lang='lat' dir='ltr'><strong>et</strong></span> <span class='ocrx_word' id='word_1_544' title='bbox 1429 3359 1516 3432; x_wconf 90' lang='lat' dir='ltr'><strong>ipsius</strong></span> <span class='ocrx_word' id='word_1_545' title='bbox 1538 3359 1726 3417; x_wconf 83' lang='lat' dir='ltr'><strong>misericordia</strong></span> 
     </span>
     <span class='ocr_line' id='line_1_46' title="bbox 74 3443 1088 3522; baseline 0.006 -24"><span class='ocrx_word' id='word_1_546' title='bbox 74 3443 143 3499; x_wconf 86' lang='lat' dir='ltr'><strong>Tale</strong></span> <span class='ocrx_word' id='word_1_547' title='bbox 161 3443 330 3517; x_wconf 84' lang='lat' dir='ltr'><strong>signaculum</strong></span> <span class='ocrx_word' id='word_1_548' title='bbox 353 3455 415 3500; x_wconf 88' lang='lat' dir='ltr'><strong>ante</strong></span> <span class='ocrx_word' id='word_1_549' title='bbox 438 3445 686 3518; x_wconf 77' lang='lat' dir='ltr'><strong>prevaricationem</strong></span> <span class='ocrx_word' id='word_1_550' title='bbox 707 3462 782 3504; x_wconf 88' lang='lat' dir='ltr'><strong>suam</strong></span> <span class='ocrx_word' id='word_1_551' title='bbox 797 3447 824 3502; x_wconf 92' lang='lat' dir='ltr'><strong>in</strong></span> <span class='ocrx_word' id='word_1_552' title='bbox 843 3461 873 3504; x_wconf 85' lang='lat' dir='ltr'><strong>se</strong></span> <span class='ocrx_word' id='word_1_553' title='bbox 926 3459 1088 3522; x_wconf 87' lang='lat' dir='ltr'><strong>reparatam.</strong></span> 
     </span>
     <span class='ocr_line' id='line_1_47' title="bbox 74 3533 1439 3610; baseline 0.007 -25"><span class='ocrx_word' id='word_1_554' title='bbox 74 3534 192 3607; x_wconf 86' lang='lat' dir='ltr'><strong>angelus</strong></span> <span class='ocrx_word' id='word_1_555' title='bbox 211 3541 334 3603; x_wconf 90' lang='lat' dir='ltr'><strong>apostata</strong></span> <span class='ocrx_word' id='word_1_556' title='bbox 347 3533 523 3604; x_wconf 83' lang='lat' dir='ltr'><strong>exprimebat,</strong></span> <span class='ocrx_word' id='word_1_557' title='bbox 540 3533 694 3591; x_wconf 90' lang='lat' dir='ltr'><strong>testimonio</strong></span> <span class='ocrx_word' id='word_1_558' title='bbox 724 3534 872 3592; x_wconf 86' lang='lat' dir='ltr'><strong>Ezechielis</strong></span> <span class='ocrx_word' id='word_1_559' title='bbox 1218 3553 1333 3610; x_wconf 69' lang='lat' dir='ltr'><strong>cgpug</strong></span> <span class='ocrx_word' id='word_1_560' title='bbox 1352 3549 1439 3609; x_wconf 60' lang='lat' dir='ltr'><strong>xm,</strong></span> 
     </span>
     <span class='ocr_line' id='line_1_48' title="bbox 74 3620 1728 3712; baseline 0.006 -36"><span class='ocrx_word' id='word_1_561' title='bbox 74 3620 192 3676; x_wconf 80' lang='lat' dir='ltr'><strong>dicende</strong></span> <span class='ocrx_word' id='word_1_562' title='bbox 208 3637 213 3676; x_wconf 78' lang='grc' dir='ltr'>ε</span> <span class='ocrx_word' id='word_1_563' title='bbox 236 3623 271 3678; x_wconf 79' lang='lat' dir='ltr'><strong>Tu</strong></span> <span class='ocrx_word' id='word_1_564' title='bbox 287 3622 467 3694; x_wconf 77' lang='lat' dir='ltr'><strong>signaculum</strong></span> <span class='ocrx_word' id='word_1_565' title='bbox 482 3622 696 3691; x_wconf 74' lang='lat' dir='ltr'><strong>similitudinis,</strong></span> <span class='ocrx_word' id='word_1_566' title='bbox 708 3625 811 3696; x_wconf 80' lang='lat' dir='ltr'><strong>plenus</strong></span> <span class='ocrx_word' id='word_1_567' title='bbox 831 3640 877 3682; x_wconf 82' lang='lat' dir='ltr'><strong>aa·</strong></span> <span class='ocrx_word' id='word_1_568' title='bbox 935 3645 1078 3712; x_wconf 60' lang='lat' dir='ltr'><strong>Animam,</strong></span> <span class='ocrx_word' id='word_1_569' title='bbox 1093 3644 1158 3699; x_wconf 59' lang='lat' dir='ltr'><strong>012·ss</strong></span> <span class='ocrx_word' id='word_1_570' title='bbox 1167 3641 1249 3700; x_wconf 54' lang='lat' dir='ltr'><strong>rebus</strong></span> <span class='ocrx_word' id='word_1_571' title='bbox 1262 3643 1368 3697; x_wconf 64' lang='lat' dir='ltr'><strong>mam</strong></span> <span class='ocrx_word' id='word_1_572' title='bbox 1382 3638 1549 3712; x_wconf 55' lang='lat' dir='ltr'><strong>degerim,</strong></span> <span class='ocrx_word' id='word_1_573' title='bbox 1563 3655 1622 3697; x_wconf 70' lang='lat' dir='ltr'><strong>non</strong></span> <span class='ocrx_word' id='word_1_574' title='bbox 1629 3638 1728 3700; x_wconf 59' lang='lat' dir='ltr'><strong>apim</strong></span> 
     </span>
     <span class='ocr_line' id='line_1_49' title="bbox 72 3711 1571 3787; baseline -0.002 -19"><span class='ocrx_word' id='word_1_575' title='bbox 72 3712 200 3783; x_wconf 81' lang='lat' dir='ltr'><strong>pientia,</strong></span> <span class='ocrx_word' id='word_1_576' title='bbox 211 3718 241 3767; x_wconf 85' lang='lat' dir='ltr'><strong>et</strong></span> <span class='ocrx_word' id='word_1_577' title='bbox 254 3715 397 3785; x_wconf 71' lang='lat' dir='ltr'><strong>perfectus</strong></span> <span class='ocrx_word' id='word_1_578' title='bbox 413 3714 509 3771; x_wconf 86' lang='lat' dir='ltr'><strong>decore</strong></span> <span class='ocrx_word' id='word_1_579' title='bbox 519 3712 630 3785; x_wconf 77' lang='lat' dir='ltr'><strong>(Erech.</strong></span> <span class='ocrx_word' id='word_1_580' title='bbox 642 3727 740 3781; x_wconf 83' lang='lat' dir='ltr'><strong>xxvttr,</strong></span> <span class='ocrx_word' id='word_1_581' title='bbox 755 3716 811 3784; x_wconf 72' lang='lat' dir='ltr'><strong>li).</strong></span> <span class='ocrx_word' id='word_1_582' title='bbox 823 3714 876 3771; x_wconf 80' lang='lat' dir='ltr'><strong>hu·</strong></span> <span class='ocrx_word' id='word_1_583' title='bbox 1094 3711 1250 3787; x_wconf 81' lang='lat' dir='ltr'><strong>quidquam</strong></span> <span class='ocrx_word' id='word_1_584' title='bbox 1265 3726 1362 3768; x_wconf 79' lang='lat' dir='ltr'><strong>amare</strong></span> <span class='ocrx_word' id='word_1_585' title='bbox 1372 3726 1459 3783; x_wconf 81' lang='lat' dir='ltr'><strong>supro</strong></span> <span class='ocrx_word' id='word_1_586' title='bbox 1473 3713 1571 3768; x_wconf 82' lang='lat' dir='ltr'><strong>Reum.</strong></span> 
     </span>
     <span class='ocr_line' id='line_1_50' title="bbox 75 3798 1725 3873; baseline 0.001 -19"><span class='ocrx_word' id='word_1_587' title='bbox 75 3798 158 3872; x_wconf 86' lang='lat' dir='ltr'><strong>gelus</strong></span> <span class='ocrx_word' id='word_1_588' title='bbox 177 3800 311 3871; x_wconf 89' lang='lat' dir='ltr'><strong>siquidem</strong></span> <span class='ocrx_word' id='word_1_589' title='bbox 332 3801 358 3857; x_wconf 94' lang='lat' dir='ltr'><strong>in</strong></span> <span class='ocrx_word' id='word_1_590' title='bbox 374 3819 424 3859; x_wconf 86' lang='lat' dir='ltr'><strong>sna</strong></span> <span class='ocrx_word' id='word_1_591' title='bbox 439 3804 575 3859; x_wconf 90' lang='lat' dir='ltr'><strong>creatione</strong></span> <span class='ocrx_word' id='word_1_592' title='bbox 596 3811 669 3859; x_wconf 87' lang='lat' dir='ltr'><strong>tauta</strong></span> <span class='ocrx_word' id='word_1_593' title='bbox 696 3805 753 3859; x_wconf 87' lang='lat' dir='ltr'><strong>Deo</strong></span> <span class='ocrx_word' id='word_1_594' title='bbox 767 3803 877 3860; x_wconf 86' lang='lat' dir='ltr'><strong>eonl&#39;or·</strong></span> <span class='ocrx_word' id='word_1_595' title='bbox 965 3805 1011 3860; x_wconf 86' lang='lat' dir='ltr'><strong>tt.</strong></span> <span class='ocrx_word' id='word_1_596' title='bbox 1036 3802 1151 3860; x_wconf 87' lang='lat' dir='ltr'><strong>Studeas</strong></span> <span class='ocrx_word' id='word_1_597' title='bbox 1171 3798 1209 3856; x_wconf 92' lang='lat' dir='ltr'><strong>illi</strong></span> <span class='ocrx_word' id='word_1_598' title='bbox 1229 3800 1336 3872; x_wconf 86' lang='lat' dir='ltr'><strong>plaeere</strong></span> <span class='ocrx_word' id='word_1_599' title='bbox 1356 3798 1443 3854; x_wconf 90' lang='lat' dir='ltr'><strong>modis</strong></span> <span class='ocrx_word' id='word_1_600' title='bbox 1468 3800 1606 3870; x_wconf 90' lang='lat' dir='ltr'><strong>omnibus,</strong></span> <span class='ocrx_word' id='word_1_601' title='bbox 1625 3800 1725 3873; x_wconf 84' lang='lat' dir='ltr'><strong>quibua</strong></span> 
     </span>
     <span class='ocr_line' id='line_1_51' title="bbox 75 3884 1724 3967; baseline 0.001 -24"><span class='ocrx_word' id='word_1_602' title='bbox 75 3889 171 3944; x_wconf 90' lang='lat' dir='ltr'><strong>mitate</strong></span> <span class='ocrx_word' id='word_1_603' title='bbox 186 3890 275 3945; x_wconf 90' lang='lat' dir='ltr'><strong>unitus</strong></span> <span class='ocrx_word' id='word_1_604' title='bbox 290 3899 339 3958; x_wconf 89' lang='lat' dir='ltr'><strong>est,</strong></span> <span class='ocrx_word' id='word_1_605' title='bbox 357 3900 386 3946; x_wconf 91' lang='lat' dir='ltr'><strong>ut</strong></span> <span class='ocrx_word' id='word_1_606' title='bbox 399 3900 470 3947; x_wconf 89' lang='lat' dir='ltr'><strong>esset</strong></span> <span class='ocrx_word' id='word_1_607' title='bbox 484 3893 574 3962; x_wconf 90' lang='lat' dir='ltr'><strong>potins</strong></span> <span class='ocrx_word' id='word_1_608' title='bbox 596 3892 768 3967; x_wconf 85' lang='lat' dir='ltr'><strong>signaculum</strong></span> <span class='ocrx_word' id='word_1_609' title='bbox 795 3884 874 3949; x_wconf 84' lang='lat' dir='ltr'><strong>simi&#39;-</strong></span> <span class='ocrx_word' id='word_1_610' title='bbox 932 3901 1021 3965; x_wconf 87' lang='lat' dir='ltr'><strong>potes,</strong></span> <span class='ocrx_word' id='word_1_611' title='bbox 1035 3889 1124 3965; x_wconf 86' lang='lat' dir='ltr'><strong>quite</strong></span> <span class='ocrx_word' id='word_1_612' title='bbox 1137 3888 1220 3946; x_wconf 89' lang='lat' dir='ltr'><strong>talem</strong></span> <span class='ocrx_word' id='word_1_613' title='bbox 1233 3888 1324 3945; x_wconf 83' lang='lat' dir='ltr'><strong>iacere</strong></span> <span class='ocrx_word' id='word_1_614' title='bbox 1345 3885 1537 3960; x_wconf 87' lang='lat' dir='ltr'><strong>dignatusest,</strong></span> <span class='ocrx_word' id='word_1_615' title='bbox 1551 3896 1581 3943; x_wconf 92' lang='lat' dir='ltr'><strong>ut</strong></span> <span class='ocrx_word' id='word_1_616' title='bbox 1594 3886 1724 3959; x_wconf 87' lang='lat' dir='ltr'><strong>placeres,</strong></span> 
     </span>
     <span class='ocr_line' id='line_1_52' title="bbox 74 3973 1725 4055; baseline 0.001 -24"><span class='ocrx_word' id='word_1_617' title='bbox 74 3975 211 4042; x_wconf 89' lang='lat' dir='ltr'><strong>litudinis,</strong></span> <span class='ocrx_word' id='word_1_618' title='bbox 228 3992 308 4047; x_wconf 91' lang='lat' dir='ltr'><strong>quam</strong></span> <span class='ocrx_word' id='word_1_619' title='bbox 322 3978 408 4033; x_wconf 87' lang='lat' dir='ltr'><strong>simile</strong></span> <span class='ocrx_word' id='word_1_620' title='bbox 423 3981 466 4034; x_wconf 84' lang='lat' dir='ltr'><strong>vel</strong></span> <span class='ocrx_word' id='word_1_621' title='bbox 477 3981 623 4055; x_wconf 90' lang='lat' dir='ltr'><strong>signatum.</strong></span> <span class='ocrx_word' id='word_1_622' title='bbox 639 3975 678 4036; x_wconf 84' lang='lat' dir='ltr'><strong>De</strong></span> <span class='ocrx_word' id='word_1_623' title='bbox 693 3982 783 4055; x_wconf 90' lang='lat' dir='ltr'><strong>sigillo</strong></span> <span class='ocrx_word' id='word_1_624' title='bbox 797 3981 876 4054; x_wconf 88' lang='lat' dir='ltr'><strong>quip·</strong></span> <span class='ocrx_word' id='word_1_625' title='bbox 931 3992 959 4038; x_wconf 90' lang='lat' dir='ltr'><strong>nt</strong></span> <span class='ocrx_word' id='word_1_626' title='bbox 974 3990 1000 4038; x_wconf 91' lang='lat' dir='ltr'><strong>te</strong></span> <span class='ocrx_word' id='word_1_627' title='bbox 1014 3980 1101 4053; x_wconf 89' lang='lat' dir='ltr'><strong>ipsam</strong></span> <span class='ocrx_word' id='word_1_628' title='bbox 1115 3991 1290 4052; x_wconf 87' lang='lat' dir='ltr'><strong>agnosceres,</strong></span> <span class='ocrx_word' id='word_1_629' title='bbox 1303 3982 1330 4033; x_wconf 91' lang='lat' dir='ltr'><strong>et</strong></span> <span class='ocrx_word' id='word_1_630' title='bbox 1349 3973 1390 4032; x_wconf 89' lang='lat' dir='ltr'><strong>tui</strong></span> <span class='ocrx_word' id='word_1_631' title='bbox 1402 3973 1516 4048; x_wconf 89' lang='lat' dir='ltr'><strong>gratiam</strong></span> <span class='ocrx_word' id='word_1_632' title='bbox 1537 3975 1678 4034; x_wconf 88' lang='lat' dir='ltr'><strong>Creatoris</strong></span> <span class='ocrx_word' id='word_1_633' title='bbox 1696 3975 1725 4032; x_wconf 93' lang='lat' dir='ltr'><strong>in</strong></span> 
     </span>
     <span class='ocr_line' id='line_1_53' title="bbox 75 4063 1727 4143; baseline 0 -23"><span class='ocrx_word' id='word_1_634' title='bbox 75 4081 113 4138; x_wconf 87' lang='lat' dir='ltr'><strong>pe</strong></span> <span class='ocrx_word' id='word_1_635' title='bbox 138 4065 208 4130; x_wconf 90' lang='lat' dir='ltr'><strong>tatis,</strong></span> <span class='ocrx_word' id='word_1_636' title='bbox 223 4065 372 4119; x_wconf 86' lang='lat' dir='ltr'><strong>similitudo</strong></span> <span class='ocrx_word' id='word_1_637' title='bbox 398 4066 577 4137; x_wconf 87' lang='lat' dir='ltr'><strong>imaginaliter</strong></span> <span class='ocrx_word' id='word_1_638' title='bbox 604 4068 774 4141; x_wconf 90' lang='lat' dir='ltr'><strong>exprimitur,</strong></span> <span class='ocrx_word' id='word_1_639' title='bbox 790 4068 876 4143; x_wconf 87' lang='lat' dir='ltr'><strong>qualis</strong></span> <span class='ocrx_word' id='word_1_640' title='bbox 932 4079 985 4125; x_wconf 84' lang='lat' dir='ltr'><strong>tura</strong></span> <span class='ocrx_word' id='word_1_641' title='bbox 1000 4065 1209 4140; x_wconf 86' lang='lat' dir='ltr'><strong>pulchritudinis</strong></span> <span class='ocrx_word' id='word_1_642' title='bbox 1221 4063 1391 4135; x_wconf 89' lang='lat' dir='ltr'><strong>inspectione</strong></span> <span class='ocrx_word' id='word_1_643' title='bbox 1407 4065 1546 4136; x_wconf 82' lang='lat' dir='ltr'><strong>probares.</strong></span> <span class='ocrx_word' id='word_1_644' title='bbox 1562 4064 1647 4121; x_wconf 88' lang='lat' dir='ltr'><strong>Porro</strong></span> <span class='ocrx_word' id='word_1_645' title='bbox 1661 4079 1727 4122; x_wconf 89' lang='lat' dir='ltr'><strong>ocu·</strong></span> 
     </span>
     <span class='ocr_line' id='line_1_54' title="bbox 75 4149 1804 4254; baseline 0.001 -45"><span class='ocrx_word' id='word_1_646' title='bbox 75 4156 105 4209; x_wconf 92' lang='lat' dir='ltr'><strong>in</strong></span> <span class='ocrx_word' id='word_1_647' title='bbox 124 4149 221 4206; x_wconf 88' lang='lat' dir='ltr'><strong>eodem</strong></span> <span class='ocrx_word' id='word_1_648' title='bbox 242 4150 333 4226; x_wconf 84' lang='lat' dir='ltr'><strong>sigillo</strong></span> <span class='ocrx_word' id='word_1_649' title='bbox 348 4153 532 4210; x_wconf 86' lang='lat' dir='ltr'><strong>essentialiter</strong></span> <span class='ocrx_word' id='word_1_650' title='bbox 554 4155 669 4213; x_wconf 91' lang='lat' dir='ltr'><strong>habetur</strong></span> <span class='ocrx_word' id='word_1_651' title='bbox 686 4177 693 4212; x_wconf 75' lang='grc' dir='ltr'>ι</span> <span class='ocrx_word' id='word_1_652' title='bbox 708 4166 736 4214; x_wconf 91' lang='lat' dir='ltr'><strong>et</strong></span> <span class='ocrx_word' id='word_1_653' title='bbox 749 4160 807 4215; x_wconf 80' lang='lat' dir='ltr'><strong>base</strong></span> <span class='ocrx_word' id='word_1_654' title='bbox 827 4160 879 4215; x_wconf 93' lang='lat' dir='ltr'><strong>ho-</strong></span> <span class='ocrx_word' id='word_1_655' title='bbox 896 4177 919 4254; x_wconf 71' lang='lat' dir='ltr'>n</span> <span class='ocrx_word' id='word_1_656' title='bbox 935 4159 977 4215; x_wconf 93' lang='lat' dir='ltr'><strong>lus</strong></span> <span class='ocrx_word' id='word_1_657' title='bbox 990 4165 1085 4214; x_wconf 89' lang='lat' dir='ltr'><strong>cuncta</strong></span> <span class='ocrx_word' id='word_1_658' title='bbox 1099 4156 1204 4224; x_wconf 88' lang='lat' dir='ltr'><strong>videus,</strong></span> <span class='ocrx_word' id='word_1_659' title='bbox 1227 4170 1256 4210; x_wconf 88' lang='lat' dir='ltr'><strong>se</strong></span> <span class='ocrx_word' id='word_1_660' title='bbox 1271 4153 1360 4225; x_wconf 87' lang='lat' dir='ltr'><strong>ipsum</strong></span> <span class='ocrx_word' id='word_1_661' title='bbox 1379 4169 1436 4208; x_wconf 90' lang='lat' dir='ltr'><strong>non</strong></span> <span class='ocrx_word' id='word_1_662' title='bbox 1453 4152 1534 4210; x_wconf 88' lang='lat' dir='ltr'><strong>videt.</strong></span> <span class='ocrx_word' id='word_1_663' title='bbox 1550 4153 1614 4209; x_wconf 90' lang='lat' dir='ltr'><strong>ideo</strong></span> <span class='ocrx_word' id='word_1_664' title='bbox 1628 4151 1726 4210; x_wconf 83' lang='lat' dir='ltr'><strong>laniem</strong></span> <span class='ocrx_word' id='word_1_665' title='bbox 1798 4191 1804 4201; x_wconf 45' lang='grc' dir='ltr'><em>ι</em></span> 
     </span>
     <span class='ocr_line' id='line_1_55' title="bbox 76 4239 1725 4317; baseline -0.001 -20"><span class='ocrx_word' id='word_1_666' title='bbox 76 4239 146 4297; x_wconf 90' lang='lat' dir='ltr'><strong>mini</strong></span> <span class='ocrx_word' id='word_1_667' title='bbox 177 4240 313 4311; x_wconf 87' lang='lat' dir='ltr'><strong>competit.</strong></span> <span class='ocrx_word' id='word_1_668' title='bbox 344 4240 466 4313; x_wconf 79' lang='lat' dir='ltr'><strong>Angelus</strong></span> <span class='ocrx_word' id='word_1_669' title='bbox 492 4256 557 4299; x_wconf 89' lang='lat' dir='ltr'><strong>vero</strong></span> <span class='ocrx_word' id='word_1_670' title='bbox 584 4259 634 4314; x_wconf 90' lang='lat' dir='ltr'><strong>pro</strong></span> <span class='ocrx_word' id='word_1_671' title='bbox 656 4262 706 4301; x_wconf 90' lang='lat' dir='ltr'><strong>sua</strong></span> <span class='ocrx_word' id='word_1_672' title='bbox 732 4246 880 4304; x_wconf 88' lang='lat' dir='ltr'><strong>subtilitate</strong></span> <span class='ocrx_word' id='word_1_673' title='bbox 934 4247 973 4304; x_wconf 90' lang='lat' dir='ltr'><strong>tui</strong></span> <span class='ocrx_word' id='word_1_674' title='bbox 985 4247 1076 4303; x_wconf 91' lang='lat' dir='ltr'><strong>cordis</strong></span> <span class='ocrx_word' id='word_1_675' title='bbox 1089 4244 1251 4317; x_wconf 90' lang='lat' dir='ltr'><strong>quandoque</strong></span> <span class='ocrx_word' id='word_1_676' title='bbox 1260 4242 1286 4298; x_wconf 95' lang='lat' dir='ltr'><strong>in</strong></span> <span class='ocrx_word' id='word_1_677' title='bbox 1298 4240 1410 4311; x_wconf 84' lang='lat' dir='ltr'><strong>speculo</strong></span> <span class='ocrx_word' id='word_1_678' title='bbox 1425 4240 1544 4312; x_wconf 74' lang='lat' dir='ltr'><strong>propria</strong></span> <span class='ocrx_word' id='word_1_679' title='bbox 1554 4239 1668 4296; x_wconf 86' lang='lat' dir='ltr'><strong>rationis</strong></span> <span class='ocrx_word' id='word_1_680' title='bbox 1681 4248 1725 4295; x_wconf 91' lang='lat' dir='ltr'><strong>at-</strong></span> 
     </span>
     <span class='ocr_line' id='line_1_56' title="bbox 79 4325 1726 4405; baseline -0.002 -19"><span class='ocrx_word' id='word_1_681' title='bbox 79 4333 140 4386; x_wconf 89' lang='lat' dir='ltr'><strong>Deo</strong></span> <span class='ocrx_word' id='word_1_682' title='bbox 154 4328 321 4400; x_wconf 86' lang='lat' dir='ltr'><strong>expressiori</strong></span> <span class='ocrx_word' id='word_1_683' title='bbox 335 4329 513 4386; x_wconf 87' lang='lat' dir='ltr'><strong>similitudine</strong></span> <span class='ocrx_word' id='word_1_684' title='bbox 527 4330 693 4399; x_wconf 73' lang='lat' dir='ltr'><strong>adherebat,</strong></span> <span class='ocrx_word' id='word_1_685' title='bbox 717 4335 779 4404; x_wconf 90' lang='lat' dir='ltr'><strong>quia</strong></span> <span class='ocrx_word' id='word_1_686' title='bbox 807 4344 879 4392; x_wconf 92' lang='lat' dir='ltr'><strong>totus</strong></span> <span class='ocrx_word' id='word_1_687' title='bbox 935 4336 1041 4405; x_wconf 88' lang='lat' dir='ltr'><strong>tendas,</strong></span> <span class='ocrx_word' id='word_1_688' title='bbox 1055 4350 1090 4390; x_wconf 90' lang='lat' dir='ltr'><strong>ue</strong></span> <span class='ocrx_word' id='word_1_689' title='bbox 1103 4340 1157 4389; x_wconf 82' lang='lat' dir='ltr'><strong>ture</strong></span> <span class='ocrx_word' id='word_1_690' title='bbox 1172 4329 1255 4387; x_wconf 85' lang='lat' dir='ltr'><strong>iacias</strong></span> <span class='ocrx_word' id='word_1_691' title='bbox 1265 4328 1391 4398; x_wconf 83' lang='lat' dir='ltr'><strong>injuriam</strong></span> <span class='ocrx_word' id='word_1_692' title='bbox 1402 4325 1527 4400; x_wconf 87' lang='lat' dir='ltr'><strong>dignitati</strong></span> <span class='ocrx_word' id='word_1_693' title='bbox 1543 4346 1549 4383; x_wconf 92' lang='lat'>:</span> <span class='ocrx_word' id='word_1_694' title='bbox 1566 4328 1639 4398; x_wconf 87' lang='lat' dir='ltr'><strong>quod</strong></span> <span class='ocrx_word' id='word_1_695' title='bbox 1653 4326 1726 4399; x_wconf 88' lang='lat' dir='ltr'><strong>equi·</strong></span> 
     </span>
     <span class='ocr_line' id='line_1_57' title="bbox 23 4415 1726 4490; baseline 0.002 -23"><span class='ocrx_word' id='word_1_696' title='bbox 23 4463 25 4467; x_wconf 81' lang='grc'>,</span> <span class='ocrx_word' id='word_1_697' title='bbox 78 4426 109 4474; x_wconf 92' lang='lat' dir='ltr'><strong>et</strong></span> <span class='ocrx_word' id='word_1_698' title='bbox 126 4418 309 4474; x_wconf 86' lang='lat' dir='ltr'><strong>tantummodo</strong></span> <span class='ocrx_word' id='word_1_699' title='bbox 323 4420 434 4490; x_wconf 89' lang='lat' dir='ltr'><strong>spiritus</strong></span> <span class='ocrx_word' id='word_1_700' title='bbox 448 4427 514 4474; x_wconf 89' lang='lat' dir='ltr'><strong>erut.</strong></span> <span class='ocrx_word' id='word_1_701' title='bbox 538 4419 595 4475; x_wconf 89' lang='lat' dir='ltr'><strong>Nos</strong></span> <span class='ocrx_word' id='word_1_702' title='bbox 608 4435 674 4477; x_wconf 91' lang='lat' dir='ltr'><strong>vero</strong></span> <span class='ocrx_word' id='word_1_703' title='bbox 689 4420 760 4477; x_wconf 91' lang='lat' dir='ltr'><strong>luteo</strong></span> <span class='ocrx_word' id='word_1_704' title='bbox 789 4421 879 4478; x_wconf 90' lang='lat' dir='ltr'><strong>inclu-</strong></span> <span class='ocrx_word' id='word_1_705' title='bbox 933 4426 996 4480; x_wconf 89' lang='lat' dir='ltr'><strong>dem</strong></span> <span class='ocrx_word' id='word_1_706' title='bbox 1014 4419 1179 4487; x_wconf 85' lang='lat' dir='ltr'><strong>lacis,sivis</strong></span> <span class='ocrx_word' id='word_1_707' title='bbox 1200 4429 1226 4474; x_wconf 88' lang='lat' dir='ltr'><strong>to</strong></span> <span class='ocrx_word' id='word_1_708' title='bbox 1240 4415 1391 4485; x_wconf 77' lang='lat' dir='ltr'><strong>abiectiore</strong></span> <span class='ocrx_word' id='word_1_709' title='bbox 1404 4415 1453 4471; x_wconf 86' lang='lat' dir='ltr'><strong>tibi</strong></span> <span class='ocrx_word' id='word_1_710' title='bbox 1465 4429 1635 4486; x_wconf 84' lang='lat' dir='ltr'><strong>praeponere,</strong></span> <span class='ocrx_word' id='word_1_711' title='bbox 1654 4422 1726 4472; x_wconf 83' lang='lat' dir='ltr'><strong>etan</strong></span> 
     </span>
     <span class='ocr_line' id='line_1_58' title="bbox 79 4502 1724 4581; baseline 0.001 -18"><span class='ocrx_word' id='word_1_712' title='bbox 79 4521 128 4563; x_wconf 88' lang='lat' dir='ltr'><strong>sos</strong></span> <span class='ocrx_word' id='word_1_713' title='bbox 142 4521 259 4571; x_wconf 85' lang='lat' dir='ltr'><strong>carcere,</strong></span> <span class='ocrx_word' id='word_1_714' title='bbox 274 4515 302 4561; x_wconf 92' lang='lat' dir='ltr'><strong>et</strong></span> <span class='ocrx_word' id='word_1_715' title='bbox 317 4506 514 4562; x_wconf 88' lang='lat' dir='ltr'><strong>inhabitatione</strong></span> <span class='ocrx_word' id='word_1_716' title='bbox 529 4509 876 4579; x_wconf 87' lang='lat' dir='ltr'><strong>terrenadepressns,oha·</strong></span> <span class='ocrx_word' id='word_1_717' title='bbox 934 4527 995 4581; x_wconf 82' lang='lat' dir='ltr'><strong>quoe</strong></span> <span class='ocrx_word' id='word_1_718' title='bbox 1026 4510 1152 4566; x_wconf 87' lang='lat' dir='ltr'><strong>decorem</strong></span> <span class='ocrx_word' id='word_1_719' title='bbox 1184 4521 1264 4562; x_wconf 88' lang='lat' dir='ltr'><strong>suurn</strong></span> <span class='ocrx_word' id='word_1_720' title='bbox 1289 4502 1479 4576; x_wconf 83' lang='lat' dir='ltr'><strong>imaginarium</strong></span> <span class='ocrx_word' id='word_1_721' title='bbox 1510 4511 1537 4558; x_wconf 84' lang='lat' dir='ltr'><strong>et</strong></span> <span class='ocrx_word' id='word_1_722' title='bbox 1555 4503 1724 4559; x_wconf 72' lang='lat' dir='ltr'><strong>umbratilem</strong></span> 
     </span>
     <span class='ocr_line' id='line_1_59' title="bbox 79 4590 1725 4670; baseline -0.002 -20"><span class='ocrx_word' id='word_1_723' title='bbox 79 4596 148 4650; x_wconf 85' lang='lat' dir='ltr'><strong>ritas</strong></span> <span class='ocrx_word' id='word_1_724' title='bbox 162 4595 194 4649; x_wconf 90' lang='lat' dir='ltr'><strong>ud</strong></span> <span class='ocrx_word' id='word_1_725' title='bbox 210 4595 349 4666; x_wconf 85' lang='lat' dir='ltr'><strong>dignitatis</strong></span> <span class='ocrx_word' id='word_1_726' title='bbox 363 4596 495 4669; x_wconf 75' lang='lat' dir='ltr'><strong>angelica</strong></span> <span class='ocrx_word' id='word_1_727' title='bbox 508 4590 607 4653; x_wconf 79' lang='lat' dir='ltr'><strong>statur&#39;n</strong></span> <span class='ocrx_word' id='word_1_728' title='bbox 622 4604 730 4670; x_wconf 88' lang='lat' dir='ltr'><strong>reparat</strong></span> <span class='ocrx_word' id='word_1_729' title='bbox 750 4615 757 4652; x_wconf 77' lang='grc' dir='ltr'><strong><em>ε</em></strong></span> <span class='ocrx_word' id='word_1_730' title='bbox 774 4604 801 4654; x_wconf 91' lang='lat' dir='ltr'><strong>et</strong></span> <span class='ocrx_word' id='word_1_731' title='bbox 815 4597 877 4654; x_wconf 87' lang='lat' dir='ltr'><strong>linet</strong></span> <span class='ocrx_word' id='word_1_732' title='bbox 929 4600 1038 4666; x_wconf 86' lang='lat' dir='ltr'><strong>habent,</strong></span> <span class='ocrx_word' id='word_1_733' title='bbox 1064 4597 1113 4653; x_wconf 91' lang='lat' dir='ltr'><strong>tibi</strong></span> <span class='ocrx_word' id='word_1_734' title='bbox 1134 4610 1194 4668; x_wconf 82' lang='lat' dir='ltr'><strong>quae</strong></span> <span class='ocrx_word' id='word_1_735' title='bbox 1215 4593 1244 4649; x_wconf 89' lang='lat' dir='ltr'><strong>iit</strong></span> <span class='ocrx_word' id='word_1_736' title='bbox 1262 4590 1374 4650; x_wconf 90' lang='lat' dir='ltr'><strong>veritate</strong></span> <span class='ocrx_word' id='word_1_737' title='bbox 1388 4590 1567 4664; x_wconf 84' lang='lat' dir='ltr'><strong>pulcherrima</strong></span> <span class='ocrx_word' id='word_1_738' title='bbox 1580 4607 1626 4660; x_wconf 89' lang='lat' dir='ltr'><strong>es,</strong></span> <span class='ocrx_word' id='word_1_739' title='bbox 1651 4606 1725 4648; x_wconf 79' lang='lat' dir='ltr'><strong>coae·</strong></span> 
     </span>
     <span class='ocr_line' id='line_1_60' title="bbox 78 4679 1727 4760; baseline -0.002 -20"><span class='ocrx_word' id='word_1_740' title='bbox 78 4698 190 4753; x_wconf 90' lang='lat' dir='ltr'><strong>eorpus,</strong></span> <span class='ocrx_word' id='word_1_741' title='bbox 207 4685 280 4756; x_wconf 88' lang='lat' dir='ltr'><strong>quod</strong></span> <span class='ocrx_word' id='word_1_742' title='bbox 294 4686 485 4755; x_wconf 87' lang='lat' dir='ltr'><strong>corrumpitur,</strong></span> <span class='ocrx_word' id='word_1_743' title='bbox 500 4693 629 4757; x_wconf 87' lang='lat' dir='ltr'><strong>aggravet</strong></span> <span class='ocrx_word' id='word_1_744' title='bbox 642 4685 771 4751; x_wconf 89' lang='lat' dir='ltr'><strong>animam,</strong></span> <span class='ocrx_word' id='word_1_745' title='bbox 788 4695 816 4742; x_wconf 91' lang='lat' dir='ltr'><strong>et</strong></span> <span class='ocrx_word' id='word_1_746' title='bbox 829 4686 876 4742; x_wconf 92' lang='lat' dir='ltr'><strong>de·</strong></span> <span class='ocrx_word' id='word_1_747' title='bbox 929 4702 1027 4760; x_wconf 87' lang='lat' dir='ltr'><strong>quara.</strong></span> <span class='ocrx_word' id='word_1_748' title='bbox 1051 4690 1075 4743; x_wconf 83' lang='lat' dir='ltr'>A</span> <span class='ocrx_word' id='word_1_749' title='bbox 1097 4692 1142 4741; x_wconf 87' lang='lat' dir='ltr'><strong>tua</strong></span> <span class='ocrx_word' id='word_1_750' title='bbox 1164 4682 1294 4758; x_wconf 90' lang='lat' dir='ltr'><strong>dignitate</strong></span> <span class='ocrx_word' id='word_1_751' title='bbox 1321 4681 1403 4737; x_wconf 90' lang='lat' dir='ltr'><strong>nimis</strong></span> <span class='ocrx_word' id='word_1_752' title='bbox 1432 4679 1577 4737; x_wconf 89' lang='lat' dir='ltr'><strong>enormiter</strong></span> <span class='ocrx_word' id='word_1_753' title='bbox 1594 4687 1621 4736; x_wconf 92' lang='lat' dir='ltr'><strong>et</strong></span> <span class='ocrx_word' id='word_1_754' title='bbox 1646 4679 1727 4755; x_wconf 91' lang='lat' dir='ltr'><strong>igno-</strong></span> 
     </span>
     <span class='ocr_line' id='line_1_61' title="bbox 78 4767 1725 4848; baseline -0.001 -21"><span class='ocrx_word' id='word_1_755' title='bbox 78 4775 182 4845; x_wconf 86' lang='lat' dir='ltr'><strong>prirnat</strong></span> <span class='ocrx_word' id='word_1_756' title='bbox 201 4780 306 4830; x_wconf 88' lang='lat' dir='ltr'><strong>terrena</strong></span> <span class='ocrx_word' id='word_1_757' title='bbox 320 4773 446 4845; x_wconf 88' lang='lat' dir='ltr'><strong>cogitatio</strong></span> <span class='ocrx_word' id='word_1_758' title='bbox 469 4789 581 4831; x_wconf 88' lang='lat' dir='ltr'><strong>sensum</strong></span> <span class='ocrx_word' id='word_1_759' title='bbox 607 4774 690 4831; x_wconf 89' lang='lat' dir='ltr'><strong>multa</strong></span> <span class='ocrx_word' id='word_1_760' title='bbox 713 4777 877 4848; x_wconf 89' lang='lat' dir='ltr'><strong>cogitantem</strong></span> <span class='ocrx_word' id='word_1_761' title='bbox 935 4776 1051 4832; x_wconf 80' lang='lat' dir='ltr'><strong>miniosa</strong></span> <span class='ocrx_word' id='word_1_762' title='bbox 1066 4782 1093 4830; x_wconf 89' lang='lat' dir='ltr'><strong>te</strong></span> <span class='ocrx_word' id='word_1_763' title='bbox 1107 4772 1212 4843; x_wconf 81' lang='lat' dir='ltr'><strong>dejicis,</strong></span> <span class='ocrx_word' id='word_1_764' title='bbox 1229 4770 1252 4826; x_wconf 86' lang='lat' dir='ltr'><strong>si</strong></span> <span class='ocrx_word' id='word_1_765' title='bbox 1266 4768 1436 4826; x_wconf 88' lang='lat' dir='ltr'><strong>transitorias</strong></span> <span class='ocrx_word' id='word_1_766' title='bbox 1450 4774 1479 4826; x_wconf 84' lang='lat' dir='ltr'><strong>ot</strong></span> <span class='ocrx_word' id='word_1_767' title='bbox 1492 4769 1585 4826; x_wconf 89' lang='lat' dir='ltr'><strong>inanes</strong></span> <span class='ocrx_word' id='word_1_768' title='bbox 1606 4767 1725 4842; x_wconf 87' lang='lat' dir='ltr'><strong>pulchri·</strong></span> 
     </span>
     <span class='ocr_line' id='line_1_62' title="bbox 78 4858 1727 4936; baseline -0.003 -17"><span class='ocrx_word' id='word_1_769' title='bbox 78 4863 159 4934; x_wconf 87' lang='lat' dir='ltr'><strong>(Sap.</strong></span> <span class='ocrx_word' id='word_1_770' title='bbox 181 4862 294 4934; x_wconf 78' lang='lat' dir='ltr'><strong>rx,15),</strong></span> <span class='ocrx_word' id='word_1_771' title='bbox 324 4874 411 4918; x_wconf 89' lang='lat' dir='ltr'><strong>tamen</strong></span> <span class='ocrx_word' id='word_1_772' title='bbox 436 4873 546 4935; x_wconf 83' lang='lat' dir='ltr'><strong>peccato</strong></span> <span class='ocrx_word' id='word_1_773' title='bbox 574 4863 750 4934; x_wconf 78' lang='lat' dir='ltr'><strong>deformatos,</strong></span> <span class='ocrx_word' id='word_1_774' title='bbox 778 4881 877 4923; x_wconf 88' lang='lat' dir='ltr'><strong>novum</strong></span> <span class='ocrx_word' id='word_1_775' title='bbox 935 4864 1043 4922; x_wconf 89' lang='lat' dir='ltr'><strong>tudines</strong></span> <span class='ocrx_word' id='word_1_776' title='bbox 1056 4861 1162 4936; x_wconf 80' lang='lat' dir='ltr'><strong>appetis</strong></span> <span class='ocrx_word' id='word_1_777' title='bbox 1175 4867 1202 4917; x_wconf 92' lang='lat' dir='ltr'><strong>et</strong></span> <span class='ocrx_word' id='word_1_778' title='bbox 1218 4858 1459 4917; x_wconf 80' lang='lat' dir='ltr'><strong>mirarisbiundus</strong></span> <span class='ocrx_word' id='word_1_779' title='bbox 1473 4858 1601 4915; x_wconf 90' lang='lat' dir='ltr'><strong>nimirum</strong></span> <span class='ocrx_word' id='word_1_780' title='bbox 1615 4865 1727 4931; x_wconf 91' lang='lat' dir='ltr'><strong>propter</strong></span> 
     </span>
     <span class='ocr_line' id='line_1_63' title="bbox 77 4946 1726 5024; baseline -0.004 -17"><span class='ocrx_word' id='word_1_781' title='bbox 77 4950 203 5024; x_wconf 89' lang='lat' dir='ltr'><strong>diligenti</strong></span> <span class='ocrx_word' id='word_1_782' title='bbox 230 4950 280 5006; x_wconf 89' lang='lat' dir='ltr'><strong>Dei</strong></span> <span class='ocrx_word' id='word_1_783' title='bbox 296 4951 448 5007; x_wconf 80' lang='lat' dir='ltr'><strong>mandarunt</strong></span> <span class='ocrx_word' id='word_1_784' title='bbox 464 4952 498 5007; x_wconf 89' lang='lat' dir='ltr'><strong>ad</strong></span> <span class='ocrx_word' id='word_1_785' title='bbox 517 4952 569 5009; x_wconf 86' lang='lat' dir='ltr'><strong>Dei</strong></span> <span class='ocrx_word' id='word_1_786' title='bbox 598 4953 803 5013; x_wconf 90' lang='lat' dir='ltr'><strong>similitudinem</strong></span> <span class='ocrx_word' id='word_1_787' title='bbox 827 4964 879 5014; x_wconf 84' lang='lat' dir='ltr'><strong>nos</strong></span> <span class='ocrx_word' id='word_1_788' title='bbox 938 4963 965 5010; x_wconf 89' lang='lat' dir='ltr'><strong>te</strong></span> <span class='ocrx_word' id='word_1_789' title='bbox 978 4952 1065 5011; x_wconf 87' lang='lat' dir='ltr'><strong>factus</strong></span> <span class='ocrx_word' id='word_1_790' title='bbox 1079 4959 1121 5010; x_wconf 86' lang='lat' dir='ltr'><strong>est</strong></span> <span class='ocrx_word' id='word_1_791' title='bbox 1137 4969 1144 5007; x_wconf 91' lang='lat'>:</span> <span class='ocrx_word' id='word_1_792' title='bbox 1159 4949 1221 5006; x_wconf 85' lang='lat' dir='ltr'><strong>ideo</strong></span> <span class='ocrx_word' id='word_1_793' title='bbox 1235 4949 1366 5005; x_wconf 89' lang='lat' dir='ltr'><strong>mundum</strong></span> <span class='ocrx_word' id='word_1_794' title='bbox 1381 4964 1435 5006; x_wconf 90' lang='lat' dir='ltr'><strong>non</strong></span> <span class='ocrx_word' id='word_1_795' title='bbox 1454 4963 1545 5015; x_wconf 80' lang='lat' dir='ltr'><strong>ames3</strong></span> <span class='ocrx_word' id='word_1_796' title='bbox 1561 4946 1625 5018; x_wconf 86' lang='lat' dir='ltr'><strong>quia</strong></span> <span class='ocrx_word' id='word_1_797' title='bbox 1642 4960 1726 5003; x_wconf 89' lang='lat' dir='ltr'><strong>man-</strong></span> 
     </span>
     <span class='ocr_line' id='line_1_64' title="bbox 78 5035 1727 5119; baseline -0.007 -19"><span class='ocrx_word' id='word_1_798' title='bbox 78 5038 220 5094; x_wconf 80' lang='lat' dir='ltr'><strong>reformat.</strong></span> <span class='ocrx_word' id='word_1_799' title='bbox 931 5045 984 5100; x_wconf 88' lang='lat' dir='ltr'><strong>dus</strong></span> <span class='ocrx_word' id='word_1_800' title='bbox 997 5057 1050 5100; x_wconf 89' lang='lat' dir='ltr'><strong>non</strong></span> <span class='ocrx_word' id='word_1_801' title='bbox 1066 5050 1109 5099; x_wconf 91' lang='lat' dir='ltr'><strong>est</strong></span> <span class='ocrx_word' id='word_1_802' title='bbox 1128 5048 1154 5096; x_wconf 82' lang='lat' dir='ltr'><strong>te</strong></span> <span class='ocrx_word' id='word_1_803' title='bbox 1169 5039 1276 5119; x_wconf 80' lang='lat' dir='ltr'><strong>dignus,</strong></span> <span class='ocrx_word' id='word_1_804' title='bbox 1292 5054 1355 5095; x_wconf 88' lang='lat' dir='ltr'><strong>curn</strong></span> <span class='ocrx_word' id='word_1_805' title='bbox 1369 5037 1453 5098; x_wconf 83' lang='lat' dir='ltr'><strong>sisso</strong></span> <span class='ocrx_word' id='word_1_806' title='bbox 1475 5038 1555 5108; x_wconf 91' lang='lat' dir='ltr'><strong>longe</strong></span> <span class='ocrx_word' id='word_1_807' title='bbox 1567 5035 1684 5108; x_wconf 86' lang='lat' dir='ltr'><strong>dignior,</strong></span> <span class='ocrx_word' id='word_1_808' title='bbox 1699 5039 1727 5091; x_wconf 91' lang='lat' dir='ltr'><strong>et</strong></span> 
     </span>
     <span class='ocr_line' id='line_1_65' title="bbox 117 5121 1767 5205; baseline -0.002 -24"><span class='ocrx_word' id='word_1_809' title='bbox 117 5129 163 5182; x_wconf 82' lang='grc'><strong>69.</strong></span> <span class='ocrx_word' id='word_1_810' title='bbox 188 5125 374 5198; x_wconf 79' lang='lat' dir='ltr'><strong>Multiplicavit</strong></span> <span class='ocrx_word' id='word_1_811' title='bbox 392 5127 420 5182; x_wconf 93' lang='lat' dir='ltr'><strong>in</strong></span> <span class='ocrx_word' id='word_1_812' title='bbox 443 5135 471 5184; x_wconf 88' lang='lat' dir='ltr'><strong>te</strong></span> <span class='ocrx_word' id='word_1_813' title='bbox 492 5128 565 5184; x_wconf 88' lang='lat' dir='ltr'><strong>Deus</strong></span> <span class='ocrx_word' id='word_1_814' title='bbox 590 5129 661 5186; x_wconf 92' lang='lat' dir='ltr'><strong>dona</strong></span> <span class='ocrx_word' id='word_1_815' title='bbox 684 5147 742 5189; x_wconf 87' lang='lat' dir='ltr'><strong>sua.</strong></span> <span class='ocrx_word' id='word_1_816' title='bbox 770 5133 879 5205; x_wconf 75' lang='lat' dir='ltr'><strong>Adiecit</strong></span> <span class='ocrx_word' id='word_1_817' title='bbox 934 5133 991 5191; x_wconf 88' lang='lat' dir='ltr'><strong>sole</strong></span> <span class='ocrx_word' id='word_1_818' title='bbox 1005 5140 1033 5190; x_wconf 89' lang='lat' dir='ltr'><strong>et</strong></span> <span class='ocrx_word' id='word_1_819' title='bbox 1051 5132 1128 5205; x_wconf 90' lang='lat' dir='ltr'><strong>luna,</strong></span> <span class='ocrx_word' id='word_1_820' title='bbox 1143 5140 1170 5188; x_wconf 90' lang='lat' dir='ltr'><strong>et</strong></span> <span class='ocrx_word' id='word_1_821' title='bbox 1194 5128 1320 5186; x_wconf 89' lang='lat' dir='ltr'><strong>omnibus</strong></span> <span class='ocrx_word' id='word_1_822' title='bbox 1342 5125 1480 5182; x_wconf 89' lang='lat' dir='ltr'><strong>creaturis.</strong></span> <span class='ocrx_word' id='word_1_823' title='bbox 1504 5123 1599 5183; x_wconf 84' lang='lat' dir='ltr'><strong>Omnia</strong></span> <span class='ocrx_word' id='word_1_824' title='bbox 1621 5121 1727 5197; x_wconf 87' lang='lat' dir='ltr'><strong>quippe</strong></span> <span class='ocrx_word' id='word_1_825' title='bbox 1764 5180 1767 5185; x_wconf 74' lang='grc'>,</span> 
     </span>
     <span class='ocr_line' id='line_1_66' title="bbox 79 5213 1727 5296; baseline -0.002 -23"><span class='ocrx_word' id='word_1_826' title='bbox 79 5217 154 5273; x_wconf 87' lang='lat' dir='ltr'><strong>enirn</strong></span> <span class='ocrx_word' id='word_1_827' title='bbox 170 5214 364 5286; x_wconf 86' lang='lat' dir='ltr'><strong>pulchritudini</strong></span> <span class='ocrx_word' id='word_1_828' title='bbox 389 5227 440 5271; x_wconf 79' lang='lat' dir='ltr'><strong>tuse</strong></span> <span class='ocrx_word' id='word_1_829' title='bbox 455 5214 554 5281; x_wconf 89' lang='lat' dir='ltr'><strong>vivere,</strong></span> <span class='ocrx_word' id='word_1_830' title='bbox 569 5216 677 5284; x_wconf 86' lang='lat' dir='ltr'><strong>sentire,</strong></span> <span class='ocrx_word' id='word_1_831' title='bbox 694 5217 848 5277; x_wconf 89' lang='lat' dir='ltr'><strong>discernere</strong></span> <span class='ocrx_word' id='word_1_832' title='bbox 869 5238 876 5276; x_wconf 93' lang='lat'>:</span> <span class='ocrx_word' id='word_1_833' title='bbox 933 5223 1091 5296; x_wconf 84' lang='lat' dir='ltr'><strong>temporalia</strong></span> <span class='ocrx_word' id='word_1_834' title='bbox 1111 5236 1169 5278; x_wconf 80' lang='lat' dir='ltr'><strong>sua</strong></span> <span class='ocrx_word' id='word_1_835' title='bbox 1187 5213 1395 5290; x_wconf 89' lang='lat' dir='ltr'><strong>pulchritudinis</strong></span> <span class='ocrx_word' id='word_1_836' title='bbox 1419 5213 1539 5271; x_wconf 82' lang='lat' dir='ltr'><strong>delectus</strong></span> <span class='ocrx_word' id='word_1_837' title='bbox 1560 5221 1727 5285; x_wconf 73' lang='lat' dir='ltr'><strong>agnoscunt,</strong></span> 
     </span>
     <span class='ocr_line' id='line_1_67' title="bbox 80 5298 1765 5382; baseline -0.003 -20"><span class='ocrx_word' id='word_1_838' title='bbox 80 5318 108 5362; x_wconf 85' lang='lat' dir='ltr'><strong>et</strong></span> <span class='ocrx_word' id='word_1_839' title='bbox 128 5305 155 5358; x_wconf 90' lang='lat' dir='ltr'><strong>in</strong></span> <span class='ocrx_word' id='word_1_840' title='bbox 171 5303 298 5360; x_wconf 87' lang='lat' dir='ltr'><strong>omnibus</strong></span> <span class='ocrx_word' id='word_1_841' title='bbox 323 5320 384 5378; x_wconf 80' lang='lat' dir='ltr'><strong>quae</strong></span> <span class='ocrx_word' id='word_1_842' title='bbox 399 5303 582 5359; x_wconf 86' lang='lat' dir='ltr'><strong>munificentia</strong></span> <span class='ocrx_word' id='word_1_843' title='bbox 596 5308 656 5376; x_wconf 81' lang='lat' dir='ltr'><strong>ejus</strong></span> <span class='ocrx_word' id='word_1_844' title='bbox 684 5305 735 5361; x_wconf 93' lang='lat' dir='ltr'><strong>tibi</strong></span> <span class='ocrx_word' id='word_1_845' title='bbox 755 5308 878 5382; x_wconf 90' lang='lat' dir='ltr'><strong>contulit,</strong></span> <span class='ocrx_word' id='word_1_846' title='bbox 934 5321 960 5367; x_wconf 89' lang='lat' dir='ltr'><strong>et</strong></span> <span class='ocrx_word' id='word_1_847' title='bbox 982 5322 1010 5368; x_wconf 87' lang='lat' dir='ltr'><strong>tn</strong></span> <span class='ocrx_word' id='word_1_848' title='bbox 1035 5311 1064 5366; x_wconf 90' lang='lat' dir='ltr'><strong>in</strong></span> <span class='ocrx_word' id='word_1_849' title='bbox 1082 5310 1185 5372; x_wconf 85' lang='lat' dir='ltr'><strong>futuro,</strong></span> <span class='ocrx_word' id='word_1_850' title='bbox 1207 5303 1299 5360; x_wconf 89' lang='lat' dir='ltr'><strong>labore</strong></span> <span class='ocrx_word' id='word_1_851' title='bbox 1322 5316 1377 5357; x_wconf 92' lang='lat' dir='ltr'><strong>non</strong></span> <span class='ocrx_word' id='word_1_852' title='bbox 1402 5298 1505 5368; x_wconf 83' lang='lat' dir='ltr'><strong>deficis,</strong></span> <span class='ocrx_word' id='word_1_853' title='bbox 1529 5315 1582 5357; x_wconf 89' lang='lat' dir='ltr'><strong>nec</strong></span> <span class='ocrx_word' id='word_1_854' title='bbox 1603 5298 1730 5374; x_wconf 78' lang='lat' dir='ltr'><strong>pallescis</strong></span> <span class='ocrx_word' id='word_1_855' title='bbox 1761 5362 1765 5367; x_wconf 67' lang='grc'>,</span> 
     </span>
     <span class='ocr_line' id='line_1_68' title="bbox 80 5389 1728 5473; baseline -0.003 -23"><span class='ocrx_word' id='word_1_856' title='bbox 80 5394 188 5464; x_wconf 80' lang='lat' dir='ltr'><strong>accepit</strong></span> <span class='ocrx_word' id='word_1_857' title='bbox 201 5392 355 5466; x_wconf 81' lang='lat' dir='ltr'><strong>indigentia</strong></span> <span class='ocrx_word' id='word_1_858' title='bbox 370 5405 417 5449; x_wconf 90' lang='lat' dir='ltr'><strong>trra</strong></span> <span class='ocrx_word' id='word_1_859' title='bbox 431 5392 546 5465; x_wconf 87' lang='lat' dir='ltr'><strong>gratiam</strong></span> <span class='ocrx_word' id='word_1_860' title='bbox 560 5393 633 5463; x_wconf 87' lang='lat' dir='ltr'><strong>ejus,</strong></span> <span class='ocrx_word' id='word_1_861' title='bbox 661 5408 716 5451; x_wconf 92' lang='lat' dir='ltr'><strong>non</strong></span> <span class='ocrx_word' id='word_1_862' title='bbox 743 5393 880 5469; x_wconf 82' lang='lat' dir='ltr'><strong>exigentia</strong></span> <span class='ocrx_word' id='word_1_863' title='bbox 935 5400 1105 5473; x_wconf 78' lang='lat' dir='ltr'><strong>egritudine,</strong></span> <span class='ocrx_word' id='word_1_864' title='bbox 1121 5411 1173 5451; x_wconf 89' lang='lat' dir='ltr'><strong>nee</strong></span> <span class='ocrx_word' id='word_1_865' title='bbox 1192 5407 1295 5449; x_wconf 89' lang='lat' dir='ltr'><strong>marces</strong></span> <span class='ocrx_word' id='word_1_866' title='bbox 1309 5389 1396 5456; x_wconf 91' lang='lat' dir='ltr'><strong>senio,</strong></span> <span class='ocrx_word' id='word_1_867' title='bbox 1420 5405 1471 5447; x_wconf 91' lang='lat' dir='ltr'><strong>nec</strong></span> <span class='ocrx_word' id='word_1_868' title='bbox 1492 5396 1580 5447; x_wconf 90' lang='lat' dir='ltr'><strong>morte</strong></span> <span class='ocrx_word' id='word_1_869' title='bbox 1602 5389 1728 5448; x_wconf 61' lang='lat' dir='ltr'><strong>ubetem</strong></span> 
     </span>
     <span class='ocr_line' id='line_1_69' title="bbox 81 5477 1732 5559; baseline -0.002 -19"><span class='ocrx_word' id='word_1_870' title='bbox 81 5482 592 5554; x_wconf 75' lang='lat' dir='ltr'><strong>mimaritianteeessitbesponsavit</strong></span> <span class='ocrx_word' id='word_1_871' title='bbox 616 5480 809 5556; x_wconf 69' lang='lat' dir='ltr'><strong>tentatoris</strong></span> <span class='ocrx_word' id='word_1_872' title='bbox 835 5502 880 5545; x_wconf 90' lang='lat' dir='ltr'><strong>or·</strong></span> <span class='ocrx_word' id='word_1_873' title='bbox 939 5490 1072 5559; x_wconf 78' lang='lat' dir='ltr'><strong>Quocirca</strong></span> <span class='ocrx_word' id='word_1_874' title='bbox 1098 5483 1198 5558; x_wconf 88' lang='lat' dir='ltr'><strong>aliquid</strong></span> <span class='ocrx_word' id='word_1_875' title='bbox 1212 5480 1315 5558; x_wconf 85' lang='lat' dir='ltr'><strong>diligis</strong></span> <span class='ocrx_word' id='word_1_876' title='bbox 1329 5481 1358 5537; x_wconf 93' lang='lat' dir='ltr'><strong>in</strong></span> <span class='ocrx_word' id='word_1_877' title='bbox 1379 5479 1432 5536; x_wconf 91' lang='lat' dir='ltr'><strong>huc</strong></span> <span class='ocrx_word' id='word_1_878' title='bbox 1449 5479 1563 5552; x_wconf 88' lang='lat' dir='ltr'><strong>mundo,</strong></span> <span class='ocrx_word' id='word_1_879' title='bbox 1583 5477 1631 5552; x_wconf 87' lang='lat' dir='ltr'><strong>qni</strong></span> <span class='ocrx_word' id='word_1_880' title='bbox 1659 5486 1732 5538; x_wconf 83' lang='lat' dir='ltr'><strong>totus</strong></span> 
     </span>
     <span class='ocr_line' id='line_1_70' title="bbox 171 5579 1642 5642; baseline 0.006 -4"><span class='ocrx_word' id='word_1_881' title='bbox 171 5581 293 5642; x_wconf 73' lang='lat' dir='ltr'><strong>varior.</strong></span> <span class='ocrx_word' id='word_1_882' title='bbox 311 5581 484 5642; x_wconf 77' lang='lat' dir='ltr'>CLXXXIV.</span> <span class='ocrx_word' id='word_1_883' title='bbox 1605 5579 1642 5636; x_wconf 73' lang='lat'><strong>2⁰</strong></span> 
     </span>
    </p>
   </div>
   <div class='ocr_carea' id='block_1_6' title="bbox 0 0 1876 5962">
    <p class='ocr_par' dir='ltr' id='par_1_6' title="bbox 0 0 1876 5962">
     <span class='ocr_line' id='line_1_71' title="bbox 0 0 1876 5962; baseline 0 0"><span class='ocrx_word' id='word_1_884' title='bbox 0 0 1876 5962; x_wconf 95' lang='lat' dir='ltr'><strong> </strong></span> 
     </span>
    </p>
   </div>
  </div>
 </body>
</html>
