3706 5962
111 166 159 234 ,ῃ
775 164 971 225 statueram
989 162 1127 224 ιιιιιιι
1322 162 1329 169 ·
1709 120 1774 226 ἰι

121 301 177 370 jam
198 293 310 368 quidem
333 287 461 350 dilectum
485 299 573 358 tenes,
593 286 642 348 sad
666 291 789 349 nondum
811 290 861 347 tibi
875 306 919 346 res

120 394 163 442 est
176 385 204 440 in
219 392 286 440 tuto.
302 382 430 438 Turbaris
441 382 539 447 adhuc,
556 389 583 437 et
595 380 705 437 thalami
720 380 918 453 tranquillitate

121 490 175 530 non
189 474 296 530 frueris.
311 471 392 527 Fides
407 470 433 524 in
448 480 529 543 portu
543 477 593 536 ιιι,
611 471 660 526 sed
671 486 765 541 pravae
775 477 918 526 consuetu·

28 574 31 578 “
119 564 190 621 diuis
202 562 329 634 impetus,
346 568 374 616 et
383 561 566 616 tantationum
580 560 624 617 vel
640 559 851 633 emergentium,
872 559 915 616 vel

119 651 299 725 frequentium
322 648 446 706 cumulus
475 649 564 704 adhue
588 650 635 704 tibi
663 649 839 724 frangendus,
870 655 916 704 aut

118 750 195 799 certe
218 741 364 812 fugiendus
385 746 435 795 est.
456 741 530 796 Tene
547 747 705 797 constanter
727 741 799 797 iuter
818 739 914 796 discri-

119 832 191 887 mina
214 845 249 886 ne
272 838 298 886 te
313 829 435 902 eflugiat,
457 829 543 885 donec
566 829 723 885 introducas
743 829 872 885 dilectum
887 828 914 883 in

118 921 229 976 domum
247 917 342 974 matris
362 925 425 986 tuae,
441 918 510 973 etin
524 919 678 974 cubiculum
692 917 834 992 genitricis
849 924 911 973 tuae.

116 1010 193 1067 'lenc
207 1024 268 1065 cum
282 1007 388 1073 labore,
400 1022 436 1062 ne
450 1007 539 1062 minus
555 1013 634 1064 cuuto
649 1015 676 1063 et
691 1023 790 1079 parum
805 1006 912 1062 curioso

116 1099 195 1155 citius
209 1097 341 1154 elabatur.
357 1096 421 1152 Fide
435 1103 522 1162 tenos,
542 1083 710 1167 professione
724 1104 801 1152 tenes
824 1111 830 1149 :
850 1104 913 1151 tene

115 1187 245 1253 trieribus,
266 1193 329 1243 tene
343 1185 562 1255 conversatione,
578 1199 631 1241 nec
646 1184 775 1242 dimittas.
790 1184 851 1241 Nou
870 1193 914 1240 est

115 1277 150 1333 de
164 1284 265 1333 caetero
280 1291 355 1332 nunc
364 1291 413 1346 pro
425 1273 487 1330 fidei
501 1273 617 1331 veritate
628 1273 780 1339 conflictus,
798 1273 847 1329 sed
857 1273 912 1346 spi-

114 1365 221 1421 ritualis
234 1367 316 1436 hujus
331 1363 487 1422 certaminis
508 1371 591 1418 arctus
605 1362 737 1419 adversus
758 1377 849 1418 mores
859 1363 912 1418 bo·

115 1470 166 1510 nos
176 1463 204 1510 et
217 1453 301 1510 vitam
316 1455 461 1509 honestem
486 1459 558 1507 totus
575 1451 725 1507 incanduit.
750 1451 856 1507 lustaut
870 1451 912 1507 his

114 1543 212 1599 diebus
226 1540 383 1599 nouissimis
399 1549 525 1612 tempora
539 1539 705 1611 periculosa,
722 1540 831 1613 quaudo
849 1547 913 1597 sunt

84 1682 88 1691 ,
112 1632 238 1690 homiues
253 1648 282 1687 se
296 1631 371 1701 ipsos
382 1636 514 1696 amantes,
531 1629 633 1699 cupidi,
648 1629 723 1694 elati,
740 1630 909 1697 inventores,
927 1654 950 1735 fl

112 1722 168 1779 imo
182 1731 211 1779 et
237 1721 392 1777 incentores
416 1718 550 1773 malorum
576 1720 614 1784 (ll
635 1720 704 1775 Tim.
730 1733 771 1783 ιιι,
796 1720 863 1791 ι-ιι).
881 1720 911 1775 ln

22 1854 25 1859 ,
113 1817 210 1868 exortu
234 1806 298 1864 fidei
320 1805 476 1864 christianae
504 1804 660 1876 persecutio
688 1806 804 1861 nominis
830 1808 911 1875 hujus

112 1898 227 1973 grandis
241 1896 330 1969 erupit
347 1910 355 1951 ι
370 1894 452 1952 hodie
464 1894 620 1965 pestilentia
635 1911 741 1950 morum
756 1895 830 1952 foeda
844 1897 911 1953 sutis

113 1996 142 2044 et
163 1988 237 2045 lenta
265 1985 347 2041 nimis
370 1984 491 2065 exhalat.
517 1985 700 2054 Corrumpunt
724 1985 797 2040 euim
819 2003 911 2042 mores

112 2079 200 2135 bonos
211 2075 336 2148 exempla
347 2074 428 2130 mala.
440 2074 599 2144 Trabeam,
611 2074 684 2130 bone
695 2075 770 2142 lesu,
784 2077 811 2131 in
825 2075 910 2133 odore

112 2173 313 2242 unguentorum
339 2170 457 2230 tuorum,
475 2178 508 2218 ιιι
528 2163 659 2235 pestilens
682 2166 797 2220 amede
821 2165 910 2222 vicino

112 2272 268 2327 erumpens,
285 2254 369 2310 salom
384 2253 525 2325 sapientiae
539 2253 567 2308 in
582 2252 661 2309 nobis
677 2253 800 2311 infatuet.
813 2257 909 2313 Sermo

110 2338 211 2413 uester,
228 2344 328 2400 Paulus
338 2343 434 2416 inquit,
447 2360 557 2416 semper
566 2344 596 2399 in
604 2346 700 2416 qratia
709 2346 768 2402 sale
777 2345 909 2402 conditus

110 2439 148 2493 ait
168 2436 284 2503 (Colore.
295 2448 334 2499 tv,
351 2435 390 2502 6).
406 2432 535 2504 Nunquid
551 2432 625 2487 solus
638 2447 738 2498 sermo,
752 2441 780 2488 et
794 2450 849 2490 nou
864 2452 910 2507 po

110 2524 164 2578 tius
178 2526 260 2587 risus,
277 2520 394 2584 auditus,
410 2519 543 2583 incessus,
556 2519 644 2574 omnis
663 2520 779 2592 denique
789 2523 909 2580 exterior

110 2619 206 2682 gestus
216 2609 274 2664 sale
289 2607 393 2663 condiri
409 2607 508 2662 debet?
525 2608 649 2672 Placete,
663 2606 760 2679 inquit,
777 2611 910 2668 omatibus

109 2699 269 2773 peremnia
286 2697 404 2752 sicelet
423 2711 470 2766 eqo
489 2696 515 2763 (l
529 2691 599 2751 Cor?
610 2710 641 2766 x,
658 2699 702 2761 ιι,
719 2696 774 2768 33).
791 2697 908 2766 Quodsi

111 2785 205 2843 fatuati
220 2790 284 2840 sunt
305 2781 435 2838 Ecclesia
460 2781 608 2854 principes,
631 2782 729 2855 plebes
751 2783 779 2841 in
795 2800 849 2857 quo
865 2803 907 2843 sa·

110 2876 211 2932 lientur
226 2871 277 2945 [ul.
293 2868 424 2942 salienti?

144 2961 421 3028 obturabimus,
443 2958 490 3032 qui
508 2959 650 3033 religionis
666 2962 837 3032 professores
861 2946 944 3025 ιιι-ὓ

108 3068 179 3120 mus,
195 3048 235 3106 sal
257 3064 318 3106 esse
339 3056 420 3104 terrae
439 3047 579 3106 debemus.
595 3048 623 3103 Si
648 3065 714 3120 ergo
734 3052 804 3106 etin
827 3053 906 3109 nobis

109 3140 151 3198 sal
166 3138 317 3204 evanuerit,
333 3137 361 3192 in
382 3154 435 3210 quo
455 3136 589 3193 salietur?
603 3137 702 3195 Factus
727 3148 755 3195 et
777 3145 905 3199 sacerdos

107 3228 177 3284 sicut
190 3227 317 3300 populus,
345 3232 375 3281 ut
400 3224 526 3282 licentius
545 3226 661 3298 populus
685 3228 755 3285 sicut
778 3232 906 3288 sacerdos

108 3317 165 3374 liat.
178 3316 279 3372 blundo
294 3331 323 3372 se
333 3307 462 3371 monaehi
476 3315 598 3371 studiose
613 3317 786 3374 conformant
801 3321 905 3393 :etqui

106 3405 135 3461 iu
150 3406 252 3461 mundo
266 3411 339 3470 sunt,
356 3419 477 3461 errorem
493 3420 572 3460 suum
591 3414 752 3463 nostrorum
766 3409 833 3465 satis
846 3426 906 3466 ver-

107 3502 167 3552 sute
183 3501 211 3550 et
229 3491 310 3549 nimis
324 3508 389 3550 vere
404 3499 514 3549 tuentur
530 3495 666 3566 exemplo.
678 3497 777 3553 llutuis
792 3499 825 3553 ad
840 3500 905 3556 vitia

106 3599 176 3650 sese,
193 3594 239 3639 eut
263 3584 410 3640 informant
434 3590 480 3638 aut
502 3583 595 3642 fovent
614 3587 758 3658 exemplis,
779 3598 905 3660 pastores

105 3681 134 3731 et
147 3671 240 3745 populi
254 3671 399 3727 saculares
413 3678 439 3725 et
457 3671 587 3742 religiosi.
613 3675 803 3748 Promptuaria
825 3679 904 3751 plena

105 3768 169 3818 sunt
182 3759 351 3831 hujusmodi,
366 3758 517 3814 eructantia
534 3775 568 3815 ιιι
582 3762 633 3816 hoc
648 3762 676 3817 in
691 3762 766 3835 illud,
783 3775 830 3821 aut
844 3775 903 3823 tur-

104 3849 156 3924 pis,
171 3856 217 3905 aut
237 3848 335 3919 tepidae
350 3847 563 3905 conversationis
577 3849 702 3921 spiritum
717 3853 901 3924 pestilentem.

104 3940 176 3996 licui
194 3952 277 4011 quam
291 3936 371 3995 avido
385 3936 476 3994 cordis
490 3953 538 3994 ore
561 3953 674 4010 pravum
697 3943 769 4000 hunc
790 3948 903 4002 attrahi-

104 4044 165 4084 mus
178 4023 314 4100 spiritum,
336 4034 363 4083 et
381 4034 603 4098 corrumpentem
626 4029 765 4087 haurimus
789 4035 899 4093 auraml

103 4114 262 4173 Pestilentia
277 4115 335 4171 haec
349 4114 450 4186 passim
464 4115 551 4172 influit
565 4132 614 4188 per
628 4116 766 4176 fenestras
780 4132 898 4180 nostras.

102 4206 168 4261 Jesu
183 4206 264 4270 bone,
290 4204 400 4276 quando
423 4203 484 4275 erit,
512 4204 534 4260 si
555 4213 646 4262 temen
669 4208 816 4281 aliqnando
836 4213 897 4282 erit,

976 299 1004 346 et
1018 306 1072 347 non
1087 289 1169 346 etiam
1184 289 1212 345 in
1228 286 1342 360 singulis
1366 285 1466 344 nobis?
1487 285 1554 355 Quis
1568 285 1643 343 enirn
1659 287 1715 346 erit
1727 290 1773 348 cm·

974 379 1044 434 ιιιιιι
1055 394 1128 434 verm
1141 385 1169 433 ιι
1182 376 1342 433 indubitatae
1363 373 1439 442 fidei,
1455 375 1496 432 sic
1515 375 1597 430 etiam
1622 375 1771 435 ιιῖιιιιιιιιι

973 468 1083 539 piorum
1107 466 1260 541 integritas,
1275 463 1411 522 constet?
1432 465 1548 535 liagnus
1570 465 1653 537 plane
1678 470 1769 538 est,si

972 557 1033 629 quis
1048 564 1099 623 est,
1116 557 1162 629 qui
1177 557 1247 613 sicut
1260 569 1403 626 nunquam
1422 553 1521 610 titubat
1533 553 1563 609 in
1576 553 1642 623 fide,
1658 555 1697 612 ita
1710 574 1770 629 pas·

970 645 1093 702 sionibus
1122 644 1206 701 animi
1230 643 1311 700 nullis
1339 643 1473 698 turbetur.
1502 642 1587 701 Plane
1606 644 1688 701 talem
1715 661 1769 722 ego

970 734 1084 792 dixerim
1099 734 1217 792 cubiculi
1231 741 1337 790 secreto
1352 733 1517 804 ingressum.
1535 733 1641 789 Bonum
1655 735 1768 792 cubicu-

969 823 1028 880 lum
1038 825 1129 881 cordis
1139 823 1332 895 tranquillitas.
1343 822 1411 879 Cum
1425 821 1486 877 aliis
1501 822 1608 879 laboret
1618 824 1766 896 sapientia;

969 914 1017 969 sed
1032 929 1093 970 cum
1120 912 1216 970 humili
1229 920 1257 969 et
1271 912 1417 984 tranquillo
1441 911 1558 984 quiescit
1583 912 1703 985 Spiritus
1715 916 1769 972 Dc·

967 1003 1043 1068 mini,
1062 1011 1088 1060 et
1107 1002 1134 1058 in
1149 1018 1217 1075 pace
1236 1002 1313 1058 locus
1334 1003 1405 1072 ejus.
1431 1001 1486 1058 Sael
1513 999 1559 1058 hic
1577 1002 1701 1074 quiescat
1725 1003 1768 1059 in·

968 1092 1047 1148 terim
1057 1107 1147 1150 sermo
1161 1100 1265 1162 noster,
1276 1091 1439 1171 mgisvero
1454 1106 1551 1147 sensus
1564 1097 1659 1148 noster
1672 1091 1702 1148 iu
1716 1092 1768 1150 hoc

967 1181 1072 1236 utinam
1088 1181 1240 1254 requiescat
1254 1187 1360 1237 secreto
1380 1179 1499 1236 cubiculi
1519 1195 1527 1234 :
1547 1187 1576 1236 ut
1591 1180 1666 1253 quod
1681 1197 1767 1255 expe-

967 1269 1067 1326 rientia
1082 1269 1214 1335 docuerit,
1236 1269 1394 1341 expressius
1417 1268 1545 1326 refundat
1569 1285 1696 1327 sermone
1720 1288 1767 1328 se·

968 1359 1072 1431 quenti,
1092 1366 1238 1430 prestante
1252 1358 1371 1414 Domino
1385 1365 1479 1413 nostro
1498 1359 1564 1414 Jesu
1579 1359 1699 1425 Christo,
1717 1359 1765 1431 qui

966 1462 1030 1503 cum
1044 1448 1124 1503 Patre
1134 1455 1161 1503 et
1172 1446 1274 1519 Spiritu
1289 1457 1385 1503 sancto
1399 1447 1462 1503 vivit
1476 1445 1536 1504 39
1545 1455 1573 1503 ιι
1582 1455 1680 1523 regnat
1695 1449 1768 1505 Deus

966 1550 1017 1606 per
1035 1534 1126 1593 omnia
1136 1535 1235 1592 sucula
1249 1534 1422 1592 serculorum.
1434 1538 1532 1590 Amen.

1265 1641 1381 1698 SERMO
1397 1642 1470 1697 xit.

967 1749 1074 1823 Adjuro
1087 1765 1145 1818 uos,
1159 1749 1405 1835 filiaederusclem,
1418 1760 1469 1822 per
1479 1764 1606 1834 capreos,
1617 1765 1765 1834 cervosque

1002 1837 1179 1949 ἓιιιιιιῖονιιιιὲ
1192 1837 1228 1877 ιιι
1242 1825 1387 1948 ametiste}
1395 1836 1489 1947 ¹{sequte
1499 1821 1631 1946 empiluge
1649 1823 1765 1890 sauata

1020 1909 1145 1959 tecum,
1182 1909 1399 1965 onocapsooet
1428 1894 1516 1961 (dunt
1538 1908 1580 1957 ιι,
1613 1891 1634 1963 ).

1002 1988 1028 2039 ι.
1044 1984 1121 2040 Ριιιι
1134 1981 1207 2038 illam
1223 1983 1407 2048 obdormisse,
1425 1996 1474 2052 pro
1491 1998 1544 2053 qua
1560 1980 1621 2036 talis
1635 1986 1678 2036 est
1691 1977 1764 2036 fecta

965 2072 1115 2144 adiuratio.
1126 2072 1227 2140 Quidni
1240 2072 1357 2127 dormiet
1372 2088 1433 2127 cum
1448 2070 1547 2127 dilecto
1567 2070 1692 2142 ingressa
1705 2085 1764 2125 ma·

964 2162 1014 2218 tris
1036 2162 1197 2228 cubiculum,
1223 2162 1381 2218 deliciarum
1400 2163 1550 2217 recessus‘.l
1573 2158 1679 2215 Dormit
1701 2174 1764 2214 cum

965 2251 1066 2323 patitur
1080 2252 1180 2307 mentis
1193 2267 1337 2306 excessum
1351 2251 1386 2306 de
1399 2265 1514 2306 accessu
1529 2248 1630 2306 dilecti.
1646 2247 1763 2320 Adjuro.

963 2341 1062 2414 inquit,
1078 2356 1168 2399 vosne
1182 2341 1328 2398 suscitetis
1337 2340 1484 2396 dilectum.
1500 2339 1582 2394 Beata
1596 2336 1686 2408 plane,
1701 2351 1764 2408 quar

963 2431 1092 2486 dilectum
1103 2431 1174 2485 hunc
1189 2438 1215 2484 ct
1231 2438 1324 2485 tenere
1338 2428 1514 2500 permittitur,
1523 2437 1551 2483 et
1561 2426 1697 2482 dimittere
1707 2440 1763 2481 non

963 2520 1143 2592 compellitur.
1156 2522 1230 2575 Tene
1247 2518 1320 2589 quod
1336 2527 1423 2584 tenes,
1444 2526 1508 2572 tene
1523 2525 1551 2572 et
1571 2524 1686 2571 attrecta
1707 2531 1765 2570 mo·

963 2624 1025 2666 rose
1040 2615 1069 2663 et
1077 2608 1224 2678 diligenter
1237 2606 1353 2663 verbum
1368 2607 1429 2663 vitm
1445 2620 1451 2659 :
1469 2604 1578 2662 revolve
1588 2603 1716 2661 volumen
1726 2604 1764 2661 vi·

963 2713 1007 2769 qae,
1022 2696 1149 2754 volumen
1163 2694 1238 2766 quod
1256 2694 1369 2750 revolvit
1391 2695 1479 2764 lesus,
1504 2693 1560 2749 imo
1574 2690 1647 2764 quod
1662 2698 1704 2747 est
1718 2691 1763 2747 Je-

962 2801 1019 2842 sus.
1038 2784 1148 2841 lnrolvc
1162 2791 1189 2839 te
1203 2783 1251 2852 illi,
1268 2783 1377 2839 involve
1394 2790 1420 2839 te
1435 2782 1481 2838 illa
1495 2796 1550 2855 qua
1567 2779 1704 2838 involutus
1718 2787 1761 2837 est

960 2874 1019 2945 ipse
1034 2874 1164 2941 sindone,
1189 2872 1252 2945 quia
1267 2873 1382 2929 amictus
1404 2880 1445 2928 est
1464 2870 1569 2928 lumine
1582 2869 1652 2927 sieut
1674 2869 1760 2927 vesti-

960 2972 1061 3020 mento.
1086 2963 1204 3020 iuduere
1226 2962 1353 3019 dilectum
1377 2969 1452 3017 tuum
1468 2961 1612 3018 Dominum
1637 2968 1760 3016 nostrum

959 3054 1053 3109 lesum
1073 3052 1220 3108 Christum.
1244 3051 1345 3109 Excide
1361 3051 1408 3106 tibi
1428 3050 1588 3109 memoriale
1609 3049 1760 3122 diligenter

958 3142 986 3198 in
1014 3149 1102 3214 petra,
1123 3150 1332 3198 monumentum
1359 3157 1468 3206 norum,
1500 3140 1528 3195 in
1553 3156 1610 3212 quo
1635 3137 1759 3195 nondum

959 3231 1102 3305 quisquam
1116 3234 1220 3305 positus
1233 3230 1330 3289 luerat.
1352 3230 1475 3287 Christus
1490 3229 1562 3285 euim
1576 3236 1665 3301 petra.
1681 3227 1759 3284 Sem·

959 3338 1009 3394 per
1022 3337 1092 3378 nova
1117 3321 1232 3394 reperiri
1255 3328 1373 3392 possunt
1386 3321 1416 3376 in
1429 3318 1548 3376 Christo.
1564 3319 1689 3398 hdtnove
1702 3330 1757 3388 po·

959 3417 1009 3467 test
1023 3409 1171 3481 penetrari.
1186 3409 1262 3465 llulti
1286 3417 1348 3464 sunt
1362 3409 1389 3465 in
1411 3409 1457 3466 illo
1475 3424 1608 3476 recessus,
1632 3406 1756 3463 thesauri

958 3498 1100 3570 sapientise
1114 3498 1336 3559 innumerabiles.
1348 3500 1461 3555 Nonest
1474 3514 1529 3556 uno
1544 3505 1690 3554 contentus
1702 3497 1757 3554 vel·

958 3587 1031 3655 lere;
1043 3589 1142 3660 saepius
1152 3588 1259 3644 tonderi
1267 3595 1369 3660 potest.
1383 3588 1458 3644 Bone
1472 3587 1573 3645 vellere
1584 3593 1648 3643 sunt
1658 3602 1756 3643 sensus

957 3678 1075 3750 mystici,
1087 3679 1187 3735 sacrati
1202 3678 1325 3734 affectus.
1337 3677 1448 3734 Talibus
1462 3678 1582 3735 abundat
1595 3679 1691 3744 Jesus;
1706 3692 1757 3731 nu·

958 3768 1018 3823 dari
1032 3774 1060 3823 et
1074 3766 1222 3839 exspoliari
1247 3784 1302 3824 nou
1323 3775 1423 3841 potest.
1439 3768 1575 3836 natator,
1594 3766 1693 3840 iuquit,
1706 3782 1755 3823 m·

956 3874 1007 3930 per
1026 3857 1134 3930 etoquia
1154 3863 1215 3929 tuo,
1236 3859 1312 3914 sicot
1339 3860 1390 3930 qui
1415 3859 1525 3914 invenit
1545 3857 1636 3932 spolio
1658 3856 1755 3914 multu

956 3946 1044 4017 (Psoi.
1061 3962 1159 4013 ιιινιιι,
1177 3950 1253 4018 ιιι).
1269 3947 1356 4002 histo
1371 3946 1441 4003 vesti
1455 3946 1558 4019 spoliis,
1574 3944 1682 4004 involve
1697 3945 1755 4004 vel·

954 4033 1066 4101 leribus,
1083 4045 1112 4090 ut
1133 4035 1270 4109 calebant,
1286 4037 1356 4093 sieut
1370 4037 1504 4109 scriptum
1528 4044 1578 4103 cst,
1597 4035 1684 4091 latera
1705 4043 1811 4114 tua„

955 4124 1024 4194 (doh.
1040 4139 1123 4194 xxxi,
1141 4125 1207 4198 20):
1224 4125 1360 4198 eloquium
1376 4126 1449 4183 enim
1464 4128 1523 4198 ejus
1533 4123 1645 4198 ignitum
1661 4125 1751 4194 (Paul.

955 4228 1051 4283 cxviii,
1064 4215 1126 4284 ιιι)
1137 4214 1167 4269 ln
1178 4215 1219 4269 his
1230 4215 1350 4287 quiesce,
1363 4222 1392 4270 ut
1402 4215 1495 4272 suavis
1504 4215 1668 4271 sitsommus
1678 4221 1752 4284 tuus,

103 4293 172 4351 sicut
185 4292 255 4349 fides
269 4292 388 4368 integra,
405 4293 444 4350 sic
455 4301 481 4349 et
495 4293 645 4367 incorrupti
664 4301 774 4356 mores?
784 4301 898 4371 Quando
915 4301 938 4380 u
954 4302 1022 4358 sicut
1037 4301 1166 4359 Salomon
1181 4304 1218 4358 ait
1227 4304 1320 4376 (Proo.
1330 4319 1371 4372 ιιι,
1384 4306 1438 4375 ιιι.
1452 4304 1577 4377 Denique
1592 4310 1620 4359 et
1633 4317 1752 4375 sponsus

102 4381 244 4454 continget
271 4390 300 4437 ut
327 4382 396 4438 sicut
420 4398 481 4439 cum
506 4383 618 4441 veritate
641 4402 702 4458 pax,
727 4389 766 4444 sic
787 4406 842 4446 non
866 4393 899 4447 sit

943 4392 1034 4447 -istum
1062 4392 1169 4450 dilectae
1185 4409 1241 4449 suae
1265 4410 1391 4450 somnum
1413 4401 1504 4450 tuetur
1527 4400 1556 4449 et
1577 4393 1660 4460 fovet,
1676 4392 1752 4448 illam

101 4486 193 4544 pugna
211 4487 262 4545 pro
276 4470 400 4530 virtute?
422 4471 538 4543 Quando
561 4474 697 4547 integrum
713 4483 749 4544 te,
767 4488 841 4536 etex
855 4497 899 4537 ar·
953 4481 1113 4539 exsuscitari
1127 4490 1233 4541 vetans.
1250 4484 1358 4556 adjuro
1373 4499 1428 4550 vos,
1446 4483 1542 4556 inquit,
1559 4500 1609 4556 per
1623 4497 1750 4556 cupreus,

101 4559 183 4616 bitrio
197 4561 225 4616 in
245 4560 460 4635 cotemplationis
473 4570 500 4620 et
517 4562 617 4636 quletis
641 4565 767 4623 cubiculo
781 4571 900 4643 comple-
952 4587 1099 4645 cervosque
1109 4589 1284 4645 camporum.
1297 4574 1372 4630 Nova
1382 4571 1464 4645 plane
1471 4572 1616 4644 adjuratio,
1628 4586 1679 4627 nee
1688 4569 1751 4642 plus

101 4650 227 4704 ctemurl
242 4650 324 4705 Pauci
341 4659 405 4706 sunt
423 4652 452 4706 in
466 4653 590 4709 Ecclesia
605 4654 651 4726 qui
666 4655 694 4709 in
713 4656 785 4714 hunc
799 4668 899 4717 statum
952 4661 1058 4717 habens
1073 4662 1258 4719 admirationis
1272 4661 1299 4716 in
1311 4663 1413 4733 specie,
1428 4679 1511 4735 quam
1527 4662 1555 4718 in
1573 4661 1673 4719 virtute
1690 4675 1751 4732 my-

100 4745 294 4810 pervenerunt,
317 4739 365 4793 sed
380 4747 471 4795 umen
485 4756 536 4811 pro
557 4748 636 4813 parte
651 4743 822 4815 profitentur.
850 4752 896 4806 Τι-

99 4826 162 4896 mti,
178 4839 231 4883 uec
246 4825 393 4882 dimittam
407 4828 502 4895 illum,
518 4830 604 4888 donec
619 4832 798 4892 introducam
812 4837 897 4895 illum

98 4915 133 4971 in
147 4913 261 4973 ἀιιιιιιιιι
279 4917 381 4973 metris
396 4932 476 4982 meua.
491 4923 518 4976 et
533 4922 565 4975 in
575 4921 897 4996 cubiculumpeuitricis

99 5019 179 5060 mere.
194 5003 255 5061 Non
269 5013 312 5060 ιιι
325 5011 382 5060 tota
404 5006 465 5061 talis
478 5007 610 5065 Ecclesiae
629 5010 723 5081 facies,
740 5014 788 5068 sed
806 5021 897 5071 tamen

98 5090 181 5146 multa
195 5093 265 5160 talis,
280 5100 311 5149 ut
324 5092 414 5151 dicere
429 5096 515 5166 possit
531 5114 537 5153 :
562 5099 658 5163 Tenui,
684 5117 734 5158 neo
749 5101 896 5159 dimittam

97 5177 191 5244 attam.
207 5181 292 5240 donec
302 5183 484 5240 introducam
494 5186 526 5242 in
536 5186 650 5243 ιιιηιιιι
664 5190 766 5245 metris
776 5206 856 5261 mere,
867 5197 895 5249 ct

97 5267 306 5328 imcuoicolam
319 5275 465 5345 qenitrlcis
490 5293 569 5334 mcoe.
592 5277 672 5334 Fides
687 5277 823 5350 profusior
841 5287 892 5350 ιιι,

98 5363 238 5416 contracta
250 5367 314 5415 sunt
322 5365 432 5437 negotia
445 5365 593 5423 charitatis.
611 5367 738 5440 Nunquid
750 5366 777 5423 in
787 5370 894 5429 univer·

93 5444 179 5507 dote
191 5446 361 5505 credentium
379 5451 451 5510 benc
465 5454 607 5512 aduertere
621 5463 664 5512 ιιι
677 5455 891 5530 distinctionem,

953 4751 1039 4808 sterii.

988 4843 1012 4894 2.
1028 4838 1160 4909 Quaerens
1175 4839 1240 4912 quid
1255 4839 1283 4895 in
1298 4856 1328 4896 se
1343 4839 1507 4896 sacramenti
1523 4839 1677 4896 involutum
1687 4853 1752 4894 con-

951 4927 1055 4984 tineant
1065 4930 1123 4984 haee
1133 4929 1274 4999 animalia3
1287 4930 1432 5002 quamdam
1442 4930 1537 4986 tibere
1548 4929 1648 4985 mentis
1657 4928 1751 4985 alacri·

951 5024 1043 5084 tatem,
1058 5025 1085 5074 et
1099 5018 1248 5092 agilitatem
1263 5019 1383 5089 spiritus,
1400 5019 1500 5076 cursim
1514 5035 1545 5077 se
1560 5027 1588 5076 et
1601 5016 1749 5091 saltuatim,

949 5115 979 5165 ut
994 5107 1142 5176 sicilicum,
1159 5108 1193 5163 ed
1208 5107 1350 5181 superiora
1367 5110 1497 5179 ferentis,
1513 5109 1637 5180 intelligo
1652 5108 1750 5164 edum·

950 5197 1023 5256 brari
1042 5197 1071 5253 in
1095 5197 1158 5254 illis.
1174 5199 1216 5253 An
1229 5214 1285 5255 non
1300 5208 1329 5256 et
1343 5199 1392 5256 tibi
1402 5200 1477 5257 velut
1499 5215 1605 5271 capreae
1626 5206 1655 5255 ιι
1674 5198 1749 5257 cerei

949 5286 1059 5362 quidam
1072 5287 1210 5357 videntur,
1225 5288 1272 5362 qui
1284 5287 1349 5346 lieet
1361 5289 1390 5346 in
1404 5305 1519 5364 corpore
1532 5294 1746 5357 commorantes,

949 5377 1074 5450 corporis
1089 5385 1181 5435 tamen
1196 5388 1343 5438 evaserunt
1363 5379 1549 5447 incommoda,
1565 5385 1592 5434 et
1611 5377 1747 5451 spirituali

949 5466 1058 5525 mauu
1072 5467 1193 5541 pondera
1201 5469 1291 5528 carnis
1305 5485 1375 5543 pene
1383 5484 1440 5526 non
1448 5468 1570 5526 ιιιιιιιιιι
1583 5473 1613 5524 ιι
1625 5475 1746 5525 terrenas
