3706 5962
43 227 95 287 aaa
791 215 963 277 aramma
1645 218 1701 282 ιιι

41 350 248 423 cupiditatibus.
265 347 361 402 Anxiae
385 347 461 400 enim
483 351 546 399 sunt
568 348 597 399 et
613 341 736 398 molestae
753 358 844 398 rerum
863 357 886 435 Α
903 357 997 397 earnm
1017 349 1045 396 et
1059 341 1175 398 difficilis
1188 344 1224 397 sit
1238 352 1369 415 quaestus,
1386 353 1413 401 et
1431 348 1500 403 citus
1514 349 1654 414 transitus,
1670 356 1699 404 et
1798 353 1809 371 ⁸

42 439 243 496 transeuntium
266 451 351 500 curae,
377 441 405 489 et
432 433 595 505 cupiditates
622 446 627 484 :
654 432 755 503 quippe
782 447 844 486 cum
901 431 998 496 inanis,
1013 439 1042 485 ut
1056 433 1278 489 noninlionestus
1292 435 1391 499 dicam,
1406 436 1518 492 fructus.

353 832 768 950 HUSDEM
843 832 1396 957 erasmiani

720 1086 1037 1192 EPISTOLAE

345 1317 510 1376 Eppspogg
538 1317 558 1370 g
908 1297 1037 1369 gratiam3
1061 1300 1218 1372 complanas
1241 1317 1460 1378 exasperantem,
1486 1318 1514 1366 et
1539 1311 1705 1368 immeritum

258 1427 295 1466 Α,
315 1422 450 1464 mm„
470 1418 646 1463 mmm,
908 1401 1045 1455 muneras,
1071 1387 1125 1443 imo
1144 1391 1215 1446 male
1230 1393 1368 1450 meritum.
1391 1398 1504 1454 Munera
1523 1407 1569 1455 tua
1588 1416 1701 1457 munera

51 1521 226 1582 astaram
240 1515 429 1590 correptione,
440 1517 474 1570 at
489 1517 618 1586 apparet,
633 1512 678 1569 aet
691 1513 785 1567 neseio
799 1526 853 1582 quo
907 1473 1064 1573 mimssfm
1077 1486 1150 1544 ’111111
1174 1488 1253 1552 W
1266 1490 1386 1582 ⁸⁰⁶ff⁰s⁰r
1402 1494 1481 1559 81111
1493 1496 1522 1542 11
1534 1504 1596 1544 11111·
1612 1489 1660 1544 1111
1675 1496 1704 1547 el

83 1593 232 1667 asperiore
245 1589 325 1646 verbo
339 1588 492 1659 ostensam,
508 1584 555 1642 sed
566 1586 630 1656 jam
647 1582 738 1640 denno
755 1582 852 1654 ptoco-
907 1572 933 1618 11
948 1565 1201 1635 1111111111θ111111111.
1217 1576 1246 1625 et
1258 1586 1303 1628 me
1318 1572 1474 1630 informant.
1484 1575 1615 1633 Nesciunt
1627 1585 1703 1634 muta

83 1672 150 1722 tuns
165 1660 354 1720 coannendot.
907 1663 967 1702 esse
990 1665 1104 1707 munera
1118 1653 1257 1725 sapientis.
1278 1657 1348 1727 Quid
1371 1660 1444 1715 enim
1467 1660 1533 1716 mibi
1555 1661 1584 1717 in
1606 1662 1704 1719 baculo

86 1758 113 1808 1.
138 1752 209 1807 Tam
231 1764 296 1806 vero
320 1761 404 1820 quam
428 1744 513 1800 veteri
537 1741 630 1807 uteris,
646 1741 685 1795 mi
705 1739 850 1804 Richards,
868 1729 892 1807 Β
907 1735 1007 1802 innam,
1019 1738 1070 1795 nisi
1084 1749 1113 1795 nt
1126 1744 1277 1798 rectussim
1292 1753 1320 1800 et
1334 1745 1456 1818 rigidus:
1475 1763 1511 1803 ue
1525 1748 1576 1804 sim
1591 1750 1705 1806 arundi-

55 1840 201 1914 proverbio
218 1856 225 1895 :
245 1861 256 1887 ι
273 1836 373 1894 Omnia
393 1849 455 1889 cum
479 1830 568 1887 amico
586 1827 761 1885 deliberanda
774 1841 852 1894 esse;
907 1839 967 1879 neae
995 1826 1170 1883 flexibilitatis
1192 1839 1220 1885 et
1250 1829 1327 1887 1111
1357 1832 1520 1907 fragilitatis,
1544 1837 1619 1906 juxta
1638 1836 1705 1894 illud

56 1933 86 1986 de
113 1930 177 2002 ipso
204 1936 296 1982 mmen
323 1924 399 1995 prius
430 1943 454 1978 ι.
483 1920 556 1985 fleti,
584 1917 673 1991 inquit
709 1916 852 1988 propbeta,
906 1914 1547 1991 propbetas,meaeconsrectnsorandinear
1560 1926 1705 1998 AEppptnr,

57 2022 144 2077 emico
158 2016 285 2081 medere,
296 2018 324 2070 et
340 2013 373 2068 in
388 2011 507 2066 decane
522 2004 854 2077 mamnsaanctamm
907 2004 939 2060 in
957 2005 1241 2078 conquirentium,
1257 2011 1483 2082 perforabantur
1499 2029 1602 2070 mnne
1620 2012 1707 2087 ejus?

59 2126 160 2181 eagaoe
170 2105 320 2164 domities
335 2101 403 2158 sinu
415 2106 464 2157 tuo
475 2097 588 2155 custodi
599 2099 727 2153 claustra
739 2095 798 2153 oris
811 2095 855 2150 titi
907 2102 957 2172 (rt
971 2104 1033 2175 lteg.
1049 2117 1128 2170 ιιιιιι,
1151 2107 1195 2170 Pl,
1220 2113 1248 2160 et
1266 2106 1319 2163 lsn.
1340 2121 1440 2174 xxxva,
1455 2111 1495 2181 6.)
1509 2109 1603 2166 Talem
1618 2120 1647 2167 tu
1661 2126 1706 2167 me

60 2198 147 2270 (bea.
169 2209 220 2260 ιιι,
235 2193 274 2265 5).
289 2190 428 2247 Simulatee
442 2186 568 2242 amicitiae
581 2199 660 2240 veras
675 2183 703 2238 in
717 2183 854 2255 suspicio-
909 2189 1048 2256 invenisti,
1064 2198 1091 2245 et
1105 2193 1300 2249 confractionis
1313 2202 1413 2251 nostrae
1423 2197 1534 2253 bastulis
1548 2214 1644 2255 manua
1653 2207 1708 2255 tneo

62 2303 118 2343 uena
136 2284 289 2349 adducunt,
304 2289 334 2336 et
355 2278 463 2335 ablutis
487 2276 569 2345 hujus
587 2273 684 2329 raritas
698 2271 764 2329 satit
777 2280 806 2328 ut
821 2271 855 2328 de
908 2279 1044 2334 cruentari
1065 2287 1205 2351 poterant;
1230 2283 1281 2337 uisi
1305 2286 1377 2356 quod
1395 2285 1449 2341 illae
1467 2286 1611 2344 solidiores
1633 2295 1707 2355 sunt,

63 2376 170 2431 veritae
192 2370 344 2426 dubitetur.
367 2365 441 2422 Felix
463 2365 509 2438 qui
531 2371 654 2420 neutram
679 2362 806 2437 impingit
828 2362 855 2416 in
909 2374 937 2423 et
954 2367 1094 2438 oppositos
1116 2371 1266 2426 retundunt
1288 2372 1407 2429 aculeos.
1432 2376 1586 2432 Benedictis
1600 2393 1708 2448 manua,

63 2473 174 2537 partem,
188 2461 230 2516 sic
252 2459 281 2514 in
304 2454 496 2514 contrahendis
510 2453 637 2510 amicitiis
652 2451 811 2525 prudentem
825 2466 856 2506 se
909 2471 970 2527 quae
990 2457 1114 2512 nesciunt
1131 2458 1264 2513 calamum
1278 2469 1435 2531 quassatum
1450 2470 1604 2530 conterere,
1621 2465 1708 2540 magis

62 2552 198 2616 exbibens,
214 2563 250 2603 ne
265 2547 301 2601 ait
313 2547 341 2602 in
355 2543 524 2617 providendo
538 2542 649 2599 nimius.
661 2539 758 2596 inutile
771 2539 857 2612 siqui·
910 2550 1000 2599 autem
1014 2544 1188 2600 considerant
1202 2545 1282 2619 [sort.
1300 2549 1481 2624 consolidant]
1496 2569 1502 2609 :
1520 2567 1609 2626 neque
1623 2552 1707 2608 boam

65 2640 119 2697 dein
142 2653 240 2696 arente
261 2634 394 2691 mandare
417 2632 538 2698 aemina;
554 2630 680 2686 miserius
698 2628 782 2685 multo
801 2644 857 2685 non
910 2631 1045 2703 fumigans
1059 2632 1245 2706 exstinguere.
1263 2636 1710 2713 Contendentarqnioperontnr

65 2729 195 2785 seminare
210 2722 380 2791 omnino,ad
394 2728 491 2777 ventos
504 2728 533 2776 et
546 2721 634 2775 nubes
644 2724 856 2788 respectantem.
912 2720 1014 2790 linunt,
1027 2724 1169 2792 pectentes
1182 2728 1211 2780 et
1226 2726 1355 2782 texentes
1369 2725 1492 2783 sabtittn
1507 2729 1584 2797 (irai.
1595 2743 1655 2793 xix,
1667 2733 1707 2802 9),

66 2816 205 2873 vilissimis
226 2815 254 2870 in
280 2813 363 2869 rebus
387 2809 493 2868 solliciti
516 2824 691 2882 possessores
704 2822 812 2872 sumus;
829 2806 858 2860 in
910 2810 949 2864 ait
966 2809 1111 2880 propbeta.
1132 2813 1281 2883 Propterea
1307 2812 1496 2871 confusionem
1516 2816 1625 2873 indutus
1637 2833 1709 2884 sum,

65 2903 258 2976 pretiosissimo
286 2898 467 2972 possessionis
489 2913 592 2969 genere
615 2894 759 2968 (ansatas
785 2894 857 2965 dico)
912 2899 957 2971 qui
977 2899 1045 2954 lanae
1060 2898 1238 2971 simplicitatis
1257 2909 1320 2972 tuae,
1344 2902 1524 2961 simulationis
1543 2921 1613 2963 meae
1625 2906 1711 2962 buum

66 2995 172 3050 omnino
194 2991 317 3048 inutiles.
340 2990 505 3061 lapsantem
524 2985 641 3042 amicum
666 2983 727 3057 quis
745 2985 803 3040 fere
817 2989 860 3040 est
875 3007 897 3086 c
912 2987 1038 3043 subtexui
1053 3004 1061 3042 ε
1077 2987 1105 3042 in
1118 2991 1198 3058 cujus
1212 2989 1378 3061 duplicitatis
1384 2993 1605 3068 suggillationem
1619 2994 1711 3069 gemi-

68 3085 107 3156 qui
120 3083 239 3153 relevet,
254 3096 318 3137 cum
331 3080 442 3135 domum
457 3084 582 3132 ruentem
594 3091 676 3131 nemo
690 3089 745 3130 nou
760 3072 859 3129 sufful-
914 3093 978 3132 num
998 3075 1063 3131 mibi
1085 3077 1197 3132 forsitan
1210 3078 1322 3135 calicem
1338 3082 1529 3139 transmiseris.
1549 3083 1664 3140 Pondus
1682 3086 1711 3140 et

69 3174 137 3229 rata
152 3173 219 3229 llaec
233 3171 335 3227 idcirm
350 3167 476 3236 dixerim,
492 3175 521 3221 ut
545 3165 672 3247 virtutem
692 3163 761 3218 banc
783 3163 812 3216 in
834 3172 860 3218 te
912 3165 1713 3244 perrumpentemermenaramrnrmqeeaaomtnaatte

70 3261 240 3320 commender
251 3259 339 3332 ipsius
352 3257 459 3324 raritas,
474 3266 503 3312 et
517 3251 796 3311 mullitudinecollata
810 3267 860 3308 ne·
914 3256 1006 3326 (Pron.
1022 3257 1138 3324 ιιι,13).
1161 3256 1202 3311 t'oe
1211 3257 1260 3329 pei
1270 3262 1371 3328 potum
1385 3257 1435 3314 ilat
1451 3262 1543 3316 amabo
1561 3276 1621 3327 suo,
1638 3261 1712 3316 anit-

72 3351 226 3424 gligentium
240 3348 341 3406 clarior
355 3346 483 3402 emineat.
916 3349 979 3400 tens
991 3343 1032 3414 set
1047 3358 1131 3400 snam
1145 3348 1174 3398 ct
1188 3344 1345 3412 mortens,
1361 3351 1395 3403 nt
1408 3347 1530 3419 aspiciat
1550 3349 1713 3406 nuditatem

101 3442 128 3495 1.
150 3439 298 3510 Perspecto
319 3432 442 3507 epistole
466 3440 518 3487 tuae
537 3430 619 3498 facie,
643 3429 862 3504 philosophicum
915 3434 976 3504 ejas
991 3452 999 3488 :
1014 3431 1175 3504 replebitur
1188 3433 1349 3504 tpnonrina'a
1360 3450 1412 3507 pro
1424 3437 1535 3507 plorlo!
1549 3437 1661 3506 (liobae.
1681 3453 1713 3506 u,

74 3543 129 3585 nox
145 3525 234 3584 190
247 3523 315 3581 illud
328 3522 473 3580 recensui:
487 3542 499 3571 ι
512 3521 546 3576 Et
557 3526 621 3591 post
631 3519 728 3575 riselam
738 3527 863 3592 segetem
917 3525 960 3589 l5,
977 3522 1034 3591 16.)

74 3617 212 3679 madum
231 3622 274 3672 est
296 3615 430 3686 (Senam,
446 3611 531 3683 epist.
556 3609 592 3666 od
614 3610 717 3680 lacit).
739 3631 753 3659 s
778 3609 863 3664 Tanta
951 3616 979 3664 3.
994 3610 1130 3677 Quorsum
1149 3608 1210 3677 iata,
1236 3610 1330 3678 frater,
1354 3611 1405 3668 nisi
1424 3623 1454 3669 nt
1481 3613 1622 3670 lenitatem
1641 3622 1715 3670 tuam

73 3705 194 3762 ariditate
211 3705 247 3760 ad
262 3701 443 3758 amicitiarum
463 3698 528 3754 milri
543 3697 640 3754 videris
655 3705 771 3754 estuare
784 3713 862 3755 eom-
917 3698 1121 3764 commendem,
1132 3696 1313 3756 condemnem
1322 3707 1412 3756 antem
1423 3702 1592 3776 iniquitatem
1603 3705 1716 3762 meam?

74 3793 178 3860 merem,
201 3800 231 3847 ut
268 3790 315 3846 ubi
346 3788 429 3862 paulo
455 3796 520 3845 ante
546 3788 716 3861 naufragium
743 3786 864 3860 pertule-
918 3787 1115 3859 sedquoniam
1139 3786 1250 3862 longum
1265 3797 1307 3844 est
1320 3804 1371 3860 per
1387 3791 1494 3864 singula
1508 3808 1620 3850 currere
1636 3793 1715 3866 capi-

74 3883 113 3951 ris,
128 3880 304 3957 navigatione
325 3880 424 3934 iterata
447 3884 594 3933 restaures.
610 3878 763 3935 Prudenter
784 3876 864 3949 plane
919 3877 984 3945 luia,
999 3878 1112 3934 verbum
1129 3875 1178 3931 tibi
1192 3876 1378 3933 abbreviatum
1388 3886 1416 3933 et
1429 3894 1621 3937 consummans
1633 3880 1715 3939 facio.

74 3972 147 4027 mina
160 3969 277 4027 forsitan
291 3970 367 4025 borae
382 3967 488 4024 felicior
501 3976 650 4039 proventus
665 3967 739 4042 longi
757 3975 864 4038 tempo·
920 3967 1081 4039 insipienter
1093 3965 1200 4022 locutus
1212 3982 1284 4033 sum,
1299 3976 1327 4023 et
1342 3968 1419 4039 quasi
1434 3983 1488 4024 una
1503 3968 1538 4025 de
1551 3968 1640 4025 stultis
1652 3984 1717 4026 mu·

72 4059 105 4113 ris
119 4056 341 4130 recompensabit
354 4055 539 4112 incommoda.
553 4055 589 4110 Et
604 4064 634 4111 ιιι
656 4057 691 4112 de
714 4054 866 4111 domestica
919 4056 1042 4111 lieribus.
1061 4060 1187 4129 Agnosco
1205 4054 1331 4111 delictum
1357 4070 1363 4109 :
1385 4057 1508 4129 ignosce,
1532 4068 1571 4114 tu.
1596 4057 1717 4132 Rogatus

72 4147 169 4222 siquid
181 4145 355 4220 philosophia
370 4147 504 4219 ingeram,
522 4145 702 4217 apostolicum
716 4144 783 4199 illud
796 4144 824 4198 in
838 4151 866 4199 te
920 4161 975 4201 non
994 4145 1109 4216 negabis
1131 4144 1250 4215 veniam,
1274 4161 1356 4217 quam
1383 4147 1468 4219 gratis
1486 4147 1580 4204 offers.
1605 4149 1716 4206 Possem

72 4236 350 4310 experientiam
358 4237 448 4308 open
458 4233 677 4291 multitudinem
684 4242 866 4308 peccatorum
921 4235 1110 4291 escunuones
1139 4235 1320 4306 praetendere,
1352 4241 1494 4291 attenuare
1521 4236 1717 4293 immanitatem

71 4328 93 4395 (1
104 4329 182 4386 Petr.
199 4340 238 4392 iv,
253 4326 293 4398 8).
307 4326 394 4384 Tanta
408 4323 575 4382 verecundia
592 4323 672 4379 amici
689 4322 807 4395 castigas
822 4336 867 4376 er·
882 4355 905 4433 n
921 4333 1024 4393 reatus,
1037 4322 1143 4394 peccati
1155 4321 1314 4394 pondusalii
1327 4322 1496 4396 impingere;
1514 4329 1541 4379 et
1554 4323 1581 4378 in
1595 4324 1719 4381 ferientis

72 4425 167 4484 ntum,
182 4422 214 4470 ut
235 4414 357 4470 credaris
380 4413 487 4469 venmm
500 4413 682 4487 praetendere,
698 4428 753 4468 non
771 4413 866 4467 inten-
921 4422 1013 4485 caput,
1039 4427 1094 4485 quo
1121 4410 1279 4469 vulneratus
1301 4427 1372 4477 sum,
1400 4411 1503 4467 ferrum
1521 4412 1629 4468 vibrare
1646 4430 1653 4467 :
1668 4412 1718 4469 sed

71 4506 134 4563 dere
160 4505 311 4578 querelam.
335 4505 459 4577 lienique
473 4503 513 4559 sic
526 4519 570 4559 mc
583 4505 671 4559 amica
689 4502 867 4558 mordacitate
922 4516 1015 4574 parco,
1030 4500 1064 4555 ad
1080 4512 1189 4569 precem
1214 4498 1302 4571 magis
1315 4497 1583 4570 supplicationesque
1601 4515 1719 4557 conver·

72 4593 205 4661 mmodis,
221 4593 269 4650 illo
281 4600 312 4648 ιιι
325 4607 370 4647 me
385 4593 442 4648 sale
465 4593 565 4649 leniter
584 4591 725 4664 perfricari
739 4590 867 4660 sentiam,
921 4606 979 4646 sus.
994 4586 1156 4654 Noloenim,
1171 4585 1236 4641 dum
1250 4585 1334 4640 scissa
1353 4585 1481 4655 resarcio,
1493 4594 1630 4659 utcunque
1646 4592 1719 4645 sarta

72 4701 152 4755 quem
166 4681 277 4739 Domini
295 4680 436 4737 sacrificiis
450 4685 545 4738 abesse
559 4697 616 4738 non
637 4681 699 4736 licet
721 4679 821 4751 (11111.
836 4693 867 4747 ιι,
924 4677 1094 4745 rescindere
1116 4682 1154 4743 et,
1179 4684 1209 4731 ιιι
1230 4673 1299 4730 latus
1322 4689 1412 4730 meum
1430 4682 1584 4750 protegam,
1609 4679 1720 4736 alterius

76 4775 129 4844 fa).
146 4772 249 4829 Polastr
268 4771 304 4827 ad
318 4786 363 4826 me
378 4787 448 4828 unns
462 4770 497 4826 de
516 4770 659 4842 Seraphim
674 4784 824 4826 succensus
836 4782 869 4824 ar.
922 4770 1077 4828 vulnerare.
1093 4767 1151 4821 lloc
1169 4771 1330 4820 tamennon
1351 4763 1429 4821 sileo.
1445 4767 1547 4823 Donim
1558 4779 1650 4825 restra
1664 4783 1719 4824 uon

73 4861 276 4934 flammigerans
290 4868 363 4916 totus
379 4875 385 4913 :
403 4869 430 4916 et
449 4860 538 4915 urenti
556 4859 720 4916 carbunculo
738 4874 819 4931 quem
834 4858 869 4915 de
925 4860 995 4917 bene
1018 4864 1160 4929 compacta
1179 4863 1235 4925 est;
1259 4855 1380 4928 squamis
1394 4871 1424 4911 se
1444 4858 1642 4928 prementibus,
1666 4872 1720 4913 una

71 4952 148 5007 atari
172 4949 270 5020 tulud,
284 4949 349 5005 labii
368 4949 452 5006 nostri
470 4949 578 5020 lapsum
597 4963 735 5021 expurgas
749 4948 813 5020 (bo.
829 4962 869 5021 vr,
923 4949 971 5004 uni
984 4963 1039 5004 non
1052 4944 1165 5001 firmiter
1178 4945 1316 5001 cohaeret:
1333 4952 1361 4999 et
1375 4944 1455 5000 nimia
1469 4944 1550 5003 facile
1566 4959 1619 5000 non
1633 4944 1719 5016 pacis,

70 5045 97 5113 o,
113 5043 156 5114 7).
170 5041 280 5113 Quanto
294 5039 361 5096 mibi
375 5040 484 5112 gravior
498 5040 588 5111 culpa,
603 5047 679 5095 tauto
692 5041 796 5112 gratior
809 5054 871 5095 cor·
925 5038 974 5094 sed
987 5033 1166 5092 dissensionis
1179 5032 1290 5105 spiritus
1301 5031 1406 5089 incedit
1419 5047 1469 5104 per
1485 5048 1532 5088 eas
1546 5034 1604 5103 (tob
1618 5034 1719 5101 sind,

70 5130 170 5203 reptio.
197 5129 265 5185 Vere
290 5127 372 5184 alium
395 5137 422 5184 te
446 5131 573 5200 experior
596 5143 677 5201 qaam
706 5126 868 5184 arbitrabar.
924 5130 965 5194 il.
979 5127 1020 5182 lle
1034 5133 1135 5182 cetero
1149 5122 1222 5195 qaod
1235 5121 1308 5178 diem
1323 5121 1510 5192 protraxerim,
1524 5119 1595 5192 quod
1610 5120 1721 5176 11ιιιιο·

68 5219 150 5276 Nunc
165 5215 277 5273 undem
291 5215 410 5289 aliquem
432 5215 499 5271 mibi
521 5224 632 5289 gustum
651 5215 804 5288 prudentie
818 5223 872 5271 tuae
925 5216 1032 5282 luerim,
1053 5213 1126 5287 quod
1141 5212 1218 5267 tarde
1239 5210 1321 5277 facio,
1340 5208 1413 5281 quod
1428 5210 1506 5266 oneri
1524 5215 1551 5264 te
1565 5209 1632 5264 milri
1646 5209 1720 5265 futu·

69 5307 195 5368 dedisti:
213 5305 348 5380 siqnidem
372 5305 400 5360 in
422 5305 552 5378 patientia
573 5307 686 5378 sapiens
703 5304 873 5376 dignoscitur
927 5320 987 5361 rum
1008 5300 1134 5368 dixerim,
1155 5296 1269 5353 strictim
1288 5296 1452 5368 respondeo.
1480 5295 1563 5352 linita
1584 5296 1656 5379 inter
1680 5299 1721 5357 lo·

69 5406 166 5474 (Prae.
183 5413 249 5471 xix,
265 5400 319 5466 11).
334 5396 493 5453 Patientiam
515 5407 589 5452 tumn
611 5395 733 5451 admiror
745 5401 774 5450 et
788 5409 873 5452 vene-
927 5393 1064 5468 quendum
1080 5386 1252 5461 proferimus,
1271 5385 1389 5441 alienum
1407 5385 1495 5459 magis
1513 5386 1634 5444 animum
1649 5405 1721 5461 prae·

72 5509 125 5550 ror.
142 5486 310 5549 Dissimulare
327 5487 450 5559 injurias,
468 5493 660 5557 provocantem
683 5484 815 5542 relormas
838 5483 876 5540 sd
928 5485 1067 5552 motando,
1079 5473 1364 5554 quampraecipitanda
1383 5485 1517 5535 nostrum.
1528 5478 1636 5537 Namet
1649 5483 1723 5544 nude
