<?xml version="1.0" encoding="UTF-8"?>
<!DOCTYPE html PUBLIC "-//W3C//DTD XHTML 1.0 Transitional//EN"
    "http://www.w3.org/TR/xhtml1/DTD/xhtml1-transitional.dtd">
<html xmlns="http://www.w3.org/1999/xhtml" xml:lang="en" lang="en">
 <head>
  <title>
</title>
<meta http-equiv="Content-Type" content="text/html;charset=utf-8" />
  <meta name='ocr-system' content='tesseract 3.04.00' />
  <meta name='ocr-capabilities' content='ocr_page ocr_carea ocr_par ocr_line ocrx_word'/>
</head>
<body>
  <div class='ocr_page' id='page_1' title='image "./patrologiaecurs00unkngoog_0576.png"; bbox 0 0 3706 5962; ppageno 0'>
   <div class='ocr_carea' id='block_1_1' title="bbox 96 189 166 249">
    <p class='ocr_par' dir='ltr' id='par_1_1' title="bbox 96 189 166 249">
     <span class='ocr_line' id='line_1_1' title="bbox 96 189 166 249; baseline -0.014 0"><span class='ocrx_word' id='word_1_1' title='bbox 96 189 166 249; x_wconf 78' lang='lat' dir='ltr'><strong>ttae</strong></span> 
     </span>
    </p>
   </div>
   <div class='ocr_carea' id='block_1_2' title="bbox 720 192 1109 260">
    <p class='ocr_par' dir='ltr' id='par_1_2' title="bbox 720 192 1109 260">
     <span class='ocr_line' id='line_1_2' title="bbox 720 192 1109 260; baseline -0.003 -4"><span class='ocrx_word' id='word_1_2' title='bbox 720 193 821 257; x_wconf 81' lang='lat' dir='ltr'>LIBER</span> <span class='ocrx_word' id='word_1_3' title='bbox 839 192 1109 260; x_wconf 78' lang='lat' dir='ltr'><strong>sthathttttttttt.</strong></span> 
     </span>
    </p>
   </div>
   <div class='ocr_carea' id='block_1_3' title="bbox 1681 150 1798 258">
    <p class='ocr_par' dir='ltr' id='par_1_3' title="bbox 1681 150 1798 258">
     <span class='ocr_line' id='line_1_3' title="bbox 1681 150 1798 258; baseline 0 0"><span class='ocrx_word' id='word_1_4' title='bbox 1681 197 1736 258; x_wconf 86' lang='grc'><strong>1111</strong></span> <span class='ocrx_word' id='word_1_5' title='bbox 1796 150 1798 165; x_wconf 69' lang='grc'><strong>’</strong></span> 
     </span>
    </p>
   </div>
   <div class='ocr_carea' id='block_1_4' title="bbox 93 314 1744 484">
    <p class='ocr_par' dir='ltr' id='par_1_4' title="bbox 93 314 1744 484">
     <span class='ocr_line' id='line_1_4' title="bbox 131 314 1744 416; baseline 0.004 -45"><span class='ocrx_word' id='word_1_6' title='bbox 131 320 175 372; x_wconf 81' lang='lat' dir='ltr'><strong>ld.</strong></span> <span class='ocrx_word' id='word_1_7' title='bbox 188 314 311 373; x_wconf 76' lang='lat' dir='ltr'>Decretis</span> <span class='ocrx_word' id='word_1_8' title='bbox 324 322 351 370; x_wconf 91' lang='lat' dir='ltr'><strong>et</strong></span> <span class='ocrx_word' id='word_1_9' title='bbox 363 314 597 375; x_wconf 73' lang='lat' dir='ltr'><strong>adhortationibus</strong></span> <span class='ocrx_word' id='word_1_10' title='bbox 611 327 767 379; x_wconf 89' lang='lat' dir='ltr'><strong>sauctorum</strong></span> <span class='ocrx_word' id='word_1_11' title='bbox 781 324 890 379; x_wconf 84' lang='lat' dir='ltr'><strong>Petrum</strong></span> <span class='ocrx_word' id='word_1_12' title='bbox 905 336 929 416; x_wconf 63' lang='lat' dir='ltr'><strong>g</strong></span> <span class='ocrx_word' id='word_1_13' title='bbox 946 338 996 394; x_wconf 88' lang='lat' dir='ltr'><strong>per</strong></span> <span class='ocrx_word' id='word_1_14' title='bbox 1023 323 1094 380; x_wconf 87' lang='lat' dir='ltr'><strong>viam</strong></span> <span class='ocrx_word' id='word_1_15' title='bbox 1118 320 1255 378; x_wconf 85' lang='lat' dir='ltr'><strong>munditiae</strong></span> <span class='ocrx_word' id='word_1_16' title='bbox 1278 322 1313 377; x_wconf 93' lang='lat' dir='ltr'><strong>ad</strong></span> <span class='ocrx_word' id='word_1_17' title='bbox 1335 323 1476 393; x_wconf 84' lang='lat' dir='ltr'><strong>amplexus</strong></span> <span class='ocrx_word' id='word_1_18' title='bbox 1488 328 1518 378; x_wconf 89' lang='lat' dir='ltr'><strong>at</strong></span> <span class='ocrx_word' id='word_1_19' title='bbox 1540 320 1683 377; x_wconf 85' lang='lat' dir='ltr'><strong>thalamos</strong></span> <span class='ocrx_word' id='word_1_20' title='bbox 1698 321 1744 377; x_wconf 83' lang='lat' dir='ltr'><strong>rari</strong></span> 
     </span>
     <span class='ocr_line' id='line_1_5' title="bbox 93 404 1610 484; baseline 0.001 -21"><span class='ocrx_word' id='word_1_21' title='bbox 93 407 163 463; x_wconf 92' lang='lat' dir='ltr'><strong>bene</strong></span> <span class='ocrx_word' id='word_1_22' title='bbox 177 404 305 479; x_wconf 87' lang='lat' dir='ltr'><strong>cogitare,</strong></span> <span class='ocrx_word' id='word_1_23' title='bbox 321 409 348 459; x_wconf 92' lang='grc' dir='ltr'>ει</span> <span class='ocrx_word' id='word_1_24' title='bbox 362 404 431 460; x_wconf 89' lang='lat' dir='ltr'><strong>bene</strong></span> <span class='ocrx_word' id='word_1_25' title='bbox 446 405 548 476; x_wconf 90' lang='lat' dir='ltr'><strong>dicere,</strong></span> <span class='ocrx_word' id='word_1_26' title='bbox 562 417 588 464; x_wconf 88' lang='lat' dir='ltr'><strong>et</strong></span> <span class='ocrx_word' id='word_1_27' title='bbox 602 408 671 465; x_wconf 90' lang='lat' dir='ltr'><strong>benc</strong></span> <span class='ocrx_word' id='word_1_28' title='bbox 692 409 782 468; x_wconf 86' lang='lat' dir='ltr'><strong>lacere</strong></span> <span class='ocrx_word' id='word_1_29' title='bbox 791 411 892 484; x_wconf 79' lang='lat' dir='ltr'><strong>iugiter</strong></span> <span class='ocrx_word' id='word_1_30' title='bbox 946 412 1050 484; x_wconf 85' lang='lat' dir='ltr'><strong>sponsi,</strong></span> <span class='ocrx_word' id='word_1_31' title='bbox 1066 411 1194 469; x_wconf 84' lang='lat' dir='ltr'><strong>virtutum</strong></span> <span class='ocrx_word' id='word_1_32' title='bbox 1209 411 1307 482; x_wconf 90' lang='lat' dir='ltr'><strong>pennis</strong></span> <span class='ocrx_word' id='word_1_33' title='bbox 1321 410 1437 467; x_wconf 76' lang='lat' dir='ltr'><strong>feliciter</strong></span> <span class='ocrx_word' id='word_1_34' title='bbox 1450 408 1610 467; x_wconf 77' lang='lat' dir='ltr'><strong>evolarunt.</strong></span> 
     </span>
    </p>
   </div>
   <div class='ocr_carea' id='block_1_5' title="bbox 94 493 894 1282">
    <p class='ocr_par' dir='ltr' id='par_1_5' title="bbox 94 493 894 1282">
     <span class='ocr_line' id='line_1_6' title="bbox 94 493 891 576; baseline 0.004 -23"><span class='ocrx_word' id='word_1_35' title='bbox 94 497 291 553; x_wconf 84' lang='lat' dir='ltr'><strong>admonemur:</strong></span> <span class='ocrx_word' id='word_1_36' title='bbox 306 493 408 568; x_wconf 76' lang='lat' dir='ltr'><strong>quirin</strong></span> <span class='ocrx_word' id='word_1_37' title='bbox 424 495 492 551; x_wconf 93' lang='lat' dir='ltr'><strong>bene</strong></span> <span class='ocrx_word' id='word_1_38' title='bbox 505 497 625 570; x_wconf 87' lang='lat' dir='ltr'><strong>cogitare</strong></span> <span class='ocrx_word' id='word_1_39' title='bbox 639 500 767 576; x_wconf 75' lang='lat' dir='ltr'><strong>cogitatio</strong></span> <span class='ocrx_word' id='word_1_40' title='bbox 786 510 828 557; x_wconf 89' lang='lat' dir='ltr'><strong>est</strong></span> <span class='ocrx_word' id='word_1_41' title='bbox 848 501 891 558; x_wconf 90' lang='lat' dir='ltr'><strong>vel</strong></span> 
     </span>
     <span class='ocr_line' id='line_1_7' title="bbox 94 582 890 660; baseline 0.005 -18"><span class='ocrx_word' id='word_1_42' title='bbox 94 587 217 652; x_wconf 90' lang='lat' dir='ltr'><strong>honesta,</strong></span> <span class='ocrx_word' id='word_1_43' title='bbox 235 583 300 640; x_wconf 89' lang='lat' dir='ltr'><strong>nihil</strong></span> <span class='ocrx_word' id='word_1_44' title='bbox 323 582 485 655; x_wconf 89' lang='lat' dir='ltr'><strong>impuritatis</strong></span> <span class='ocrx_word' id='word_1_45' title='bbox 507 589 685 660; x_wconf 79' lang='lat' dir='ltr'><strong>contrahens3</strong></span> <span class='ocrx_word' id='word_1_46' title='bbox 706 591 749 644; x_wconf 85' lang='lat' dir='ltr'><strong>vel</strong></span> <span class='ocrx_word' id='word_1_47' title='bbox 773 589 890 658; x_wconf 87' lang='lat' dir='ltr'><strong>humilis,</strong></span> 
     </span>
     <span class='ocr_line' id='line_1_8' title="bbox 94 673 892 746; baseline 0.005 -16"><span class='ocrx_word' id='word_1_48' title='bbox 94 674 163 730; x_wconf 89' lang='lat' dir='ltr'><strong>nihil</strong></span> <span class='ocrx_word' id='word_1_49' title='bbox 179 673 328 743; x_wconf 89' lang='lat' dir='ltr'><strong>superbum</strong></span> <span class='ocrx_word' id='word_1_50' title='bbox 342 673 449 742; x_wconf 88' lang='lat' dir='ltr'><strong>sapiens</strong></span> <span class='ocrx_word' id='word_1_51' title='bbox 461 691 468 745; x_wconf 90' lang='lat'>;</span> <span class='ocrx_word' id='word_1_52' title='bbox 482 673 524 730; x_wconf 88' lang='lat' dir='ltr'><strong>vel</strong></span> <span class='ocrx_word' id='word_1_53' title='bbox 540 675 593 746; x_wconf 83' lang='lat' dir='ltr'><strong>pis,</strong></span> <span class='ocrx_word' id='word_1_54' title='bbox 616 678 681 733; x_wconf 91' lang='lat' dir='ltr'><strong>nibil</strong></span> <span class='ocrx_word' id='word_1_55' title='bbox 702 678 812 735; x_wconf 90' lang='lat' dir='ltr'><strong>crudele</strong></span> <span class='ocrx_word' id='word_1_56' title='bbox 832 693 892 734; x_wconf 93' lang='lat' dir='ltr'><strong>mo-</strong></span> 
     </span>
     <span class='ocr_line' id='line_1_9' title="bbox 95 760 893 824; baseline 0.001 -4"><span class='ocrx_word' id='word_1_57' title='bbox 95 764 172 820; x_wconf 87' lang='lat' dir='ltr'><strong>liens.</strong></span> <span class='ocrx_word' id='word_1_58' title='bbox 196 762 226 817; x_wconf 90' lang='lat' dir='ltr'><strong>ln</strong></span> <span class='ocrx_word' id='word_1_59' title='bbox 241 761 310 817; x_wconf 88' lang='lat' dir='ltr'><strong>bene</strong></span> <span class='ocrx_word' id='word_1_60' title='bbox 333 760 421 818; x_wconf 91' lang='lat' dir='ltr'><strong>dicere</strong></span> <span class='ocrx_word' id='word_1_61' title='bbox 440 777 502 820; x_wconf 86' lang='lat' dir='ltr'><strong>uero</strong></span> <span class='ocrx_word' id='word_1_62' title='bbox 528 780 617 822; x_wconf 90' lang='lat' dir='ltr'><strong>sermo</strong></span> <span class='ocrx_word' id='word_1_63' title='bbox 642 774 685 823; x_wconf 92' lang='grc' dir='ltr'><strong>εει</strong></span> <span class='ocrx_word' id='word_1_64' title='bbox 711 767 752 824; x_wconf 85' lang='lat' dir='ltr'><strong>rel</strong></span> <span class='ocrx_word' id='word_1_65' title='bbox 777 766 893 823; x_wconf 89' lang='lat' dir='ltr'><strong>auditori</strong></span> 
     </span>
     <span class='ocr_line' id='line_1_10' title="bbox 96 849 891 922; baseline 0.005 -15"><span class='ocrx_word' id='word_1_66' title='bbox 96 851 268 912; x_wconf 89' lang='lat' dir='ltr'><strong>commodum</strong></span> <span class='ocrx_word' id='word_1_67' title='bbox 283 849 419 920; x_wconf 87' lang='lat' dir='ltr'><strong>allereus;</strong></span> <span class='ocrx_word' id='word_1_68' title='bbox 436 851 478 908; x_wconf 87' lang='lat' dir='ltr'><strong>vel</strong></span> <span class='ocrx_word' id='word_1_69' title='bbox 493 853 612 922; x_wconf 91' lang='lat' dir='ltr'><strong>humilis,</strong></span> <span class='ocrx_word' id='word_1_70' title='bbox 628 855 696 912; x_wconf 90' lang='lat' dir='ltr'><strong>nihil</strong></span> <span class='ocrx_word' id='word_1_71' title='bbox 714 856 803 913; x_wconf 93' lang='lat' dir='ltr'><strong>inanis</strong></span> <span class='ocrx_word' id='word_1_72' title='bbox 831 857 891 913; x_wconf 90' lang='lat' dir='ltr'><strong>elo-</strong></span> 
     </span>
     <span class='ocr_line' id='line_1_11' title="bbox 96 940 893 1016; baseline 0.005 -20"><span class='ocrx_word' id='word_1_73' title='bbox 96 940 213 1016; x_wconf 86' lang='lat' dir='ltr'><strong>quentiae</strong></span> <span class='ocrx_word' id='word_1_74' title='bbox 228 941 321 1011; x_wconf 91' lang='lat' dir='ltr'><strong>lepore</strong></span> <span class='ocrx_word' id='word_1_75' title='bbox 337 949 494 1013; x_wconf 75' lang='lat' dir='ltr'><strong>turgescens</strong></span> <span class='ocrx_word' id='word_1_76' title='bbox 504 957 511 1011; x_wconf 89' lang='grc'>;</span> <span class='ocrx_word' id='word_1_77' title='bbox 523 943 567 999; x_wconf 88' lang='lat' dir='ltr'><strong>vel</strong></span> <span class='ocrx_word' id='word_1_78' title='bbox 575 944 739 1012; x_wconf 88' lang='lat' dir='ltr'><strong>verisimilis,</strong></span> <span class='ocrx_word' id='word_1_79' title='bbox 751 945 814 1000; x_wconf 91' lang='lat' dir='ltr'><strong>nihil</strong></span> <span class='ocrx_word' id='word_1_80' title='bbox 830 943 893 1001; x_wconf 85' lang='lat' dir='ltr'><strong>luco</strong></span> 
     </span>
     <span class='ocr_line' id='line_1_12' title="bbox 95 1028 891 1107; baseline 0.005 -22"><span class='ocrx_word' id='word_1_81' title='bbox 95 1029 274 1086; x_wconf 69' lang='lat' dir='ltr'><strong>simulationis</strong></span> <span class='ocrx_word' id='word_1_82' title='bbox 297 1028 430 1097; x_wconf 83' lang='lat' dir='ltr'><strong>objectum</strong></span> <span class='ocrx_word' id='word_1_83' title='bbox 453 1029 480 1084; x_wconf 92' lang='lat' dir='ltr'><strong>in</strong></span> <span class='ocrx_word' id='word_1_84' title='bbox 504 1047 553 1087; x_wconf 91' lang='lat' dir='ltr'><strong>sua</strong></span> <span class='ocrx_word' id='word_1_85' title='bbox 572 1035 748 1103; x_wconf 79' lang='lat' dir='ltr'><strong>praetentione</strong></span> <span class='ocrx_word' id='word_1_86' title='bbox 775 1044 891 1107; x_wconf 78' lang='lat' dir='ltr'><strong>praeun-</strong></span> 
     </span>
     <span class='ocr_line' id='line_1_13' title="bbox 97 1115 892 1195; baseline 0.004 -20"><span class='ocrx_word' id='word_1_87' title='bbox 97 1120 173 1175; x_wconf 90' lang='lat' dir='ltr'><strong>dens.</strong></span> <span class='ocrx_word' id='word_1_88' title='bbox 202 1118 231 1172; x_wconf 91' lang='lat' dir='ltr'><strong>In</strong></span> <span class='ocrx_word' id='word_1_89' title='bbox 250 1116 321 1174; x_wconf 91' lang='lat' dir='ltr'><strong>bene</strong></span> <span class='ocrx_word' id='word_1_90' title='bbox 346 1115 434 1175; x_wconf 87' lang='lat' dir='ltr'><strong>iacere</strong></span> <span class='ocrx_word' id='word_1_91' title='bbox 461 1135 569 1193; x_wconf 88' lang='lat' dir='ltr'><strong>quoque</strong></span> <span class='ocrx_word' id='word_1_92' title='bbox 598 1120 694 1179; x_wconf 85' lang='lat' dir='ltr'><strong>lactum</strong></span> <span class='ocrx_word' id='word_1_93' title='bbox 723 1121 766 1180; x_wconf 89' lang='lat' dir='ltr'><strong>vel</strong></span> <span class='ocrx_word' id='word_1_94' title='bbox 788 1140 892 1195; x_wconf 90' lang='lat' dir='ltr'><strong>purum,</strong></span> 
     </span>
     <span class='ocr_line' id='line_1_14' title="bbox 99 1205 894 1282; baseline 0.005 -20"><span class='ocrx_word' id='word_1_95' title='bbox 99 1207 170 1278; x_wconf 90' lang='lat' dir='ltr'><strong>quod</strong></span> <span class='ocrx_word' id='word_1_96' title='bbox 188 1205 351 1263; x_wconf 87' lang='lat' dir='ltr'><strong>munditiam</strong></span> <span class='ocrx_word' id='word_1_97' title='bbox 367 1206 476 1264; x_wconf 84' lang='lat' dir='ltr'><strong>exhibet</strong></span> <span class='ocrx_word' id='word_1_98' title='bbox 488 1210 542 1277; x_wconf 77' lang='lat' dir='ltr'><strong>,vel</strong></span> <span class='ocrx_word' id='word_1_99' title='bbox 557 1209 721 1282; x_wconf 87' lang='lat' dir='ltr'><strong>pium,quod</strong></span> <span class='ocrx_word' id='word_1_100' title='bbox 735 1212 894 1269; x_wconf 90' lang='lat' dir='ltr'><strong>misericor-</strong></span> 
     </span>
    </p>
   </div>
   <div class='ocr_carea' id='block_1_6' title="bbox 97 1295 893 1443">
    <p class='ocr_par' dir='ltr' id='par_1_6' title="bbox 97 1295 893 1443">
     <span class='ocr_line' id='line_1_15' title="bbox 97 1295 893 1371; baseline 0.004 -19"><span class='ocrx_word' id='word_1_101' title='bbox 97 1296 169 1352; x_wconf 87' lang='lat' dir='ltr'><strong>diam</strong></span> <span class='ocrx_word' id='word_1_102' title='bbox 183 1295 305 1367; x_wconf 73' lang='lat' dir='ltr'><strong>redolet,</strong></span> <span class='ocrx_word' id='word_1_103' title='bbox 321 1296 363 1351; x_wconf 85' lang='lat' dir='ltr'><strong>uel</strong></span> <span class='ocrx_word' id='word_1_104' title='bbox 379 1296 516 1367; x_wconf 88' lang='lat' dir='ltr'><strong>pudicum,</strong></span> <span class='ocrx_word' id='word_1_105' title='bbox 532 1300 607 1371; x_wconf 90' lang='lat' dir='ltr'><strong>quod</strong></span> <span class='ocrx_word' id='word_1_106' title='bbox 621 1301 716 1357; x_wconf 87' lang='lat' dir='ltr'><strong>oculos</strong></span> <span class='ocrx_word' id='word_1_107' title='bbox 731 1301 893 1358; x_wconf 89' lang='lat' dir='ltr'><strong>intuentium</strong></span> 
     </span>
     <span class='ocr_line' id='line_1_16' title="bbox 97 1383 449 1443; baseline 0 -3"><span class='ocrx_word' id='word_1_108' title='bbox 97 1399 151 1441; x_wconf 91' lang='lat' dir='ltr'><strong>non</strong></span> <span class='ocrx_word' id='word_1_109' title='bbox 167 1383 344 1441; x_wconf 82' lang='lat' dir='ltr'><strong>offendataut</strong></span> <span class='ocrx_word' id='word_1_110' title='bbox 356 1384 449 1443; x_wconf 87' lang='lat' dir='ltr'><strong>violet.</strong></span> 
     </span>
    </p>
   </div>
   <div class='ocr_carea' id='block_1_7' title="bbox 99 1510 897 2035">
    <p class='ocr_par' dir='ltr' id='par_1_7' title="bbox 97 1510 897 2035">
     <span class='ocr_line' id='line_1_17' title="bbox 135 1510 893 1585; baseline 0.008 -19.714"><span class='ocrx_word' id='word_1_111' title='bbox 135 1515 179 1566; x_wconf 86' lang='grc'><strong>16.</strong></span> <span class='ocrx_word' id='word_1_112' title='bbox 195 1510 327 1567; x_wconf 88' lang='lat' dir='ltr'><strong>Usitatum</strong></span> <span class='ocrx_word' id='word_1_113' title='bbox 346 1518 386 1567; x_wconf 89' lang='lat' dir='ltr'><strong>est</strong></span> <span class='ocrx_word' id='word_1_114' title='bbox 405 1512 470 1567; x_wconf 89' lang='lat' dir='ltr'><strong>satis</strong></span> <span class='ocrx_word' id='word_1_115' title='bbox 491 1522 518 1568; x_wconf 93' lang='lat' dir='ltr'><strong>et</strong></span> <span class='ocrx_word' id='word_1_116' title='bbox 544 1515 647 1585; x_wconf 90' lang='lat' dir='ltr'><strong>tritum,</strong></span> <span class='ocrx_word' id='word_1_117' title='bbox 670 1516 800 1572; x_wconf 77' lang='lat' dir='ltr'><strong>saeculum</strong></span> <span class='ocrx_word' id='word_1_118' title='bbox 823 1516 893 1572; x_wconf 88' lang='lat' dir='ltr'><strong>istud</strong></span> 
     </span>
     <span class='ocr_line' id='line_1_18' title="bbox 99 1598 895 1674; baseline 0.005 -20"><span class='ocrx_word' id='word_1_119' title='bbox 99 1601 195 1656; x_wconf 88' lang='lat' dir='ltr'><strong>merito</strong></span> <span class='ocrx_word' id='word_1_120' title='bbox 208 1598 335 1656; x_wconf 86' lang='lat' dir='ltr'><strong>caecitatis</strong></span> <span class='ocrx_word' id='word_1_121' title='bbox 350 1609 378 1655; x_wconf 94' lang='grc' dir='ltr'>ει</span> <span class='ocrx_word' id='word_1_122' title='bbox 398 1600 558 1673; x_wconf 77' lang='lat' dir='ltr'><strong>ignorantia</strong></span> <span class='ocrx_word' id='word_1_123' title='bbox 573 1619 630 1658; x_wconf 82' lang='lat' dir='ltr'><strong>snae</strong></span> <span class='ocrx_word' id='word_1_124' title='bbox 644 1603 751 1674; x_wconf 79' lang='lat' dir='ltr'><strong>AEgypti</strong></span> <span class='ocrx_word' id='word_1_125' title='bbox 764 1603 895 1661; x_wconf 83' lang='lat' dir='ltr'><strong>rocnnuto</strong></span> 
     </span>
     <span class='ocr_line' id='line_1_19' title="bbox 99 1688 894 1763; baseline 0.005 -19"><span class='ocrx_word' id='word_1_126' title='bbox 99 1689 259 1761; x_wconf 89' lang='lat' dir='ltr'><strong>nuncupari,</strong></span> <span class='ocrx_word' id='word_1_127' title='bbox 272 1689 345 1760; x_wconf 87' lang='lat' dir='ltr'><strong>quod</strong></span> <span class='ocrx_word' id='word_1_128' title='bbox 359 1688 484 1745; x_wconf 91' lang='lat' dir='ltr'><strong>nimirum</strong></span> <span class='ocrx_word' id='word_1_129' title='bbox 503 1692 610 1763; x_wconf 89' lang='lat' dir='ltr'><strong>quoties</strong></span> <span class='ocrx_word' id='word_1_130' title='bbox 631 1693 777 1749; x_wconf 90' lang='lat' dir='ltr'><strong>mutatione</strong></span> <span class='ocrx_word' id='word_1_131' title='bbox 795 1694 894 1749; x_wconf 77' lang='lat' dir='ltr'><strong>volaru-</strong></span> 
     </span>
     <span class='ocr_line' id='line_1_20' title="bbox 99 1777 896 1850; baseline 0.004 -18"><span class='ocrx_word' id='word_1_132' title='bbox 99 1778 163 1832; x_wconf 87' lang='lat' dir='ltr'><strong>tatis</strong></span> <span class='ocrx_word' id='word_1_133' title='bbox 200 1778 363 1850; x_wconf 77' lang='lat' dir='ltr'><strong>egredimur,</strong></span> <span class='ocrx_word' id='word_1_134' title='bbox 391 1777 442 1831; x_wconf 89' lang='lat' dir='ltr'><strong>tria</strong></span> <span class='ocrx_word' id='word_1_135' title='bbox 473 1778 553 1833; x_wconf 92' lang='lat' dir='ltr'><strong>nubis</strong></span> <span class='ocrx_word' id='word_1_136' title='bbox 581 1790 734 1836; x_wconf 77' lang='lat' dir='ltr'><strong>occurrunt.</strong></span> <span class='ocrx_word' id='word_1_137' title='bbox 763 1781 896 1837; x_wconf 83' lang='lat' dir='ltr'><strong>Stimulos</strong></span> 
     </span>
     <span class='ocr_line' id='line_1_21' title="bbox 100 1871 895 1942; baseline 0.004 -15"><span class='ocrx_word' id='word_1_138' title='bbox 100 1871 287 1942; x_wconf 86' lang='lat' dir='ltr'><strong>cupiditatum,</strong></span> <span class='ocrx_word' id='word_1_139' title='bbox 304 1871 364 1942; x_wconf 87' lang='lat' dir='ltr'><strong>qui,</strong></span> <span class='ocrx_word' id='word_1_140' title='bbox 380 1871 450 1926; x_wconf 89' lang='lat' dir='ltr'><strong>velut</strong></span> <span class='ocrx_word' id='word_1_141' title='bbox 465 1886 540 1928; x_wconf 89' lang='lat' dir='ltr'><strong>mare</strong></span> <span class='ocrx_word' id='word_1_142' title='bbox 563 1873 696 1940; x_wconf 82' lang='lat' dir='ltr'><strong>Rubrum,</strong></span> <span class='ocrx_word' id='word_1_143' title='bbox 713 1889 823 1930; x_wconf 87' lang='lat' dir='ltr'><strong>sensum</strong></span> <span class='ocrx_word' id='word_1_144' title='bbox 852 1892 895 1930; x_wconf 91' lang='lat' dir='ltr'><strong>ra-</strong></span> 
     </span>
     <span class='ocr_line' id='line_1_22' title="bbox 102 1957 897 2035; baseline 0.003 -20"><span class='ocrx_word' id='word_1_145' title='bbox 102 1960 182 2016; x_wconf 84' lang='lat' dir='ltr'><strong>tionis</strong></span> <span class='ocrx_word' id='word_1_146' title='bbox 195 1965 296 2014; x_wconf 82' lang='lat' dir='ltr'><strong>nostrae</strong></span> <span class='ocrx_word' id='word_1_147' title='bbox 310 1957 421 2013; x_wconf 85' lang='lat' dir='ltr'><strong>tumidis</strong></span> <span class='ocrx_word' id='word_1_148' title='bbox 434 1967 461 2014; x_wconf 90' lang='lat' dir='ltr'><strong>et</strong></span> <span class='ocrx_word' id='word_1_149' title='bbox 480 1960 635 2029; x_wconf 85' lang='lat' dir='ltr'><strong>procellosis</strong></span> <span class='ocrx_word' id='word_1_150' title='bbox 657 1960 738 2017; x_wconf 92' lang='lat' dir='ltr'><strong>undis</strong></span> <span class='ocrx_word' id='word_1_151' title='bbox 752 1963 897 2035; x_wconf 89' lang='lat' dir='ltr'><strong>cogitatio·</strong></span> 
     </span>
    </p>
   </div>
   <div class='ocr_carea' id='block_1_8' title="bbox 101 2047 960 2124">
    <p class='ocr_par' dir='ltr' id='par_1_8' title="bbox 101 2047 960 2124">
     <span class='ocr_line' id='line_1_23' title="bbox 101 2047 960 2124; baseline 0.008 -20"><span class='ocrx_word' id='word_1_152' title='bbox 101 2066 168 2105; x_wconf 92' lang='lat' dir='ltr'><strong>num</strong></span> <span class='ocrx_word' id='word_1_153' title='bbox 188 2047 324 2105; x_wconf 76' lang='lat' dir='ltr'><strong>involvit:</strong></span> <span class='ocrx_word' id='word_1_154' title='bbox 345 2056 372 2105; x_wconf 94' lang='lat' dir='ltr'><strong>et</strong></span> <span class='ocrx_word' id='word_1_155' title='bbox 393 2048 446 2103; x_wconf 92' lang='lat' dir='ltr'><strong>nisi</strong></span> <span class='ocrx_word' id='word_1_156' title='bbox 466 2048 540 2122; x_wconf 90' lang='lat' dir='ltr'><strong>virga</strong></span> <span class='ocrx_word' id='word_1_157' title='bbox 564 2050 675 2107; x_wconf 88' lang='lat' dir='ltr'><strong>discreti</strong></span> <span class='ocrx_word' id='word_1_158' title='bbox 695 2053 792 2122; x_wconf 87' lang='lat' dir='ltr'><strong>judicii</strong></span> <span class='ocrx_word' id='word_1_159' title='bbox 820 2070 898 2124; x_wconf 84' lang='lat' dir='ltr'><strong>aquae</strong></span> <span class='ocrx_word' id='word_1_160' title='bbox 954 2107 960 2118; x_wconf 82' lang='grc'><em>,</em></span> 
     </span>
    </p>
   </div>
   <div class='ocr_carea' id='block_1_9' title="bbox 101 2135 899 2212">
    <p class='ocr_par' dir='ltr' id='par_1_9' title="bbox 101 2135 899 2212">
     <span class='ocr_line' id='line_1_24' title="bbox 101 2135 899 2212; baseline 0.006 -20"><span class='ocrx_word' id='word_1_161' title='bbox 101 2137 256 2207; x_wconf 86' lang='lat' dir='ltr'><strong>superiores</strong></span> <span class='ocrx_word' id='word_1_162' title='bbox 270 2137 304 2191; x_wconf 89' lang='lat' dir='ltr'><strong>ab</strong></span> <span class='ocrx_word' id='word_1_163' title='bbox 317 2135 494 2193; x_wconf 85' lang='lat' dir='ltr'><strong>interioribus</strong></span> <span class='ocrx_word' id='word_1_164' title='bbox 514 2147 698 2212; x_wconf 89' lang='lat' dir='ltr'><strong>secernantur,</strong></span> <span class='ocrx_word' id='word_1_165' title='bbox 713 2142 819 2198; x_wconf 81' lang='lat' dir='ltr'><strong>subruit</strong></span> <span class='ocrx_word' id='word_1_166' title='bbox 841 2141 899 2198; x_wconf 85' lang='lat' dir='ltr'><strong>tun-</strong></span> 
     </span>
    </p>
   </div>
   <div class='ocr_carea' id='block_1_10' title="bbox 101 2225 901 2389">
    <p class='ocr_par' dir='ltr' id='par_1_10' title="bbox 101 2225 901 2389">
     <span class='ocr_line' id='line_1_25' title="bbox 101 2225 897 2299; baseline 0.005 -18"><span class='ocrx_word' id='word_1_167' title='bbox 101 2226 174 2282; x_wconf 91' lang='lat' dir='ltr'><strong>ditus</strong></span> <span class='ocrx_word' id='word_1_168' title='bbox 200 2235 226 2281; x_wconf 91' lang='lat' dir='ltr'><strong>ct</strong></span> <span class='ocrx_word' id='word_1_169' title='bbox 253 2225 394 2299; x_wconf 88' lang='lat' dir='ltr'><strong>demergit.</strong></span> <span class='ocrx_word' id='word_1_170' title='bbox 410 2227 537 2298; x_wconf 87' lang='lat' dir='ltr'><strong>Sequitur</strong></span> <span class='ocrx_word' id='word_1_171' title='bbox 563 2229 689 2286; x_wconf 91' lang='lat' dir='ltr'><strong>cumulus</strong></span> <span class='ocrx_word' id='word_1_172' title='bbox 711 2230 897 2297; x_wconf 86' lang='lat' dir='ltr'><strong>tentationum,</strong></span> 
     </span>
     <span class='ocr_line' id='line_1_26' title="bbox 102 2315 901 2389; baseline 0.006 -19"><span class='ocrx_word' id='word_1_173' title='bbox 102 2316 178 2387; x_wconf 88' lang='lat' dir='ltr'><strong>quasi</strong></span> <span class='ocrx_word' id='word_1_174' title='bbox 204 2316 272 2371; x_wconf 89' lang='lat' dir='ltr'><strong>alter</strong></span> <span class='ocrx_word' id='word_1_175' title='bbox 298 2315 425 2371; x_wconf 81' lang='lat' dir='ltr'><strong>iordanis</strong></span> <span class='ocrx_word' id='word_1_176' title='bbox 446 2315 515 2372; x_wconf 87' lang='lat' dir='ltr'><strong>alvei</strong></span> <span class='ocrx_word' id='word_1_177' title='bbox 537 2315 579 2373; x_wconf 91' lang='lat' dir='ltr'><strong>sui</strong></span> <span class='ocrx_word' id='word_1_178' title='bbox 605 2326 690 2375; x_wconf 90' lang='lat' dir='ltr'><strong>metas</strong></span> <span class='ocrx_word' id='word_1_179' title='bbox 712 2321 856 2389; x_wconf 88' lang='lat' dir='ltr'><strong>excedens,</strong></span> <span class='ocrx_word' id='word_1_180' title='bbox 873 2330 901 2376; x_wconf 93' lang='lat' dir='ltr'><strong>et</strong></span> 
     </span>
    </p>
   </div>
   <div class='ocr_carea' id='block_1_11' title="bbox 103 2405 901 2481">
    <p class='ocr_par' dir='ltr' id='par_1_11' title="bbox 103 2405 901 2481">
     <span class='ocr_line' id='line_1_27' title="bbox 103 2405 901 2481; baseline 0.006 -21"><span class='ocrx_word' id='word_1_181' title='bbox 103 2417 201 2462; x_wconf 82' lang='lat' dir='ltr'><strong>terram</strong></span> <span class='ocrx_word' id='word_1_182' title='bbox 214 2405 338 2476; x_wconf 90' lang='lat' dir='ltr'><strong>corporis</strong></span> <span class='ocrx_word' id='word_1_183' title='bbox 354 2405 439 2461; x_wconf 92' lang='lat' dir='ltr'><strong>nostri</strong></span> <span class='ocrx_word' id='word_1_184' title='bbox 458 2406 537 2463; x_wconf 90' lang='lat' dir='ltr'><strong>solito</strong></span> <span class='ocrx_word' id='word_1_185' title='bbox 557 2407 663 2477; x_wconf 89' lang='lat' dir='ltr'><strong>plenius</strong></span> <span class='ocrx_word' id='word_1_186' title='bbox 678 2425 824 2481; x_wconf 87' lang='lat' dir='ltr'><strong>occupans,</strong></span> <span class='ocrx_word' id='word_1_187' title='bbox 848 2409 901 2465; x_wconf 91' lang='lat' dir='ltr'><strong>nisi</strong></span> 
     </span>
    </p>
   </div>
   <div class='ocr_carea' id='block_1_12' title="bbox 103 2494 963 2569">
    <p class='ocr_par' dir='ltr' id='par_1_12' title="bbox 103 2494 963 2569">
     <span class='ocr_line' id='line_1_28' title="bbox 103 2494 963 2569; baseline 0.006 -20"><span class='ocrx_word' id='word_1_188' title='bbox 103 2511 165 2552; x_wconf 91' lang='lat' dir='ltr'><strong>arca</strong></span> <span class='ocrx_word' id='word_1_189' title='bbox 184 2496 347 2558; x_wconf 86' lang='lat' dir='ltr'><strong>testamenti,</strong></span> <span class='ocrx_word' id='word_1_190' title='bbox 358 2494 385 2550; x_wconf 96' lang='lat' dir='ltr'><strong>id</strong></span> <span class='ocrx_word' id='word_1_191' title='bbox 414 2504 456 2552; x_wconf 89' lang='lat' dir='ltr'><strong>est</strong></span> <span class='ocrx_word' id='word_1_192' title='bbox 483 2500 616 2554; x_wconf 90' lang='lat' dir='ltr'><strong>sententia</strong></span> <span class='ocrx_word' id='word_1_193' title='bbox 639 2498 765 2569; x_wconf 68' lang='lat' dir='ltr'><strong>veriatis,</strong></span> <span class='ocrx_word' id='word_1_194' title='bbox 788 2500 901 2556; x_wconf 89' lang='lat' dir='ltr'><strong>interce·</strong></span> <span class='ocrx_word' id='word_1_195' title='bbox 957 2552 963 2563; x_wconf 86' lang='grc'><strong>,</strong></span> 
     </span>
    </p>
   </div>
   <div class='ocr_carea' id='block_1_13' title="bbox 102 2580 903 2832">
    <p class='ocr_par' dir='ltr' id='par_1_13' title="bbox 102 2580 903 2832">
     <span class='ocr_line' id='line_1_29' title="bbox 102 2580 903 2656; baseline 0.005 -19"><span class='ocrx_word' id='word_1_196' title='bbox 102 2584 179 2651; x_wconf 92' lang='lat' dir='ltr'><strong>deus,</strong></span> <span class='ocrx_word' id='word_1_197' title='bbox 191 2581 307 2651; x_wconf 90' lang='lat' dir='ltr'><strong>impetus</strong></span> <span class='ocrx_word' id='word_1_198' title='bbox 324 2580 407 2639; x_wconf 67' lang='lat'><strong>775</strong></span> <span class='ocrx_word' id='word_1_199' title='bbox 421 2583 494 2638; x_wconf 90' lang='lat' dir='ltr'><strong>illius</strong></span> <span class='ocrx_word' id='word_1_200' title='bbox 509 2585 635 2654; x_wconf 91' lang='lat' dir='ltr'><strong>relrenet‚</strong></span> <span class='ocrx_word' id='word_1_201' title='bbox 650 2592 677 2642; x_wconf 89' lang='lat' dir='ltr'><strong>et</strong></span> <span class='ocrx_word' id='word_1_202' title='bbox 688 2585 778 2656; x_wconf 88' lang='lat' dir='ltr'><strong>ipsum</strong></span> <span class='ocrx_word' id='word_1_203' title='bbox 794 2585 903 2655; x_wconf 89' lang='lat' dir='ltr'><strong>penitus</strong></span> 
     </span>
     <span class='ocr_line' id='line_1_30' title="bbox 103 2670 901 2743; baseline 0.006 -21"><span class='ocrx_word' id='word_1_204' title='bbox 103 2670 232 2726; x_wconf 81' lang='lat' dir='ltr'><strong>arefaciat</strong></span> <span class='ocrx_word' id='word_1_205' title='bbox 245 2682 271 2725; x_wconf 91' lang='lat' dir='ltr'><strong>et</strong></span> <span class='ocrx_word' id='word_1_206' title='bbox 285 2671 410 2726; x_wconf 80' lang='lat' dir='ltr'><strong>exsiccet.</strong></span> <span class='ocrx_word' id='word_1_207' title='bbox 431 2672 559 2743; x_wconf 88' lang='lat' dir='ltr'><strong>Sequitur</strong></span> <span class='ocrx_word' id='word_1_208' title='bbox 582 2674 691 2729; x_wconf 88' lang='lat' dir='ltr'><strong>aculeus</strong></span> <span class='ocrx_word' id='word_1_209' title='bbox 705 2674 901 2742; x_wconf 85' lang='lat' dir='ltr'><strong>molestiarum,</strong></span> 
     </span>
     <span class='ocr_line' id='line_1_31' title="bbox 104 2758 902 2832; baseline 0.008 -20"><span class='ocrx_word' id='word_1_210' title='bbox 104 2758 160 2831; x_wconf 91' lang='lat' dir='ltr'><strong>qui,</strong></span> <span class='ocrx_word' id='word_1_211' title='bbox 190 2774 253 2815; x_wconf 89' lang='lat' dir='ltr'><strong>cum</strong></span> <span class='ocrx_word' id='word_1_212' title='bbox 275 2758 408 2832; x_wconf 92' lang='lat' dir='ltr'><strong>ingruerit</strong></span> <span class='ocrx_word' id='word_1_213' title='bbox 430 2761 509 2832; x_wconf 88' lang='lat' dir='ltr'><strong>quasi</strong></span> <span class='ocrx_word' id='word_1_214' title='bbox 540 2762 638 2817; x_wconf 91' lang='lat' dir='ltr'><strong>iterum</strong></span> <span class='ocrx_word' id='word_1_215' title='bbox 666 2762 789 2818; x_wconf 81' lang='lat' dir='ltr'><strong>iordanis</strong></span> <span class='ocrx_word' id='word_1_216' title='bbox 811 2762 902 2818; x_wconf 82' lang='lat' dir='ltr'><strong>Elissa</strong></span> 
     </span>
    </p>
   </div>
   <div class='ocr_carea' id='block_1_14' title="bbox 24 2848 944 3023">
    <p class='ocr_par' dir='ltr' id='par_1_14' title="bbox 24 2848 944 3023">
     <span class='ocr_line' id='line_1_32' title="bbox 24 2848 902 2920; baseline 0.003 -17"><span class='ocrx_word' id='word_1_217' title='bbox 24 2884 29 2891; x_wconf 91' lang='lat'><em>-</em></span> <span class='ocrx_word' id='word_1_218' title='bbox 105 2863 259 2917; x_wconf 73' lang='lat' dir='ltr'><strong>succurrens,</strong></span> <span class='ocrx_word' id='word_1_219' title='bbox 275 2849 438 2904; x_wconf 89' lang='lat' dir='ltr'><strong>sumendum</strong></span> <span class='ocrx_word' id='word_1_220' title='bbox 462 2848 525 2905; x_wconf 84' lang='lat' dir='ltr'><strong>Eliae</strong></span> <span class='ocrx_word' id='word_1_221' title='bbox 545 2849 668 2920; x_wconf 87' lang='lat' dir='ltr'><strong>pallium,</strong></span> <span class='ocrx_word' id='word_1_222' title='bbox 685 2858 711 2905; x_wconf 93' lang='lat' dir='ltr'><strong>et</strong></span> <span class='ocrx_word' id='word_1_223' title='bbox 726 2851 822 2906; x_wconf 91' lang='lat' dir='ltr'><strong>mediis</strong></span> <span class='ocrx_word' id='word_1_224' title='bbox 849 2850 902 2906; x_wconf 87' lang='lat' dir='ltr'><strong>llu-</strong></span> 
     </span>
     <span class='ocr_line' id='line_1_33' title="bbox 104 2936 944 3023; baseline 0.004 -32"><span class='ocrx_word' id='word_1_225' title='bbox 104 2938 194 2992; x_wconf 89' lang='lat' dir='ltr'><strong>ctibus</strong></span> <span class='ocrx_word' id='word_1_226' title='bbox 207 2936 415 3007; x_wconf 90' lang='lat' dir='ltr'><strong>opponendum:</strong></span> <span class='ocrx_word' id='word_1_227' title='bbox 441 2945 470 2992; x_wconf 94' lang='lat' dir='ltr'><strong>ut</strong></span> <span class='ocrx_word' id='word_1_228' title='bbox 491 2937 620 3009; x_wconf 86' lang='lat' dir='ltr'><strong>quidquid</strong></span> <span class='ocrx_word' id='word_1_229' title='bbox 641 2955 694 2994; x_wconf 92' lang='lat' dir='ltr'><strong>non</strong></span> <span class='ocrx_word' id='word_1_230' title='bbox 720 2940 905 3010; x_wconf 91' lang='lat' dir='ltr'><strong>temporaliter</strong></span> <span class='ocrx_word' id='word_1_231' title='bbox 922 2943 944 3023; x_wconf 67' lang='lat' dir='ltr'><strong>g</strong></span> 
     </span>
    </p>
   </div>
   <div class='ocr_carea' id='block_1_15' title="bbox 105 3033 904 3181">
    <p class='ocr_par' dir='ltr' id='par_1_15' title="bbox 105 3033 904 3181">
     <span class='ocr_line' id='line_1_34' title="bbox 105 3033 904 3117; baseline 0.008 -30"><span class='ocrx_word' id='word_1_232' title='bbox 105 3034 218 3098; x_wconf 86' lang='lat' dir='ltr'><strong>cruciat,</strong></span> <span class='ocrx_word' id='word_1_233' title='bbox 238 3041 361 3103; x_wconf 90' lang='lat' dir='ltr'><strong>respectu</strong></span> <span class='ocrx_word' id='word_1_234' title='bbox 374 3033 522 3090; x_wconf 80' lang='lat' dir='ltr'><strong>Dominicae</strong></span> <span class='ocrx_word' id='word_1_235' title='bbox 542 3036 676 3105; x_wconf 90' lang='lat' dir='ltr'><strong>passionis</strong></span> <span class='ocrx_word' id='word_1_236' title='bbox 691 3052 773 3117; x_wconf 81' lang='lat' dir='ltr'><strong>saper</strong></span> <span class='ocrx_word' id='word_1_237' title='bbox 788 3046 904 3105; x_wconf 90' lang='lat' dir='ltr'><strong>mutato,</strong></span> 
     </span>
     <span class='ocr_line' id='line_1_35' title="bbox 105 3120 575 3181; baseline 0.009 -5"><span class='ocrx_word' id='word_1_238' title='bbox 105 3137 175 3179; x_wconf 81' lang='lat' dir='ltr'><strong>inova</strong></span> <span class='ocrx_word' id='word_1_239' title='bbox 187 3120 266 3177; x_wconf 92' lang='lat' dir='ltr'><strong>nobis</strong></span> <span class='ocrx_word' id='word_1_240' title='bbox 280 3121 413 3177; x_wconf 88' lang='lat' dir='ltr'><strong>suavitate</strong></span> <span class='ocrx_word' id='word_1_241' title='bbox 428 3121 575 3181; x_wconf 84' lang='lat' dir='ltr'><strong>dulcescat.</strong></span> 
     </span>
    </p>
   </div>
   <div class='ocr_carea' id='block_1_16' title="bbox 107 3237 910 4110">
    <p class='ocr_par' dir='ltr' id='par_1_16' title="bbox 107 3237 910 4110">
     <span class='ocr_line' id='line_1_36' title="bbox 143 3237 906 3309; baseline 0.008 -15"><span class='ocrx_word' id='word_1_242' title='bbox 143 3240 188 3295; x_wconf 83' lang='lat' dir='ltr'><strong>l&#39;l.</strong></span> <span class='ocrx_word' id='word_1_243' title='bbox 204 3237 260 3293; x_wconf 77' lang='lat' dir='ltr'><strong>vin</strong></span> <span class='ocrx_word' id='word_1_244' title='bbox 273 3252 334 3309; x_wconf 78' lang='lat' dir='ltr'><strong>qne</strong></span> <span class='ocrx_word' id='word_1_245' title='bbox 348 3237 449 3294; x_wconf 93' lang='lat' dir='ltr'><strong>ducunt</strong></span> <span class='ocrx_word' id='word_1_246' title='bbox 463 3239 498 3294; x_wconf 92' lang='lat' dir='ltr'><strong>ad</strong></span> <span class='ocrx_word' id='word_1_247' title='bbox 523 3246 649 3307; x_wconf 88' lang='lat' dir='ltr'><strong>mortem,</strong></span> <span class='ocrx_word' id='word_1_248' title='bbox 672 3241 777 3299; x_wconf 92' lang='lat' dir='ltr'><strong>ratione</strong></span> <span class='ocrx_word' id='word_1_249' title='bbox 805 3241 906 3300; x_wconf 82' lang='lat' dir='ltr'><strong>trifaria</strong></span> 
     </span>
     <span class='ocr_line' id='line_1_37' title="bbox 107 3326 907 3403; baseline 0.01 -21"><span class='ocrx_word' id='word_1_250' title='bbox 107 3328 272 3383; x_wconf 88' lang='lat' dir='ltr'><strong>dividuntur.</strong></span> <span class='ocrx_word' id='word_1_251' title='bbox 289 3326 521 3398; x_wconf 80' lang='lat' dir='ltr'><strong>Aliaaerumnosa,</strong></span> <span class='ocrx_word' id='word_1_252' title='bbox 544 3329 598 3385; x_wconf 89' lang='lat' dir='ltr'><strong>alia</strong></span> <span class='ocrx_word' id='word_1_253' title='bbox 620 3331 763 3403; x_wconf 88' lang='lat' dir='ltr'><strong>laboriosa,</strong></span> <span class='ocrx_word' id='word_1_254' title='bbox 790 3333 841 3390; x_wconf 88' lang='lat' dir='ltr'><strong>alia</strong></span> <span class='ocrx_word' id='word_1_255' title='bbox 863 3333 907 3390; x_wconf 76' lang='lat' dir='ltr'><strong>de·</strong></span> 
     </span>
     <span class='ocr_line' id='line_1_38' title="bbox 108 3416 906 3494; baseline 0.009 -23"><span class='ocrx_word' id='word_1_256' title='bbox 108 3416 212 3472; x_wconf 81' lang='lat' dir='ltr'><strong>liuiosa.</strong></span> <span class='ocrx_word' id='word_1_257' title='bbox 227 3416 388 3472; x_wconf 59' lang='lat' dir='ltr'><strong>&amp;neruosa</strong></span> <span class='ocrx_word' id='word_1_258' title='bbox 409 3425 451 3473; x_wconf 91' lang='lat' dir='ltr'><strong>est</strong></span> <span class='ocrx_word' id='word_1_259' title='bbox 475 3417 502 3473; x_wconf 93' lang='lat' dir='ltr'><strong>in</strong></span> <span class='ocrx_word' id='word_1_260' title='bbox 526 3420 702 3493; x_wconf 87' lang='lat' dir='ltr'><strong>pauperibus,</strong></span> <span class='ocrx_word' id='word_1_261' title='bbox 725 3421 818 3494; x_wconf 90' lang='lat' dir='ltr'><strong>quiin</strong></span> <span class='ocrx_word' id='word_1_262' title='bbox 843 3440 906 3493; x_wconf 84' lang='lat' dir='ltr'><strong>pau·</strong></span> 
     </span>
     <span class='ocr_line' id='line_1_39' title="bbox 108 3505 905 3579; baseline 0.009 -18"><span class='ocrx_word' id='word_1_263' title='bbox 108 3514 210 3579; x_wconf 84' lang='lat' dir='ltr'><strong>portate</strong></span> <span class='ocrx_word' id='word_1_264' title='bbox 225 3521 274 3563; x_wconf 92' lang='lat' dir='ltr'><strong>sua</strong></span> <span class='ocrx_word' id='word_1_265' title='bbox 292 3505 369 3576; x_wconf 87' lang='lat' dir='ltr'><strong>regio</strong></span> <span class='ocrx_word' id='word_1_266' title='bbox 385 3505 482 3577; x_wconf 91' lang='lat' dir='ltr'><strong>spiritu</strong></span> <span class='ocrx_word' id='word_1_267' title='bbox 497 3517 523 3564; x_wconf 90' lang='lat' dir='ltr'><strong>et</strong></span> <span class='ocrx_word' id='word_1_268' title='bbox 536 3508 619 3566; x_wconf 83' lang='lat' dir='ltr'><strong>divite</strong></span> <span class='ocrx_word' id='word_1_269' title='bbox 638 3511 729 3566; x_wconf 88' lang='lat' dir='ltr'><strong>animo</strong></span> <span class='ocrx_word' id='word_1_270' title='bbox 755 3519 905 3568; x_wconf 88' lang='lat' dir='ltr'><strong>tumescen-</strong></span> 
     </span>
     <span class='ocr_line' id='line_1_40' title="bbox 109 3595 908 3675; baseline 0.008 -25"><span class='ocrx_word' id='word_1_271' title='bbox 109 3605 161 3663; x_wconf 89' lang='lat' dir='ltr'><strong>tes,</strong></span> <span class='ocrx_word' id='word_1_272' title='bbox 171 3596 206 3650; x_wconf 89' lang='lat' dir='ltr'><strong>ah</strong></span> <span class='ocrx_word' id='word_1_273' title='bbox 220 3595 312 3666; x_wconf 90' lang='lat' dir='ltr'><strong>inopia</strong></span> <span class='ocrx_word' id='word_1_274' title='bbox 326 3596 469 3666; x_wconf 90' lang='lat' dir='ltr'><strong>temporali</strong></span> <span class='ocrx_word' id='word_1_275' title='bbox 485 3598 517 3675; x_wconf 80' lang='lat' dir='ltr'><strong>ad</strong></span> <span class='ocrx_word' id='word_1_276' title='bbox 533 3609 660 3654; x_wconf 83' lang='lat' dir='ltr'><strong>aeternam</strong></span> <span class='ocrx_word' id='word_1_277' title='bbox 670 3599 808 3656; x_wconf 91' lang='lat' dir='ltr'><strong>miseriam</strong></span> <span class='ocrx_word' id='word_1_278' title='bbox 825 3609 908 3656; x_wconf 91' lang='lat' dir='ltr'><strong>trans-</strong></span> 
     </span>
     <span class='ocr_line' id='line_1_41' title="bbox 109 3681 907 3764; baseline 0.006 -23"><span class='ocrx_word' id='word_1_279' title='bbox 109 3685 241 3741; x_wconf 87' lang='lat' dir='ltr'><strong>leruutur.</strong></span> <span class='ocrx_word' id='word_1_280' title='bbox 266 3681 411 3740; x_wconf 84' lang='lat' dir='ltr'><strong>laboriosa</strong></span> <span class='ocrx_word' id='word_1_281' title='bbox 439 3694 481 3741; x_wconf 91' lang='lat' dir='ltr'><strong>est</strong></span> <span class='ocrx_word' id='word_1_282' title='bbox 497 3686 534 3741; x_wconf 86' lang='lat' dir='ltr'><strong>&#39;in</strong></span> <span class='ocrx_word' id='word_1_283' title='bbox 557 3689 645 3743; x_wconf 85' lang='lat' dir='ltr'><strong>avaris</strong></span> <span class='ocrx_word' id='word_1_284' title='bbox 661 3696 688 3745; x_wconf 90' lang='grc' dir='ltr'>ει</span> <span class='ocrx_word' id='word_1_285' title='bbox 711 3689 828 3762; x_wconf 84' lang='lat' dir='ltr'><strong>cupidis,</strong></span> <span class='ocrx_word' id='word_1_286' title='bbox 849 3692 907 3764; x_wconf 84' lang='lat' dir='ltr'><strong>qui,</strong></span> 
     </span>
     <span class='ocr_line' id='line_1_42' title="bbox 108 3772 910 3832; baseline 0.005 -4"><span class='ocrx_word' id='word_1_287' title='bbox 108 3775 173 3829; x_wconf 91' lang='lat' dir='ltr'><strong>dum</strong></span> <span class='ocrx_word' id='word_1_288' title='bbox 201 3772 368 3827; x_wconf 85' lang='lat' dir='ltr'><strong>diversarum</strong></span> <span class='ocrx_word' id='word_1_289' title='bbox 400 3773 534 3830; x_wconf 82' lang='lat' dir='ltr'><strong>anxietate</strong></span> <span class='ocrx_word' id='word_1_290' title='bbox 562 3791 687 3832; x_wconf 88' lang='lat' dir='ltr'><strong>curarum</strong></span> <span class='ocrx_word' id='word_1_291' title='bbox 716 3777 910 3832; x_wconf 84' lang='lat' dir='ltr'><strong>miserabiliter</strong></span> 
     </span>
     <span class='ocr_line' id='line_1_43' title="bbox 109 3858 910 3937; baseline 0.009 -23"><span class='ocrx_word' id='word_1_292' title='bbox 109 3860 309 3922; x_wconf 85' lang='lat' dir='ltr'><strong>distenduntur.</strong></span> <span class='ocrx_word' id='word_1_293' title='bbox 337 3858 531 3916; x_wconf 78' lang='lat' dir='ltr'><strong>obliviscuntur</strong></span> <span class='ocrx_word' id='word_1_294' title='bbox 557 3877 590 3917; x_wconf 90' lang='lat' dir='ltr'><strong>ea</strong></span> <span class='ocrx_word' id='word_1_295' title='bbox 620 3880 739 3933; x_wconf 79' lang='lat' dir='ltr'><strong>quaerere</strong></span> <span class='ocrx_word' id='word_1_296' title='bbox 774 3881 835 3937; x_wconf 80' lang='lat' dir='ltr'><strong>quae</strong></span> <span class='ocrx_word' id='word_1_297' title='bbox 859 3865 910 3923; x_wconf 93' lang='lat' dir='ltr'><strong>Dei</strong></span> 
     </span>
     <span class='ocr_line' id='line_1_44' title="bbox 110 3947 910 4024; baseline 0.011 -22"><span class='ocrx_word' id='word_1_298' title='bbox 110 3955 191 4002; x_wconf 90' lang='lat' dir='ltr'><strong>sunt:</strong></span> <span class='ocrx_word' id='word_1_299' title='bbox 209 3954 235 4001; x_wconf 90' lang='lat' dir='ltr'><strong>et</strong></span> <span class='ocrx_word' id='word_1_300' title='bbox 249 3947 368 4002; x_wconf 82' lang='lat' dir='ltr'><strong>avaritiae</strong></span> <span class='ocrx_word' id='word_1_301' title='bbox 382 3948 493 4004; x_wconf 86' lang='lat' dir='ltr'><strong>aestibus</strong></span> <span class='ocrx_word' id='word_1_302' title='bbox 508 3950 675 4018; x_wconf 86' lang='lat' dir='ltr'><strong>anhelantes,</strong></span> <span class='ocrx_word' id='word_1_303' title='bbox 692 3954 827 4024; x_wconf 87' lang='lat' dir='ltr'><strong>usquead</strong></span> <span class='ocrx_word' id='word_1_304' title='bbox 849 3955 910 4011; x_wconf 78' lang='lat' dir='ltr'><strong>vitea</strong></span> 
     </span>
     <span class='ocr_line' id='line_1_45' title="bbox 110 4034 906 4110; baseline 0.005 -18"><span class='ocrx_word' id='word_1_305' title='bbox 110 4034 255 4092; x_wconf 88' lang='lat' dir='ltr'><strong>terminum</strong></span> <span class='ocrx_word' id='word_1_306' title='bbox 270 4034 304 4088; x_wconf 90' lang='lat' dir='ltr'><strong>ab</strong></span> <span class='ocrx_word' id='word_1_307' title='bbox 318 4034 504 4106; x_wconf 88' lang='lat' dir='ltr'><strong>inquietudine</strong></span> <span class='ocrx_word' id='word_1_308' title='bbox 529 4039 671 4110; x_wconf 81' lang='lat' dir='ltr'><strong>temporali</strong></span> <span class='ocrx_word' id='word_1_309' title='bbox 693 4040 727 4094; x_wconf 89' lang='lat' dir='ltr'><strong>ad</strong></span> <span class='ocrx_word' id='word_1_310' title='bbox 747 4041 840 4097; x_wconf 83' lang='lat' dir='ltr'><strong>aeterni</strong></span> <span class='ocrx_word' id='word_1_311' title='bbox 868 4042 906 4096; x_wconf 89' lang='lat' dir='ltr'><strong>la-</strong></span> 
     </span>
    </p>
   </div>
   <div class='ocr_carea' id='block_1_17' title="bbox 111 4123 922 4204">
    <p class='ocr_par' dir='ltr' id='par_1_17' title="bbox 111 4123 922 4204">
     <span class='ocr_line' id='line_1_46' title="bbox 111 4123 922 4204; baseline 0.005 -23"><span class='ocrx_word' id='word_1_312' title='bbox 111 4123 187 4181; x_wconf 88' lang='lat' dir='ltr'><strong>boris</strong></span> <span class='ocrx_word' id='word_1_313' title='bbox 205 4123 343 4193; x_wconf 89' lang='lat' dir='ltr'><strong>augustias</strong></span> <span class='ocrx_word' id='word_1_314' title='bbox 358 4124 564 4183; x_wconf 79' lang='lat' dir='ltr'><strong>transferuntur.</strong></span> <span class='ocrx_word' id='word_1_315' title='bbox 581 4127 726 4195; x_wconf 87' lang='lat' dir='ltr'><strong>Deliciosa,</strong></span> <span class='ocrx_word' id='word_1_316' title='bbox 743 4129 771 4184; x_wconf 92' lang='lat' dir='ltr'><strong>in</strong></span> <span class='ocrx_word' id='word_1_317' title='bbox 785 4130 922 4204; x_wconf 54' lang='lat' dir='ltr'><strong>divitibus·</strong></span> 
     </span>
    </p>
   </div>
   <div class='ocr_carea' id='block_1_18' title="bbox 111 4213 912 4376">
    <p class='ocr_par' dir='ltr' id='par_1_18' title="bbox 111 4213 912 4376">
     <span class='ocr_line' id='line_1_47' title="bbox 112 4213 912 4289; baseline 0.006 -19"><span class='ocrx_word' id='word_1_318' title='bbox 112 4213 244 4281; x_wconf 85' lang='lat' dir='ltr'><strong>delicatis,</strong></span> <span class='ocrx_word' id='word_1_319' title='bbox 261 4213 307 4284; x_wconf 90' lang='lat' dir='ltr'><strong>qui</strong></span> <span class='ocrx_word' id='word_1_320' title='bbox 323 4213 351 4269; x_wconf 94' lang='lat' dir='ltr'><strong>in</strong></span> <span class='ocrx_word' id='word_1_321' title='bbox 366 4213 471 4271; x_wconf 85' lang='lat' dir='ltr'><strong>deliciis</strong></span> <span class='ocrx_word' id='word_1_322' title='bbox 485 4223 512 4272; x_wconf 92' lang='lat' dir='ltr'><strong>et</strong></span> <span class='ocrx_word' id='word_1_323' title='bbox 536 4216 721 4289; x_wconf 88' lang='lat' dir='ltr'><strong>voluptatibus</strong></span> <span class='ocrx_word' id='word_1_324' title='bbox 744 4220 912 4276; x_wconf 90' lang='lat' dir='ltr'><strong>enutrientes</strong></span> 
     </span>
     <span class='ocr_line' id='line_1_48' title="bbox 111 4303 911 4376; baseline 0.006 -17"><span class='ocrx_word' id='word_1_325' title='bbox 111 4316 225 4374; x_wconf 89' lang='lat' dir='ltr'><strong>corpora</strong></span> <span class='ocrx_word' id='word_1_326' title='bbox 237 4311 264 4358; x_wconf 92' lang='lat' dir='ltr'><strong>et</strong></span> <span class='ocrx_word' id='word_1_327' title='bbox 277 4303 362 4360; x_wconf 90' lang='lat' dir='ltr'><strong>corda</strong></span> <span class='ocrx_word' id='word_1_328' title='bbox 377 4320 438 4374; x_wconf 89' lang='lat' dir='ltr'><strong>sua,</strong></span> <span class='ocrx_word' id='word_1_329' title='bbox 458 4314 519 4376; x_wconf 91' lang='lat' dir='ltr'><strong>post</strong></span> <span class='ocrx_word' id='word_1_330' title='bbox 538 4306 696 4364; x_wconf 87' lang='lat' dir='ltr'><strong>dulcedines</strong></span> <span class='ocrx_word' id='word_1_331' title='bbox 709 4314 911 4364; x_wconf 89' lang='lat' dir='ltr'><strong>momentaneas</strong></span> 
     </span>
    </p>
   </div>
   <div class='ocr_carea' id='block_1_19' title="bbox 112 4392 912 4539">
    <p class='ocr_par' dir='ltr' id='par_1_19' title="bbox 112 4392 912 4539">
     <span class='ocr_line' id='line_1_49' title="bbox 112 4392 912 4468; baseline 0.013 -22"><span class='ocrx_word' id='word_1_332' title='bbox 112 4400 139 4447; x_wconf 84' lang='lat' dir='ltr'><strong>et</strong></span> <span class='ocrx_word' id='word_1_333' title='bbox 152 4393 273 4448; x_wconf 85' lang='lat' dir='ltr'><strong>horarias</strong></span> <span class='ocrx_word' id='word_1_334' title='bbox 289 4392 436 4451; x_wconf 86' lang='lat' dir='ltr'><strong>suavitates</strong></span> <span class='ocrx_word' id='word_1_335' title='bbox 464 4394 498 4450; x_wconf 92' lang='lat' dir='ltr'><strong>ad</strong></span> <span class='ocrx_word' id='word_1_336' title='bbox 521 4396 702 4468; x_wconf 87' lang='lat' dir='ltr'><strong>sempiternas</strong></span> <span class='ocrx_word' id='word_1_337' title='bbox 716 4395 912 4455; x_wconf 86' lang='lat' dir='ltr'><strong>amaritudines</strong></span> 
     </span>
     <span class='ocr_line' id='line_1_50' title="bbox 113 4481 283 4539; baseline 0.006 -3"><span class='ocrx_word' id='word_1_338' title='bbox 113 4481 283 4539; x_wconf 89' lang='lat' dir='ltr'><strong>deteruntur.</strong></span> 
     </span>
    </p>
   </div>
   <div class='ocr_carea' id='block_1_20' title="bbox 113 4597 914 5562">
    <p class='ocr_par' dir='ltr' id='par_1_20' title="bbox 113 4597 914 5562">
     <span class='ocr_line' id='line_1_51' title="bbox 151 4597 911 4672; baseline 0.005 -20"><span class='ocrx_word' id='word_1_339' title='bbox 151 4597 196 4652; x_wconf 84' lang='grc'><strong>18.</strong></span> <span class='ocrx_word' id='word_1_340' title='bbox 219 4597 271 4655; x_wconf 83' lang='lat' dir='ltr'><strong>Via</strong></span> <span class='ocrx_word' id='word_1_341' title='bbox 292 4613 403 4672; x_wconf 87' lang='lat' dir='ltr'><strong>quoque</strong></span> <span class='ocrx_word' id='word_1_342' title='bbox 416 4615 477 4672; x_wconf 78' lang='lat' dir='ltr'><strong>qua</strong></span> <span class='ocrx_word' id='word_1_343' title='bbox 500 4599 576 4657; x_wconf 93' lang='lat' dir='ltr'><strong>ducit</strong></span> <span class='ocrx_word' id='word_1_344' title='bbox 593 4600 626 4657; x_wconf 94' lang='lat' dir='ltr'><strong>ad</strong></span> <span class='ocrx_word' id='word_1_345' title='bbox 650 4601 742 4671; x_wconf 86' lang='lat' dir='ltr'><strong>vitam,</strong></span> <span class='ocrx_word' id='word_1_346' title='bbox 763 4600 845 4657; x_wconf 91' lang='lat' dir='ltr'><strong>simili</strong></span> <span class='ocrx_word' id='word_1_347' title='bbox 866 4617 911 4656; x_wconf 91' lang='lat' dir='ltr'><strong>ra·</strong></span> 
     </span>
     <span class='ocr_line' id='line_1_52' title="bbox 113 4685 913 4763; baseline 0.004 -21"><span class='ocrx_word' id='word_1_348' title='bbox 113 4687 187 4742; x_wconf 89' lang='lat' dir='ltr'><strong>tione</strong></span> <span class='ocrx_word' id='word_1_349' title='bbox 215 4685 401 4759; x_wconf 84' lang='lat' dir='ltr'><strong>distinguitur.</strong></span> <span class='ocrx_word' id='word_1_350' title='bbox 425 4689 473 4746; x_wconf 84' lang='lat' dir='ltr'><strong>Est</strong></span> <span class='ocrx_word' id='word_1_351' title='bbox 499 4688 572 4744; x_wconf 91' lang='lat' dir='ltr'><strong>enim</strong></span> <span class='ocrx_word' id='word_1_352' title='bbox 595 4689 649 4745; x_wconf 90' lang='lat' dir='ltr'><strong>alia</strong></span> <span class='ocrx_word' id='word_1_353' title='bbox 680 4695 843 4763; x_wconf 89' lang='lat' dir='ltr'><strong>sanguinea,</strong></span> <span class='ocrx_word' id='word_1_354' title='bbox 859 4690 913 4745; x_wconf 88' lang='lat' dir='ltr'><strong>ulia</strong></span> 
     </span>
     <span class='ocr_line' id='line_1_53' title="bbox 113 4775 911 4851; baseline 0.003 -20"><span class='ocrx_word' id='word_1_355' title='bbox 113 4790 259 4848; x_wconf 90' lang='lat' dir='ltr'><strong>purpurea,</strong></span> <span class='ocrx_word' id='word_1_356' title='bbox 288 4775 341 4831; x_wconf 89' lang='lat' dir='ltr'><strong>alia</strong></span> <span class='ocrx_word' id='word_1_357' title='bbox 366 4777 462 4834; x_wconf 89' lang='lat' dir='ltr'><strong>lactea.</strong></span> <span class='ocrx_word' id='word_1_358' title='bbox 492 4778 658 4850; x_wconf 88' lang='lat' dir='ltr'><strong>Sanguinea,</strong></span> <span class='ocrx_word' id='word_1_359' title='bbox 679 4778 706 4834; x_wconf 95' lang='lat' dir='ltr'><strong>in</strong></span> <span class='ocrx_word' id='word_1_360' title='bbox 736 4779 911 4851; x_wconf 77' lang='lat' dir='ltr'><strong>martyribus,</strong></span> 
     </span>
     <span class='ocr_line' id='line_1_54' title="bbox 113 4864 912 4940; baseline 0.003 -19"><span class='ocrx_word' id='word_1_361' title='bbox 113 4864 178 4939; x_wconf 87' lang='lat' dir='ltr'><strong>quia</strong></span> <span class='ocrx_word' id='word_1_362' title='bbox 192 4864 219 4924; x_wconf 92' lang='lat' dir='ltr'><strong>iu</strong></span> <span class='ocrx_word' id='word_1_363' title='bbox 232 4864 365 4938; x_wconf 89' lang='lat' dir='ltr'><strong>sanguine</strong></span> <span class='ocrx_word' id='word_1_364' title='bbox 376 4866 446 4940; x_wconf 79' lang='lat' dir='ltr'><strong>dgni</strong></span> <span class='ocrx_word' id='word_1_365' title='bbox 460 4880 569 4921; x_wconf 86' lang='lat' dir='ltr'><strong>suorum</strong></span> <span class='ocrx_word' id='word_1_366' title='bbox 593 4880 739 4933; x_wconf 90' lang='lat' dir='ltr'><strong>corporum</strong></span> <span class='ocrx_word' id='word_1_367' title='bbox 754 4867 912 4923; x_wconf 90' lang='lat' dir='ltr'><strong>indumenta</strong></span> 
     </span>
     <span class='ocr_line' id='line_1_55' title="bbox 114 4953 913 5028; baseline 0.003 -19"><span class='ocrx_word' id='word_1_368' title='bbox 114 4953 249 5020; x_wconf 89' lang='lat' dir='ltr'><strong>laverunt,</strong></span> <span class='ocrx_word' id='word_1_369' title='bbox 265 4962 292 5008; x_wconf 90' lang='lat' dir='ltr'><strong>et</strong></span> <span class='ocrx_word' id='word_1_370' title='bbox 306 4969 354 5028; x_wconf 91' lang='lat' dir='ltr'><strong>per</strong></span> <span class='ocrx_word' id='word_1_371' title='bbox 364 4953 415 5010; x_wconf 92' lang='lat' dir='ltr'><strong>iter</strong></span> <span class='ocrx_word' id='word_1_372' title='bbox 431 4953 564 5025; x_wconf 84' lang='lat' dir='ltr'><strong>martyrii,</strong></span> <span class='ocrx_word' id='word_1_373' title='bbox 581 4955 750 5024; x_wconf 88' lang='lat' dir='ltr'><strong>triumphalis</strong></span> <span class='ocrx_word' id='word_1_374' title='bbox 763 4955 913 5012; x_wconf 87' lang='lat' dir='ltr'><strong>altitudinis</strong></span> 
     </span>
     <span class='ocr_line' id='line_1_56' title="bbox 114 5042 912 5117; baseline 0.001 -18"><span class='ocrx_word' id='word_1_375' title='bbox 114 5043 213 5101; x_wconf 90' lang='lat' dir='ltr'><strong>solium</strong></span> <span class='ocrx_word' id='word_1_376' title='bbox 234 5042 390 5117; x_wconf 88' lang='lat' dir='ltr'><strong>attigerunt.</strong></span> <span class='ocrx_word' id='word_1_377' title='bbox 417 5045 559 5114; x_wconf 87' lang='lat' dir='ltr'><strong>Purpurea</strong></span> <span class='ocrx_word' id='word_1_378' title='bbox 583 5052 624 5099; x_wconf 91' lang='grc' dir='ltr'><strong>εει</strong></span> <span class='ocrx_word' id='word_1_379' title='bbox 643 5042 673 5099; x_wconf 86' lang='grc'><strong>111</strong></span> <span class='ocrx_word' id='word_1_380' title='bbox 697 5043 912 5113; x_wconf 75' lang='lat' dir='ltr'><strong>confessoribus,</strong></span> 
     </span>
     <span class='ocr_line' id='line_1_57' title="bbox 114 5131 914 5205; baseline 0.003 -20"><span class='ocrx_word' id='word_1_381' title='bbox 114 5131 203 5202; x_wconf 89' lang='lat' dir='ltr'><strong>quiin</strong></span> <span class='ocrx_word' id='word_1_382' title='bbox 227 5147 275 5186; x_wconf 92' lang='lat' dir='ltr'><strong>sua</strong></span> <span class='ocrx_word' id='word_1_383' title='bbox 296 5147 377 5186; x_wconf 90' lang='lat' dir='ltr'><strong>carne</strong></span> <span class='ocrx_word' id='word_1_384' title='bbox 395 5131 510 5205; x_wconf 80' lang='lat' dir='ltr'><strong>uestigia</strong></span> <span class='ocrx_word' id='word_1_385' title='bbox 534 5131 681 5188; x_wconf 80' lang='lat' dir='ltr'><strong>Dominicae</strong></span> <span class='ocrx_word' id='word_1_386' title='bbox 702 5131 837 5203; x_wconf 90' lang='lat' dir='ltr'><strong>passionis</strong></span> <span class='ocrx_word' id='word_1_387' title='bbox 863 5148 914 5203; x_wconf 91' lang='lat' dir='ltr'><strong>per</strong></span> 
     </span>
     <span class='ocr_line' id='line_1_58' title="bbox 115 5220 914 5292; baseline 0.005 -19"><span class='ocrx_word' id='word_1_388' title='bbox 115 5221 305 5276; x_wconf 89' lang='lat' dir='ltr'><strong>abstinentiam</strong></span> <span class='ocrx_word' id='word_1_389' title='bbox 330 5229 529 5292; x_wconf 84' lang='lat' dir='ltr'><strong>expresserunt,</strong></span> <span class='ocrx_word' id='word_1_390' title='bbox 556 5230 583 5278; x_wconf 90' lang='lat' dir='ltr'><strong>ct</strong></span> <span class='ocrx_word' id='word_1_391' title='bbox 607 5222 634 5275; x_wconf 92' lang='lat' dir='ltr'><strong>in</strong></span> <span class='ocrx_word' id='word_1_392' title='bbox 666 5222 724 5278; x_wconf 89' lang='lat' dir='ltr'><strong>suis</strong></span> <span class='ocrx_word' id='word_1_393' title='bbox 754 5220 914 5292; x_wconf 80' lang='lat' dir='ltr'><strong>corporibus</strong></span> 
     </span>
     <span class='ocr_line' id='line_1_59' title="bbox 116 5308 914 5386; baseline 0.004 -25"><span class='ocrx_word' id='word_1_394' title='bbox 116 5308 257 5364; x_wconf 80' lang='lat' dir='ltr'><strong>vulnerum</strong></span> <span class='ocrx_word' id='word_1_395' title='bbox 282 5310 384 5365; x_wconf 88' lang='lat' dir='ltr'><strong>Christi</strong></span> <span class='ocrx_word' id='word_1_396' title='bbox 401 5310 525 5386; x_wconf 88' lang='lat' dir='ltr'><strong>stigmata</strong></span> <span class='ocrx_word' id='word_1_397' title='bbox 547 5320 732 5382; x_wconf 83' lang='lat' dir='ltr'><strong>portaverunt.</strong></span> <span class='ocrx_word' id='word_1_398' title='bbox 765 5311 864 5367; x_wconf 78' lang='lat' dir='ltr'><strong>lactea</strong></span> <span class='ocrx_word' id='word_1_399' title='bbox 886 5309 914 5364; x_wconf 94' lang='lat' dir='ltr'><strong>in</strong></span> 
     </span>
     <span class='ocr_line' id='line_1_60' title="bbox 116 5391 913 5477; baseline 0.009 -31"><span class='ocrx_word' id='word_1_400' title='bbox 116 5391 276 5466; x_wconf 85' lang='lat' dir='ltr'><strong>virginibus,</strong></span> <span class='ocrx_word' id='word_1_401' title='bbox 287 5414 348 5471; x_wconf 78' lang='lat' dir='ltr'><strong>que</strong></span> <span class='ocrx_word' id='word_1_402' title='bbox 365 5399 393 5455; x_wconf 93' lang='lat' dir='ltr'><strong>in</strong></span> <span class='ocrx_word' id='word_1_403' title='bbox 410 5416 440 5456; x_wconf 88' lang='lat' dir='ltr'><strong>sc</strong></span> <span class='ocrx_word' id='word_1_404' title='bbox 459 5401 526 5471; x_wconf 91' lang='lat' dir='ltr'><strong>ipsis</strong></span> <span class='ocrx_word' id='word_1_405' title='bbox 539 5400 662 5473; x_wconf 91' lang='lat' dir='ltr'><strong>puritatis</strong></span> <span class='ocrx_word' id='word_1_406' title='bbox 674 5401 802 5477; x_wconf 76' lang='lat' dir='ltr'><strong>angelicae</strong></span> <span class='ocrx_word' id='word_1_407' title='bbox 816 5398 913 5458; x_wconf 91' lang='lat' dir='ltr'><strong>caudi-</strong></span> 
     </span>
     <span class='ocr_line' id='line_1_61' title="bbox 113 5481 913 5562; baseline 0.01 -25"><span class='ocrx_word' id='word_1_408' title='bbox 113 5481 206 5538; x_wconf 87' lang='lat' dir='ltr'><strong>datum</strong></span> <span class='ocrx_word' id='word_1_409' title='bbox 228 5492 255 5539; x_wconf 91' lang='lat' dir='ltr'><strong>et</strong></span> <span class='ocrx_word' id='word_1_410' title='bbox 278 5486 391 5544; x_wconf 84' lang='lat' dir='ltr'><strong>virtutes</strong></span> <span class='ocrx_word' id='word_1_411' title='bbox 408 5489 590 5547; x_wconf 75' lang='lat' dir='ltr'><strong>sanctimonie</strong></span> <span class='ocrx_word' id='word_1_412' title='bbox 615 5496 857 5562; x_wconf 85' lang='lat' dir='ltr'><strong>consecraverunt,</strong></span> <span class='ocrx_word' id='word_1_413' title='bbox 884 5498 913 5545; x_wconf 90' lang='lat' dir='ltr'><strong>et</strong></span> 
     </span>
    </p>
   </div>
   <div class='ocr_carea' id='block_1_21' title="bbox 947 499 1755 1649">
    <p class='ocr_par' dir='ltr' id='par_1_21' title="bbox 947 499 1746 848">
     <span class='ocr_line' id='line_1_62' title="bbox 984 499 1745 575; baseline 0.003 -19"><span class='ocrx_word' id='word_1_414' title='bbox 984 504 1027 559; x_wconf 86' lang='grc'><strong>19.</strong></span> <span class='ocrx_word' id='word_1_415' title='bbox 1044 502 1118 559; x_wconf 86' lang='lat' dir='ltr'><strong>blors</strong></span> <span class='ocrx_word' id='word_1_416' title='bbox 1131 502 1237 568; x_wconf 86' lang='lat' dir='ltr'><strong>animae,</strong></span> <span class='ocrx_word' id='word_1_417' title='bbox 1253 500 1354 558; x_wconf 86' lang='lat' dir='ltr'><strong>oblivio</strong></span> <span class='ocrx_word' id='word_1_418' title='bbox 1367 519 1374 557; x_wconf 91' lang='lat'>:</span> <span class='ocrx_word' id='word_1_419' title='bbox 1387 501 1420 557; x_wconf 93' lang='lat' dir='ltr'><strong>de</strong></span> <span class='ocrx_word' id='word_1_420' title='bbox 1430 516 1483 575; x_wconf 89' lang='lat' dir='ltr'><strong>qua</strong></span> <span class='ocrx_word' id='word_1_421' title='bbox 1498 509 1590 557; x_wconf 88' lang='lat' dir='ltr'><strong>morte</strong></span> <span class='ocrx_word' id='word_1_422' title='bbox 1609 499 1745 558; x_wconf 78' lang='lat' dir='ltr'><strong>suscitatur</strong></span> 
     </span>
     <span class='ocr_line' id='line_1_63' title="bbox 947 587 1746 662; baseline 0.001 -17"><span class='ocrx_word' id='word_1_423' title='bbox 947 590 1001 646; x_wconf 91' lang='lat' dir='ltr'><strong>boc</strong></span> <span class='ocrx_word' id='word_1_424' title='bbox 1014 589 1107 648; x_wconf 90' lang='lat' dir='ltr'><strong>modo.</strong></span> <span class='ocrx_word' id='word_1_425' title='bbox 1123 591 1173 648; x_wconf 89' lang='lat' dir='ltr'><strong>Per</strong></span> <span class='ocrx_word' id='word_1_426' title='bbox 1193 590 1350 645; x_wconf 85' lang='lat' dir='ltr'><strong>memoriam</strong></span> <span class='ocrx_word' id='word_1_427' title='bbox 1374 589 1467 659; x_wconf 86' lang='lat' dir='ltr'><strong>sentit,</strong></span> <span class='ocrx_word' id='word_1_428' title='bbox 1490 604 1542 662; x_wconf 90' lang='lat' dir='ltr'><strong>per</strong></span> <span class='ocrx_word' id='word_1_429' title='bbox 1566 587 1746 646; x_wconf 82' lang='lat' dir='ltr'><strong>obedientiam</strong></span> 
     </span>
     <span class='ocr_line' id='line_1_64' title="bbox 947 685 1746 759; baseline 0 -17"><span class='ocrx_word' id='word_1_430' title='bbox 947 687 1030 754; x_wconf 89' lang='lat' dir='ltr'><strong>audit,</strong></span> <span class='ocrx_word' id='word_1_431' title='bbox 1045 703 1094 757; x_wconf 90' lang='lat' dir='ltr'><strong>per</strong></span> <span class='ocrx_word' id='word_1_432' title='bbox 1108 687 1314 759; x_wconf 87' lang='lat' dir='ltr'><strong>intelligentiam</strong></span> <span class='ocrx_word' id='word_1_433' title='bbox 1338 686 1424 752; x_wconf 86' lang='lat' dir='ltr'><strong>videt,</strong></span> <span class='ocrx_word' id='word_1_434' title='bbox 1447 702 1498 757; x_wconf 91' lang='lat' dir='ltr'><strong>per</strong></span> <span class='ocrx_word' id='word_1_435' title='bbox 1522 685 1746 757; x_wconf 83' lang='lat' dir='ltr'><strong>circumspectio-</strong></span> 
     </span>
     <span class='ocr_line' id='line_1_65' title="bbox 947 773 1529 848; baseline -0.005 -17"><span class='ocrx_word' id='word_1_436' title='bbox 947 791 1011 831; x_wconf 84' lang='lat' dir='ltr'><strong>nem</strong></span> <span class='ocrx_word' id='word_1_437' title='bbox 1025 773 1126 838; x_wconf 79' lang='lat' dir='ltr'><strong>olfacit,</strong></span> <span class='ocrx_word' id='word_1_438' title='bbox 1142 781 1169 830; x_wconf 94' lang='lat' dir='ltr'><strong>et</strong></span> <span class='ocrx_word' id='word_1_439' title='bbox 1183 782 1273 848; x_wconf 90' lang='lat' dir='ltr'><strong>gustat</strong></span> <span class='ocrx_word' id='word_1_440' title='bbox 1286 790 1336 847; x_wconf 89' lang='lat' dir='ltr'><strong>per</strong></span> <span class='ocrx_word' id='word_1_441' title='bbox 1349 773 1529 832; x_wconf 92' lang='lat' dir='ltr'><strong>dilectionem.</strong></span> 
     </span>
    </p>

    <p class='ocr_par' dir='ltr' id='par_1_22' title="bbox 947 862 1755 1649">
     <span class='ocr_line' id='line_1_66' title="bbox 982 862 1745 938; baseline 0.001 -18"><span class='ocrx_word' id='word_1_442' title='bbox 982 867 1026 920; x_wconf 83' lang='lat'><strong>20.</strong></span> <span class='ocrx_word' id='word_1_443' title='bbox 1054 863 1156 933; x_wconf 90' lang='lat' dir='ltr'><strong>Quatcr</strong></span> <span class='ocrx_word' id='word_1_444' title='bbox 1191 875 1255 921; x_wconf 91' lang='lat' dir='ltr'><strong>sunt</strong></span> <span class='ocrx_word' id='word_1_445' title='bbox 1291 879 1392 938; x_wconf 87' lang='lat' dir='ltr'><strong>genera</strong></span> <span class='ocrx_word' id='word_1_446' title='bbox 1426 863 1574 921; x_wconf 83' lang='lat' dir='ltr'><strong>uoluntatis</strong></span> <span class='ocrx_word' id='word_1_447' title='bbox 1614 862 1745 921; x_wconf 78' lang='lat' dir='ltr'><strong>humane.</strong></span> 
     </span>
     <span class='ocr_line' id='line_1_67' title="bbox 947 952 1746 1026; baseline -0.001 -17"><span class='ocrx_word' id='word_1_448' title='bbox 947 952 1032 1022; x_wconf 86' lang='lat' dir='ltr'><strong>Sicca,</strong></span> <span class='ocrx_word' id='word_1_449' title='bbox 1055 952 1083 1008; x_wconf 93' lang='lat' dir='ltr'><strong>in</strong></span> <span class='ocrx_word' id='word_1_450' title='bbox 1101 952 1224 1025; x_wconf 83' lang='lat' dir='ltr'><strong>reprobis</strong></span> <span class='ocrx_word' id='word_1_451' title='bbox 1238 963 1266 1010; x_wconf 91' lang='lat' dir='ltr'><strong>et</strong></span> <span class='ocrx_word' id='word_1_452' title='bbox 1286 953 1411 1025; x_wconf 89' lang='lat' dir='ltr'><strong>terrenis,</strong></span> <span class='ocrx_word' id='word_1_453' title='bbox 1434 967 1550 1026; x_wconf 88' lang='lat' dir='ltr'><strong>quorum</strong></span> <span class='ocrx_word' id='word_1_454' title='bbox 1576 952 1664 1008; x_wconf 61' lang='lat' dir='ltr'><strong>eor&amp;</strong></span> <span class='ocrx_word' id='word_1_455' title='bbox 1677 953 1746 1008; x_wconf 82' lang='lat' dir='ltr'><strong>nubo</strong></span> 
     </span>
     <span class='ocr_line' id='line_1_68' title="bbox 948 1039 1745 1115; baseline 0.001 -18"><span class='ocrx_word' id='word_1_456' title='bbox 948 1056 1008 1098; x_wconf 89' lang='lat' dir='ltr'><strong>rore</strong></span> <span class='ocrx_word' id='word_1_457' title='bbox 1025 1043 1119 1115; x_wconf 78' lang='lat' dir='ltr'><strong>gratia</strong></span> <span class='ocrx_word' id='word_1_458' title='bbox 1138 1040 1349 1115; x_wconf 82' lang='lat' dir='ltr'><strong>perfunduntur.</strong></span> <span class='ocrx_word' id='word_1_459' title='bbox 1373 1042 1466 1107; x_wconf 73' lang='lat' dir='ltr'><strong>Recta</strong></span> <span class='ocrx_word' id='word_1_460' title='bbox 1494 1048 1523 1097; x_wconf 88' lang='lat' dir='ltr'><strong>et</strong></span> <span class='ocrx_word' id='word_1_461' title='bbox 1541 1039 1745 1110; x_wconf 84' lang='lat' dir='ltr'><strong>inchoantibus,</strong></span> 
     </span>
     <span class='ocr_line' id='line_1_69' title="bbox 948 1129 1749 1203; baseline -0.002 -17"><span class='ocrx_word' id='word_1_462' title='bbox 948 1130 994 1202; x_wconf 88' lang='lat' dir='ltr'><strong>qui</strong></span> <span class='ocrx_word' id='word_1_463' title='bbox 1008 1130 1070 1186; x_wconf 83' lang='lat' dir='ltr'><strong>ritae</strong></span> <span class='ocrx_word' id='word_1_464' title='bbox 1089 1130 1213 1203; x_wconf 85' lang='lat' dir='ltr'><strong>pristiuae</strong></span> <span class='ocrx_word' id='word_1_465' title='bbox 1228 1129 1413 1186; x_wconf 84' lang='lat' dir='ltr'><strong>tortitudinem</strong></span> <span class='ocrx_word' id='word_1_466' title='bbox 1422 1131 1624 1201; x_wconf 86' lang='lat' dir='ltr'><strong>relinquentes,</strong></span> <span class='ocrx_word' id='word_1_467' title='bbox 1642 1129 1676 1185; x_wconf 90' lang='lat' dir='ltr'><strong>ad</strong></span> <span class='ocrx_word' id='word_1_468' title='bbox 1690 1130 1749 1186; x_wconf 92' lang='lat' dir='ltr'><strong>boui</strong></span> 
     </span>
     <span class='ocr_line' id='line_1_70' title="bbox 948 1218 1750 1291; baseline 0 -17"><span class='ocrx_word' id='word_1_469' title='bbox 948 1220 1041 1291; x_wconf 93' lang='lat' dir='ltr'><strong>operis</strong></span> <span class='ocrx_word' id='word_1_470' title='bbox 1050 1219 1239 1276; x_wconf 89' lang='lat' dir='ltr'><strong>rectitudinem</strong></span> <span class='ocrx_word' id='word_1_471' title='bbox 1262 1221 1411 1277; x_wconf 90' lang='lat' dir='ltr'><strong>mutatione</strong></span> <span class='ocrx_word' id='word_1_472' title='bbox 1429 1218 1578 1277; x_wconf 84' lang='lat' dir='ltr'><strong>voluntatis</strong></span> <span class='ocrx_word' id='word_1_473' title='bbox 1592 1227 1750 1291; x_wconf 84' lang='lat' dir='ltr'><strong>assurgunt.</strong></span> 
     </span>
     <span class='ocr_line' id='line_1_71' title="bbox 947 1307 1753 1380; baseline 0.001 -18"><span class='ocrx_word' id='word_1_474' title='bbox 947 1308 1059 1379; x_wconf 83' lang='lat' dir='ltr'><strong>Deuota,</strong></span> <span class='ocrx_word' id='word_1_475' title='bbox 1076 1309 1104 1365; x_wconf 92' lang='lat' dir='ltr'><strong>in</strong></span> <span class='ocrx_word' id='word_1_476' title='bbox 1126 1308 1340 1378; x_wconf 89' lang='lat' dir='ltr'><strong>proficientibus,</strong></span> <span class='ocrx_word' id='word_1_477' title='bbox 1356 1308 1402 1380; x_wconf 88' lang='lat' dir='ltr'><strong>qui</strong></span> <span class='ocrx_word' id='word_1_478' title='bbox 1416 1325 1468 1364; x_wconf 90' lang='lat' dir='ltr'><strong>usu</strong></span> <span class='ocrx_word' id='word_1_479' title='bbox 1482 1307 1620 1364; x_wconf 86' lang='lat' dir='ltr'><strong>orationis</strong></span> <span class='ocrx_word' id='word_1_480' title='bbox 1642 1309 1753 1363; x_wconf 80' lang='lat' dir='ltr'><strong>assiduae</strong></span> 
     </span>
     <span class='ocr_line' id='line_1_72' title="bbox 949 1396 1755 1471; baseline -0.002 -19"><span class='ocrx_word' id='word_1_481' title='bbox 949 1397 976 1454; x_wconf 94' lang='lat' dir='ltr'><strong>in</strong></span> <span class='ocrx_word' id='word_1_482' title='bbox 992 1413 1110 1454; x_wconf 89' lang='lat' dir='ltr'><strong>amorem</strong></span> <span class='ocrx_word' id='word_1_483' title='bbox 1122 1398 1190 1454; x_wconf 89' lang='lat' dir='ltr'><strong>bene</strong></span> <span class='ocrx_word' id='word_1_484' title='bbox 1204 1398 1304 1471; x_wconf 88' lang='lat' dir='ltr'><strong>agendi</strong></span> <span class='ocrx_word' id='word_1_485' title='bbox 1324 1397 1432 1455; x_wconf 86' lang='lat' dir='ltr'><strong>coelitus</strong></span> <span class='ocrx_word' id='word_1_486' title='bbox 1446 1397 1604 1466; x_wconf 79' lang='lat' dir='ltr'><strong>eriguntur.</strong></span> <span class='ocrx_word' id='word_1_487' title='bbox 1620 1397 1714 1470; x_wconf 76' lang='grc' dir='ltr'>Βεειε,</span> <span class='ocrx_word' id='word_1_488' title='bbox 1730 1396 1755 1451; x_wconf 85' lang='grc'><strong>111</strong></span> 
     </span>
     <span class='ocr_line' id='line_1_73' title="bbox 949 1483 1754 1560; baseline -0.009 -16"><span class='ocrx_word' id='word_1_489' title='bbox 949 1487 1151 1556; x_wconf 89' lang='lat' dir='ltr'><strong>consummatis,</strong></span> <span class='ocrx_word' id='word_1_490' title='bbox 1176 1487 1222 1560; x_wconf 89' lang='lat' dir='ltr'><strong>qui</strong></span> <span class='ocrx_word' id='word_1_491' title='bbox 1237 1503 1305 1557; x_wconf 90' lang='lat' dir='ltr'><strong>pene</strong></span> <span class='ocrx_word' id='word_1_492' title='bbox 1329 1485 1393 1542; x_wconf 91' lang='lat' dir='ltr'><strong>nihil</strong></span> <span class='ocrx_word' id='word_1_493' title='bbox 1417 1485 1491 1541; x_wconf 91' lang='lat' dir='ltr'><strong>aliud</strong></span> <span class='ocrx_word' id='word_1_494' title='bbox 1503 1483 1557 1539; x_wconf 91' lang='lat' dir='ltr'><strong>nisi</strong></span> <span class='ocrx_word' id='word_1_495' title='bbox 1572 1485 1667 1540; x_wconf 65' lang='lat' dir='ltr'><strong>mum</strong></span> <span class='ocrx_word' id='word_1_496' title='bbox 1681 1485 1754 1556; x_wconf 87' lang='lat' dir='ltr'><strong>cogi-</strong></span> 
     </span>
     <span class='ocr_line' id='line_1_74' title="bbox 955 1572 1755 1649; baseline -0.004 -18"><span class='ocrx_word' id='word_1_497' title='bbox 955 1584 1051 1642; x_wconf 89' lang='lat' dir='ltr'><strong>tantes,</strong></span> <span class='ocrx_word' id='word_1_498' title='bbox 1067 1575 1094 1630; x_wconf 95' lang='lat' dir='ltr'><strong>in</strong></span> <span class='ocrx_word' id='word_1_499' title='bbox 1116 1575 1177 1649; x_wconf 92' lang='lat' dir='ltr'><strong>ipso</strong></span> <span class='ocrx_word' id='word_1_500' title='bbox 1200 1576 1283 1633; x_wconf 90' lang='lat' dir='ltr'><strong>totius</strong></span> <span class='ocrx_word' id='word_1_501' title='bbox 1301 1573 1430 1632; x_wconf 90' lang='lat' dir='ltr'><strong>desiderii</strong></span> <span class='ocrx_word' id='word_1_502' title='bbox 1443 1573 1486 1629; x_wconf 93' lang='lat' dir='ltr'><strong>sui</strong></span> <span class='ocrx_word' id='word_1_503' title='bbox 1504 1572 1589 1629; x_wconf 87' lang='lat' dir='ltr'><strong>tinem</strong></span> <span class='ocrx_word' id='word_1_504' title='bbox 1615 1580 1755 1645; x_wconf 81' lang='lat' dir='ltr'><strong>reponunt</strong></span> 
     </span>
    </p>
   </div>
   <div class='ocr_carea' id='block_1_22' title="bbox 912 1641 1752 1734">
    <p class='ocr_par' dir='ltr' id='par_1_23' title="bbox 912 1641 1752 1734">
     <span class='ocr_line' id='line_1_75' title="bbox 912 1641 1752 1734; baseline -0.006 -15"><span class='ocrx_word' id='word_1_505' title='bbox 912 1641 1019 1720; x_wconf 78' lang='lat' dir='ltr'><strong>Blrrter</strong></span> <span class='ocrx_word' id='word_1_506' title='bbox 1039 1665 1136 1721; x_wconf 85' lang='lat' dir='ltr'><strong>siccam</strong></span> <span class='ocrx_word' id='word_1_507' title='bbox 1155 1674 1182 1719; x_wconf 92' lang='grc' dir='ltr'>ει</span> <span class='ocrx_word' id='word_1_508' title='bbox 1203 1675 1303 1720; x_wconf 90' lang='lat' dir='ltr'><strong>rectam</strong></span> <span class='ocrx_word' id='word_1_509' title='bbox 1324 1663 1487 1720; x_wconf 84' lang='lat' dir='ltr'><strong>voluntatem</strong></span> <span class='ocrx_word' id='word_1_510' title='bbox 1512 1661 1600 1718; x_wconf 88' lang='lat' dir='ltr'><strong>chaos</strong></span> <span class='ocrx_word' id='word_1_511' title='bbox 1620 1662 1752 1734; x_wconf 73' lang='lat' dir='ltr'><strong>quodda-</strong></span> 
     </span>
    </p>
   </div>
   <div class='ocr_carea' id='block_1_23' title="bbox 950 1751 1757 1826">
    <p class='ocr_par' dir='ltr' id='par_1_24' title="bbox 950 1751 1757 1826">
     <span class='ocr_line' id='line_1_76' title="bbox 950 1751 1757 1826; baseline -0.005 -17"><span class='ocrx_word' id='word_1_512' title='bbox 950 1752 1086 1809; x_wconf 86' lang='lat' dir='ltr'><strong>firmatum</strong></span> <span class='ocrx_word' id='word_1_513' title='bbox 1100 1762 1150 1820; x_wconf 88' lang='lat' dir='ltr'><strong>est,</strong></span> <span class='ocrx_word' id='word_1_514' title='bbox 1176 1762 1206 1809; x_wconf 93' lang='lat' dir='ltr'><strong>ut</strong></span> <span class='ocrx_word' id='word_1_515' title='bbox 1220 1752 1266 1826; x_wconf 89' lang='lat' dir='ltr'><strong>qui</strong></span> <span class='ocrx_word' id='word_1_516' title='bbox 1291 1751 1409 1810; x_wconf 86' lang='lat' dir='ltr'><strong>voluerit</strong></span> <span class='ocrx_word' id='word_1_517' title='bbox 1427 1751 1554 1817; x_wconf 88' lang='lat' dir='ltr'><strong>transire,</strong></span> <span class='ocrx_word' id='word_1_518' title='bbox 1580 1764 1640 1807; x_wconf 91' lang='lat' dir='ltr'><strong>non</strong></span> <span class='ocrx_word' id='word_1_519' title='bbox 1663 1751 1757 1823; x_wconf 83' lang='lat' dir='ltr'><strong>pessit,</strong></span> 
     </span>
    </p>
   </div>
   <div class='ocr_carea' id='block_1_24' title="bbox 950 1840 1757 2002">
    <p class='ocr_par' dir='ltr' id='par_1_25' title="bbox 950 1840 1757 2002">
     <span class='ocr_line' id='line_1_77' title="bbox 950 1840 1757 1932; baseline -0.007 -34"><span class='ocrx_word' id='word_1_520' title='bbox 950 1858 1077 1915; x_wconf 88' lang='lat' dir='ltr'><strong>perversa</strong></span> <span class='ocrx_word' id='word_1_521' title='bbox 1089 1841 1195 1898; x_wconf 89' lang='lat' dir='ltr'><strong>scilicet</strong></span> <span class='ocrx_word' id='word_1_522' title='bbox 1216 1841 1341 1898; x_wconf 88' lang='lat' dir='ltr'><strong>intentio.</strong></span> <span class='ocrx_word' id='word_1_523' title='bbox 1365 1842 1440 1896; x_wconf 86' lang='lat' dir='ltr'><strong>Inter</strong></span> <span class='ocrx_word' id='word_1_524' title='bbox 1458 1847 1559 1895; x_wconf 88' lang='lat' dir='ltr'><strong>rectam</strong></span> <span class='ocrx_word' id='word_1_525' title='bbox 1570 1847 1601 1896; x_wconf 90' lang='lat' dir='ltr'><strong>et</strong></span> <span class='ocrx_word' id='word_1_526' title='bbox 1616 1840 1757 1932; x_wconf 56' lang='lat' dir='ltr'><strong>deuotgm,</strong></span> 
     </span>
     <span class='ocr_line' id='line_1_78' title="bbox 951 1928 1755 2002; baseline 0 -16"><span class='ocrx_word' id='word_1_527' title='bbox 951 1930 1044 1986; x_wconf 88' lang='lat' dir='ltr'><strong>inolita</strong></span> <span class='ocrx_word' id='word_1_528' title='bbox 1058 1931 1237 1988; x_wconf 88' lang='lat' dir='ltr'><strong>consuetudo.</strong></span> <span class='ocrx_word' id='word_1_529' title='bbox 1253 1931 1324 1985; x_wconf 90' lang='lat' dir='ltr'><strong>luter</strong></span> <span class='ocrx_word' id='word_1_530' title='bbox 1336 1928 1459 1986; x_wconf 84' lang='lat' dir='ltr'><strong>devotam</strong></span> <span class='ocrx_word' id='word_1_531' title='bbox 1474 1935 1501 1983; x_wconf 91' lang='lat' dir='ltr'><strong>et</strong></span> <span class='ocrx_word' id='word_1_532' title='bbox 1520 1928 1646 1999; x_wconf 82' lang='lat' dir='ltr'><strong>beatam,</strong></span> <span class='ocrx_word' id='word_1_533' title='bbox 1659 1944 1755 2002; x_wconf 86' lang='lat' dir='ltr'><strong>corpo·</strong></span> 
     </span>
    </p>
   </div>
   <div class='ocr_carea' id='block_1_25' title="bbox 953 2014 1769 4221">
    <p class='ocr_par' dir='ltr' id='par_1_26' title="bbox 953 2014 1757 2266">
     <span class='ocr_line' id='line_1_79' title="bbox 953 2014 1756 2090; baseline -0.005 -16"><span class='ocrx_word' id='word_1_534' title='bbox 953 2019 1019 2074; x_wconf 88' lang='lat' dir='ltr'><strong>ralis</strong></span> <span class='ocrx_word' id='word_1_535' title='bbox 1037 2018 1183 2075; x_wconf 77' lang='lat' dir='ltr'><strong>affectatio.</strong></span> <span class='ocrx_word' id='word_1_536' title='bbox 1198 2016 1265 2086; x_wconf 89' lang='lat' dir='ltr'><strong>Quae</strong></span> <span class='ocrx_word' id='word_1_537' title='bbox 1285 2018 1336 2073; x_wconf 91' lang='lat' dir='ltr'><strong>tria</strong></span> <span class='ocrx_word' id='word_1_538' title='bbox 1350 2017 1428 2089; x_wconf 91' lang='lat' dir='ltr'><strong>quasi</strong></span> <span class='ocrx_word' id='word_1_539' title='bbox 1443 2014 1552 2088; x_wconf 90' lang='lat' dir='ltr'><strong>quidam</strong></span> <span class='ocrx_word' id='word_1_540' title='bbox 1568 2016 1680 2090; x_wconf 89' lang='lat' dir='ltr'><strong>lapides</strong></span> <span class='ocrx_word' id='word_1_541' title='bbox 1694 2017 1756 2073; x_wconf 90' lang='lat' dir='ltr'><strong>dum</strong></span> 
     </span>
     <span class='ocr_line' id='line_1_80' title="bbox 953 2104 1757 2179; baseline -0.004 -16"><span class='ocrx_word' id='word_1_542' title='bbox 953 2124 982 2163; x_wconf 89' lang='lat' dir='ltr'><strong>rn</strong></span> <span class='ocrx_word' id='word_1_543' title='bbox 997 2109 1042 2164; x_wconf 87' lang='lat' dir='ltr'><strong>via</strong></span> <span class='ocrx_word' id='word_1_544' title='bbox 1062 2108 1148 2163; x_wconf 92' lang='lat' dir='ltr'><strong>nostri</strong></span> <span class='ocrx_word' id='word_1_545' title='bbox 1167 2107 1257 2178; x_wconf 89' lang='lat' dir='ltr'><strong>operis</strong></span> <span class='ocrx_word' id='word_1_546' title='bbox 1276 2123 1306 2162; x_wconf 89' lang='lat' dir='ltr'><strong>se</strong></span> <span class='ocrx_word' id='word_1_547' title='bbox 1329 2113 1480 2179; x_wconf 90' lang='lat' dir='ltr'><strong>opponunt,</strong></span> <span class='ocrx_word' id='word_1_548' title='bbox 1504 2119 1540 2161; x_wconf 90' lang='lat' dir='ltr'><strong>ne</strong></span> <span class='ocrx_word' id='word_1_549' title='bbox 1561 2104 1600 2161; x_wconf 92' lang='lat' dir='ltr'><strong>de</strong></span> <span class='ocrx_word' id='word_1_550' title='bbox 1615 2105 1718 2163; x_wconf 78' lang='lat' dir='ltr'><strong>vidula</strong></span> <span class='ocrx_word' id='word_1_551' title='bbox 1731 2104 1757 2160; x_wconf 94' lang='lat' dir='ltr'><strong>in</strong></span> 
     </span>
     <span class='ocr_line' id='line_1_81' title="bbox 954 2194 1452 2266; baseline -0.018 -9"><span class='ocrx_word' id='word_1_552' title='bbox 954 2199 1079 2257; x_wconf 85' lang='lat' dir='ltr'><strong>virtutem</strong></span> <span class='ocrx_word' id='word_1_553' title='bbox 1088 2196 1276 2266; x_wconf 89' lang='lat' dir='ltr'><strong>ascendamus,</strong></span> <span class='ocrx_word' id='word_1_554' title='bbox 1290 2194 1452 2265; x_wconf 90' lang='lat' dir='ltr'><strong>impediunt.</strong></span> 
     </span>
    </p>

    <p class='ocr_par' dir='ltr' id='par_1_27' title="bbox 954 2281 1766 3691">
     <span class='ocr_line' id='line_1_82' title="bbox 990 2281 1758 2360; baseline -0.003 -19"><span class='ocrx_word' id='word_1_555' title='bbox 990 2289 1035 2343; x_wconf 76' lang='grc'><strong>21.</strong></span> <span class='ocrx_word' id='word_1_556' title='bbox 1050 2284 1136 2360; x_wconf 89' lang='lat' dir='ltr'><strong>Ligna</strong></span> <span class='ocrx_word' id='word_1_557' title='bbox 1150 2296 1213 2341; x_wconf 91' lang='lat' dir='ltr'><strong>sunt</strong></span> <span class='ocrx_word' id='word_1_558' title='bbox 1226 2300 1321 2340; x_wconf 90' lang='lat' dir='ltr'><strong>omnes</strong></span> <span class='ocrx_word' id='word_1_559' title='bbox 1333 2282 1412 2354; x_wconf 85' lang='lat' dir='ltr'><strong>justi,</strong></span> <span class='ocrx_word' id='word_1_560' title='bbox 1422 2281 1470 2354; x_wconf 89' lang='lat' dir='ltr'><strong>qui</strong></span> <span class='ocrx_word' id='word_1_561' title='bbox 1486 2282 1599 2351; x_wconf 86' lang='lat' dir='ltr'><strong>plantati</strong></span> <span class='ocrx_word' id='word_1_562' title='bbox 1614 2283 1645 2338; x_wconf 90' lang='lat' dir='ltr'><strong>in</strong></span> <span class='ocrx_word' id='word_1_563' title='bbox 1669 2285 1758 2340; x_wconf 88' lang='lat' dir='ltr'><strong>medio</strong></span> 
     </span>
     <span class='ocr_line' id='line_1_83' title="bbox 954 2370 1759 2446; baseline -0.004 -16"><span class='ocrx_word' id='word_1_564' title='bbox 954 2373 1078 2430; x_wconf 85' lang='lat' dir='ltr'><strong>Ecclesiae</strong></span> <span class='ocrx_word' id='word_1_565' title='bbox 1097 2373 1263 2444; x_wconf 88' lang='lat' dir='ltr'><strong>temporalis,</strong></span> <span class='ocrx_word' id='word_1_566' title='bbox 1282 2372 1371 2428; x_wconf 69' lang='lat' dir='ltr'><strong>heere</strong></span> <span class='ocrx_word' id='word_1_567' title='bbox 1389 2371 1488 2427; x_wconf 88' lang='lat' dir='ltr'><strong>debent</strong></span> <span class='ocrx_word' id='word_1_568' title='bbox 1500 2370 1609 2427; x_wconf 82' lang='lat' dir='ltr'><strong>fructus</strong></span> <span class='ocrx_word' id='word_1_569' title='bbox 1623 2373 1688 2429; x_wconf 76' lang='lat' dir='ltr'><strong>ritas</strong></span> <span class='ocrx_word' id='word_1_570' title='bbox 1714 2373 1759 2446; x_wconf 85' lang='lat' dir='ltr'><strong>qui</strong></span> 
     </span>
     <span class='ocr_line' id='line_1_84' title="bbox 956 2459 1760 2534; baseline -0.002 -16"><span class='ocrx_word' id='word_1_571' title='bbox 956 2469 1096 2521; x_wconf 90' lang='lat' dir='ltr'><strong>maneant.</strong></span> <span class='ocrx_word' id='word_1_572' title='bbox 1112 2462 1210 2519; x_wconf 86' lang='lat' dir='ltr'><strong>Videat</strong></span> <span class='ocrx_word' id='word_1_573' title='bbox 1224 2471 1316 2519; x_wconf 91' lang='lat' dir='ltr'><strong>autem</strong></span> <span class='ocrx_word' id='word_1_574' title='bbox 1328 2461 1447 2534; x_wconf 87' lang='lat' dir='ltr'><strong>quisque</strong></span> <span class='ocrx_word' id='word_1_575' title='bbox 1461 2467 1490 2515; x_wconf 93' lang='lat' dir='ltr'><strong>ut</strong></span> <span class='ocrx_word' id='word_1_576' title='bbox 1505 2459 1589 2534; x_wconf 90' lang='lat' dir='ltr'><strong>eligat</strong></span> <span class='ocrx_word' id='word_1_577' title='bbox 1598 2461 1654 2517; x_wconf 90' lang='lat' dir='ltr'><strong>sibi</strong></span> <span class='ocrx_word' id='word_1_578' title='bbox 1671 2462 1760 2519; x_wconf 88' lang='lat' dir='ltr'><strong>locum</strong></span> 
     </span>
     <span class='ocr_line' id='line_1_85' title="bbox 955 2548 1760 2625; baseline 0 -18"><span class='ocrx_word' id='word_1_579' title='bbox 955 2552 1102 2625; x_wconf 85' lang='lat' dir='ltr'><strong>irriguum,</strong></span> <span class='ocrx_word' id='word_1_580' title='bbox 1121 2551 1149 2607; x_wconf 92' lang='lat' dir='ltr'><strong>in</strong></span> <span class='ocrx_word' id='word_1_581' title='bbox 1174 2567 1228 2624; x_wconf 90' lang='lat' dir='ltr'><strong>quo</strong></span> <span class='ocrx_word' id='word_1_582' title='bbox 1256 2549 1422 2608; x_wconf 80' lang='lat' dir='ltr'><strong>fructificans</strong></span> <span class='ocrx_word' id='word_1_583' title='bbox 1446 2548 1566 2619; x_wconf 82' lang='lat' dir='ltr'><strong>proterat</strong></span> <span class='ocrx_word' id='word_1_584' title='bbox 1583 2551 1613 2604; x_wconf 91' lang='lat' dir='ltr'><strong>iu</strong></span> <span class='ocrx_word' id='word_1_585' title='bbox 1637 2559 1760 2621; x_wconf 88' lang='lat' dir='ltr'><strong>tempore</strong></span> 
     </span>
     <span class='ocr_line' id='line_1_86' title="bbox 957 2639 1761 2709; baseline -0.005 -11"><span class='ocrx_word' id='word_1_586' title='bbox 957 2658 1007 2698; x_wconf 90' lang='lat' dir='ltr'><strong>suo</strong></span> <span class='ocrx_word' id='word_1_587' title='bbox 1029 2641 1094 2697; x_wconf 80' lang='lat' dir='ltr'><strong>vitae</strong></span> <span class='ocrx_word' id='word_1_588' title='bbox 1119 2641 1246 2696; x_wconf 81' lang='lat' dir='ltr'><strong>fructum.</strong></span> <span class='ocrx_word' id='word_1_589' title='bbox 1273 2640 1341 2696; x_wconf 90' lang='lat' dir='ltr'><strong>Sunt</strong></span> <span class='ocrx_word' id='word_1_590' title='bbox 1353 2650 1441 2695; x_wconf 91' lang='lat' dir='ltr'><strong>autem</strong></span> <span class='ocrx_word' id='word_1_591' title='bbox 1458 2647 1512 2694; x_wconf 87' lang='lat' dir='ltr'><strong>tres</strong></span> <span class='ocrx_word' id='word_1_592' title='bbox 1530 2639 1664 2696; x_wconf 86' lang='lat' dir='ltr'><strong>decursus</strong></span> <span class='ocrx_word' id='word_1_593' title='bbox 1677 2655 1761 2709; x_wconf 86' lang='lat' dir='ltr'><strong>aqua·</strong></span> 
     </span>
     <span class='ocr_line' id='line_1_87' title="bbox 956 2728 1766 2801; baseline -0.005 -15"><span class='ocrx_word' id='word_1_594' title='bbox 956 2747 1026 2786; x_wconf 88' lang='lat' dir='ltr'><strong>rum.</strong></span> <span class='ocrx_word' id='word_1_595' title='bbox 1043 2731 1218 2786; x_wconf 89' lang='lat' dir='ltr'><strong>incitamenta</strong></span> <span class='ocrx_word' id='word_1_596' title='bbox 1241 2729 1454 2801; x_wconf 87' lang='lat' dir='ltr'><strong>Scripturarum,</strong></span> <span class='ocrx_word' id='word_1_597' title='bbox 1474 2741 1534 2798; x_wconf 77' lang='lat' dir='ltr'><strong>quae</strong></span> <span class='ocrx_word' id='word_1_598' title='bbox 1557 2742 1608 2799; x_wconf 90' lang='lat' dir='ltr'><strong>per</strong></span> <span class='ocrx_word' id='word_1_599' title='bbox 1632 2728 1724 2783; x_wconf 86' lang='lat' dir='ltr'><strong>minas</strong></span> <span class='ocrx_word' id='word_1_600' title='bbox 1738 2735 1766 2785; x_wconf 90' lang='lat' dir='ltr'><strong>et</strong></span> 
     </span>
     <span class='ocr_line' id='line_1_88' title="bbox 957 2815 1761 2891; baseline -0.002 -18"><span class='ocrx_word' id='word_1_601' title='bbox 957 2818 1091 2891; x_wconf 86' lang='lat' dir='ltr'><strong>promissa</strong></span> <span class='ocrx_word' id='word_1_602' title='bbox 1105 2818 1247 2874; x_wconf 83' lang='lat' dir='ltr'><strong>honestam</strong></span> <span class='ocrx_word' id='word_1_603' title='bbox 1262 2816 1289 2871; x_wconf 93' lang='lat' dir='ltr'><strong>in</strong></span> <span class='ocrx_word' id='word_1_604' title='bbox 1306 2817 1415 2872; x_wconf 90' lang='lat' dir='ltr'><strong>homine</strong></span> <span class='ocrx_word' id='word_1_605' title='bbox 1434 2819 1563 2871; x_wconf 84' lang='lat' dir='ltr'><strong>suscitant</strong></span> <span class='ocrx_word' id='word_1_606' title='bbox 1576 2815 1761 2874; x_wconf 83' lang='lat' dir='ltr'><strong>voluntatem.</strong></span> 
     </span>
     <span class='ocr_line' id='line_1_89' title="bbox 957 2903 1763 2977; baseline -0.005 -13"><span class='ocrx_word' id='word_1_607' title='bbox 957 2908 1125 2964; x_wconf 87' lang='lat' dir='ltr'><strong>Charismata</strong></span> <span class='ocrx_word' id='word_1_608' title='bbox 1147 2906 1305 2977; x_wconf 84' lang='lat' dir='ltr'><strong>gratiarum,</strong></span> <span class='ocrx_word' id='word_1_609' title='bbox 1331 2921 1391 2977; x_wconf 82' lang='lat' dir='ltr'><strong>quae</strong></span> <span class='ocrx_word' id='word_1_610' title='bbox 1425 2905 1557 2962; x_wconf 90' lang='lat' dir='ltr'><strong>hominem</strong></span> <span class='ocrx_word' id='word_1_611' title='bbox 1579 2903 1763 2975; x_wconf 89' lang='lat' dir='ltr'><strong>spiritualem</strong></span> 
     </span>
     <span class='ocr_line' id='line_1_90' title="bbox 958 2992 1763 3063; baseline -0.004 -12"><span class='ocrx_word' id='word_1_612' title='bbox 958 3013 993 3052; x_wconf 81' lang='lat' dir='ltr'><strong>ex</strong></span> <span class='ocrx_word' id='word_1_613' title='bbox 1015 2995 1125 3051; x_wconf 88' lang='lat' dir='ltr'><strong>animali</strong></span> <span class='ocrx_word' id='word_1_614' title='bbox 1146 2994 1277 3063; x_wconf 83' lang='lat' dir='ltr'><strong>alliciunt,</strong></span> <span class='ocrx_word' id='word_1_615' title='bbox 1304 2994 1336 3049; x_wconf 87' lang='lat' dir='ltr'><strong>ad</strong></span> <span class='ocrx_word' id='word_1_616' title='bbox 1352 2995 1396 3049; x_wconf 89' lang='lat' dir='ltr'><strong>sui</strong></span> <span class='ocrx_word' id='word_1_617' title='bbox 1419 2992 1594 3062; x_wconf 73' lang='lat' dir='ltr'><strong>irroaisionem</strong></span> <span class='ocrx_word' id='word_1_618' title='bbox 1614 3001 1642 3046; x_wconf 90' lang='grc' dir='ltr'>ει</span> <span class='ocrx_word' id='word_1_619' title='bbox 1657 3007 1763 3048; x_wconf 72' lang='lat' dir='ltr'><strong>cunm</strong></span> 
     </span>
     <span class='ocr_line' id='line_1_91' title="bbox 959 3079 1763 3151; baseline -0.005 -12"><span class='ocrx_word' id='word_1_620' title='bbox 959 3084 1127 3142; x_wconf 76' lang='lat' dir='ltr'><strong>informando</strong></span> <span class='ocrx_word' id='word_1_621' title='bbox 1146 3100 1153 3151; x_wconf 92' lang='lat'>;</span> <span class='ocrx_word' id='word_1_622' title='bbox 1177 3094 1205 3139; x_wconf 89' lang='lat' dir='ltr'><strong>et</strong></span> <span class='ocrx_word' id='word_1_623' title='bbox 1223 3083 1346 3139; x_wconf 89' lang='lat' dir='ltr'><strong>docendo</strong></span> <span class='ocrx_word' id='word_1_624' title='bbox 1369 3097 1475 3138; x_wconf 91' lang='lat' dir='ltr'><strong>omnem</strong></span> <span class='ocrx_word' id='word_1_625' title='bbox 1499 3079 1642 3137; x_wconf 74' lang='lat' dir='ltr'><strong>vamtatem</strong></span> <span class='ocrx_word' id='word_1_626' title='bbox 1673 3080 1763 3135; x_wconf 90' lang='lat' dir='ltr'><strong>mini-</strong></span> 
     </span>
     <span class='ocr_line' id='line_1_92' title="bbox 960 3168 1758 3242; baseline -0.005 -15"><span class='ocrx_word' id='word_1_627' title='bbox 960 3183 1043 3229; x_wconf 88' lang='lat' dir='ltr'><strong>strant</strong></span> <span class='ocrx_word' id='word_1_628' title='bbox 1059 3186 1172 3242; x_wconf 83' lang='lat' dir='ltr'><strong>operum</strong></span> <span class='ocrx_word' id='word_1_629' title='bbox 1184 3168 1388 3227; x_wconf 81' lang='lat' dir='ltr'><strong>fecunditatem.</strong></span> <span class='ocrx_word' id='word_1_630' title='bbox 1409 3168 1547 3226; x_wconf 81' lang='lat' dir='ltr'><strong>stillicidia</strong></span> <span class='ocrx_word' id='word_1_631' title='bbox 1560 3168 1758 3241; x_wconf 78' lang='lat' dir='ltr'><strong>lacrymarum,</strong></span> 
     </span>
     <span class='ocr_line' id='line_1_93' title="bbox 959 3259 1758 3333; baseline -0.005 -16"><span class='ocrx_word' id='word_1_632' title='bbox 959 3278 1030 3333; x_wconf 85' lang='lat' dir='ltr'><strong>quae,</strong></span> <span class='ocrx_word' id='word_1_633' title='bbox 1054 3261 1119 3316; x_wconf 92' lang='lat' dir='ltr'><strong>dum</strong></span> <span class='ocrx_word' id='word_1_634' title='bbox 1153 3276 1236 3317; x_wconf 86' lang='lat' dir='ltr'><strong>venas</strong></span> <span class='ocrx_word' id='word_1_635' title='bbox 1260 3259 1419 3316; x_wconf 88' lang='lat' dir='ltr'><strong>intentionis</strong></span> <span class='ocrx_word' id='word_1_636' title='bbox 1441 3267 1522 3331; x_wconf 86' lang='lat' dir='ltr'><strong>atque</strong></span> <span class='ocrx_word' id='word_1_637' title='bbox 1546 3259 1679 3329; x_wconf 89' lang='lat' dir='ltr'><strong>propositi</strong></span> <span class='ocrx_word' id='word_1_638' title='bbox 1706 3272 1758 3314; x_wconf 88' lang='lat' dir='ltr'><strong>sao</strong></span> 
     </span>
     <span class='ocr_line' id='line_1_94' title="bbox 960 3347 1761 3421; baseline -0.009 -14"><span class='ocrx_word' id='word_1_639' title='bbox 960 3367 1020 3407; x_wconf 89' lang='lat' dir='ltr'><strong>rore</strong></span> <span class='ocrx_word' id='word_1_640' title='bbox 1035 3349 1148 3421; x_wconf 91' lang='lat' dir='ltr'><strong>irrigant</strong></span> <span class='ocrx_word' id='word_1_641' title='bbox 1168 3360 1196 3406; x_wconf 93' lang='grc' dir='ltr'>ει</span> <span class='ocrx_word' id='word_1_642' title='bbox 1209 3347 1353 3406; x_wconf 77' lang='lat' dir='ltr'><strong>infundunt</strong></span> <span class='ocrx_word' id='word_1_643' title='bbox 1368 3363 1402 3404; x_wconf 91' lang='lat' dir='ltr'><strong>ue</strong></span> <span class='ocrx_word' id='word_1_644' title='bbox 1417 3347 1520 3421; x_wconf 86' lang='lat' dir='ltr'><strong>lignum</strong></span> <span class='ocrx_word' id='word_1_645' title='bbox 1536 3348 1680 3415; x_wconf 85' lang='lat' dir='ltr'><strong>moriatur,</strong></span> <span class='ocrx_word' id='word_1_646' title='bbox 1697 3361 1761 3417; x_wconf 84' lang='lat' dir='ltr'><strong>per-</strong></span> 
     </span>
     <span class='ocr_line' id='line_1_95' title="bbox 960 3434 1763 3512; baseline -0.009 -17"><span class='ocrx_word' id='word_1_647' title='bbox 960 3439 1141 3495; x_wconf 89' lang='lat' dir='ltr'><strong>severantiam</strong></span> <span class='ocrx_word' id='word_1_648' title='bbox 1156 3438 1318 3512; x_wconf 90' lang='lat' dir='ltr'><strong>largiuntur.</strong></span> <span class='ocrx_word' id='word_1_649' title='bbox 1337 3437 1387 3508; x_wconf 87' lang='lat' dir='ltr'><strong>Qui</strong></span> <span class='ocrx_word' id='word_1_650' title='bbox 1407 3437 1486 3507; x_wconf 82' lang='lat' dir='ltr'><strong>juxta</strong></span> <span class='ocrx_word' id='word_1_651' title='bbox 1504 3437 1563 3492; x_wconf 86' lang='lat' dir='ltr'><strong>baec</strong></span> <span class='ocrx_word' id='word_1_652' title='bbox 1574 3434 1678 3491; x_wconf 84' lang='lat' dir='ltr'><strong>fluenta</strong></span> <span class='ocrx_word' id='word_1_653' title='bbox 1692 3434 1763 3490; x_wconf 86' lang='lat' dir='ltr'><strong>radi-</strong></span> 
     </span>
     <span class='ocr_line' id='line_1_96' title="bbox 961 3523 1763 3599; baseline -0.009 -14"><span class='ocrx_word' id='word_1_654' title='bbox 961 3538 1037 3586; x_wconf 89' lang='lat' dir='ltr'><strong>cutus</strong></span> <span class='ocrx_word' id='word_1_655' title='bbox 1052 3527 1143 3594; x_wconf 84' lang='lat' dir='ltr'><strong>tuerit,</strong></span> <span class='ocrx_word' id='word_1_656' title='bbox 1160 3543 1208 3599; x_wconf 92' lang='lat' dir='ltr'><strong>per</strong></span> <span class='ocrx_word' id='word_1_657' title='bbox 1223 3542 1329 3583; x_wconf 87' lang='lat' dir='ltr'><strong>menses</strong></span> <span class='ocrx_word' id='word_1_658' title='bbox 1352 3525 1476 3597; x_wconf 90' lang='lat' dir='ltr'><strong>singulus</strong></span> <span class='ocrx_word' id='word_1_659' title='bbox 1494 3523 1578 3580; x_wconf 88' lang='lat' dir='ltr'><strong>iaciat</strong></span> <span class='ocrx_word' id='word_1_660' title='bbox 1591 3523 1722 3587; x_wconf 84' lang='lat' dir='ltr'><strong>tractum,</strong></span> <span class='ocrx_word' id='word_1_661' title='bbox 1736 3531 1763 3579; x_wconf 84' lang='lat' dir='ltr'><strong>et</strong></span> 
     </span>
     <span class='ocr_line' id='line_1_97' title="bbox 963 3614 1549 3691; baseline -0.012 -18"><span class='ocrx_word' id='word_1_662' title='bbox 963 3618 1025 3673; x_wconf 88' lang='lat' dir='ltr'><strong>lolia</strong></span> <span class='ocrx_word' id='word_1_663' title='bbox 1039 3617 1105 3691; x_wconf 88' lang='lat' dir='ltr'><strong>ligni</strong></span> <span class='ocrx_word' id='word_1_664' title='bbox 1117 3616 1189 3672; x_wconf 90' lang='lat' dir='ltr'><strong>illius</strong></span> <span class='ocrx_word' id='word_1_665' title='bbox 1202 3616 1238 3672; x_wconf 92' lang='lat' dir='ltr'><strong>ad</strong></span> <span class='ocrx_word' id='word_1_666' title='bbox 1247 3615 1403 3672; x_wconf 84' lang='lat' dir='ltr'><strong>suavitatem</strong></span> <span class='ocrx_word' id='word_1_667' title='bbox 1413 3614 1549 3686; x_wconf 90' lang='lat' dir='ltr'><strong>gentium.</strong></span> 
     </span>
    </p>

    <p class='ocr_par' dir='ltr' id='par_1_28' title="bbox 964 3700 1769 4221">
     <span class='ocr_line' id='line_1_98' title="bbox 999 3700 1762 3774; baseline -0.008 -12"><span class='ocrx_word' id='word_1_668' title='bbox 999 3710 1043 3762; x_wconf 76' lang='lat'><strong>22.</strong></span> <span class='ocrx_word' id='word_1_669' title='bbox 1069 3707 1129 3763; x_wconf 86' lang='lat' dir='ltr'><strong>Non</strong></span> <span class='ocrx_word' id='word_1_670' title='bbox 1153 3719 1207 3761; x_wconf 92' lang='lat' dir='ltr'><strong>uno</strong></span> <span class='ocrx_word' id='word_1_671' title='bbox 1224 3705 1376 3774; x_wconf 88' lang='lat' dir='ltr'><strong>eodemque</strong></span> <span class='ocrx_word' id='word_1_672' title='bbox 1399 3703 1483 3758; x_wconf 91' lang='lat' dir='ltr'><strong>modo</strong></span> <span class='ocrx_word' id='word_1_673' title='bbox 1506 3717 1606 3759; x_wconf 89' lang='lat' dir='ltr'><strong>omnes</strong></span> <span class='ocrx_word' id='word_1_674' title='bbox 1630 3701 1674 3773; x_wconf 85' lang='lat' dir='ltr'><strong>qai</strong></span> <span class='ocrx_word' id='word_1_675' title='bbox 1692 3700 1762 3757; x_wconf 87' lang='lat' dir='ltr'><strong>ebrii</strong></span> 
     </span>
     <span class='ocr_line' id='line_1_99' title="bbox 964 3789 1761 3865; baseline -0.006 -16"><span class='ocrx_word' id='word_1_676' title='bbox 964 3795 1074 3865; x_wconf 89' lang='lat' dir='ltr'><strong>fuerint,</strong></span> <span class='ocrx_word' id='word_1_677' title='bbox 1089 3795 1252 3850; x_wconf 87' lang='lat' dir='ltr'><strong>debriantur.</strong></span> <span class='ocrx_word' id='word_1_678' title='bbox 1278 3792 1360 3850; x_wconf 78' lang='lat' dir='ltr'><strong>Aliud</strong></span> <span class='ocrx_word' id='word_1_679' title='bbox 1383 3800 1424 3850; x_wconf 91' lang='lat' dir='ltr'><strong>est</strong></span> <span class='ocrx_word' id='word_1_680' title='bbox 1438 3791 1529 3849; x_wconf 86' lang='lat' dir='ltr'><strong>riuum</strong></span> <span class='ocrx_word' id='word_1_681' title='bbox 1544 3789 1664 3858; x_wconf 71' lang='lat' dir='ltr'><strong>malitis,</strong></span> <span class='ocrx_word' id='word_1_682' title='bbox 1687 3789 1761 3863; x_wconf 88' lang='lat' dir='ltr'><strong>quod</strong></span> 
     </span>
     <span class='ocr_line' id='line_1_100' title="bbox 964 3877 1765 3952; baseline -0.007 -13"><span class='ocrx_word' id='word_1_683' title='bbox 964 3884 1049 3940; x_wconf 86' lang='lat' dir='ltr'><strong>eltluit</strong></span> <span class='ocrx_word' id='word_1_684' title='bbox 1063 3884 1096 3938; x_wconf 92' lang='lat' dir='ltr'><strong>de</strong></span> <span class='ocrx_word' id='word_1_685' title='bbox 1110 3900 1161 3939; x_wconf 84' lang='lat' dir='ltr'><strong>ura</strong></span> <span class='ocrx_word' id='word_1_686' title='bbox 1181 3882 1262 3952; x_wconf 85' lang='lat' dir='ltr'><strong>tellis,</strong></span> <span class='ocrx_word' id='word_1_687' title='bbox 1274 3888 1301 3937; x_wconf 92' lang='lat' dir='ltr'><strong>et</strong></span> <span class='ocrx_word' id='word_1_688' title='bbox 1315 3898 1331 3937; x_wconf 91' lang='lat' dir='ltr'><strong>a</strong></span> <span class='ocrx_word' id='word_1_689' title='bbox 1345 3880 1453 3938; x_wconf 87' lang='lat' dir='ltr'><strong>diaholo</strong></span> <span class='ocrx_word' id='word_1_690' title='bbox 1469 3880 1577 3937; x_wconf 89' lang='lat' dir='ltr'><strong>initium</strong></span> <span class='ocrx_word' id='word_1_691' title='bbox 1592 3878 1700 3946; x_wconf 87' lang='lat' dir='ltr'><strong>habuit,</strong></span> <span class='ocrx_word' id='word_1_692' title='bbox 1716 3877 1765 3951; x_wconf 84' lang='lat' dir='ltr'><strong>qui</strong></span> 
     </span>
     <span class='ocr_line' id='line_1_101' title="bbox 964 3968 1766 4044; baseline -0.007 -16"><span class='ocrx_word' id='word_1_693' title='bbox 964 3972 1170 4030; x_wconf 88' lang='lat' dir='ltr'><strong>amaritudinem</strong></span> <span class='ocrx_word' id='word_1_694' title='bbox 1191 3974 1292 4044; x_wconf 80' lang='lat' dir='ltr'><strong>percuti</strong></span> <span class='ocrx_word' id='word_1_695' title='bbox 1306 3983 1334 4028; x_wconf 91' lang='grc' dir='ltr'>ει</span> <span class='ocrx_word' id='word_1_696' title='bbox 1348 3970 1441 4026; x_wconf 91' lang='lat' dir='ltr'><strong>mortis</strong></span> <span class='ocrx_word' id='word_1_697' title='bbox 1454 3972 1572 4026; x_wconf 89' lang='lat' dir='ltr'><strong>humano</strong></span> <span class='ocrx_word' id='word_1_698' title='bbox 1581 3968 1681 4040; x_wconf 83' lang='lat' dir='ltr'><strong>generi</strong></span> <span class='ocrx_word' id='word_1_699' title='bbox 1700 3984 1766 4039; x_wconf 92' lang='lat' dir='ltr'><strong>pro-</strong></span> 
     </span>
     <span class='ocr_line' id='line_1_102' title="bbox 965 4057 1766 4133; baseline -0.004 -16"><span class='ocrx_word' id='word_1_700' title='bbox 965 4062 1090 4133; x_wconf 84' lang='lat' dir='ltr'><strong>pinavit:</strong></span> <span class='ocrx_word' id='word_1_701' title='bbox 1112 4077 1167 4133; x_wconf 90' lang='lat' dir='ltr'><strong>quo</strong></span> <span class='ocrx_word' id='word_1_702' title='bbox 1185 4061 1341 4118; x_wconf 89' lang='lat' dir='ltr'><strong>debriantur</strong></span> <span class='ocrx_word' id='word_1_703' title='bbox 1357 4060 1442 4132; x_wconf 89' lang='lat' dir='ltr'><strong>iniqui</strong></span> <span class='ocrx_word' id='word_1_704' title='bbox 1462 4057 1620 4115; x_wconf 80' lang='lat' dir='ltr'><strong>conformes</strong></span> <span class='ocrx_word' id='word_1_705' title='bbox 1642 4057 1708 4114; x_wconf 84' lang='lat' dir='ltr'><strong>lacti</strong></span> <span class='ocrx_word' id='word_1_706' title='bbox 1733 4057 1766 4114; x_wconf 86' lang='lat' dir='ltr'><strong>ei.</strong></span> 
     </span>
     <span class='ocr_line' id='line_1_103' title="bbox 966 4146 1769 4221; baseline -0.006 -13"><span class='ocrx_word' id='word_1_707' title='bbox 966 4152 1045 4208; x_wconf 82' lang='lat' dir='ltr'><strong>alind</strong></span> <span class='ocrx_word' id='word_1_708' title='bbox 1059 4158 1100 4207; x_wconf 90' lang='grc' dir='ltr'><strong>εει</strong></span> <span class='ocrx_word' id='word_1_709' title='bbox 1112 4151 1205 4208; x_wconf 87' lang='lat' dir='ltr'><strong>riuum</strong></span> <span class='ocrx_word' id='word_1_710' title='bbox 1221 4149 1364 4216; x_wconf 72' lang='lat' dir='ltr'><strong>molestiae,</strong></span> <span class='ocrx_word' id='word_1_711' title='bbox 1375 4148 1449 4221; x_wconf 88' lang='lat' dir='ltr'><strong>quod</strong></span> <span class='ocrx_word' id='word_1_712' title='bbox 1467 4153 1576 4205; x_wconf 91' lang='lat' dir='ltr'><strong>emanat</strong></span> <span class='ocrx_word' id='word_1_713' title='bbox 1590 4147 1627 4203; x_wconf 88' lang='lat' dir='ltr'><strong>de</strong></span> <span class='ocrx_word' id='word_1_714' title='bbox 1641 4146 1769 4204; x_wconf 85' lang='lat' dir='ltr'><strong>labrusca</strong></span> 
     </span>
    </p>
   </div>
   <div class='ocr_carea' id='block_1_26' title="bbox 927 4236 1769 4322">
    <p class='ocr_par' dir='ltr' id='par_1_29' title="bbox 927 4236 1769 4322">
     <span class='ocr_line' id='line_1_104' title="bbox 927 4236 1769 4322; baseline -0.007 -25"><span class='ocrx_word' id='word_1_715' title='bbox 927 4245 951 4322; x_wconf 77' lang='lat' dir='ltr'><strong>u</strong></span> <span class='ocrx_word' id='word_1_716' title='bbox 965 4240 1128 4297; x_wconf 89' lang='lat' dir='ltr'><strong>conditionis</strong></span> <span class='ocrx_word' id='word_1_717' title='bbox 1153 4242 1291 4296; x_wconf 81' lang='lat' dir='ltr'><strong>tnumsnue:</strong></span> <span class='ocrx_word' id='word_1_718' title='bbox 1313 4255 1375 4312; x_wconf 84' lang='lat' dir='ltr'><strong>quae</strong></span> <span class='ocrx_word' id='word_1_719' title='bbox 1392 4237 1510 4295; x_wconf 89' lang='lat' dir='ltr'><strong>Domino</strong></span> <span class='ocrx_word' id='word_1_720' title='bbox 1524 4252 1574 4292; x_wconf 88' lang='lat' dir='ltr'><strong>suo</strong></span> <span class='ocrx_word' id='word_1_721' title='bbox 1589 4244 1701 4295; x_wconf 81' lang='lat' dir='ltr'><strong>acetum</strong></span> <span class='ocrx_word' id='word_1_722' title='bbox 1715 4236 1769 4292; x_wconf 86' lang='lat' dir='ltr'><strong>ini-</strong></span> 
     </span>
    </p>
   </div>
   <div class='ocr_carea' id='block_1_27' title="bbox 965 4323 1773 5567">
    <p class='ocr_par' dir='ltr' id='par_1_30' title="bbox 965 4323 1772 4832">
     <span class='ocr_line' id='line_1_105' title="bbox 966 4323 1769 4401; baseline -0.009 -15"><span class='ocrx_word' id='word_1_723' title='bbox 966 4329 1076 4398; x_wconf 83' lang='lat' dir='ltr'><strong>quitatis</strong></span> <span class='ocrx_word' id='word_1_724' title='bbox 1089 4329 1226 4401; x_wconf 88' lang='lat' dir='ltr'><strong>apposuit.</strong></span> <span class='ocrx_word' id='word_1_725' title='bbox 1244 4330 1301 4384; x_wconf 83' lang='lat' dir='ltr'><strong>ttnc</strong></span> <span class='ocrx_word' id='word_1_726' title='bbox 1315 4329 1377 4385; x_wconf 91' lang='lat' dir='ltr'><strong>vino</strong></span> <span class='ocrx_word' id='word_1_727' title='bbox 1391 4327 1518 4400; x_wconf 85' lang='lat' dir='ltr'><strong>quisquis</strong></span> <span class='ocrx_word' id='word_1_728' title='bbox 1535 4323 1700 4392; x_wconf 81' lang='lat' dir='ltr'><strong>inebriatur,</strong></span> <span class='ocrx_word' id='word_1_729' title='bbox 1716 4339 1769 4381; x_wconf 91' lang='lat' dir='ltr'><strong>nou</strong></span> 
     </span>
     <span class='ocr_line' id='line_1_106' title="bbox 965 4414 1772 4489; baseline -0.005 -16"><span class='ocrx_word' id='word_1_730' title='bbox 965 4418 1072 4489; x_wconf 83' lang='lat' dir='ltr'><strong>injuste,</strong></span> <span class='ocrx_word' id='word_1_731' title='bbox 1093 4420 1141 4476; x_wconf 90' lang='lat' dir='ltr'><strong>sed</strong></span> <span class='ocrx_word' id='word_1_732' title='bbox 1167 4417 1262 4473; x_wconf 86' lang='lat' dir='ltr'><strong>merito</strong></span> <span class='ocrx_word' id='word_1_733' title='bbox 1279 4417 1382 4486; x_wconf 86' lang='lat' dir='ltr'><strong>peccati</strong></span> <span class='ocrx_word' id='word_1_734' title='bbox 1406 4415 1490 4480; x_wconf 76' lang='lat' dir='ltr'><strong>suia</strong></span> <span class='ocrx_word' id='word_1_735' title='bbox 1518 4415 1574 4470; x_wconf 86' lang='lat' dir='ltr'><strong>Deo</strong></span> <span class='ocrx_word' id='word_1_736' title='bbox 1589 4414 1648 4470; x_wconf 89' lang='lat' dir='ltr'><strong>boc</strong></span> <span class='ocrx_word' id='word_1_737' title='bbox 1660 4414 1772 4487; x_wconf 89' lang='lat' dir='ltr'><strong>perpati</strong></span> 
     </span>
     <span class='ocr_line' id='line_1_107' title="bbox 965 4502 1771 4578; baseline -0.005 -14"><span class='ocrx_word' id='word_1_738' title='bbox 965 4508 1166 4578; x_wconf 89' lang='lat' dir='ltr'><strong>comprobatur.</strong></span> <span class='ocrx_word' id='word_1_739' title='bbox 1181 4506 1261 4562; x_wconf 81' lang='lat' dir='ltr'><strong>uliud</strong></span> <span class='ocrx_word' id='word_1_740' title='bbox 1276 4518 1318 4564; x_wconf 88' lang='lat' dir='ltr'><strong>est</strong></span> <span class='ocrx_word' id='word_1_741' title='bbox 1327 4507 1420 4562; x_wconf 86' lang='lat' dir='ltr'><strong>riuum</strong></span> <span class='ocrx_word' id='word_1_742' title='bbox 1430 4505 1535 4578; x_wconf 81' lang='lat' dir='ltr'><strong>gratiae,</strong></span> <span class='ocrx_word' id='word_1_743' title='bbox 1550 4502 1628 4575; x_wconf 90' lang='lat' dir='ltr'><strong>quod</strong></span> <span class='ocrx_word' id='word_1_744' title='bbox 1641 4519 1678 4560; x_wconf 86' lang='lat' dir='ltr'><strong>ax</strong></span> <span class='ocrx_word' id='word_1_745' title='bbox 1692 4506 1771 4562; x_wconf 88' lang='lat' dir='ltr'><strong>botre</strong></span> 
     </span>
     <span class='ocr_line' id='line_1_108' title="bbox 965 4592 1772 4671; baseline -0.006 -18"><span class='ocrx_word' id='word_1_746' title='bbox 965 4596 1052 4671; x_wconf 82' lang='lat' dir='ltr'><strong>cypri,</strong></span> <span class='ocrx_word' id='word_1_747' title='bbox 1068 4596 1096 4652; x_wconf 91' lang='lat' dir='ltr'><strong>id</strong></span> <span class='ocrx_word' id='word_1_748' title='bbox 1115 4604 1157 4653; x_wconf 92' lang='lat' dir='ltr'><strong>est</strong></span> <span class='ocrx_word' id='word_1_749' title='bbox 1171 4597 1317 4654; x_wconf 86' lang='lat' dir='ltr'><strong>conditoris</strong></span> <span class='ocrx_word' id='word_1_750' title='bbox 1330 4595 1453 4666; x_wconf 83' lang='lat' dir='ltr'><strong>largitate</strong></span> <span class='ocrx_word' id='word_1_751' title='bbox 1468 4592 1604 4650; x_wconf 84' lang='lat' dir='ltr'><strong>decurrit:</strong></span> <span class='ocrx_word' id='word_1_752' title='bbox 1620 4600 1649 4648; x_wconf 90' lang='lat' dir='ltr'><strong>et</strong></span> <span class='ocrx_word' id='word_1_753' title='bbox 1663 4593 1772 4649; x_wconf 73' lang='lat' dir='ltr'><strong>hocmt</strong></span> 
     </span>
     <span class='ocr_line' id='line_1_109' title="bbox 966 4678 1771 4758; baseline -0.002 -18"><span class='ocrx_word' id='word_1_754' title='bbox 966 4698 1094 4753; x_wconf 92' lang='lat' dir='ltr'><strong>mustum,</strong></span> <span class='ocrx_word' id='word_1_755' title='bbox 1119 4702 1173 4757; x_wconf 82' lang='lat' dir='ltr'><strong>quo</strong></span> <span class='ocrx_word' id='word_1_756' title='bbox 1201 4685 1295 4758; x_wconf 85' lang='lat' dir='ltr'><strong>sponsi</strong></span> <span class='ocrx_word' id='word_1_757' title='bbox 1315 4683 1365 4740; x_wconf 86' lang='lat' dir='ltr'><strong>lilii</strong></span> <span class='ocrx_word' id='word_1_758' title='bbox 1386 4684 1565 4753; x_wconf 89' lang='lat' dir='ltr'><strong>debriantur;</strong></span> <span class='ocrx_word' id='word_1_759' title='bbox 1588 4678 1613 4737; x_wconf 68' lang='grc'><strong>7</strong></span> <span class='ocrx_word' id='word_1_760' title='bbox 1619 4679 1679 4739; x_wconf 67' lang='grc'><strong>16</strong></span> <span class='ocrx_word' id='word_1_761' title='bbox 1696 4680 1771 4756; x_wconf 82' lang='lat' dir='ltr'><strong>quod</strong></span> 
     </span>
     <span class='ocr_line' id='line_1_110' title="bbox 965 4775 1444 4832; baseline -0.008 0"><span class='ocrx_word' id='word_1_762' title='bbox 965 4778 1079 4832; x_wconf 90' lang='lat' dir='ltr'><strong>mittitur</strong></span> <span class='ocrx_word' id='word_1_763' title='bbox 1091 4775 1171 4831; x_wconf 92' lang='lat' dir='ltr'><strong>etism</strong></span> <span class='ocrx_word' id='word_1_764' title='bbox 1181 4786 1208 4831; x_wconf 93' lang='lat' dir='ltr'><strong>et</strong></span> <span class='ocrx_word' id='word_1_765' title='bbox 1222 4775 1249 4829; x_wconf 91' lang='lat' dir='ltr'><strong>in</strong></span> <span class='ocrx_word' id='word_1_766' title='bbox 1265 4782 1338 4830; x_wconf 86' lang='lat' dir='ltr'><strong>utres</strong></span> <span class='ocrx_word' id='word_1_767' title='bbox 1348 4788 1444 4830; x_wconf 85' lang='lat' dir='ltr'><strong>noros.</strong></span> 
     </span>
    </p>

    <p class='ocr_par' dir='ltr' id='par_1_31' title="bbox 966 4857 1773 5567">
     <span class='ocr_line' id='line_1_111' title="bbox 1002 4857 1768 4934; baseline -0.004 -14"><span class='ocrx_word' id='word_1_768' title='bbox 1002 4868 1046 4920; x_wconf 78' lang='lat' dir='ltr'><strong>td.</strong></span> <span class='ocrx_word' id='word_1_769' title='bbox 1062 4863 1150 4934; x_wconf 90' lang='lat' dir='ltr'><strong>lleges</strong></span> <span class='ocrx_word' id='word_1_770' title='bbox 1163 4872 1261 4918; x_wconf 90' lang='lat' dir='ltr'><strong>suntet</strong></span> <span class='ocrx_word' id='word_1_771' title='bbox 1273 4862 1438 4926; x_wconf 85' lang='lat' dir='ltr'><strong>sacerdotes.</strong></span> <span class='ocrx_word' id='word_1_772' title='bbox 1452 4875 1550 4917; x_wconf 90' lang='lat' dir='ltr'><strong>omnes</strong></span> <span class='ocrx_word' id='word_1_773' title='bbox 1562 4857 1663 4916; x_wconf 83' lang='lat' dir='ltr'><strong>electi:</strong></span> <span class='ocrx_word' id='word_1_774' title='bbox 1680 4869 1711 4917; x_wconf 94' lang='grc' dir='ltr'>ει</span> <span class='ocrx_word' id='word_1_775' title='bbox 1720 4875 1768 4917; x_wconf 84' lang='lat' dir='ltr'><strong>eoa</strong></span> 
     </span>
     <span class='ocr_line' id='line_1_112' title="bbox 966 4949 1771 5026; baseline -0.005 -16"><span class='ocrx_word' id='word_1_776' title='bbox 966 4962 1073 5026; x_wconf 89' lang='lat' dir='ltr'><strong>oportet</strong></span> <span class='ocrx_word' id='word_1_777' title='bbox 1086 4954 1147 5009; x_wconf 90' lang='lat' dir='ltr'><strong>oleo</strong></span> <span class='ocrx_word' id='word_1_778' title='bbox 1166 4953 1302 5010; x_wconf 89' lang='lat' dir='ltr'><strong>unctionis</strong></span> <span class='ocrx_word' id='word_1_779' title='bbox 1316 4951 1422 5024; x_wconf 87' lang='lat' dir='ltr'><strong>inungi.</strong></span> <span class='ocrx_word' id='word_1_780' title='bbox 1438 4951 1489 5007; x_wconf 80' lang='lat' dir='ltr'><strong>list</strong></span> <span class='ocrx_word' id='word_1_781' title='bbox 1501 4958 1592 5007; x_wconf 85' lang='lat' dir='ltr'><strong>autem</strong></span> <span class='ocrx_word' id='word_1_782' title='bbox 1608 4949 1707 5006; x_wconf 88' lang='lat' dir='ltr'><strong>oleum</strong></span> <span class='ocrx_word' id='word_1_783' title='bbox 1722 4950 1771 5006; x_wconf 88' lang='lat' dir='ltr'><strong>tri-</strong></span> 
     </span>
     <span class='ocr_line' id='line_1_113' title="bbox 966 5036 1773 5113; baseline -0.005 -16"><span class='ocrx_word' id='word_1_784' title='bbox 966 5041 1064 5098; x_wconf 84' lang='lat' dir='ltr'><strong>forme.</strong></span> <span class='ocrx_word' id='word_1_785' title='bbox 1078 5038 1158 5095; x_wconf 80' lang='lat' dir='ltr'><strong>hliud</strong></span> <span class='ocrx_word' id='word_1_786' title='bbox 1174 5040 1306 5113; x_wconf 87' lang='lat' dir='ltr'><strong>siquidem</strong></span> <span class='ocrx_word' id='word_1_787' title='bbox 1320 5049 1362 5096; x_wconf 87' lang='grc' dir='ltr'><strong>εει</strong></span> <span class='ocrx_word' id='word_1_788' title='bbox 1374 5042 1464 5096; x_wconf 89' lang='lat' dir='ltr'><strong>oleum</strong></span> <span class='ocrx_word' id='word_1_789' title='bbox 1474 5037 1627 5103; x_wconf 88' lang='lat' dir='ltr'><strong>allusionis,</strong></span> <span class='ocrx_word' id='word_1_790' title='bbox 1642 5036 1773 5094; x_wconf 77' lang='lat' dir='ltr'><strong>videlicet</strong></span> 
     </span>
     <span class='ocr_line' id='line_1_114' title="bbox 967 5127 1772 5200; baseline -0.004 -14"><span class='ocrx_word' id='word_1_791' title='bbox 967 5130 1077 5186; x_wconf 83' lang='lat' dir='ltr'><strong>verbum</strong></span> <span class='ocrx_word' id='word_1_792' title='bbox 1091 5128 1151 5196; x_wconf 85' lang='lat' dir='ltr'><strong>Dei,</strong></span> <span class='ocrx_word' id='word_1_793' title='bbox 1164 5146 1219 5200; x_wconf 90' lang='lat' dir='ltr'><strong>quo</strong></span> <span class='ocrx_word' id='word_1_794' title='bbox 1234 5129 1373 5186; x_wconf 89' lang='lat' dir='ltr'><strong>initiantur</strong></span> <span class='ocrx_word' id='word_1_795' title='bbox 1382 5135 1504 5184; x_wconf 85' lang='lat' dir='ltr'><strong>veterem</strong></span> <span class='ocrx_word' id='word_1_796' title='bbox 1515 5127 1654 5182; x_wconf 86' lang='lat' dir='ltr'><strong>homiuem</strong></span> <span class='ocrx_word' id='word_1_797' title='bbox 1671 5142 1772 5183; x_wconf 78' lang='lat' dir='ltr'><strong>exuen-</strong></span> 
     </span>
     <span class='ocr_line' id='line_1_115' title="bbox 968 5217 1771 5290; baseline -0.006 -15"><span class='ocrx_word' id='word_1_798' title='bbox 968 5227 1019 5286; x_wconf 91' lang='lat' dir='ltr'><strong>tes,</strong></span> <span class='ocrx_word' id='word_1_799' title='bbox 1044 5226 1074 5275; x_wconf 90' lang='lat' dir='ltr'><strong>ut</strong></span> <span class='ocrx_word' id='word_1_800' title='bbox 1096 5218 1171 5290; x_wconf 89' lang='lat' dir='ltr'><strong>quasi</strong></span> <span class='ocrx_word' id='word_1_801' title='bbox 1183 5218 1391 5274; x_wconf 79' lang='lat' dir='ltr'><strong>adolescentulae</strong></span> <span class='ocrx_word' id='word_1_802' title='bbox 1406 5217 1434 5273; x_wconf 91' lang='lat' dir='ltr'><strong>in</strong></span> <span class='ocrx_word' id='word_1_803' title='bbox 1455 5229 1576 5273; x_wconf 87' lang='lat' dir='ltr'><strong>amorem</strong></span> <span class='ocrx_word' id='word_1_804' title='bbox 1590 5217 1688 5285; x_wconf 88' lang='lat' dir='ltr'><strong>sponsi</strong></span> <span class='ocrx_word' id='word_1_805' title='bbox 1709 5230 1771 5272; x_wconf 83' lang='lat' dir='ltr'><strong>aar·</strong></span> 
     </span>
     <span class='ocr_line' id='line_1_116' title="bbox 967 5304 1769 5380; baseline -0.004 -16"><span class='ocrx_word' id='word_1_806' title='bbox 967 5317 1042 5380; x_wconf 86' lang='lat' dir='ltr'><strong>gant.</strong></span> <span class='ocrx_word' id='word_1_807' title='bbox 1054 5308 1134 5365; x_wconf 77' lang='lat' dir='ltr'><strong>thud</strong></span> <span class='ocrx_word' id='word_1_808' title='bbox 1147 5314 1188 5364; x_wconf 88' lang='lat' dir='ltr'><strong>est</strong></span> <span class='ocrx_word' id='word_1_809' title='bbox 1201 5307 1289 5364; x_wconf 88' lang='lat' dir='ltr'><strong>oleum</strong></span> <span class='ocrx_word' id='word_1_810' title='bbox 1304 5306 1436 5378; x_wconf 87' lang='lat' dir='ltr'><strong>puritatis,</strong></span> <span class='ocrx_word' id='word_1_811' title='bbox 1462 5319 1515 5376; x_wconf 84' lang='lat' dir='ltr'><strong>quc</strong></span> <span class='ocrx_word' id='word_1_812' title='bbox 1531 5304 1637 5377; x_wconf 70' lang='lat' dir='ltr'><strong>lagenae</strong></span> <span class='ocrx_word' id='word_1_813' title='bbox 1651 5319 1769 5375; x_wconf 77' lang='lat' dir='ltr'><strong>operum</strong></span> 
     </span>
     <span class='ocr_line' id='line_1_117' title="bbox 968 5391 1771 5469; baseline -0.005 -16"><span class='ocrx_word' id='word_1_814' title='bbox 968 5410 1124 5454; x_wconf 88' lang='lat' dir='ltr'><strong>nostrorum</strong></span> <span class='ocrx_word' id='word_1_815' title='bbox 1137 5396 1369 5469; x_wconf 62' lang='lat' dir='ltr'><strong>impendebant,</strong></span> <span class='ocrx_word' id='word_1_816' title='bbox 1385 5394 1457 5466; x_wconf 87' lang='lat' dir='ltr'><strong>quod</strong></span> <span class='ocrx_word' id='word_1_817' title='bbox 1478 5393 1506 5448; x_wconf 95' lang='lat' dir='ltr'><strong>in</strong></span> <span class='ocrx_word' id='word_1_818' title='bbox 1531 5392 1657 5464; x_wconf 89' lang='lat' dir='ltr'><strong>lampade</strong></span> <span class='ocrx_word' id='word_1_819' title='bbox 1682 5391 1771 5449; x_wconf 85' lang='lat' dir='ltr'><strong>dirisi</strong></span> 
     </span>
     <span class='ocr_line' id='line_1_118' title="bbox 969 5480 1772 5567; baseline -0.006 -25"><span class='ocrx_word' id='word_1_820' title='bbox 969 5486 1081 5545; x_wconf 84' lang='lat' dir='ltr'><strong>terroris</strong></span> <span class='ocrx_word' id='word_1_821' title='bbox 1092 5485 1185 5567; x_wconf 88' lang='lat' dir='ltr'><strong>iguem</strong></span> <span class='ocrx_word' id='word_1_822' title='bbox 1200 5485 1280 5543; x_wconf 87' lang='lat' dir='ltr'><strong>debet</strong></span> <span class='ocrx_word' id='word_1_823' title='bbox 1294 5485 1460 5542; x_wconf 87' lang='lat' dir='ltr'><strong>incessanter</strong></span> <span class='ocrx_word' id='word_1_824' title='bbox 1478 5483 1593 5540; x_wconf 86' lang='lat' dir='ltr'><strong>nutrire.</strong></span> <span class='ocrx_word' id='word_1_825' title='bbox 1602 5480 1688 5537; x_wconf 77' lang='lat' dir='ltr'><strong>Aliud</strong></span> <span class='ocrx_word' id='word_1_826' title='bbox 1704 5497 1772 5540; x_wconf 81' lang='lat' dir='ltr'><strong>asro</strong></span> 
     </span>
    </p>
   </div>
   <div class='ocr_carea' id='block_1_28' title="bbox 0 0 1884 5962">
    <p class='ocr_par' dir='ltr' id='par_1_32' title="bbox 0 0 1884 5962">
     <span class='ocr_line' id='line_1_119' title="bbox 0 0 1884 5962; baseline 0 0"><span class='ocrx_word' id='word_1_827' title='bbox 0 0 1884 5962; x_wconf 95' lang='lat' dir='ltr'><strong> </strong></span> 
     </span>
    </p>
   </div>
  </div>
 </body>
</html>
