3706 5962
70 228 129 289 sta

624 221 813 283 tutulatos
831 220 873 279 Dii
898 219 1065 281 tututttout
1084 221 1185 281 DOMO.

1669 223 1724 287 stt

69 361 154 424 potas
172 364 339 422 cognoscere
362 355 398 415 te,
424 362 480 404 non
501 364 650 418 praesumas
671 348 874 420 apprchendere
886 360 909 438 q
932 345 986 400 nlla
1009 346 1112 402 laboris
1141 345 1298 402 dilticultalo
1318 345 1407 416 possis
1435 347 1470 402 ibi
1499 349 1624 406 assiduus
1637 363 1722 417 esse3

69 456 103 493 ea
119 447 257 511 quaesunt
273 452 355 506 supra
370 445 405 492 te.

107 531 152 581 tt.
171 525 343 596 Praecipuum
359 532 386 580 et
400 523 545 595 principale
568 525 708 595 speculum
723 525 758 579 ad
773 526 868 579 viden-

68 617 133 671 dum
149 618 247 680 Deum,
259 615 416 669 astruimus
432 616 572 671 rationalis
581 615 722 670 inveniens
736 614 866 685 seipsum.

68 705 97 760 Si
114 704 188 761 enim
203 702 349 759 invisibilia
370 703 428 770 Dei,
444 720 493 772 per
510 712 553 758 ent
566 720 627 773 qnae
648 701 716 758 lacta
735 711 806 764 sunt,
823 702 866 755 in-

67 793 176 849 tellecta
202 793 406 863 conspiciuntur
431 795 522 860 (iloto.
551 809 569 858 1,
596 792 650 863 ιθ),
672 793 736 860 ubi,
763 805 865 861 quaeso,

923 433 1044 506 quinimo
1057 452 1139 506 prena
1155 436 1204 491 tibi
1221 436 1311 506 potins
1327 436 1372 503 sit,
1388 435 1462 501 alibi,
1473 452 1551 507 quam
1566 437 1603 491 ibi
1618 452 1722 496 moratu

921 523 1039 595 aliquam
1053 524 1150 581 lacere.

1224 614 1339 669 CAPUT
1360 616 1416 670 llll.

1062 705 1101 760 Da
1115 707 1210 760 utente
1225 704 1332 770 denoto,
1343 705 1476 760 columna
1486 709 1578 760 seclo.

960 793 1003 844 ta.
1020 789 1049 845 Si
1065 807 1132 862 ergo
1147 793 1318 862 persenseris
1331 791 1468 848 desideria
1484 800 1531 847 tue
1546 794 1618 849 circa
1642 799 1718 848 exta·

65 898 148 952 quam
165 881 194 934 in
217 882 277 949 ejus
297 881 413 950 imagine
430 881 593 950 cognitionis
617 883 677 949 ejus
691 880 803 951 vestigia
818 895 865 933 ex·
920 880 1004 936 riores
1019 879 1212 936 delectationes
1229 879 1309 949 allici,
1327 890 1354 937 at
1369 881 1548 953 cogitationes
1570 891 1630 939 tuas
1642 880 1721 954 jugi-

65 970 193 1041 pressius
208 971 342 1041 impressa
364 969 559 1039 reperiuntur?
573 969 673 1041 Tergat
692 984 757 1040 argo
771 985 867 1039 specu·
920 975 959 1022 ter
974 968 1001 1021 in
1017 967 1057 1023 eis
1084 969 1225 1040 occupari,
1243 985 1303 1025 enm
1332 985 1430 1040 magna
1445 969 1626 1026 sollicitudine
1640 984 1719 1026 com·

64 1056 129 1112 lum
142 1072 243 1127 suunt,
268 1056 378 1111 mundet
404 1057 530 1128 spiritum
554 1073 644 1119 suum,
668 1055 789 1127 quisquis
812 1056 867 1111 sitit
922 1055 993 1127 pelle
1008 1072 1064 1121 eas,
1081 1074 1132 1113 nac
1162 1058 1302 1128 permittas
1330 1060 1362 1112 ad
1379 1073 1425 1115 cor
1446 1058 1635 1115 tuumintrare
1648 1076 1656 1114 ι
1671 1057 1719 1115 sed

64 1144 161 1200 ridere
182 1147 270 1201 Deum
294 1161 384 1198 soum.
402 1144 477 1199 Beati
501 1148 603 1199 mundo
628 1146 720 1209 corda,
739 1144 865 1216 qnoniam
918 1145 976 1198 redi
992 1145 1087 1201 adcor
1106 1155 1200 1215 tuum,
1216 1155 1243 1202 ct
1270 1146 1307 1200 ibi
1324 1147 1423 1203 intrare
1443 1155 1471 1202 et
1496 1148 1617 1204 babitare
1646 1144 1720 1202 omni

64 1236 118 1304 ipsi
134 1234 225 1289 Βιιιιιι
245 1234 373 1287 videbunt
395 1233 505 1302 (dotto.
532 1250 560 1298 v,
585 1233 624 1303 8).
648 1234 705 1288 lloc
725 1233 865 1302 speculum
920 1233 1000 1288 modo
1020 1238 1109 1289 stude.
1125 1235 1201 1290 Mens
1218 1233 1289 1290 enim
1305 1251 1365 1307 qnae
1379 1251 1408 1291 se
1423 1237 1455 1291 ad
1470 1236 1512 1293 sui
1525 1235 1720 1293 consideratio-

63 1338 146 1378 veros
172 1322 308 1392 poenitens
333 1336 387 1376 non
408 1332 494 1377 cessat
516 1321 637 1391 quotidie
654 1322 796 1390 inspicere,
814 1331 866 1376 ter·
922 1337 985 1376 nem
1010 1338 1064 1377 non
1094 1323 1227 1391 subierat,
1255 1323 1303 1378 sad
1319 1323 1407 1379 adbuc
1435 1340 1485 1396 per
1501 1323 1720 1383 variadesideris

63 1425 140 1483 gera,
166 1419 267 1477 ιιιιιιι,
284 1419 311 1463 ιι
330 1410 477 1465 custudire.
506 1413 650 1479 inspicere,
677 1409 700 1465 si
724 1410 822 1485 aliquid
839 1411 865 1464 in
925 1410 1072 1482 spargitur,
1089 1421 1116 1466 et
1131 1411 1215 1467 tariis
1242 1411 1454 1484 cogitationibus
1468 1414 1519 1470 buc
1533 1413 1652 1486 illucque
1664 1413 1718 1469 dis·

63 1514 97 1553 eo
121 1499 253 1570 reperiat,
278 1499 350 1568 quod
371 1499 426 1553 Deo
440 1497 592 1568 displiceat.
609 1498 738 1571 Tangere,
755 1513 864 1553 nense·
920 1498 1045 1568 tenditur,
1067 1514 1121 1555 nou
1143 1509 1233 1570 potest
1265 1502 1381 1572 seipsam
1410 1501 1436 1555 in
1464 1518 1545 1558 unam
1574 1501 1717 1576 colligere,

61 1586 116 1642 lum
142 1593 254 1658 peccata
273 1587 418 1650 actionum,
439 1603 530 1641 rerum
555 1586 635 1641 etiam
658 1586 860 1658 cogitationum,
918 1586 1117 1656 quianondum
1133 1590 1206 1646 norit
1234 1592 1267 1645 ad
1296 1590 1410 1662 seipsam
1427 1590 1538 1664 intrare,
1556 1590 1605 1647 sed
1628 1592 1717 1648 adbuc

63 1682 91 1730 ιιι
101 1674 173 1730 nihil
183 1674 210 1729 in
226 1690 258 1730 eo
273 1683 410 1731 remaneat
423 1676 496 1746 quod
508 1675 589 1731 Deum
601 1676 731 1733 alt‘endat.
747 1677 859 1743 Tenere,
878 1632 899 1710 Β
918 1675 946 1730 in
960 1674 1015 1733 imo
1044 1685 1086 1732 est
1113 1678 1278 1752 cogitatione
1295 1686 1322 1734 et
1348 1679 1565 1736 conversatione.
1599 1680 1717 1752 ideoque

62 1779 94 1818 ne
108 1765 243 1819 deorsum
265 1778 405 1829 corruens,
429 1772 507 1819 terrae
522 1780 571 1835 per
590 1780 708 1822 amorem
723 1766 863 1834 inhaereat,
919 1780 973 1818 non
988 1767 1124 1836 potestati
1140 1782 1171 1822 ea
1185 1782 1246 1839 qnae
1261 1783 1342 1838 supra
1357 1767 1443 1839 ipsam
1461 1776 1533 1833 sunt,
1548 1784 1636 1839 penne
1648 1785 1716 1825 eon·

60 1859 86 1905 et
104 1868 141 1908 ne
155 1851 279 1907 inanium
294 1851 492 1924 cogitationum
511 1853 619 1923 pulvera
643 1855 790 1911 sordescat.
807 1854 861 1909 Cu·
919 1854 1103 1926 templationis
1118 1855 1239 1913 evolare.
1256 1856 1349 1912 Discat
1376 1872 1442 1928 ergo
1461 1856 1644 1929 dispersiones
1657 1873 1717 1915 cor·

61 1940 176 2004 saeuire,
191 1950 222 1996 ut
236 1941 280 1995 ille
300 1941 380 2010 enjus
395 1941 597 1997 tabernaculum
612 1950 653 1997 est
668 1957 730 1997 cnm
745 1941 861 1998 bomini·
917 1941 960 1997 dis
974 1958 1163 2016 congregare:
1178 1950 1317 2001 assuescat
1340 1945 1368 2000 in
1394 1945 1509 2002 internis
1523 1946 1579 2002 suis
1593 1947 1717 2003 immora-

61 2031 121 2095 bus,
148 2031 229 2098 cuins
252 2029 360 2085 deliciae
374 2039 436 2085 sunt
459 2046 519 2085 essa
541 2048 602 2086 cum
623 2032 687 2087 filiis
710 2033 859 2094 hominum,
917 2029 951 2100 ri,
967 2032 1072 2088 studeat
1087 2033 1264 2104 evagationes
1291 2034 1387 2089 mentis
1407 2033 1580 2107 restringere,
1599 2044 1626 2092 at
1639 2045 1715 2093 estc·

59 2119 105 2188 qui
127 2118 164 2173 sd
187 2118 288 2173 ostium
312 2125 364 2172 stat
388 2126 414 2174 et
430 2119 528 2189 pulsat,
557 2135 717 2192 quacunque
736 2121 861 2176 bornin—
917 2119 988 2176 riora
1015 2121 1109 2177 omnia
1127 2121 1261 2178 obliuisci.
1291 2122 1382 2178 Discat
1404 2122 1462 2178 sola
1493 2122 1564 2178 bona
1585 2123 1717 2181 interiora

61 2205 270 2271 traresolnerit,
286 2207 486 2276 receptaculum
501 2208 629 2262 mundum
644 2208 772 2264 inveniat.
788 2208 862 2264 Dans
917 2223 1017 2274 amara,
1045 2217 1073 2264 et
1101 2210 1145 2265 illa
1164 2210 1331 2282 frequentius
1360 2211 1488 2283 cogitare,
1515 2211 1562 2282 qni
1584 2213 1717 2268 adcoela·

59 2295 130 2349 enim
150 2295 200 2367 qui
220 2295 358 2350 munditiae
373 2306 476 2352 ametor
491 2307 549 2364 est,
565 2312 611 2353 cor
635 2297 767 2368 pollutum
782 2299 860 2354 babi-

60 2391 115 2438 tare
125 2399 182 2440 nou
198 2391 298 2455 potest.

93 2476 138 2529 ta.
159 2473 274 2528 Exterso
299 2474 380 2546 igitur
404 2476 525 2544 speculo,
547 2490 574 2530 et
595 2475 640 2529 diu
665 2475 808 2548 diligenter
822 2475 860 2530 in-

58 2569 171 2631 specto,
198 2560 293 2632 incipit
318 2562 342 2617 ei
364 2561 489 2633 quedam
512 2562 597 2618 divini
621 2563 729 2618 luminis
751 2564 860 2619 claritas

57 2649 230 2715 interlucere,
252 2661 278 2706 et
305 2651 452 2706 immensus
473 2651 583 2722 qnidam
610 2650 725 2708 insolitae
748 2652 860 2708 visionis

58 2739 149 2795 radius
167 2740 255 2795 oculis
274 2740 364 2795 cordis
380 2756 524 2811 apparere.
541 2741 581 2794 Ex
595 2740 677 2810 bajas
693 2740 799 2795 luminis
816 2742 858 2797 vi·

58 2826 132 2883 done
149 2828 256 2884 animus
269 2827 466 2896 inflammatus,
481 2828 573 2899 incipit
584 2830 684 2884 munda
700 2830 790 2885 cordis
802 2830 859 2886 acie

915 2296 995 2351 stium
1017 2297 1275 2368 contemplationem
1302 2297 1421 2366 anhelat,
1447 2298 1492 2370 qui
1519 2299 1547 2355 in
1560 2301 1715 2358 diuinorum

917 2385 1040 2441 notitiam
1054 2387 1182 2457 suspirat.
1199 2388 1322 2458 Cumque
1337 2403 1366 2443 se
1387 2387 1532 2461 diligenter
1558 2390 1713 2457 attenderit,

915 2482 943 2528 et
965 2473 1068 2529 diutius
1094 2474 1240 2544 quaesierit,
1269 2489 1330 2529 cum
1351 2477 1461 2531 tandem
1475 2475 1611 2532 invenerit
1625 2477 1713 2548 qualis
1780 2525 1783 2529 ,

914 2561 959 2628 sit,
980 2569 1064 2619 restat
1091 2571 1120 2619 ut
1148 2564 1314 2619 revelatione
1337 2562 1429 2619 divina
1447 2572 1596 2637 cognoscet
1625 2563 1713 2637 qualis

913 2665 973 2706 esse
992 2652 1101 2717 debeat,
1116 2653 1196 2723 quale
1224 2652 1319 2708 mentis
1342 2652 1486 2709 editicium
1501 2652 1559 2709 Deo
1572 2669 1711 2726 praepara·

914 2755 954 2806 re,
971 2749 998 2796 et
1012 2740 1110 2812 quibus
1121 2740 1259 2812 obsequiis
1273 2756 1335 2797 curn
1348 2741 1455 2812 placare
1469 2747 1603 2812 oporteat.

950 2830 994 2884 li.
1010 2828 1063 2896 Qui
1078 2828 1116 2884 ita
1130 2829 1304 2901 evagationes
1319 2828 1416 2884 mentis
1439 2830 1468 2884 in
1498 2845 1581 2883 unum
1596 2829 1709 2902 colligit,

58 2932 174 2987 superna
188 2927 216 2972 et
240 2917 346 2973 interna
367 2918 535 2990 conspicere,
558 2919 641 2973 Deum
664 2919 788 2992 diligere,
801 2920 858 2977 Deo
874 2912 896 2991 c
913 2926 940 2970 et
954 2932 1049 2973 ornnes
1077 2917 1167 2973 cordis
1180 2927 1268 2975 motus
1295 2916 1323 2972 in
1338 2933 1392 2972 uno
1407 2917 1563 2974 aeternitatis
1576 2917 1712 2974 desiderio

57 3004 210 3071 inhaerere,
234 3015 331 3062 cuncta
356 3022 417 3077 quae
442 3008 553 3073 adsunt,
577 3014 705 3078 tanquam
728 3023 782 3063 non
805 3007 858 3063 sint

58 3093 219 3159 musidcrat,
249 3094 354 3149 cunctis
376 3092 432 3149 suis
453 3093 641 3150 allectionibus
660 3096 804 3162 renuntiat,
830 3105 858 3153 et

60 3189 128 3237 totus
152 3181 207 3238 soli
233 3182 363 3239 incumbit
387 3183 483 3251 amori,
500 3183 588 3238 sciens
604 3183 693 3238 solum
708 3184 783 3240 illum
797 3199 858 3240 esse

59 3269 177 3340 matum,
200 3270 247 3341 qui
265 3271 351 3326 Deum
371 3282 450 3326 amat.
473 3272 557 3327 Porro
572 3272 605 3326 ad
621 3282 718 3327 tantam
743 3273 855 3345 gratiam

60 3373 196 3431 nunquam
217 3358 351 3430 pertingit
373 3374 451 3413 mens
471 3375 518 3429 per
538 3360 672 3430 propriam
687 3359 854 3416 industriam.

60 3445 103 3503 Dei
124 3447 228 3503 donum
252 3457 294 3502 est
312 3450 381 3515 hoc,
406 3464 460 3503 non
489 3449 607 3505 hominis
635 3450 773 3505 maritum.
800 3450 855 3507 Sed

61 3536 157 3609 absque
173 3534 257 3591 dubio
273 3535 353 3591 talem
378 3553 408 3592 ac
434 3545 533 3592 ιιιιιιιι
547 3536 661 3611 gratiam
683 3536 729 3592 ille
749 3537 853 3609 accipit,

60 3626 98 3695 qni
122 3624 227 3681 deserit
244 3639 336 3680 curam
359 3626 463 3690 saeculi,
488 3636 514 3681 et
538 3627 593 3701 agit
617 3641 708 3682 curam
728 3627 791 3680 aui:
809 3626 855 3697 qui

61 3712 145 3769 studet
160 3729 192 3768 se
207 3712 365 3785 frequenter
380 3713 511 3787 cogitare,
527 3725 553 3771 et
567 3715 710 3788 diligenter
725 3729 855 3787 agnosce-

60 3817 92 3871 re,
112 3802 182 3875 quid
197 3802 257 3873 ipse
279 3811 329 3860 est.
355 3803 422 3858 Redi
438 3819 504 3876 ergo
523 3804 554 3858 ad
578 3815 724 3874 cortuum,
750 3812 778 3859 et
791 3804 853 3859 dili-

61 3898 152 3960 genter
165 3889 271 3947 discute
288 3891 417 3961 teipsum.
434 3892 583 3947 Considera
596 3892 668 3948 unde
688 3892 782 3957 venis;
799 3908 853 3964 quo

911 3003 980 3078 tigit,
997 3005 1118 3075 proiecto
1132 3007 1188 3076 jam
1215 3006 1249 3062 ad
1275 3021 1323 3063 cor
1347 3022 1428 3063 suunt
1443 3005 1532 3073 rediit,
1548 3016 1575 3064 et
1598 3007 1654 3076 jam
1674 3005 1711 3061 ibi

912 3091 1027 3150 libenter
1042 3102 1170 3159 moratur,
1201 3111 1232 3152 ac
1249 3094 1410 3151 mirabiliter
1424 3095 1582 3152 delectetur.
1602 3096 1711 3152 Etcum

915 3181 1036 3252 seipsum
1050 3199 1105 3252 prae
1123 3183 1224 3256 gaudio
1241 3184 1297 3253 jnm
1311 3198 1410 3254 capere
1430 3198 1485 3240 uon
1512 3183 1610 3256 possit,
1629 3199 1711 3256 snpra

912 3270 1034 3342 scipsum
1049 3271 1168 3336 ducitur,
1184 3279 1210 3327 et
1237 3286 1285 3341 per
1312 3285 1455 3326 excessum
1473 3271 1571 3327 mentis
1584 3270 1618 3326 ad
1634 3281 1708 3327 surn-

915 3373 960 3413 ma
974 3358 1107 3424 elevatam
1136 3365 1217 3429 atque
1233 3357 1280 3411 'ita
1293 3372 1342 3429 per
1366 3357 1486 3429 seipsum
1509 3373 1592 3430 supra
1606 3367 1709 3415 semet·

910 3447 1009 3518 ipsum,
1039 3462 1089 3516 per
1115 3445 1297 3517 cognitionem
1325 3444 1424 3499 suiad
1452 3444 1635 3518 cognitionem
1660 3447 1710 3502 Dei

912 3535 1039 3602 ascendit,
1069 3541 1099 3589 ut
1130 3534 1215 3589 discat
1242 3532 1329 3589 solum
1357 3534 1441 3589 Deum
1460 3548 1560 3601 amare,
1577 3542 1604 3591 ιι
1621 3534 1708 3604 ipsum

915 3623 1105 3679 indesinenter
1119 3623 1248 3694 cogitare,
1263 3628 1290 3677 et
1299 3620 1327 3677 iu
1341 3636 1373 3678 eo
1388 3620 1585 3678 delectabiliter
1599 3622 1708 3694 requia-

911 3726 1000 3768 scera.
1018 3712 1085 3767 Cum
1102 3712 1140 3767 sic
1167 3726 1243 3767 amor
1259 3710 1357 3766 Christi
1371 3718 1455 3766 totum
1482 3711 1651 3768 absorbuerit
1664 3710 1708 3766 al·
1774 3752 1776 3757 ,

912 3800 1013 3857 lectum
1027 3799 1157 3866 bominis,
1171 3808 1201 3856 ut
1214 3799 1359 3872 negligens
1387 3805 1414 3854 ιι
1427 3797 1572 3855 immemor
1585 3799 1638 3863 eui,
1654 3813 1706 3856 non

913 3889 966 3945 nisi
981 3890 1073 3947 lesum
1089 3889 1233 3958 Christum,
1261 3896 1288 3944 et
1314 3903 1347 3944 ea
1371 3895 1510 3959 quaesunt
1532 3888 1596 3946 lesu
1610 3887 1708 3944 Christi

61 3981 158 4046 tendis;
187 3981 324 4051 mornado
344 3980 431 4048 rivis3
454 3982 520 4053 quid
542 3982 621 4054 agis;
645 3982 709 4055 qnid
736 3983 851 4049 amittis;
912 3979 1018 4048 sentiat,
1035 3987 1098 4034 tunc
1117 3979 1284 4045 demumst
1302 3976 1707 4050 arbitror,perlectaestineo

64 4079 188 4138 qnantmn
217 4069 340 4140 quotidie
364 4069 493 4139 proficis;
519 4074 560 4125 vel
591 4078 719 4142 quantum
743 4070 852 4127 deficis:
909 4064 1034 4121 charitas.
1049 4064 1706 4137 linicitaquequisicaiiectusest,nonestoue·

62 4157 152 4226 quibus
178 4157 388 4229 cogitationibus
404 4158 491 4232 magis
512 4158 676 4223 incursaris3
699 4160 796 4232 quibus
810 4160 852 4214 al·
869 4189 892 4266 n
912 4168 973 4210 rosa
995 4163 1137 4226 paupertas
1151 4156 1219 4210 :iste
1229 4168 1282 4210 non
1297 4153 1379 4210 sentit
1390 4155 1502 4225 injurias
1514 4171 1521 4206 a
1532 4153 1602 4212 ridet
1612 4169 1710 4227 oppro-

15 4296 18 4307 ,
61 4240 219 4301 laeuonibns
244 4245 412 4316 frequentias
430 4248 565 4318 tangeris;
588 4247 631 4303 rel
654 4249 753 4319 quinus
773 4257 853 4304 tenta.
908 4242 976 4310 bria,
992 4243 1140 4298 contemnit
1153 4242 1261 4309 damna,
1273 4242 1618 4312 mortemlucrumrcputat
1634 4241 1709 4298 :imo

10 4310 12 4357 !
62 4332 158 4389 tionum
173 4334 288 4390 maculis
311 4350 327 4386 a
353 4334 469 4403 maligno
489 4335 584 4405 spiritu
604 4335 691 4390 acrius
710 4337 853 4409 impugna·

61 4421 101 4479 ris.
126 4423 196 4478 Cum
228 4427 313 4478 toturn
344 4423 485 4479 interioris
513 4423 707 4495 exteriorisque
737 4424 853 4480 bominis

10 4542 13 4601 l
59 4515 152 4564 thium
167 4517 195 4564 et
208 4509 339 4577 habitum,
364 4511 390 4564 in
412 4518 539 4581 qnantum
557 4509 685 4582 possibile
707 4518 757 4575 est,
774 4511 853 4581 plene

10 4618 12 4631 ·
60 4597 228 4670 cognoveris,
243 4609 270 4654 et
287 4614 341 4655 non
366 4599 456 4656 solum
472 4599 560 4671 qualis
584 4599 629 4668 sis,
655 4599 853 4656 verumetiam

59 4688 144 4759 qualia
179 4704 239 4745 essa
267 4689 400 4746 debueras
407 4706 416 4758 3
450 4692 483 4745 de
509 4689 662 4762 cognitione
695 4689 730 4744 tui
753 4688 853 4759 poteris

57 4776 239 4833 sublevariad
261 4777 518 4848 contemplationem
542 4779 601 4834 Dei.
622 4778 759 4847 Quantum
773 4794 852 4833 naut-

55 4881 108 4935 que
122 4864 243 4938 quotidie
257 4865 285 4920 in
301 4866 455 4937 cognitione
471 4866 588 4936 proficis,
601 4874 704 4922 tantum
713 4868 748 4921 ad
758 4866 853 4922 altiora

56 4969 164 5023 semper
186 4955 283 5012 undis.
313 4955 368 5010 Sed
394 4956 450 5023 jam
471 4955 591 5011 fortassis
611 4957 775 5022 ascendisti,
796 4957 853 5026 jam

52 5043 86 5097 ad
103 5056 152 5098 cor
168 5049 243 5098 tuum
259 5043 376 5108 rediisti,
391 5051 416 5097 et
431 5043 479 5099 tibi
491 5052 562 5099 stare
582 5044 696 5102 didicisti
712 5065 719 5105 :
735 5061 785 5101 nee
802 5045 853 5101 boc

54 5129 172 5186 solliciat
194 5132 251 5187 tibi.
281 5132 361 5188 Disce
381 5131 417 5187 ibi
436 5132 567 5198 babitare,
586 5144 612 5189 et
630 5133 795 5189 mansionem
809 5132 851 5187 la-

51 5217 250 5277 arrersao
273 5229 301 5275 et
319 5220 496 5292 qualicunque
519 5222 615 5276 mentis
636 5223 778 5292 vagatione
792 5220 853 5276 inde

51 5309 210 5366 abstractus
247 5309 339 5377 fueris,
378 5311 443 5368 illuc
480 5326 588 5382 semper
618 5310 706 5366 redire
746 5309 850 5363 festina.

49 5399 168 5471 Absque
192 5400 275 5455 dublo
303 5416 352 5471 per
386 5400 498 5456 multum
518 5417 597 5456 usum
623 5397 784 5472 quandoque
807 5396 854 5452 tibi

907 4345 957 4386 nec
972 4331 1042 4388 mori
1055 4347 1084 4386 se
1110 4337 1196 4401 putat,
1221 4345 1283 4386 cum
1310 4329 1394 4403 magis
1418 4328 1451 4385 de
1467 4335 1554 4384 morte
1576 4329 1706 4387 advitam

908 4419 1020 4474 transire
1045 4436 1074 4474 se
1090 4419 1166 4475 sciat.
1183 4418 1270 4487 Quem
1283 4418 1323 4474 sic
1336 4433 1413 4474 antor
1431 4417 1482 4473 Dei
1497 4416 1657 4476 intrinsecus
1672 4419 1706 4473 li·

908 4517 1000 4580 gatum
1015 4516 1097 4577 tenet,
1114 4523 1162 4565 nec
1175 4507 1208 4562 ad
1237 4506 1373 4562 modicum
1400 4505 1510 4578 quidem
1536 4505 1610 4563 exire
1628 4515 1703 4562 exte·

908 4596 1065 4662 rinsuale13
1082 4596 1129 4651 sed
1157 4593 1271 4650 interius
1297 4593 1325 4648 in
1345 4595 1406 4663 ejus
1434 4592 1569 4650 desiderio
1596 4592 1702 4667 flagrat,

908 4693 980 4741 unte
995 4683 1120 4756 amplius,
1136 4693 1238 4756 quanto
1269 4681 1435 4753 familiarius,
1452 4691 1478 4741 et
1500 4698 1534 4740 co
1556 4684 1703 4741 uehemen-

909 4774 972 4841 tius,
988 4790 1047 4846 qun
1066 4774 1242 4845 frequentius.
1258 4773 1309 4842 Qui
1325 4772 1364 4829 sic
1393 4775 1419 4829 in
1434 4787 1525 4831 autore
1539 4773 1588 4830 Dei
1600 4773 1705 4848 iugiter

907 4864 1066 4931 delectatur,
1090 4863 1243 4934 frequenter
1258 4861 1357 4919 mentis
1379 4877 1508 4920 excessus
1529 4863 1629 4935 patitur
1644 4879 1651 4920 :
1667 4859 1704 4917 ab

908 4953 1036 5010 omnibus
1050 4953 1230 5024 presentibus
1249 4959 1277 5008 et
1295 4951 1407 5008 terrenis
1421 4960 1524 5022 raptus,
1540 4965 1632 5009 coram
1645 4947 1703 5004 Deo

910 5050 1103 5113 praesentatum
1129 5047 1156 5097 et
1178 5041 1242 5097 dum
1258 5039 1484 5112 pulchritudinem
1503 5041 1562 5109 ejus
1574 5034 1702 5094 conside·

911 5140 961 5197 rat,
983 5132 1165 5206 magnitudine
1182 5128 1389 5203 pulchritudinis
1401 5130 1460 5198 elus
1478 5126 1703 5195 attonitus,totue

909 5219 936 5276 in
953 5221 1015 5293 ejus
1028 5220 1201 5276 admiratione
1213 5216 1395 5288 suspenditur.
1421 5215 1532 5271 iliratur
1545 5213 1627 5286 liegis
1641 5210 1702 5287 glo-

912 5308 991 5377 riam,
1008 5308 1083 5382 regni
1110 5305 1346 5380 magnificentiam,
1376 5317 1501 5374 supernae
1526 5301 1642 5360 civitatis
1656 5317 1705 5357 no·

918 5397 1059 5465 bilitatent,
1074 5401 1100 5449 et
1113 5393 1212 5452 urium
1231 5391 1398 5457 felicitatema
1413 5390 1610 5464 contemplatur
1621 5389 1701 5448 etiam

48 5495 191 5546 vertetur
212 5486 240 5542 in
259 5489 508 5547 oblectamentum:
535 5491 562 5545 in
585 5496 685 5546 notum
705 5496 734 5544 nt
756 5486 859 5561 absque
917 5485 1171 5560 glariaadecorem,
1197 5481 1247 5542 Dei
1261 5480 1419 5552 munem,
1433 5477 1703 5541 internesnavitatis
