3706 5962
70 221 140 280 1285
641 221 739 286 titan
760 225 802 284 btt
820 226 909 286 nobe
932 224 1015 284 BENE
1036 221 1180 282 tlttttbl.
1649 218 1718 281 1286

66 345 243 420 simplicitati,
264 347 413 403 seeundum
432 349 504 420 quod
528 348 565 404 ait
584 351 726 421 propbeta,
742 353 866 409 columba
881 368 905 447 g
919 352 1031 407 Etsieut
1048 349 1138 406 sirena
1151 363 1201 421 per
1216 363 1315 406 suaves
1338 347 1487 404 cantilenas
1501 346 1571 405 solet
1582 345 1718 420 nauigan-

67 446 111 491 est
124 435 243 504 seducta,
254 451 308 491 non
323 434 426 492 babens
436 452 482 493 eor
508 437 586 509 (Osee
599 454 650 510 rra,
667 444 722 509 ll).
739 441 792 498 Sed
804 441 866 497 ideo
921 449 962 496 tes
974 453 1080 495 marea
1105 446 1177 492 reete
1198 435 1294 491 itinere
1320 434 1438 502 deviare,
1454 442 1533 508 atque
1546 434 1574 489 in
1588 433 1720 506 perditio-

66 530 109 578 est
123 525 257 592 columba,
272 523 336 594 quia
352 524 465 595 simplex
490 544 497 579 :
523 526 696 596 ideoautem,
718 528 869 585 nonhabet
920 545 983 584 nem
1017 528 1178 598 perducere;
1199 525 1236 580 ita
1258 525 1396 580 saecularis
1423 525 1520 581 femina
1543 540 1590 594 per
1619 521 1718 579 blanda

67 626 123 679 eor,
143 612 275 691 quianon
298 613 378 669 babet
392 613 572 684 prudentiam.
590 616 701 677 lterum,
716 618 869 674 sororelra·
921 617 1046 672 verbane
1066 613 1230 677 seductoria,
1253 610 1321 668 solet
1347 613 1406 667 Deo
1433 611 1580 669 servientes
1594 628 1610 668 a
1624 617 1718 667 sancte

68 701 182 768 rissima,
200 710 225 757 te
240 716 349 770 moneo,
360 712 390 759 ut
403 703 431 757 in
444 704 527 760 eorde
543 713 589 760 tuo
604 719 742 774 praepares
756 705 866 777 dignum
921 703 1059 776 preposite
1079 700 1166 759 816
1179 701 1326 772 retrabere,
1341 709 1368 756 et
1387 703 1414 756 in
1438 701 1587 772 perieulum
1613 700 1718 757 anima·

68 788 247 846 babitaculum
278 790 397 860 Christe,
422 801 555 863 quatenns
582 792 639 862 ipse
667 795 778 850 veniens
804 809 866 850 eum
920 809 980 848 rum
999 807 1108 847 suarum
1135 791 1291 862 perducere.

69 876 145 932 Patre
168 884 194 933 et
214 877 313 948 Spiritu
328 887 423 935 saneto
437 880 564 955 dignetur
577 880 648 952 apud
663 890 688 937 te
702 883 867 940 mansionem
958 885 1020 938 aas.
1040 880 1136 955 Igitur,
1156 895 1233 936 soror
1256 880 1354 935 dilecta
1374 879 1440 934 mibi
1466 879 1493 933 iu
1510 877 1630 949 Christo,
1654 876 1719 950 fuge

66 964 118 1019 sibi
133 963 259 1022 faeereiu
273 966 414 1023 domicilio
429 968 468 1023 tui
484 969 610 1040 pectoris.
626 970 722 1029 Amen.
751 975 753 978 ’
920 977 1014 1026 cantus
1027 969 1187 1037 sirenarum,
1198 984 1230 1023 ne
1245 968 1308 1024 dum
1328 968 1473 1023 delectaris
1488 968 1582 1022 audire
1593 967 1718 1024 detecta·

137 1055 215 1120 LVII.
230 1085 266 1099 -
276 1059 314 1113 be
328 1060 397 1129 sepe
423 1060 579 1117 mulierum
603 1060 794 1117 secularium
919 1066 1010 1114 menta
1025 1067 1142 1122 terrena,
1157 1074 1173 1112 a
1187 1063 1259 1113 reete
1272 1056 1368 1112 itinere
1388 1056 1525 1112 avertaris.
1553 1053 1626 1125 Quid
1645 1054 1717 1111 enim

104 1145 170 1199 138.
198 1143 361 1201 charissima
374 1160 463 1216 seror,
494 1149 554 1218 luge
568 1146 726 1202 societatem
751 1148 866 1205 saecnla·
919 1146 1079 1203 sontverba
1093 1145 1261 1202 saecularium
1285 1142 1429 1200 muliorum
1459 1143 1510 1198 uisi
1534 1151 1629 1200 mutus
1647 1142 1717 1199 sire.-

66 1229 137 1285 rinm
152 1231 307 1290 mulierum.
328 1233 478 1291 Saeculares
490 1235 608 1307 lemiuae,
634 1251 693 1306 quae
709 1246 797 1293 tecum
812 1252 867 1293 non
919 1240 1038 1292 narum?
1052 1235 1125 1306 Ergo
1143 1242 1238 1293 cantus
1261 1233 1358 1289 sirenae
1379 1231 1444 1305 fuge
1462 1238 1489 1288 et
1503 1247 1520 1287 a
1535 1230 1630 1304 lingua
1648 1230 1719 1288 rnala

67 1316 167 1375 habent
192 1335 274 1375 unam
288 1319 495 1392 professionem,
524 1339 579 1380 neu
603 1322 731 1379 accedant
744 1323 778 1376 ad
795 1335 867 1377 tuam
920 1324 1058 1382 suadentia
1086 1324 1205 1381 mulieris
1227 1339 1320 1394 separa
1352 1337 1430 1378 aures
1458 1329 1529 1377 tuas.
1554 1320 1599 1376 Sic
1612 1319 1719 1377 declina

67 1405 232 1473 societatem,
255 1408 319 1481 qnia
342 1412 414 1481 quod
438 1423 530 1468 amant
553 1415 604 1478 bae,
632 1412 679 1468 tibi
711 1411 866 1483 praedieant.
921 1414 1001 1470 rerba
1024 1413 1159 1470 secularia
1181 1412 1314 1480 mulieris,
1346 1410 1425 1483 quasi
1455 1410 1548 1466 sibiles
1573 1408 1717 1480 serpentis.

66 1494 134 1551 Ecce
150 1496 223 1568 qued
237 1497 363 1570 diligunt,
392 1499 440 1554 tibi
466 1499 559 1556 dieunt
574 1518 581 1554 :
598 1501 659 1555 ideo
685 1499 768 1555 debes
782 1498 868 1556 vitare
921 1503 1037 1560 &vene
1050 1502 1120 1560 sicut
1131 1517 1243 1574 serpeus
1257 1500 1362 1571 decepit
1379 1499 1521 1556 mulierem
1535 1498 1562 1555 in
1581 1497 1717 1572 paradiso,

67 1584 224 1640 societatem
247 1586 418 1643 saecularium
452 1588 624 1656 feminarum,
649 1588 710 1659 quia
738 1588 866 1644 ειεειιΙιιιιι
921 1590 958 1647 ita
972 1601 998 1647 te
1013 1590 1129 1664 decipiat
1143 1605 1276 1649 venenosa
1290 1588 1382 1659 lingna
1404 1589 1474 1644 male
1497 1586 1635 1644 suadentis
1657 1602 1719 1643 mu·

65 1671 192 1743 diligunt,
221 1681 249 1729 et
283 1675 318 1731 de
347 1676 524 1732 saecularibus
560 1677 727 1749 loquantum
757 1684 865 1732 terrena
882 1647 1034 1736 Bitensia
1051 1675 1719 1752 monasterio.llidenemulierranaetgnrrula

65 1768 166 1826 amant,
199 1760 261 1817 ideo
281 1771 389 1819 terrena
417 1766 465 1819 tibi
496 1765 676 1838 annuutiaut;
711 1766 866 1822 transitoria
918 1767 1042 1825 infundat
1068 1768 1095 1824 in
1118 1783 1197 1824 aures
1226 1776 1285 1824 tuas
1315 1765 1412 1822 mertis
1438 1780 1551 1822 venena.
1585 1766 1656 1823 Care
1684 1779 1718 1821 ne

65 1849 274 1922 concupiscunt,
300 1859 328 1907 et
354 1853 416 1909 ideo
442 1854 469 1908 in
495 1856 609 1910 auribus
635 1855 688 1910 tuis
712 1854 866 1911 transitoria
921 1871 997 1912 mors
1011 1858 1091 1913 intret
1110 1872 1160 1927 per
1178 1856 1310 1913 fenestras
1325 1864 1396 1924 tuas,
1412 1854 1440 1910 id
1454 1862 1505 1927 est,
1520 1869 1570 1928 per
1583 1853 1679 1910 ocules
1691 1860 1718 1910 et

65 1946 212 2008 exponunt.
242 1941 288 1997 Sic
303 1941 373 1997 enim
401 1944 533 2014 scriptum
553 1950 643 1999 est2«
672 1945 866 2017 Unusquisque
920 1961 1000 2003 aures
1019 1954 1080 2001 tuas
1094 1943 1255 1999 inanimam
1270 1951 1356 2001 tuam.
1374 1943 1457 1999 Soror
1469 1942 1643 2008 venerabilis,
1656 1955 1716 1995 enm

65 2026 116 2082 ¹¹⁰⁰
135 2025 225 2082 ¹f¹¹d³i
239 2029 312 2098 fl¹¹⁰d
326 2029 424 2103 diligit.
442 2051 455 2079 ·
470 2031 503 2085 Ei
517 2030 579 2086 ifl⁰0
602 2032 740 2087 laetulttis
768 2032 866 2089 femina
918 2035 1022 2095 videris
1034 2033 1173 2090 mulierem
1197 2032 1331 2104 disparem
1350 2031 1390 2088 tui
1403 2029 1547 2104 propositi,
1573 2031 1648 2087 muni
1671 2043 1718 2086 eor

64 2116 194 2171 saeeulnm
224 2117 328 2182 laudnt,
355 2116 419 2189 qnia
440 2118 569 2174 saeculum
599 2119 686 2191 diligit
717 2128 812 2178 :certe
842 2120 866 2176 si
920 2130 997 2180 tuum
1008 2130 1085 2179 scuto
1115 2120 1193 2188 lidei3
1218 2130 1243 2177 et
1270 2125 1364 2175 eontra
1389 2134 1450 2175 eam
1478 2119 1600 2189 trepbaeo
1627 2114 1717 2172 eureis

64 2204 186 2260 eoelestia
201 2203 336 2278 diligeret,
348 2206 469 2264 eoelestia
492 2206 623 2264 laudaret.
652 2207 716 2265 Sine
734 2208 827 2280 dubio,
843 2209 866 2265 si
919 2229 994 2268 arma
1003 2211 1118 2266 frontem
1140 2215 1225 2265 tnam.
1250 2210 1366 2266 lloneata
1390 2221 1477 2277 soror,
1501 2206 1530 2263 in
1558 2207 1610 2262 bec
1628 2203 1717 2262 solunt

64 2293 186 2349 coelestia
200 2301 311 2362 amaret,
323 2294 445 2352 eoelestia
458 2297 630 2368 approbaret,
658 2297 779 2354 eoelestia
794 2314 865 2371 prae-
919 2317 981 2359 eum
994 2300 1109 2355 muliere
1123 2297 1248 2354 saeenlari
1270 2295 1393 2353 concedo
1421 2293 1469 2351 tibi
1495 2292 1672 2365 colloquium,
1687 2297 1718 2346 ut

64 2379 165 2438 dicaret
184 2398 191 2436 ε
212 2380 354 2439 siaeterna
371 2384 586 2456 concupisceret,
603 2397 702 2443 aeterna
733 2387 781 2442 tibi
801 2403 866 2444 sna·
919 2388 1020 2447 sanctis
1039 2387 1272 2443 admonitionibus
1288 2385 1403 2442 suadeas
1428 2383 1467 2438 illi
1496 2382 1715 2456 relinqueresne-

62 2468 150 2528 deret.
162 2470 195 2525 Et
208 2471 283 2538 ideo,
304 2487 392 2539 seror,
407 2488 505 2530 moneo
520 2481 555 2544 te,
581 2483 610 2530 ut
629 2477 786 2533 societatem
814 2493 866 2534 sae·
919 2478 1020 2545 culum,
1037 2486 1063 2533 et
1084 2477 1176 2534 venire
1204 2476 1238 2530 ad
1263 2472 1465 2530 monasterium.
1491 2471 1520 2526 ln
1548 2471 1601 2529 hee
1627 2469 1717 2525 solnm

63 2558 196 2615 cularium
211 2559 370 2618 feminarum
384 2564 502 2635 expellas
517 2580 534 2620 a
549 2574 584 2622 te.
600 2567 691 2636 Quare
706 2567 865 2637 fQuiaeor·
919 2574 1022 2624 nutum
1037 2567 1072 2622 do
1087 2565 1135 2622 tibi
1164 2563 1298 2621 licentiam
1312 2560 1440 2635 loquendi
1454 2577 1516 2618 cnm
1529 2559 1623 2617 saeculi
1636 2557 1717 2616 femi-

63 2656 192 2719 rumpnnt
233 2649 321 2707 bones
345 2667 437 2709 meres
464 2655 600 2727 colloquia
631 2656 702 2712 mala
730 2665 757 2714 et
783 2674 866 2729 prava
918 2672 951 2713 na
966 2664 995 2713 ut
1009 2655 1117 2722 doceas,
1133 2669 1193 2712 eam
1212 2651 1351 2724 despicere
1366 2660 1483 2716 terrena,
1508 2654 1641 2706 etamare
1657 2663 1716 2704 cee-
1777 2642 1780 2647 ’

62 2737 90 2807 (l
104 2737 166 2796 Cer.
180 2753 231 2810 av,
257 2741 313 2808 33).
329 2739 400 2810 Quid
429 2742 490 2799 facit
510 2759 580 2801 uxor
603 2745 654 2800 riri
676 2760 740 2802 cnm
766 2762 866 2818 sponsa
918 2745 1142 2816 lestia,etetiam
1171 2742 1245 2798 exire
1267 2740 1301 2797 de
1329 2740 1442 2811 saecnlm
1470 2750 1498 2795 et
1525 2736 1628 2796 servire
1650 2736 1716 2793 lleo.

62 2824 179 2883 Christil
205 2835 253 2882 ant
267 2828 333 2899 qnid
362 2830 419 2903 agit
447 2832 544 2888 mulier
568 2844 652 2902 nupta
679 2850 741 2890 cnm
760 2834 865 2910 virgine
918 2835 995 2901 ltem,
1016 2840 1047 2890 nt
1069 2848 1118 2901 per
1133 2843 1206 2890 tuam
1230 2829 1423 2887 allocutionem
1450 2826 1606 2884 transitoria
1623 2824 1719 2896 despi-

62 2911 120 2968 Dee
135 2913 326 2987 devotafquid
337 2917 365 2973 iu
375 2933 457 2974 unum
469 2920 525 2992 agit
542 2922 681 2978 saecularis
695 2922 865 2980 seminecum
880 2923 902 3002 c
919 2923 973 2979 ciat
988 2929 1014 2979 et
1024 2932 1125 2978 aeterna
1150 2920 1331 2992 concupiscat.
1347 2919 1430 2976 Soror
1456 2917 1624 2984 charissima,
1640 2913 1663 2969 si
1682 2913 1719 2969 ita

62 3000 162 3057 Christi
187 3007 309 3074 speusa‘l
331 3006 395 3077 quid
425 3007 480 3079 agit
508 3009 608 3065 femine
638 3011 773 3067 saecularis
800 3028 862 3070 eum
917 3011 1024 3080 feceris,
1040 3011 1111 3068 sieut
1130 3008 1184 3065 diri
1200 3008 1310 3081 tibi3et
1334 3015 1360 3063 te
1390 3006 1416 3062 iu
1431 3007 1484 3063 bec
1505 3004 1604 3061 ειεοιιΙο
1619 3020 1634 3059 a
1648 3000 1720 3058 malo

62 3090 257 3147 sanctimoniali
282 3093 417 3150 feminei
444 3098 488 3153 vel
516 3098 582 3171 qnid
598 3100 655 3171 egit
681 3100 780 3157 femina
800 3116 862 3174 quae
916 3101 1064 3167 custodies,
1081 3108 1110 3157 et
1123 3100 1152 3154 in
1164 3100 1282 3155 luturea
1297 3096 1414 3153 Domino
1438 3109 1566 3153 eoronam
1593 3093 1622 3148 in
1649 3089 1718 3148 eoelo

61 3179 193 3234 mundum
220 3180 318 3253 diligit,
348 3198 409 3239 cnm
440 3183 620 3258 feminaque
641 3190 770 3247 mnndum
794 3191 861 3246 reli·
916 3189 1042 3261 recipies.
1052 3190 1150 3245 Amen.

60 3265 120 3339 quit
133 3267 147 3325 f
160 3268 226 3340 qnid
241 3270 298 3342 agit
312 3271 411 3326 femina
424 3273 549 3329 maritata
569 3289 628 3330 eum
648 3278 765 3333 muliere
784 3277 862 3332 Cbri-
1025 3275 1116 3330 Llllll.
1133 3277 1171 3330 lie
1184 3271 1307 3330 cauendo
1321 3273 1448 3330 virorem
1459 3273 1610 3327 conantio.

60 3363 104 3411 sto
118 3355 236 3414 dilecta?
250 3358 314 3431 quid
328 3373 391 3433 quae
405 3367 478 3416 amat
499 3362 596 3432 virum,
612 3379 675 3420 eum
688 3381 721 3421 ea
743 3380 803 3437 quae
816 3365 862 3421 di·
953 3365 1016 3421 ato.
1031 3365 1114 3421 Soror
1127 3361 1295 3426 charissima,
1312 3359 1335 3416 si
1359 3367 1435 3416 tante
1453 3357 1542 3415 studio
1571 3356 1660 3428 fugies
1675 3357 1718 3414 fa·

60 3443 121 3518 ligit
134 3446 299 3506 christum?
317 3449 427 3504 Femina
449 3463 511 3520 qum
530 3459 605 3506 tuum
626 3453 791 3524 propositum
807 3469 863 3509 non
916 3452 1013 3523 minas,
1037 3460 1138 3525 quante
1162 3449 1249 3521 magis
1267 3447 1352 3504 debes
1366 3446 1460 3519 iugera
1475 3445 1571 3504 riresf
1585 3451 1612 3501 et
1625 3445 1650 3502 si
1663 3453 1717 3502 ιιιιιι

60 3541 143 3606 ιειιει,
167 3550 249 3608 qnare
262 3536 299 3591 ad
323 3545 395 3593 tuam
420 3537 576 3596 societatem
598 3542 700 3598 reniti
723 3541 863 3599 saecularis
918 3540 1032 3597 sollicite
1044 3539 1142 3596 vitabis
1157 3537 1312 3596 societatem
1329 3535 1484 3602 mulierum,
1507 3541 1609 3605 quante
1631 3533 1717 3605 magis

59 3621 237 3696 feminaque
251 3640 307 3682 nen
335 3626 417 3683 babet
435 3637 510 3684 tunm
529 3628 659 3698 habitum,
685 3646 768 3703 quare
782 3645 862 3689 acee-
916 3629 1000 3686 vitare
1016 3630 1101 3685 debes
1116 3627 1272 3685 societatem
1298 3624 1445 3682 virorum?
1471 3629 1500 3681 et
1513 3621 1537 3679 si
1551 3627 1626 3679 tanta
1649 3635 1717 3679 cura

59 3710 101 3765 dit
123 3711 157 3767 ad
185 3720 261 3770 tuum
285 3716 477 3774 consortium?
503 3719 641 3777 secularis
671 3719 770 3777 femina
797 3720 863 3793 quid
917 3717 1151 3774 confabulationes
1178 3715 1338 3773 feminarum
1354 3710 1513 3779 declinabis,
1535 3717 1637 3785 quante
1656 3725 1716 3766 ma-

59 3806 145 3855 teenm
159 3803 225 3875 agit,
241 3820 303 3874 quae
322 3811 412 3864 tecum
432 3807 533 3879 iugum
561 3808 661 3866 Christi
687 3824 743 3865 nen
763 3808 862 3866 ducit?
917 3807 960 3884 gis
974 3806 1149 3878 deceptiones
1163 3807 1282 3862 virorum
1295 3801 1434 3861 declinare
1458 3801 1540 3858 debes
1551 3801 1603 3857 fet
1616 3799 1640 3857 si
1654 3807 1716 3856 tau·

58 3886 158 3944 simini
172 3906 233 3961 (11¹ae
252 3900 340 3949 tecum
363 3896 432 3969 jngo
460 3897 559 3954 Christi
582 3897 685 3956 collum
713 3912 768 3955 nen
791 3900 856 3955 snb·
914 3906 1010 3970 topere
1033 3911 1114 3955 auree
1143 3902 1202 3951 tuas
1225 3891 1363 3966 separabis
1384 3907 1400 3947 a
1425 3889 1518 3949 verbis
1545 3886 1718 3959 feminarum,

58 3975 142 4043 misit,
163 3993 246 4050 quare
260 3981 293 4035 ad
318 3991 392 4038 tuum
419 3987 587 4060 colloquium
614 3987 741 4046 aceedit?
762 3988 860 4060 bispar
915 3984 1121 4059 quantomagis
1135 3983 1280 4041 easdabes
1295 3995 1421 4054 separare
1436 3994 1453 4035 a
1467 3976 1628 4036 seductoriis
1641 3978 1716 4037 rire·

57 4070 101 4119 εει
115 4064 220 4134 babitu,
235 4067 328 4139 dispar
351 4070 466 4129 affeetu:
483 4081 510 4128 et
525 4075 593 4131 sieut
617 4077 707 4150 dispar
721 4087 761 4135 est
774 4077 859 4136 resti·
914 4091 975 4133 rum
990 4075 1105 4132 verbis?
1118 4075 1202 4131 Soror
1223 4070 1288 4129 mibi
1303 4072 1331 4127 in
1358 4067 1465 4126 Christe
1488 4066 1595 4139 dilecta,
1618 4077 1716 4123 monae

57 4159 160 4224 mente,
185 4153 221 4210 ita
245 4155 345 4215 anime.
375 4159 471 4217 llulier
496 4164 632 4220 saecularis
656 4179 790 4238 organum
817 4173 859 4223 eat
917 4173 953 4232 te,
974 4164 1057 4223 utrir
1071 4161 1194 4234 quamvis
1213 4160 1250 4216 sit
1273 4168 1393 4224 sanetus,
1411 4155 1509 4213 nnllam
1526 4164 1613 4211 ιιιιιειι
1627 4159 1719 4215 tetum

56 4248 168 4311 satana,
185 4244 249 4301 llaec
267 4254 356 4303 cantat
369 4247 417 4302 tibi
431 4249 504 4320 qued
519 4250 661 4309 illecebras
683 4256 777 4310 eaeeuli
796 4270 859 4312 me·
876 4205 899 4283 Β
916 4255 1014 4309 babeat
1025 4252 1191 4308 societatem.
1218 4248 1292 4303 Licet
1305 4246 1341 4302 sit
1360 4252 1469 4302 sauctus
1493 4250 1521 4299 et
1531 4244 1638 4312 ‚justum
1651 4241 1717 4298 nnl-

56 4338 127 4400 veat,
152 4341 179 4389 et
206 4335 315 4391 semitas
333 4336 433 4394 diaboli
471 4339 605 4411 ostendat,
636 4341 705 4398 sieut
730 4342 856 4416 legiruns.
915 4342 969 4397 lam
980 4351 1069 4396 mcum
1083 4339 1181 4393 babeat
1197 4333 1426 4405 familiaritatem
1443 4332 1567 4404 quamvis
1588 4332 1624 4389 sit
1650 4332 1713 4389 reli·

56 4419 152 4476 Sirena
172 4423 253 4480 maris
267 4426 328 4482 talis
351 4435 392 4482 est
416 4445 523 4487 sursum
552 4450 585 4489 ex
608 4431 745 4502 umbilico,
769 4433 857 4505 qualis

55 4509 235 4579 pulcherrima
263 4521 291 4570 et
313 4515 433 4574 formosa
458 4519 534 4591 virge
559 4541 565 4576 :
587 4522 620 4577 ab
646 4523 773 4580 ombilico
791 4537 856 4579 vero

55 4602 191 4671 usquead
215 4603 297 4673 pedes
310 4605 372 4663 talis
396 4608 465 4664 sieut
486 4619 528 4666 eat
541 4610 634 4682 piscis.
655 4611 750 4669 Sirena
776 4611 856 4669 habet

54 4695 136 4759 eaput
164 4691 286 4765 virginis,
312 4701 340 4751 et
367 4697 518 4768 posteriora
541 4699 634 4770 piscis.
660 4701 755 4757 Cantat
774 4688 855 4758 dulce

54 4779 162 4850 maguis
175 4780 299 4853 vocibus,
318 4792 345 4839 et
360 4786 453 4842 multis
467 4788 595 4859 modulis,
611 4799 692 4862 atque
711 4805 772 4847 cnm
793 4807 853 4848 ma·

52 4880 107 4937 gna
121 4867 264 4925 dulcedine
288 4870 334 4925 dat
354 4888 440 4930 voces
454 4878 622 4936 concordes:
652 4879 699 4934 sed
727 4894 777 4951 per
790 4895 854 4936 suas

53 4955 145 5010 dulces
159 4958 305 5015 cantilenas
320 4976 392 5033 saepe
405 4964 563 5022 marinarios
586 4965 696 5038 decipit,
721 4976 748 5024 et
762 4969 792 5023 in
809 4967 853 5023 di·

52 5042 168 5101 serimeu
208 5049 341 5119 perducit.
367 5051 444 5123 Saepe
471 5062 561 5110 nautae
593 5055 754 5132 navigantes
780 5073 854 5114 mare

53 5132 148 5190 dulces
163 5136 277 5193 audiunt
287 5154 365 5196 voces
376 5139 540 5216 sirenarum,
555 5152 581 5201 et
595 5161 643 5215 per
664 5147 758 5204 dulces
772 5160 854 5204 voees

52 5230 80 5278 et
99 5237 197 5279 suares
210 5233 305 5281 cantus
328 5242 422 5284 earnm
442 5230 623 5303 decipiuntur,
646 5242 674 5291 et
690 5234 724 5290 ad
742 5235 855 5294 mortale

52 5309 203 5382 perieulum
240 5316 431 5385 perducuntur.
462 5319 537 5378 Sient
572 5321 664 5380 sirena
696 5339 745 5397 per
763 5325 855 5383 dulces

52 5404 151 5456 cantus
159 5397 260 5472 deripit
284 5404 453 5478 marinarios,
467 5407 506 5465 ita
519 5410 659 5468 saecularis
685 5411 784 5471 femina
807 5429 855 5486 per

54 5502 123 5545 snos
136 5488 307 5563 deceptorios
327 5504 470 5554 sermones
486 5497 596 5571 ‚decipit
617 5500 717 5560 Christi
741 5517 850 5565 serves.

912 4430 1018 4504 giosua,
1040 4429 1140 4484 nullam
1150 4433 1240 4484 tecum
1258 4423 1355 4480 babeat
1369 4421 1574 4490 assiduitatem
1589 4422 1714 4493 quamvis

911 4519 945 4577 sit
960 4520 1059 4589 bonus,
1075 4517 1177 4572 nullam
1191 4523 1281 4571 teenm
1305 4513 1403 4569 babeat
1429 4509 1537 4569 nitendi
1557 4507 1711 4586 jugitatem.

911 4607 1028 4680 Quare?
1046 4607 1088 4662 Ne
1102 4603 1229 4662 visitandi
1248 4600 1425 4657 familiaritate
1451 4599 1592 4671 utriusque
1619 4607 1712 4672 pereat

911 4697 1029 4763 castitas,
1045 4711 1078 4751 ue
1103 4693 1212 4750 ridendi
1233 4688 1449 4765 frequentatione
1472 4689 1615 4761 uniusque
1639 4687 1713 4746 auni-

911 4786 1167 4855 biletnrbonestas3
1181 4798 1216 4839 ue
1238 4779 1347 4838 videndi
1359 4778 1479 4853 iugitate
1501 4777 1643 4851 utriusque
1664 4793 1712 4834 re-

909 4876 1043 4950 ligiositas
1056 4873 1256 4942 infamemque
1272 4867 1380 4926 vivendi
1407 4884 1457 4924 usu
1485 4867 1627 4941 utriusque
1645 4881 1709 4939 par-

908 4982 977 5024 sona
990 4966 1192 5021 dehonestetur.
1208 4959 1319 5018 Decidat
1332 4973 1348 5023 a
1371 4956 1501 5015 charitate
1524 4957 1585 5028 Dei,
1599 4955 1647 5027 qni
1660 4969 1710 5013 ee·

909 5057 1048 5114 easiouem
1067 5052 1173 5108 dederit
1190 5047 1334 5124 peccandi.
1362 5046 1474 5104 Demdm
1487 5044 1598 5105 edema
1621 5044 1709 5104 chari·

909 5150 962 5200 tate
978 5141 1104 5214 proximi,
1134 5140 1181 5213 qui
1203 5138 1377 5197 occasionem
1401 5136 1548 5210 praebuerit
1574 5133 1644 5194 male
1665 5132 1708 5195 it·

907 5231 1017 5291 ciendi:
1035 5232 1098 5305 quia
1120 5230 1170 5287 etsi
1188 5229 1257 5286 male
1282 5243 1337 5285 nou
1350 5226 1518 5298 faeitepere,
1532 5232 1623 5282 tamen
1650 5223 1707 5296 epi·

911 5321 1020 5380 aionem
1049 5319 1193 5394 pessimam
1215 5317 1310 5376 nutrit.
1348 5317 1397 5374 l’er
1424 5314 1608 5373 assiduitatem
1633 5328 1708 5387 sepa

909 5417 1006 5485 peccat
1019 5410 1110 5468 bomo.
1127 5409 1206 5482 Saepe
1226 5405 1393 5465 familiaritas
1416 5403 1508 5472 vincit,
1529 5418 1599 5478 ques
1611 5401 1708 5465 mium

910 5517 1040 5574 superare
1049 5514 1106 5561 nun
1118 5499 1217 5575 potnit.
1232 5498 1314 5572 sepe
1330 5495 1439 5555 naenia
1447 5493 1581 5568 peccandi
1603 5493 1706 5559 velan-
