3706 5962
172 184 225 244 335
789 173 944 237 GUIGONIS
961 173 1216 237 ctflthdstttltsts
1770 183 1823 244 336

167 309 346 385 propositum
367 306 468 380 pretim
492 303 541 360 Dei
556 303 645 374 (Rom.
663 318 704 369 rr,
726 306 762 372 5).
780 303 889 361 Utinam
907 315 967 356 cunt
983 312 1007 391 Α
1023 314 1070 355 cor
1082 299 1182 370 levare,
1199 301 1374 373 spiritualiter
1386 315 1477 371 orare,
1491 315 1508 355 a
1522 301 1685 375 corporibus
1697 303 1745 364 vel
1757 321 1820 364 cor·

167 398 329 470 peccatrice,
352 395 394 451 cui
404 392 517 448 multum
540 390 680 446 dimissum
695 401 752 455 est,
773 391 837 464 quia
852 389 968 445 multum
1022 403 1119 459 porum
1146 389 1320 466 imaginihus,
1349 405 1410 445 cum
1435 390 1520 445 Deum
1547 390 1661 465 cogitat,
1688 403 1822 466 quantum

166 487 260 543 dilexit
274 487 424 558 (imru,
440 482 503 551 ll),
523 487 551 535 et
578 479 656 535 beata
682 478 771 534 anima
799 478 850 534 hoc
866 475 968 546 jndicio
1023 483 1112 544 potest
1136 479 1276 536 recedere.
1304 477 1500 535 admouendus
1527 485 1569 534 est
1597 489 1699 553 quauta
1733 490 1825 554 potest

165 576 236 648 apud
259 574 345 629 Deum
368 569 499 627 meruerit
510 566 661 638 justificari,
676 567 777 637 judicio
801 565 968 637 diligentium
1023 565 1137 636 puritate
1164 566 1256 623 cordis
1278 566 1421 623 intendere
1453 566 1481 620 iu
1512 582 1587 635 eum,
1627 570 1673 625 cui
1715 571 1824 628 sacrifi.

166 679 267 720 nomen
282 659 400 727 Domini,
418 657 560 713 utomissa
574 655 648 710 cinni
660 655 765 724 justitia
789 669 914 726 operum,
941 660 969 708 et
1022 650 1092 707 mum
1107 655 1240 710 orationis
1253 670 1310 710 suae
1324 653 1423 711 ollert:
1457 670 1486 710 se
1515 654 1603 726 ipsum
1617 657 1764 716 attendere
1777 660 1824 734 qui

165 751 264 808 fiducia
291 748 456 813 meritorum,
490 746 517 801 in
545 745 597 801 hoc
621 744 680 800 solo
698 741 875 813 justificetur,
904 756 970 814 quo
1021 740 1113 802 oilert.
1128 742 1282 815 intelligere
1295 745 1367 816 quod
1378 743 1475 801 ollert:
1496 756 1624 817 quautum
1638 747 1714 804 euim
1728 750 1820 816 videt,

165 841 238 896 uiam
252 839 347 895 dilexit
376 835 498 891 multum.
523 833 592 889 Nam
607 835 634 888 in
656 830 796 907 diligendo
820 840 857 899 te,
882 831 967 910 Deus,
1021 828 1587 901 veliutclligiteumcuioilert,tautumei
1603 832 1632 889 iu
1652 834 1821 904 ailmtuest,

165 929 307 985 retributio
322 941 421 999 magna
439 930 482 979 est
496 923 619 995 diligenti
633 920 809 978 conscientiae
826 920 885 992 ipsa
899 918 967 974 dile-
1021 917 1083 973 etei
1094 933 1171 974 amor
1184 919 1242 990 ipse
1266 928 1308 976 est
1322 919 1491 989 intellectum
1507 928 1695 996 quantumque
1715 924 1777 997 ipse
1794 926 1822 983 ai

164 1018 219 1075 ctio
233 1025 288 1082 tun,
303 1015 478 1072 deiudevero
493 1013 548 1069 vita
558 1017 670 1068 aeterna.
687 1010 741 1079 Sic,
757 1010 865 1073 iratres,
880 1010 964 1063 obse·
1018 1005 1324 1078 inallectuest,tantum
1343 1008 1414 1079 sapit
1434 1008 1461 1062 ei
1488 1009 1540 1064 hoc
1556 1009 1645 1082 ipsum
1668 1011 1820 1086 sidignam

163 1122 209 1163 cro
229 1122 287 1173 vos,
311 1121 365 1160 nou
394 1118 556 1159 excusemus
571 1117 631 1168 nos,
647 1100 695 1156 sed
722 1114 880 1156 accusemus
901 1111 962 1164 uos,
1018 1092 1076 1149 Deo
1089 1095 1212 1167 estquod
1222 1094 1323 1152 offeri:
1346 1105 1374 1151 et
1396 1095 1424 1150 in
1437 1111 1471 1151 00
1486 1097 1538 1152 sibi
1554 1098 1626 1155 bone
1640 1107 1693 1156 0⁸⁸·
1715 1100 1819 1171 Huius-

163 1203 192 1250 ep
205 1193 393 1251 confiteamur,
418 1193 452 1248 Ei
466 1192 512 1263 qui
527 1189 747 1261 magnihomiuis
775 1188 911 1252 umbram,
936 1196 966 1242 et
1018 1181 1091 1236 modi
1106 1181 1208 1239 homiui
1221 1183 1310 1239 oranti
1323 1184 1365 1239 vel
1386 1183 1538 1252 meditanti,
1558 1185 1656 1244 melius
1673 1202 1705 1246 tc
1724 1190 1819 1257 mous,

165 1284 308 1353 personale
336 1281 473 1354 quoddam
498 1280 658 1355 figmentum
686 1277 863 1350 perlectionis
891 1275 964 1348 apud
1017 1269 1086 1326 sicut
1104 1271 1160 1341 iam
1173 1272 1346 1337 dictumest,
1368 1272 1639 1350 proponiturimago
1668 1276 1820 1335 Dominicae

164 1372 289 1428 homines
302 1370 456 1437 induimus,
474 1368 545 1441 apud
560 1368 646 1423 Deum
673 1365 848 1423 couscientiae
865 1372 965 1422 nostrae
1018 1358 1206 1432 Humanitatis,
1232 1360 1387 1418 Natiuitatis
1410 1363 1481 1433 ejus,
1497 1361 1635 1421 Passionis
1659 1375 1688 1422 et
1715 1366 1820 1424 Resur-

163 1467 362 1532 cognoscentes
376 1465 584 1532 paupertatem,
604 1471 659 1513 nou
673 1472 869 1528 usquequaque
884 1469 964 1511 rece·
1018 1450 1163 1505 rectionis:
1179 1459 1208 1505 ut
1226 1448 1350 1506 iulirmus
1364 1450 1480 1518 animus,
1495 1451 1542 1524 qui
1568 1468 1624 1511 uon
1642 1455 1718 1512 norit
1744 1458 1821 1531 cogi-

163 1553 260 1609 dsmus
273 1565 289 1605 a
304 1552 427 1615 veritate,
445 1555 472 1604 et
482 1547 584 1606 veritas
597 1545 723 1601 liberabit
733 1560 793 1601 uos.
1018 1546 1076 1592 tare
1090 1539 1141 1593 nisi
1172 1553 1288 1610 corpora
1304 1547 1332 1595 et
1350 1539 1512 1612 corporalia,
1530 1541 1631 1599 haheat
1651 1542 1755 1616 aliquid
1775 1545 1820 1601 cni

449 1669 561 1726 Cgpffi-
576 1668 650 1722 xlv·
980 1621 1003 1698 Β
1018 1641 1048 1681 se
1064 1625 1175 1696 afficiat,
1201 1627 1243 1683 cui
1256 1629 1333 1697 juxta
1356 1628 1467 1684 modum
1490 1645 1568 1685 suum
1582 1631 1694 1702 pietatis
1720 1633 1821 1690 intuitu

167 1763 305 1832 Quomodo
319 1759 455 1815 orrimulis
469 1759 619 1829 incipiens,
631 1772 680 1811 sco
695 1757 750 1811 tiro
765 1756 912 1828 religiosor
922 1755 966 1811 do
1018 1715 1163 1814 iqhaema‘j
1180 1717 1228 1815 3³3
1251 1718 1352 1789 qnippe
1367 1734 1395 1772 ¹¹¹
1418 1717 1505 1773 f⁰m¹⁸
1520 1718 1692 1785 mmm·
1706 1721 1735 1777 5¹¹
1753 1738 1818 1795 q⁰⁰=

199 1831 304 1888 condar
317 1833 357 1887 sit
368 1830 597 1903 appropinquare
610 1829 850 1898 Deoperomorcm
864 1830 966 1882 ctore—
1019 1812 1087 1860 ⁸¹⁰¹¹²
1104 1804 1203 1879 lessstul
1221 1822 1250 1859 ¹¹¹
1272 1806 1335 1874 J⁰b2
1349 1811 1472 1863 1111116111
1487 1805 1568 1864 ’101110
1581 1808 1704 1880 ΨΜ
1727 1828 1819 1880 mom,

202 1905 321 1960 tionem.
1020 1908 1078 1949 noo
1093 1898 1189 1965 peccet
1213 1893 1272 1964 (lob
1293 1909 1321 1966 v,
1339 1895 1473 1965 illzhoc
1502 1902 1556 1968 est,
1578 1912 1639 1953 cum
1662 1898 1820 1956 intentionis

200 1996 245 2048 li.
274 1988 379 2047 Deinde
404 1988 544 2044 docendus
567 1994 610 2042 est
630 1984 754 2041 animalis
776 1984 918 2058 iucipiens,
940 1994 968 2041 et
1019 1996 1077 2036 suae
1090 1981 1214 2036 intuitum
1233 1981 1260 2036 iu
1277 1997 1340 2036 eum
1356 1982 1460 2054 dirigit,
1490 1984 1633 2040 humanam
1648 1985 1820 2059 iulieospa·

163 2081 262 2138 Christi
288 2077 437 2136 tirunculus
460 2077 519 2133 Deo
543 2075 773 2147 appropinquare,
796 2081 872 2130 utet
894 2076 968 2130 Deus
1020 2069 1089 2125 ciem
1105 2070 1260 2143 cogitando.
1290 2076 1819 2146 11110101111111111111111111111111,

164 2168 365 2242 appropinquet
391 2165 427 2222 ei.
443 2164 488 2220 Sic
502 2164 575 2220 enim
599 2163 728 2220 admouet
747 2163 892 2235 propheta:
908 2166 966 2237 Ap·
1020 2167 1048 2214 et
1062 2159 1126 2215 dum
1156 2175 1205 2230 per
1234 2158 1314 2215 fidem
1329 2163 1364 2214 ah
1391 2161 1499 2217 homine
1518 2162 1605 2219 Deum
1632 2179 1688 2222 uou
1714 2164 1819 2235 dividit,

161 2259 353 2333 propinquate
364 2258 427 2325 Deo,
438 2260 466 2312 et
483 2254 542 2328 ipse
553 2250 792 2328 appropinquabit
806 2253 880 2310 vohis
895 2253 966 2323 (loc,
1019 2248 1106 2304 Deum
1120 2247 1265 2318 aliquando
1279 2247 1308 2302 in
1327 2249 1435 2305 homine
1459 2251 1668 2321 apprehendere
1686 2252 1817 2310 addiscat.

163 2363 211 2416 tv,
232 2347 277 2415 ⁸l·
291 2345 352 2400 Non
371 2344 457 2399 solum
472 2344 545 2399 enim
561 2342 702 2400 iaciendas
716 2350 758 2400 est
771 2344 854 2400 homo
870 2341 967 2400 etlor·
1020 2336 1049 2390 ln
1071 2351 1125 2408 quo
1148 2337 1312 2408 pauperibus
1337 2337 1443 2409 89111111,
1472 2348 1499 2395 el
1527 2339 1736 2411 Simplicioribffl
1758 2340 1819 2399 111111

161 2435 289 2501 muudus,
304 2433 354 2489 sed
373 2440 401 2488 et
419 2431 606 2489 vivificandus.
632 2432 721 2488 Primo
744 2433 816 2488 enim
841 2432 966 2490 formavit
1018 2425 1080 2495 Deis
1097 2425 1298 2497 “Ummidium
1310 2425 1380 2482 ⁸⁰¹⁴st
1395 2442 1456 2483 0⁸⁸0
1466 2426 1581 2483 affesslllfl
1591 2428 1705 2496 dulcior,
1716 2437 1818 2502 timii>

162 2526 235 2584 Deus
257 2523 417 2580 hominem:
434 2521 533 2578 deinde
563 2521 706 2594 inspiravit
733 2520 876 2579 infaciem
905 2524 965 2593 ejus
1018 2515 1143 2570 humlssae
1158 2526 1262 2572 11111111)
1281 2515 1652 2588 111111111111101·Ρθὸῑῐῦθ(111111
1677 2532 1742 2577 1810
1764 2518 1817 2575 fide

160 2611 329 2686 spiraculum
344 2611 417 2680 vitae,
441 2618 469 2666 ct
485 2611 571 2666 factus
586 2619 628 2666 est
643 2612 723 2667 homo
738 2610 765 2664 in
779 2611 897 2666 animam
920 2611 963 2668 vi-
1016 2604 1152 2677 migrante
1160 2605 1187 2658 111
1202 2603 1341 2670 allecium,
1357 2604 1543 2675 111111111111111
1561 2605 1588 2660 111
1611 2606 1703 2663 1111111ἰο
1726 2606 1816 2664 widi!

164 2708 273 2757 rentem
298 2700 380 2770 (Gerr.
397 2712 430 2763 rr,
452 2699 496 2767 7).
527 2697 663 2754 Formatio
687 2698 810 2764 hominis,
831 2698 964 2754 institutio
1016 2693 1058 2749 sui
1075 2693 1147 2749 dulci
1165 2693 1266 2748 amoris
1292 2694 1418 2765 amplexu
1440 2694 1574 2750 Christum
1597 2697 1701 2767 lesum,
1730 2704 1815 2753 totum

161 2797 203 2843 est
217 2786 342 2842 moralis:
359 2785 414 2840 vita
437 2787 507 2855 ejus,
531 2799 609 2840 amor
627 2784 686 2842 Dei.
712 2788 788 2841 Hunc
811 2785 880 2842 fides
894 2802 963 2842 con·
1016 2782 1152 2838 hominem
1165 2782 1422 2854 propterhominem
1433 2792 1610 2855 assumptum,
1626 2790 1709 2841 1011111
1726 2784 1814 2842 mum

159 2876 235 2948 cipit,
248 2891 312 2947 spes
326 2873 452 2946 parturit,
468 2873 527 2944 ipse
543 2888 573 2929 se
587 2872 685 2930 format
695 2883 722 2929 et
738 2872 863 2932 viviticat.
878 2874 962 2931 Amor
1015 2878 1126 2941 propter
1139 2878 1323 2926 assumentem
1338 2871 1433 2937 Deum,
1446 2867 1582 2944 incipiunt¹
1599 2889 1664 2931 eum
1680 2889 1735 2932 nou
1756 2877 1813 2946 jam

160 2965 233 3020 euim
253 2964 315 3030 Dei,
334 2961 378 3019 vel
394 2977 472 3018 amor
487 2962 559 3018 Deus
586 2962 703 3032 Spiritus
725 2969 849 3027 sanctus,
875 2964 961 3018 amori
1014 2959 1162 3016 secundum
1177 2976 1288 3016 caruem
1302 2975 1482 3034 cognoscere,
1494 2963 1617 3033 quamvis
1626 2979 1688 3019 eum
1696 2965 1812 3022 necdum

161 3053 277 3111 hominis
301 3069 331 3108 se
355 3050 518 3117 infundens,
540 3049 624 3107 allicit
645 3065 708 3108 eum
721 3051 786 3107 sibi.
808 3051 843 3105 lit
867 3066 961 3107 amaus
1013 3047 1161 3104 secundum
1178 3049 1264 3105 Deum
1275 3049 1358 3120 plene
1373 3050 1478 3121 possint
1503 3051 1634 3126 cogitare.
1646 3053 1812 3111 Etsauctifi-

158 3142 336 3213 semetipsum
356 3141 391 3196 de
406 3140 516 3197 homine
534 3139 619 3211 Deus,
644 3155 735 3196 secum
758 3156 841 3196 unum
864 3139 958 3209 elficit,
1013 3137 1101 3193 condo
1116 3138 1212 3193 eumin
1227 3139 1357 3194 cordibus
1370 3140 1425 3195 suis
1435 3139 1536 3197 ollerre
1546 3142 1571 3198 ei
1583 3150 1673 3198 amant
1687 3152 1752 3200 vota
1765 3160 1814 3201 sua

158 3239 186 3286 et
205 3230 330 3303 spiritum
346 3229 417 3299 ejus,
434 3237 463 3284 et
477 3242 597 3284 amorem
620 3231 694 3299 ojus.
713 3228 788 3285 Sicut
806 3229 880 3285 enim
903 3245 959 3285 nou
1012 3243 1074 3299 quae
1083 3226 1265 3285 distinxerunt
1275 3229 1347 3285 labia
1360 3245 1424 3297 sue;
1440 3231 1655 3298 obsecrationes,
1663 3234 1811 3300 orationes,

157 3321 242 3376 habet
266 3334 365 3391 corpus
386 3317 458 3375 unde
487 3319 569 3389 vivat,
594 3318 645 3373 uisi
668 3318 703 3373 de
718 3318 813 3389 spiritu
832 3334 881 3376 suo
898 3337 905 3374 ι
920 3319 959 3375 sic
1012 3316 1218 3388 postulationes,
1233 3318 1382 3391 gratiarum
1392 3319 1525 3384 actiones,
1545 3334 1594 3391 pro
1610 3328 1742 3393 tempore,
1762 3337 1812 3394 pro

156 3407 273 3466 allectus
293 3407 425 3475 hominis,
449 3406 496 3479 qui
517 3422 594 3464 amor
618 3406 730 3474 dicitur,
747 3422 802 3464 uon
816 3408 895 3474 vivit,
907 3408 958 3464 hoc
1012 3420 1093 3461 causa
1112 3416 1306 3478 congruentes.

156 3505 199 3552 est
218 3513 273 3553 uon
292 3504 363 3552 amat
389 3496 486 3563 Deum,
504 3495 556 3551 nisi
577 3495 612 3552 de
640 3495 742 3567 Spiritu
757 3504 861 3554 sancto.
875 3498 959 3552 Amo-
1048 3498 1091 3551 ll.
1106 3494 1175 3551 Sunt
1187 3497 1260 3552 euim
1275 3497 1413 3553 orationes
1427 3496 1488 3553 alise
1502 3496 1600 3555 breves
1614 3513 1647 3554 ac
1663 3497 1811 3571 simplices,

156 3602 216 3643 rem
231 3601 298 3658 ergo
317 3585 378 3654 Dei,
394 3584 422 3639 iu
446 3585 555 3640 homine
571 3600 605 3640 ex
618 3584 706 3659 gratia
720 3586 852 3659 genitum,
876 3585 958 3643 lactat
1011 3583 1079 3640 sicut
1093 3600 1142 3643 eas
1156 3584 1254 3641 iormat
1266 3586 1399 3652 voluutas,
1415 3600 1465 3640 seu
1480 3586 1630 3642 necessitas
1644 3589 1746 3644 orantis
1759 3605 1811 3661 pro

154 3673 248 3740 lectio,
275 3672 417 3728 meditatio
431 3673 529 3743 pascit,
545 3673 631 3727 oratio
650 3673 787 3729 confortat
810 3683 838 3729 et
855 3673 957 3730 illumi·
1011 3688 1093 3729 causa
1115 3673 1272 3730 incidenti:
1297 3674 1356 3729 alie
1379 3672 1540 3745 prolixiores
1562 3685 1589 3731 et
1624 3676 1810 3747 rationabiles,

157 3769 217 3819 ust.
240 3760 357 3817 animali
376 3774 442 3817 vero
471 3770 498 3815 et
520 3775 591 3816 novo
614 3759 642 3815 iu
669 3760 776 3817 Christo
804 3762 904 3819 homiui
923 3764 957 3818 ad
1011 3761 1081 3817 sicut
1096 3762 1123 3816 in
1146 3763 1320 3835 inquisitione
1342 3764 1464 3822 veritatis
1482 3775 1617 3838 petentes,
1641 3779 1809 3841 querentes,

156 3847 333 3908 exercitanda
350 3851 410 3919 ejus
423 3847 556 3904 interiora
580 3847 678 3904 melius
700 3857 729 3904 ct
754 3848 836 3907 tutius
854 3864 957 3923 propo·
1011 3850 1160 3921 prdsautes,
1183 3849 1271 3908 donec
1292 3851 1436 3925 accipiant,
1456 3853 1605 3921 inveniunt,
1627 3864 1655 3912 et
1672 3857 1810 3930 aperiatur

154 3946 256 3994 uuntur
271 3936 388 4007 legenda
402 3943 430 3991 et
444 3935 598 3992 meditanda
606 3936 796 4008 Redemptoris
810 3939 895 3994 nostri
905 3956 955 3996 ex·
1011 3939 1067 3996 eis:
1084 3939 1144 3995 aliie
1157 3938 1271 4010 alacres,
1298 3942 1450 4014 spirituales
1470 3952 1498 4001 et
1512 3943 1644 4011 fecundae,
1664 3947 1690 4002 in
1708 3947 1809 4005 aflectu

156 4026 270 4097 terioru3
287 4034 316 4079 et
329 4024 483 4080 ostenditur
497 4025 525 4080 iu
547 4025 587 4080 eis
605 4026 759 4098 exemplum
787 4027 954 4098 humilitatis,
1010 4027 1138 4102 liuentis,
1149 4037 1175 4085 et
1189 4030 1290 4100 gaudio
1304 4032 1400 4106 gretie
1413 4032 1599 4092 illuminantis.
1624 4035 1660 4092 lit
1678 4037 1737 4108 ipse
1746 4046 1810 4095 suut

155 4113 245 4171 ”0
261 4115 419 4184 provocatio
442 4113 591 4184 charitatis,
608 4121 636 4169 et
649 4114 765 4171 allectus
778 4117 887 4187 pictatis
904 4134 910 4173 :
927 4127 955 4175 et
1009 4133 1077 4190 ques
1090 4117 1235 4189 apostolus
1249 4119 1302 4177 alio
1315 4120 1411 4178 ordine
1421 4122 1585 4192 dinumerat,
1595 4126 1808 4193 obsecrationes,

153 4201 350 4272 descriptoris
365 4201 466 4258 mactis
489 4208 518 4257 et
542 4209 699 4257 sauctorum
720 4205 877 4285 tractatibus
904 4207 954 4262 Pa·
1007 4206 1384 4280 praesuinpostctcttoner,
1399 4213 1560 4284 pretiorum
1569 4215 1693 4272 actiones
1703 4215 1732 4288 (1
1738 4217 1806 4273 lim.

152 4304 223 4351 mum
237 4291 349 4348 moralia
366 4307 481 4364 qumque
500 4301 528 4346 et
542 4291 674 4362 planiora.
691 4292 870 4363 Proponenda
889 4303 953 4351 sunt
1007 4311 1039 4368 rr,
1056 4297 1093 4364 l).
1116 4295 1184 4351 Nam
1207 4299 1360 4369 postulatio,
1393 4315 1475 4372 quam
1508 4303 1623 4372 primam
1655 4304 1806 4376 posuimus,

152 4382 179 4439 ei
196 4390 273 4457 gesta
288 4391 315 4438 ct
333 4381 474 4454 passiones
498 4386 667 4437 sauctorum:
684 4381 796 4438 ubiuec
823 4382 951 4438 lahoran-
1006 4386 1134 4444 estcircs
1149 4387 1299 4446 obtinenda
1321 4391 1489 4463 temporalia,
1507 4402 1534 4449 et
1549 4394 1703 4449 necessaris
1718 4395 1807 4469 aliqua

151 4471 216 4527 dum
232 4471 257 4526 ei
280 4470 315 4525 sit
339 4469 367 4524 iu
381 4468 493 4542 planitie
505 4468 646 4536 historiali,
670 4479 698 4526 et
725 4485 835 4541 semper
849 4471 949 4543 aliquid
1005 4476 1067 4534 ritae
1085 4476 1176 4549 hujus,
1197 4477 1224 4533 iu
1248 4493 1302 4551 qua
1316 4479 1388 4535 Deus
1403 4480 1564 4550 postulantis
1581 4483 1691 4555 quidem
1707 4501 1807 4558 appro-

151 4569 276 4616 occurmt
293 4560 367 4632 quod
380 4559 472 4616 novitii
488 4559 606 4616 animum
632 4559 733 4616 excitet
760 4561 795 4615 ad
829 4576 951 4618 amorem
1006 4565 1075 4620 hans
1084 4565 1182 4622 bonam
1192 4567 1370 4636 voluntatem,
1386 4568 1451 4626 lacit
1465 4577 1556 4627 tamen
1575 4573 1636 4644 ipse
1651 4573 1725 4647 quod
1745 4591 1806 4633 me-

152 4649 202 4703 Dei
216 4656 245 4704 et
257 4655 443 4719 contemptum
453 4649 507 4705 sui.
520 4649 602 4705 Porro
616 4649 676 4705 aliae
686 4650 805 4707 historiae
814 4650 951 4708 delectant
1004 4645 1055 4711 lius
1067 4656 1179 4725 judicat,
1195 4666 1224 4713 et
1235 4658 1282 4712 dat
1300 4656 1418 4714 libenter
1442 4659 1483 4726 ei,
1498 4659 1571 4732 quod
1593 4662 1664 4717 bene
1688 4664 1806 4732 postulat

152 4733 264 4806 quidem
285 4751 346 4791 cum
360 4735 500 4807 leguntur,
516 4736 566 4792 sed
581 4751 636 4792 nou
657 4738 803 4809 edificant,
818 4742 884 4813 quin
899 4758 949 4814 po·
1005 4742 1054 4816 [el.
1069 4746 1145 4816 sequi
1160 4746 1229 4801 bena
1243 4744 1447 4820 postulanteml.
1464 4747 1524 4818 ipsa
1537 4757 1579 4804 est
1592 4749 1628 4804 de
1650 4766 1705 4821 qua
1730 4752 1806 4808 Psal-

152 4823 206 4880 tius
219 4832 339 4880 mentem
353 4823 483 4882 inliciunt:
500 4834 528 4881 et
560 4825 588 4880 iu
611 4833 734 4896 tempore
758 4829 888 4886 orationis
907 4833 950 4888 rel
1004 4835 1082 4891 mista
1091 4835 1145 4890 ait:
1166 4837 1302 4903 Quonim
1315 4837 1406 4894 adhuc
1419 4843 1448 4895 ct
1463 4840 1804 4915 oratiomcoinbcocplo·

151 4912 298 4987 spiritualis
320 4911 517 4982 meditationis,
532 4912 638 4969 inutilia
668 4929 782 4987 qumque
806 4919 849 4975 vel
870 4920 949 4976 noxie
1003 4924 1178 4981 uitiosorum
1199 4925 1288 4996 (Psoi.
1303 4941 1370 4991 can,
1385 4928 1424 4998 h).
1453 4927 1516 4984 llaec
1546 4936 1589 4985 est
1607 4930 1689 4986 etiam
1713 4931 1803 4986 homi·

148 5004 253 5061 iaciunt
273 5001 404 5059 scaturire
419 5001 453 5057 tle
470 5001 610 5058 memoria.
631 5001 766 5058 Lectionis
780 5005 949 5077 quippcmo·
1004 5027 1069 5068 uum
1095 5013 1247 5084 impiorum,
1268 5015 1332 5085 quia
1351 5016 1471 5072 omnium
1489 5019 1669 5076 communiter
1683 5028 1736 5084 est,
1754 5023 1803 5077 sed

151 5093 215 5149 dum
230 5091 324 5148 similis
347 5091 487 5147 meditatio
501 5091 579 5163 sequi
596 5089 676 5147 solet.
694 5090 848 5148 Difficilium
868 5098 948 5153 etiem
1002 5100 1119 5156 mamma
1142 5099 1257 5158 liliorum
1276 5104 1365 5161 saeculi
1381 5105 1471 5177 hujus,
1488 5107 1647 5166 desiderare
1664 5110 1801 5185 tranquil·

149 5181 231 5238 lectio
255 5181 450 5255 scripturumm
468 5181 573 5253 fatigat,
599 5195 653 5236 nou
672 5178 761 5236 reiicit
783 5183 947 5242 teneriorem
1001 5188 1105 5246 litatem
1126 5191 1212 5262 pacis,
1228 5193 1372 5250 sanitatem
1393 5195 1524 5266 corporis,
1544 5197 1703 5269 temperiem
1716 5199 1800 5270 aeris,

151 5270 271 5327 minum
286 5289 295 5333 ;
309 5271 413 5346 frangit
426 5271 621 5339 intentionem,
637 5269 748 5328 hebetat
770 5285 881 5329 seusam
905 5277 948 5332 vel
1001 5288 1030 5335 et
1048 5277 1102 5334 alia
1115 5296 1176 5352 quae
1189 5282 1223 5336 ad
1242 5283 1304 5340 vitea
1318 5283 1399 5355 hujus
1418 5300 1497 5341 usum
1507 5293 1642 5356 spectant,
1663 5296 1690 5343 et
1702 5303 1800 5347 ueces-

148 5357 300 5430 iugeuium.
1000 5368 1121 5438 citatem,
1137 5378 1166 5426 ct
1178 5371 1349 5429 abutentium
1367 5373 1546 5445 voluptatem.
1573 5375 1625 5432 Pro
1640 5375 1738 5449 quibus
1752 5379 1800 5451 qni

186 5449 237 5504 ts.
259 5447 405 5504 lloccudm
431 5457 474 5504 est
489 5449 571 5505 etiam
591 5448 757 5508 lucratione
771 5466 821 5507 sua
839 5467 947 5510 sursum
999 5458 1121 5516 ildelitcr
1128 5461 1279 5531 postulem,
1292 5462 1416 5535 quemuis
1428 5477 1485 5519 nou
1498 5478 1533 5519 ca
1544 5464 1683 5536 postulant
1698 5467 1800 5524 nisiad
