3706 5962
94 200 163 260 tots
627 191 670 250 nn
689 190 797 252 anum
816 154 921 252 ulau
935 187 1071 248 vtnotuv
1089 185 1208 248 suano.
1252 226 1257 232 -
1675 182 1745 246 tots

93 320 226 391 sitlateri,
252 334 311 388 que
344 334 435 374 comes
454 318 591 375 individua
613 319 688 374 nullo
717 318 774 376 iere
801 317 891 374 abfuit
906 333 930 412 Α
945 315 1056 389 creant,
1076 333 1158 389 qnam
1180 315 1207 371 iu
1227 313 1335 384 justitia
1362 319 1389 370 et
1408 312 1544 370 mactitate
1564 327 1661 369 coram
1684 314 1749 387 ipso

94 413 202 475 itinere,
218 424 280 480 quae
294 409 398 464 intenta
424 423 479 479 pra
504 407 609 464 caeteris
638 406 786 481 invigilavit
805 408 889 466 verbo
945 406 1078 470 fundaret,
1094 419 1121 461 et
1135 405 1243 461 fluentis
1264 403 1404 476 sapientia
1416 402 1551 474 irrigaret,
1572 410 1601 457 et
1618 403 1746 460 coelesti

95 507 122 557 et
135 497 209 568 operi
225 497 294 568 ejus,
310 497 367 552 sola
395 495 542 552 Salvatoris
563 504 670 553 actuum
686 496 803 569 insignia
820 511 890 565 ope·
944 496 995 553 bus
1017 494 1168 563 desideriis,
1199 493 1283 550 instar
1306 491 1408 548 scilicet
1431 490 1501 547 aeris
1520 491 1682 549 sublimaret
1698 509 1706 547 :
1721 503 1748 548 et

96 605 156 644 rum
171 603 265 656 opera,
280 586 411 641 mellillua
430 586 631 655 predicationis
642 602 744 659 genera
758 586 888 654 inaudita,
944 582 1009 659 igne
1019 585 1168 642 dilectionis
1182 584 1353 640 accendendo
1372 580 1529 638 illustraret.
1544 580 1613 637 Hinc
1635 581 1665 637 in
1689 581 1750 654 ejus

96 676 337 736 contramundum
363 684 389 731 et
416 683 567 746 peccatum,
587 685 612 732 et
641 684 788 732 tartareum
810 677 892 731 zabu·
945 681 1036 730 mente
1054 682 1180 746 unquam
1204 673 1232 728 in
1253 671 1370 742 quodam
1393 669 1561 725 firmamento
1591 669 1681 726 solem
1701 686 1750 741 po·

49 792 52 797 ·
97 766 280 833 lum,divinae
302 764 452 819 severitatis
473 765 606 820 acerrima
632 765 750 838 eloquia,
782 781 837 836 quo
853 764 893 820 eis
946 765 1001 818 suit
1014 761 1136 832 rationis,
1152 772 1178 818 et
1191 761 1285 818 lunam
1300 759 1431 825 scientiae,
1447 758 1596 816 etuirtutes
1615 766 1749 832 tanquam

96 857 143 912 diu
158 854 289 922 interfuit,
319 852 444 923 specialis
458 853 535 924 vidit,
565 855 698 911 secretius
726 854 836 920 audivit,
852 855 893 909 ci·
947 852 1038 908 stellas
1063 851 1164 922 speciei
1187 849 1371 906 omnimodae:
1392 848 1486 913 solem,
1517 848 1563 920 qui
1587 846 1682 904 lucem
1705 848 1750 903 di·

98 948 152 1002 tius
179 943 298 1015 agnovit,
341 941 503 1014 propensius
529 943 650 1010 retinuit,
693 952 719 998 et
759 942 895 1011 Apostolis
948 941 1017 998 vinae
1030 939 1193 1013 cognitionis
1217 938 1333 1007 iacerem
1359 937 1460 1004 lunam,
1485 952 1544 1008 quae
1567 952 1631 993 cum
1663 937 1751 993 stellis

98 1034 212 1103 aliisque
235 1030 374 1101 discipulis
388 1030 550 1085 luculentius
572 1031 666 1100 edidit,
680 1031 836 1103 diligentius
851 1045 895 1086 re·
948 1037 1055 1086 noctem
1081 1029 1193 1085 actionis
1228 1026 1394 1099 splendidam
1422 1025 1559 1081 redderet.
1584 1025 1623 1080 Et
1652 1026 1751 1082 merito

100 1123 168 1187 tulit,
211 1121 308 1175 melius
344 1119 451 1189 indidit,
480 1118 583 1175 fidelius
613 1120 730 1176 tradidit.
763 1119 829 1176 ilinc
855 1125 897 1174 est
949 1118 1058 1173 Domini
1080 1126 1122 1173 est
1147 1129 1228 1188 terra,
1253 1118 1316 1187 quia
1341 1116 1381 1172 sic
1411 1114 1595 1186 supermaria
1625 1115 1751 1170 fundavit

98 1210 171 1281 quod
186 1208 220 1264 de
233 1224 266 1267 ea
279 1209 376 1280 legitur
388 1208 416 1262 in
431 1208 598 1283 Evangelio:
615 1210 703 1266 Marto
717 1213 814 1266 cutem
828 1223 895 1265 cort·
949 1224 1019 1264 eam.
1034 1208 1130 1264 Creato
1143 1207 1224 1279 igitur
1246 1205 1360 1273 mundo,
1384 1205 1478 1262 volens
1492 1204 1602 1262 visitare
1624 1219 1751 1277 regnum,

100 1299 228 1356 seruabat
246 1299 342 1354 omnic
357 1299 439 1354 uerba
454 1298 524 1364 hec,
535 1298 682 1369 contereres
697 1299 728 1353 iu
747 1298 828 1355 corde
847 1312 896 1353 suo

99 1389 177 1456 (Luc.
194 1401 224 1456 tt,
249 1390 294 1454 tu,
315 1386 371 1455 51).
388 1387 456 1441 llinc
471 1387 499 1442 iu
521 1387 582 1456 ejus
610 1386 738 1443 laudibus
765 1385 861 1462 legitur
886 1406 894 1443 τ

101 1477 195 1532 llultce
208 1477 278 1546 filice
291 1480 530 1548 concrepaverunt
540 1474 663 1543 diuitias,
679 1480 711 1532 tu
723 1479 784 1535 acle
798 1491 896 1548 super·

949 1296 1089 1369 imperavit
1103 1295 1211 1369 angelo.

986 1425 1013 1478 3.
1031 1423 1127 1479 husus
1142 1426 1184 1479 eat
1206 1421 1289 1494 igitur
1302 1397 1416 1492 capetus
1434 1419 1576 1479 Gabriele
1599 1422 1670 1477 Deo.
1689 1418 1753 1490 Spi-

870 1565 875 1575 ,
950 1514 1025 1568 ritus
1034 1515 1162 1578 sauctus,
1174 1511 1267 1581 inquit,
1279 1509 1458 1581 superveniet
1467 1511 1542 1575 inte,
1553 1512 1581 1564 et
1595 1508 1694 1564 uirtus
1708 1510 1754 1564 et-

99 1581 230 1637 presaaes
248 1566 392 1622 uniuersus
408 1566 500 1635 (Pron.
517 1579 596 1632 xxxv,
618 1565 674 1633 29).
690 1565 764 1619 licet
778 1565 849 1620 enim
869 1580 896 1618 tn
953 1602 1056 1659 tissimi
1069 1599 1243 1657 obumbrabit
1260 1598 1313 1655 tibi
1327 1599 1404 1668 (Lm
1416 1613 1436 1661 ¹,
1455 1597 1510 1668 35),
1524 1597 1563 1652 sta
1585 1591 1756 1652 pate-[fami-

99 1652 235 1725 parabolis
257 1652 416 1725 loqueretur
433 1654 467 1708 ad
491 1653 593 1718 turbas,
617 1653 678 1707 licet
696 1651 789 1708 omnio
816 1652 895 1722 Apo·
913 1641 935 1717 Β
950 1690 1000 1746 lias

34 1740 40 1754 ’
99 1743 174 1800 stolis
189 1751 251 1798 uota
266 1743 369 1798 laceret
393 1749 421 1797 ut
439 1741 553 1796 amicis:
586 1741 708 1812 quaedam
734 1748 822 1796 tamen
837 1756 897 1797 cre·

78 1830 219 1887 dandum
247 1839 297 1897 est,
322 1846 378 1901 prae
407 1828 513 1886 caeteris
538 1829 740 1885 lintremsnam
764 1831 895 1901 quemad·

104 1921 213 1976 modum
237 1918 375 1989 dilexisse,
397 1918 436 1973 ita
463 1917 544 1972 etiam
572 1916 732 1989 propensius
760 1917 894 1983 erudisse,

97 2010 219 2080 quaedam
235 2009 259 2065 ei
273 2008 405 2065 secretius
429 2006 578 2075 intimasse,
606 2005 760 2079 frequenter
783 2007 895 2062 eumad

98 2106 214 2155 menum
228 2099 354 2170 myrrhae,
371 2097 445 2153 etad
460 2096 544 2152 colles
566 2096 653 2152 thuris
667 2096 837 2167 sublimasse,
857 2097 897 2151 in·

98 2188 192 2242 cellam
216 2187 347 2242 vinariam
375 2188 549 2251 occultasse;
584 2183 637 2255 sui,
669 2193 751 2256 prout
779 2185 852 2241 novit
871 2196 897 2241 ct

98 2276 195 2344 voluit,
218 2276 334 2350 gloriam
358 2274 492 2344 deificam,
521 2281 549 2330 et
569 2275 792 2344 supercoelestem
822 2291 897 2332 reve-

98 2364 168 2419 lasse
191 2364 321 2420 notitiam.
347 2364 423 2420 Unde
445 2365 565 2421 loannes
597 2363 625 2419 ia
642 2362 826 2436 Apocalypsi:
861 2365 897 2422 Dc

99 2456 210 2520 throno,
226 2455 273 2522 ait,
294 2453 397 2509 scilicet
410 2452 445 2510 de
469 2453 560 2518 llaria,
574 2453 761 2526 procedebant
779 2453 896 2526 sulpure

98 2549 127 2600 ct
141 2558 219 2600 vocer
234 2547 262 2598 et
277 2543 405 2599 tonitruo
420 2543 515 2615 (apoc.
541 2558 578 2613 tv,
595 2543 624 2612 5)
639 2563 646 2598 ι
662 2543 724 2614 qnia
738 2542 821 2597 illaria
835 2559 897 2596 ma·

99 2642 140 2689 ter
154 2632 213 2688 Filii
236 2633 298 2687 lesu
320 2631 422 2687 Christi
449 2631 602 2702 parabolas,
621 2630 774 2701 aenigmata,
795 2631 896 2701 legalia

97 2731 124 2776 et
153 2721 265 2778 mirifica
291 2730 378 2793 gesta,
416 2719 496 2786 dicta,
526 2735 612 2791 opera
648 2718 753 2774 avidius
799 2719 893 2785 ebibit,

98 2809 206 2867 fidelius
242 2810 367 2881 credidit,
410 2808 543 2865 sincerius
584 2807 804 2880 luculentiusque
833 2807 895 2864 allis

98 2899 192 2955 edidit.

99 3081 125 3129 et
140 3075 227 3147 alege
256 3075 400 3144 diligenter
424 3079 563 3139 venerata,
588 3088 604 3127 a
634 3072 720 3143 gratia
746 3074 896 3130 clementer

98 3172 140 3219 est
168 3163 323 3234 praeelecta,
339 3161 403 3234 quia
422 3161 460 3216 sic
487 3161 606 3233 praefatis
635 3178 684 3217 sua
708 3164 770 3233 jura
789 3163 893 3236 sigilla·

100 3253 146 3307 tim
177 3252 301 3319 reddidit,
330 3251 466 3308 reddendo
495 3251 546 3307 sibi
574 3251 704 3320 subdidit,
726 3261 755 3307 ut
783 3253 895 3308 honoris

98 3341 185 3397 vicem
216 3341 342 3396 omuibus
361 3340 547 3412 impenderet,
577 3348 604 3398 et
630 3341 740 3412 insuper
766 3341 896 3398 momenti

98 3431 224 3504 quiddam
239 3429 446 3502 superadderet.
461 3431 565 3486 Natura
598 3429 733 3502 siquidem
762 3429 799 3485 illi
816 3448 894 3487 sum·

99 3536 151 3575 mn
174 3520 338 3594 virginitatis
353 3519 448 3576 florem
464 3534 471 3588 3
487 3521 529 3576 lea
543 3519 594 3576 soli
623 3519 753 3591 virgineae
767 3519 894 3577 fecundi-

99 3610 160 3667 tatis
179 3611 322 3680 honorem,
339 3609 426 3684 gratia
453 3609 551 3666 divina¹
576 3609 751 3666 maternitatis
772 3625 829 3682 prae
842 3625 896 3666 caa-

100 3700 165 3756 teris
178 3699 315 3766 decorem,
331 3713 364 3753 ac
384 3698 532 3770 spiritualis
561 3698 726 3755 matrimonii
755 3698 896 3756 divinissi-

100 3803 173 3842 mum
189 3787 334 3843 reservavit
357 3787 482 3842 odorem.
504 3786 616 3853 Natura,
645 3786 717 3859 quod
741 3803 819 3843 suum
844 3798 894 3857 est,

100 3875 229 3931 illibatam
248 3874 380 3947 virginem
403 3876 558 3929 servando:
579 3875 633 3939 lex,
660 3883 814 3933 reverenter
837 3894 896 3933 eain

100 3965 135 4019 ab
161 3963 222 4017 aliis
244 3962 437 4034 distinguendo
468 3980 474 4016 :
504 3964 598 4032 gratia,
626 3963 809 4036 virginitatem
837 3967 896 4023 sine

100 4051 203 4107 sentina
233 4050 414 4107 fecundando.
443 4052 556 4114 Natura,
584 4051 815 4124 rabusloquendo
843 4070 897 4110 non

103 4128 203 4206 verbis,
220 4156 281 4194 eum
296 4139 323 4193 in
338 4154 369 4194 ea
397 4138 580 4209 integritatem
603 4146 733 4205 servaret,
748 4145 775 4193 et
802 4141 836 4194 de
865 4157 896 4196 ea

134 2991 161 3043 2.
191 2991 253 3043 llaec
282 2987 363 3043 llaria
390 2993 487 3042 natura
531 2996 687 3042 reverenter
722 2939 933 3052 conservatae

1022 1690 1130 1746 domum
1149 1688 1268 1753 intravit,
1293 1686 1321 1742 in
1335 1702 1388 1758 qun
1400 1686 1489 1743 carnis
1507 1686 1632 1742 habitum
1657 1701 1756 1741 susce-

951 1779 1095 1851 platinam
1115 1778 1214 1834 obtulit
1228 1777 1286 1832 Deo
1300 1776 1371 1832 Patri
1387 1791 1435 1846 pro
1455 1776 1543 1831 saluta
1567 1773 1684 1848 generis
1706 1774 1756 1829 bu·

952 1868 1031 1923 mani.
1047 1870 1137 1923 lnara
1157 1865 1246 1922 crucis
1269 1863 1441 1930 sacrificium,
1467 1862 1544 1933 quasi
1568 1864 1699 1935 pontifex
1729 1864 1755 1918 in

949 1957 1050 2028 templo
1064 1972 1143 2012 snum
1165 1954 1270 2027 peregit
1291 1952 1472 2010 sacerdotium
1488 1969 1496 2007 :
1511 1951 1559 2007 aed
1581 1952 1650 2024 quia
1667 1968 1751 2023 opor-

950 2048 1023 2102 tebat
1037 2047 1091 2118 pati
1114 2043 1249 2100 Christum
1273 2052 1300 2099 et
1323 2057 1477 2113 resurgere,
1503 2050 1530 2096 et
1553 2039 1589 2096 ita
1604 2040 1710 2097 intrare
1725 2043 1752 2098 in

951 2135 1066 2210 gloriam
1082 2130 1170 2190 692
1184 2147 1273 2199 suam,
1288 2132 1429 2203 oportebat
1451 2129 1484 2185 ad
1499 2145 1616 2203 gramm
1632 2130 1753 2203 propriis

951 2223 1084 2294 reportari
1097 2220 1215 2278 humeris
1233 2235 1313 2277 ovem
1332 2218 1516 2286 centesimam,
1532 2219 1682 2288 oportebat
1696 2234 1750 2290 po·

951 2314 1043 2386 pulum
1065 2309 1111 2382 qni
1132 2308 1289 2364 ambulabat
1308 2307 1335 2362 in
1364 2306 1495 2375 tenebris,
1516 2306 1608 2361 locem
1624 2323 1751 2379 magnam

951 2397 1140 2470 contemplari;
1166 2397 1295 2452 mundum
1319 2393 1517 2467 predicationis
1540 2410 1616 2465 suae,
1643 2404 1672 2450 et
1697 2396 1749 2452 mi·

951 2490 1102 2546 iaculorum
1127 2487 1246 2543 novitate
1276 2483 1421 2539 irradiavit.
1455 2483 1634 2540 Descendens
1658 2485 1750 2555 itaque

950 2579 985 2633 de
1008 2580 1086 2633 Patre
1109 2577 1241 2632 luminum
1265 2573 1410 2643 Speciosns
1429 2570 1515 2628 iorvna
1541 2589 1598 2644 prae
1613 2571 1678 2628 filiis
1701 2575 1750 2631 bo·

950 2666 1065 2735 minum,
1086 2665 1196 2721 indutus
1210 2663 1278 2720 stola
1291 2661 1415 2729 candida,
1435 2661 1462 2715 in
1486 2661 1586 2717 vestitu
1606 2662 1750 2727 deaurato,

950 2763 1077 2825 unquam
1100 2769 1219 2825 sponsus
1241 2755 1276 2809 de
1298 2752 1417 2808 thalamo
1441 2750 1575 2822 processit
1598 2751 1633 2807 ad
1654 2752 1751 2824 publi-

949 2861 1021 2902 cum.
1046 2847 1135 2901 lnerat
1155 2843 1197 2899 sol
1216 2843 1243 2898 in
1267 2841 1365 2911 sidere,
1389 2840 1479 2896 oriem
1501 2839 1529 2894 in
1550 2856 1673 2912 vespere,
1705 2857 1752 2897 ar·

949 2935 1012 2991 tiles
1036 2934 1114 2989 latuit
1131 2932 1256 3001 inopere
1277 2946 1378 3001 :opus,
1403 2929 1467 2983 dum
1484 2928 1549 3001 Regi
1572 2943 1749 3000 praeparare-

948 3031 1006 3093 tnr;
1030 3037 1137 3092 vesper,
1166 3022 1230 3075 dum
1250 3019 1279 3075 iu
1302 3026 1376 3074 tanta
1399 3016 1561 3074 sublimitate
1583 3016 1752 3074 humiliare·

949 3119 1007 3181 tur,
1033 3110 1119 3175 sidus,
1150 3107 1214 3163 dum
1241 3117 1368 3178 tanquam
1402 3105 1480 3162 stella
1504 3103 1651 3161 illustraret
1681 3104 1750 3166 iinee

949 3200 1035 3259 orbis.
1057 3199 1160 3255 Artiiex
1184 3197 1266 3269 igitur
1295 3212 1356 3252 eam
1380 3196 1512 3265 ornando,
1542 3193 1635 3250 oriens
1658 3194 1696 3250 de
1719 3211 1751 3252 eo

949 3290 1096 3359 nascendo,
1121 3288 1163 3344 sol
1186 3286 1318 3343 mnndum
1341 3287 1376 3341 ab
1397 3300 1488 3342 errore
1512 3284 1710 3352 convertendo,
1723 3294 1750 3343 et

949 3397 1010 3437 eam
1025 3379 1083 3435 aliis
1096 3378 1124 3432 in
1143 3378 1296 3446 exemplum
1310 3373 1467 3446 praebendo.

985 3520 1013 3578 l.
1037 3521 1077 3576 De
1102 3517 1237 3574 Genitrice
1259 3514 1310 3572 Dei
1327 3530 1387 3572 cum
1403 3514 1465 3571 talia
1480 3522 1507 3572 et
1522 3523 1598 3573 tanta
1620 3515 1746 3574 referun-

951 3619 1005 3680 tur,
1028 3625 1112 3682 pauca
1140 3607 1179 3664 rei
1203 3608 1289 3678 pretio
1312 3605 1391 3661 nobis
1415 3613 1506 3661 tamen
1530 3621 1594 3662 esse
1614 3607 1747 3664 videntur.

951 3701 1014 3756 llaec
1043 3707 1083 3754 est
1117 3698 1188 3754 euim
1220 3695 1301 3762 scala,
1324 3696 1417 3761 rubus,
1451 3709 1522 3765 arca,
1545 3695 1633 3758 sidus.
1661 3696 1737 3771 virga

952 3788 1048 3854 vellus,
1070 3785 1213 3851 thalamus,
1238 3793 1325 3857 porta,
1352 3785 1457 3850 hortus,
1480 3796 1591 3842 aurora.
1621 3786 1688 3844 llaec
1709 3795 1748 3843 est

951 3876 1023 3933 enim
1038 3876 1108 3930 scala
1125 3875 1219 3941 Jacob,
1244 3873 1291 3943 nui
1305 3873 1415 3945 quando
1429 3877 1510 3944 cap'nt
1532 3872 1562 3928 in
1586 3875 1679 3945 lapide
1700 3889 1746 3948 po-

952 3966 1015 4034 suit,
1040 3963 1160 4037 Angelos
1183 3962 1356 4029 ascendentes
1381 3968 1408 4018 et
1431 3961 1638 4032 {descendentes
1661 3962 1749 4023 videre

951 4055 1059 4111 meruit.
1088 4054 1165 4110 Scala
1183 4052 1235 4108 ista
1259 4050 1401 4108 duodecim
1428 4049 1528 4124 gradus
1562 4050 1651 4108 habet
1685 4052 1750 4109 inter

951 4145 1005 4200 dno
1019 4144 1113 4200 latera.
1136 4142 1267 4198 Dextrum
1289 4139 1358 4196 latus
1381 4147 1421 4196 est
1442 4147 1617 4210 contemptus
1642 4142 1689 4198 sui
1706 4158 1749 4200 ns·

101 4231 174 4287 Deua
188 4237 292 4285 naturae
306 4228 449 4292 intonaret,
466 4227 559 4283 dicens
581 4227 614 4283 ad
643 4235 797 4297 serpentem
816 4244 822 4282 :
839 4232 896 4286 lui·
913 4241 936 4319 u
952 4248 1003 4304 que
1018 4232 1051 4287 ad
1066 4246 1185 4287 amorem
1208 4229 1256 4286 Dei
1274 4247 1280 4284 :
1297 4228 1450 4293 sinistrum,
1466 4232 1643 4299 contemptur
1660 4230 1750 4287 mund

101 4322 336 4392 uvicitiosponom
347 4320 495 4376 interiret
506 4317 667 4385 mulierem,
679 4324 705 4374 ct
713 4320 791 4373 iuter
800 4334 897 4376 semen

102 4416 183 4467 tuum
197 4414 328 4467 ettamen
343 4408 425 4464 iltius
448 4406 530 4476 (Gen.
547 4421 588 4470 ιιι,
605 4407 670 4476 llll:
687 4405 740 4472 lex,
755 4407 820 4461 dum
837 4425 898 4463 eam

102 4499 135 4552 ab
157 4497 218 4552 aliis
240 4496 430 4568 distinguendo
446 4495 574 4550 clamaret
589 4513 595 4550 :
608 4494 709 4552 Mulier
719 4512 780 4568 que
808 4512 898 4553 suace-

100 4591 148 4658 pto
162 4587 271 4641 semiue
280 4586 399 4659 peperit,
418 4581 568 4640 immunde
582 4585 639 4641 erit
664 4589 773 4657 septem
801 4582 898 4643 diebos

4 4704 10 4720 .
102 4673 202 4742 (lecit.
219 4688 270 4739 ιιιι,
286 4673 314 4743 tl)
326 4689 332 4739 ;
345 4673 441 4744 gratia,
456 4673 484 4726 in
499 4687 532 4728 eo
546 4673 619 4742 cuod
638 4673 740 4730 dictum
763 4683 814 4743 est,
831 4673 897 4742 Aue,

101 4761 199 4835 pretio
213 4761 447 4832 pleun,llomv'rtua
457 4765 550 4817 tecum
559 4760 703 4818 benedictn
714 4767 746 4818 tu
755 4763 788 4819 iu
802 4765 900 4821 mulie·

102 4849 179 4906 m'hns
190 4853 217 4903 et
232 4847 391 4904 benedictus
402 4851 514 4919 fructus
532 4850 640 4904 ceutrm
661 4850 707 4904 tui
716 4849 784 4919 (lue
796 4867 837 4917 .ιι,
853 4855 899 4918 28,

103 4940 159 5009 hi).
176 4937 276 4994 Natura
300 4938 363 4993 hnic
390 4936 496 5003 detulit,
514 4935 576 4990 dum
598 4944 669 4991 terra
696 4939 754 4993 sine
777 4941 898 5007 germine

102 5036 208 5096 pareret
238 5029 262 5079 in
298 5025 428 5095 principio
444 5043 451 5090 ;
468 5025 520 5090 lex,
537 5024 600 5079 dum
613 5024 699 5080 rubus
714 5026 821 5084 arderet
841 5029 898 5086 sine

103 5115 247 5183 incendio,
268 5118 363 5189 gratia,
379 5115 444 5167 daun
473 5115 532 5169 sine
556 5115 659 5169 sentiae
685 5121 793 5186 'pareret
806 5116 897 5190 virgo.

103 5205 132 5259 ln
149 5206 197 5262 hnc
210 5207 281 5262 enim
297 5203 425 5260 habitavit
442 5205 519 5258 Pater
548 5211 575 5259 et
591 5202 674 5260 Pilius
695 5215 724 5260 nt
744 5213 852 5259 creator
871 5206 898 5260 in

104 5296 217 5358 mundo,
234 5294 378 5364 imperator
391 5295 418 5350 in
434 5310 531 5368 regno,
552 5294 747 5366 paterfamilias
762 5293 789 5348 in
804 5295 897 5363 durno,

104 5381 224 5448 pontilari
238 5383 264 5436 in
279 5386 392 5456 templo,
413 5400 533 5454 sponsus
545 5383 574 5441 iu
590 5385 716 5442 thalamo.
733 5383 811 5442 Prius
825 5382 900 5439 anim

99 5465 254 5525 attissimus
270 5472 322 5527 sibi
337 5488 396 5529 eam
411 5472 487 5543 quasi
509 5472 644 5533 muudum
667 5471 893 5544 specialissimum

953 4337 1039 4393 usqne
1063 4320 1097 4375 ad
1118 4333 1238 4374 amorem
1262 4316 1348 4391 regni.
1372 4314 1551 4372 Ascensiouos
1575 4317 1665 4388 hujus
1686 4318 1750 4375 dno·

953 4410 1038 4465 decim
1061 4408 1219 4465 humilitatis
1239 4406 1354 4481 gradus.
1373 4404 1479 4462 Primus
1501 4412 1543 4460 est
1566 4403 1666 4462 odium
1691 4424 1751 4481 pee-

953 4499 1018 4565 cati,
1047 4497 1182 4554 secundus
1209 4504 1249 4551 est
1276 4495 1340 4568 luga
1377 4492 1486 4561 delicti,
1513 4494 1631 4562 tertius,
1667 4504 1752 4552 metus

954 4587 1023 4653 odii;
1050 4595 1171 4658 quartus,
1197 4584 1224 4639 in
1247 4583 1374 4640 omnibns
1392 4582 1435 4637 his
1467 4582 1582 4638 subesse
1608 4583 1750 4647 Creatoriz

954 4675 1071 4746 quintus,
1092 4675 1203 4731 obedire
1215 4671 1337 4740 meliori3
1354 4679 1456 4737 sextus,
1472 4672 1667 4740 obtemperare
1685 4688 1752 4731 oom-

955 4764 1026 4834 pari;
1058 4765 1199 4835 septimus,
1228 4759 1340 4832 obsequi
1368 4757 1502 4826 inferiori,
1531 4765 1662 4829 neurus,
1689 4761 1752 4817 snb·

955 4868 1014 4908 esse
1038 4851 1106 4921 sibi;
1136 4867 1236 4916 nonus,
1259 4848 1340 4905 finem
1368 4864 1448 4906 suum
1474 4847 1577 4919 jugiter
1608 4848 1751 4917 meditatu

955 4943 1086 5010 decimus,
1122 4956 1204 5012 opera
1236 4954 1287 4996 sua
1313 4954 1423 5010 semper
1446 4936 1550 5009 vereri3
1577 4939 1752 5003 undecimus,

954 5030 1133 5103 cogitationes
1156 5045 1218 5084 snas
1241 5027 1377 5082 humiliter
1397 5025 1531 5095 confiteri;
1558 5026 1752 5099 duodecimus,

955 5136 1004 5190 per
1018 5119 1110 5174 omnia
1124 5119 1156 5173 ad
1180 5134 1298 5188 manum,
1322 5118 1482 5181 adnutum,
1505 5115 1538 5169 ad
1561 5117 1672 5173 libitum
1697 5119 1753 5176 Du·

954 5209 1019 5263 mini
1046 5207 1158 5264 moveri.
1187 5208 1236 5262 Per
1260 5208 1311 5261 hos
1339 5205 1439 5279 gradus
1461 5205 1614 5259 ascendunt
1643 5205 1753 5281 Angeli,

953 5310 979 5354 et
1003 5297 1149 5353 sublimant
1173 5296 1295 5350 homines
1321 5293 1384 5350 :sic
1407 5292 1590 5363 disponuntur
1615 5292 1645 5348 in
1669 5295 1754 5352 corda

955 5386 1138 5451 ascensiones,
1153 5385 1254 5442 sensim
1274 5383 1450 5455 proficiendo,
1465 5391 1491 5437 et
1510 5381 1681 5451 pedetentim
1708 5400 1756 5441 aa·

956 5477 1096 5534 candendo
1121 5475 1182 5532 :sic
1201 5475 1229 5531 ia
1251 5476 1332 5532 domo
1358 5471 1445 5530 Patris
1468 5470 1572 5530 loetum
1591 5472 1753 5548 percipiunt
