3706 5962
148 195 215 259 1251
706 186 801 248 matta
821 185 864 246 DE
883 185 972 246 hotto
990 184 1074 245 uultu
1093 183 1240 246 utetur.
1734 188 1794 248 tasi

147 325 250 386 corda;
266 322 420 396 frequenter
449 319 573 390 lacrymae
601 316 686 373 iluant
704 314 738 371 ab
764 314 851 370 oculis
876 313 941 385 tuis,
958 334 981 413 q
1001 320 1107 369 maneat
1125 313 1151 367 iu
1166 327 1210 367 me
1223 325 1273 383 per
1291 309 1382 379 iidem,
1401 317 1428 368 et
1442 311 1761 382 houamoperationem,
1776 326 1797 369 rt

148 428 254 484 semper
268 420 326 467 esto
342 416 435 482 parata
449 410 482 463 ad
498 408 638 479 lacrymas.
998 416 1050 474 ego
1064 401 1091 456 in
1104 416 1147 466 eo,
1163 416 1271 457 caruem
1285 416 1371 456 meam
1388 402 1550 456 manducare
1564 415 1620 457 non
1639 409 1739 472 potest,
1757 418 1797 457 arc

183 502 229 560 at.
245 497 415 557 Venerabilis
430 496 517 568 virgo,
535 495 616 551 crede
631 492 706 562 mihi,
722 491 786 563 quia
804 504 944 562 uunquam
999 489 1157 561 sauguinem
1181 491 1287 545 hibere·
1297 488 1369 558 Quid
1394 496 1435 543 est
1454 503 1520 561 ergo
1540 489 1614 561 quod
1641 491 1802 546 manducant

147 588 220 645 servi
234 587 284 644 Dei
308 588 335 642 in
361 588 410 641 hac
427 584 483 640 vita
502 583 602 641 debent
623 597 684 637 esse
703 578 800 644 securi,
824 576 946 651 quamvis
1000 579 1144 634 homiues?
1159 578 1227 634 Ecce
1241 593 1337 633 omues
1352 579 1505 651 lrequenter
1519 577 1699 634 Sacramenta
1713 579 1801 634 altaris

147 677 203 732 sint
214 674 290 745 justi.
307 675 383 731 Serui
398 672 447 727 Dei
465 686 574 741 semper
587 668 688 724 dehent
706 666 827 741 vigilare,
844 675 872 723 et
884 680 945 735 pcc·
1000 667 1152 740 percipiunt
1164 667 1261 738 plaue;
1278 665 1409 721 sedulius
1428 681 1535 722 carnem
1556 667 1659 722 Christi
1676 668 1801 738 spiritua·

149 772 209 821 cata
223 780 274 819 sua
284 780 344 820 cum
361 760 485 832 lacrymis
496 764 528 817 ad
546 757 703 816 memoriam
719 755 857 813 reducere.
868 753 947 810 Unde
1000 753 1061 810 liter
1075 756 1217 810 manducat
1232 765 1259 810 et
1271 754 1429 825 sanguinem
1447 754 1533 808 bihit:
1551 755 1625 810 alius
1650 771 1717 811 vero
1736 772 1797 819 nou,

150 855 178 909 in
192 852 320 909 laudibus
335 851 432 923 Sponsi
446 891 453 914 ,
469 848 572 903 scilicet
587 846 695 911 Christi,
711 845 738 901 in
754 844 865 901 Cantico
879 858 947 898 can·
1002 844 1049 898 sed
1069 851 1170 899 tantum
1189 843 1400 907 Sacramentum,
1415 841 1442 895 id
1461 848 1503 897 est
1520 857 1621 915 corpus
1638 843 1743 899 Christi
1758 846 1806 898 sub

149 942 264 999 ticorum
279 941 398 996 dicitur:
414 940 506 995 Comae
521 939 581 1009 ejas
590 937 665 994 sicud
678 936 761 992 eloloe
772 934 946 1008 palmorum,
1002 931 1184 996 sacramento,
1200 938 1228 988 et
1249 945 1302 985 non
1320 945 1380 986 rom
1403 930 1578 986 Sacramenti.
1600 931 1805 987 Sacramentum

150 1032 244 1102 miproe
257 1029 338 1102 quasi
355 1044 452 1087 coruos
471 1027 566 1098 (domi.
584 1041 609 1092 v,
627 1024 682 1097 ll).
697 1023 769 1088 Quid
791 1038 838 1095 per
858 1037 950 1079 comas
1001 1019 1053 1075 hoc
1067 1018 1167 1075 dicitur
1190 1033 1290 1090 corpus
1305 1017 1405 1074 Christi
1422 1019 1563 1090 proprium
1578 1021 1612 1076 de
1629 1019 1741 1092 uirgine
1761 1037 1806 1075 ua-

150 1119 254 1176 Christi
279 1116 466 1187 intelligimus,
491 1115 544 1170 nisi
564 1113 657 1170 fideles
676 1113 807 1179 homines,
823 1110 870 1182 qui
883 1113 948 1167 dum
1003 1114 1072 1173 lum,
1089 1122 1133 1164 res
1158 1122 1233 1173 uero,
1255 1106 1402 1176 spiritualia
1425 1107 1523 1163 Christi
1547 1124 1622 1165 caro.
1640 1108 1740 1165 Bonus
1763 1111 1808 1181 igi-

151 1206 232 1262 fidem
247 1213 347 1261 sanctae
361 1203 502 1260 Trinitatis
517 1204 544 1258 in
561 1211 652 1259 mente
666 1202 830 1268 custodiunt,
848 1210 876 1257 et
889 1200 949 1256 Deo
1003 1206 1045 1253 tur
1058 1197 1166 1267 accepit
1180 1194 1392 1260 Sacramentum,
1415 1204 1442 1250 et
1456 1211 1513 1250 rem
1528 1195 1705 1253 Sacramenti
1723 1216 1730 1252 :
1756 1214 1809 1253 ma·

150 1295 321 1352 adhaerentes
336 1293 410 1367 quod
437 1293 553 1349 credunt
580 1292 689 1357 iaciunt,
705 1292 781 1365 quasi
808 1290 897 1361 capilli
923 1290 948 1342 in
1003 1285 1046 1340 lus
1065 1300 1139 1346 tero,
1156 1284 1219 1354 quia
1241 1282 1399 1340 munducat
1415 1282 1540 1355 indique,
1566 1286 1640 1340 sicut
1662 1286 1810 1357 Apostolus

151 1385 238 1456 capite
262 1383 412 1457 prudentes
436 1381 476 1436 illi
504 1382 636 1438 honorem
659 1381 804 1437 conferunt
817 1379 831 1436 'i
859 1379 950 1434 Palma
1004 1373 1051 1440 ait,
1062 1373 1206 1445 judiciam
1228 1373 1281 1430 aiii
1297 1372 1454 1428 manducat
1469 1376 1496 1429 cl
1511 1372 1599 1441 iiiii:
1615 1389 1676 1429 non
1694 1377 1811 1446 probans

152 1480 243 1529 sutem
255 1487 319 1529 vere
333 1472 360 1525 in
376 1471 460 1527 altum
479 1469 627 1527 crescendo
641 1468 755 1540 prolicit,
771 1478 798 1525 et
811 1467 950 1524 uictoriam
1005 1478 1035 1517 se
1056 1461 1139 1532 prius,
1154 1475 1206 1517 nec
1220 1460 1376 1532 dijudicans
1392 1475 1492 1534 corpus
1510 1462 1633 1518 Domini.
1652 1463 1726 1536 Ergo
1750 1465 1810 1535 quid

152 1576 201 1616 sua
228 1559 427 1632 significatione
460 1559 610 1629 pretendit.
637 1558 728 1615 Comae
754 1572 819 1628 ergo
852 1554 949 1611 Christi
1006 1549 1395 1623 manduostpeccatoretquid
1414 1549 1576 1607 bihit‘lllon
1591 1550 1691 1623 utique
1706 1567 1811 1608 carnem

152 1648 228 1705 sicat
243 1649 329 1705 cloioe
340 1646 506 1720 palmorum
522 1656 593 1713 sunt,
609 1648 671 1720 quia
681 1645 760 1702 electi
775 1645 876 1718 quique
886 1642 949 1698 dum
967 1615 989 1691 fl
1004 1650 1033 1695 et
1058 1637 1218 1709 sanguinem
1240 1638 1418 1707 spiritualiter
1441 1639 1475 1692 ad
1502 1653 1581 1694 suam
1602 1641 1725 1694 salutem
1741 1656 1750 1709 ς
1768 1640 1812 1693 sed

153 1753 262 1809 semper
275 1738 309 1792 ad
324 1737 379 1791 alta
392 1734 692 1803 uirtutumseellerunt,
710 1750 757 1805 per
775 1733 824 1789 Dei
838 1733 952 1806 gratiam
1003 1726 1135 1798 judicium
1149 1728 1181 1781 ad
1202 1741 1279 1781 suam
1298 1726 1512 1791 damnationem,
1532 1725 1596 1783 licet
1612 1726 1743 1785 videatur
1756 1743 1811 1782 cum

154 1826 318 1898 quandoque
336 1825 370 1879 ad
386 1824 530 1881 victoriam
547 1824 740 1894 parducuntur.
756 1824 851 1894 lliproe
864 1828 955 1878 autem
1006 1815 1113 1872 caterio
1126 1814 1331 1871 Sacramentum
1347 1814 1439 1870 altaris
1463 1817 1618 1886 percipere.
1635 1816 1735 1889 ltaque
1749 1816 1813 1871 alius

154 1921 217 1969 sunt
231 1912 501 1985 sicatcorous,quia
514 1914 637 1984 quamvis
652 1911 796 1967 virtutihus
814 1911 841 1964 iu
854 1909 954 1965 coelum
1007 1903 1108 1975 accipit
1120 1918 1220 1974 corpus
1240 1903 1348 1959 Domini
1372 1903 1407 1958 ad
1431 1904 1561 1969 salutem;
1586 1904 1663 1959 alius
1688 1921 1762 1972 sero,
1783 1908 1812 1959 ad

151 2017 185 2074 ¹se
199 2001 315 2073 erigant,
330 2016 437 2073 semper
454 2012 542 2056 tmnen
558 2006 713 2071 peccatores
726 2014 756 2052 sa
769 2013 830 2054 esse
854 2010 955 2070 coguo-
983 1999 985 2003 ‘
1007 1993 1220 2048 damnationem.
1241 1991 1290 2047 llle
1310 1992 1434 2063 quicum
1460 1993 1532 2046 luda
1559 1992 1701 2049 traditore
1721 2009 1814 2065 corpus

157 2096 246 2145 scunt.
262 2088 307 2145 Sic
322 2096 349 2145 et
364 2096 403 2154 tu,
415 2102 494 2144 soror
508 2088 576 2142 milri
595 2088 622 2142 iu
640 2087 748 2143 Christo
761 2083 954 2145 amantissima,
1009 2081 1118 2137 Domini
1132 2081 1240 2152 accipit,
1254 2097 1315 2138 cum
1334 2080 1616 2138 Judacoudemrtatur
1642 2100 1650 2136 :
1677 2083 1725 2154 qni
1758 2099 1811 2138 can

157 2178 279 2251 quamvis
299 2180 366 2234 hene
393 2184 420 2233 et
440 2176 567 2249 religiose
590 2175 674 2241 viras,
690 2174 814 2247 quamvis
835 2174 908 2244 juste
929 2180 956 2227 et
986 2170 1088 2252 'Petro
1103 2178 1130 2225 et
1144 2169 1248 2226 caeteris
1275 2169 1399 2226 fidelihus
1425 2171 1525 2226 devote
1544 2184 1577 2225 ac
1602 2169 1728 2226 fideliter
1749 2171 1810 2227 illud

156 2268 252 2323 devote
276 2269 334 2322 Deo
356 2267 470 2337 servias,
490 2273 516 2321 te
541 2274 629 2321 umen
650 2279 749 2320 moneo
770 2272 956 2333 utnusquam
1009 2259 1103 2328 sumit,
1128 2258 1186 2315 aine
1203 2258 1288 2314 dubio
1311 2273 1373 2315 cum
1402 2259 1480 2316 Petro
1494 2270 1522 2316 et
1537 2260 1653 2317 casteria
1681 2260 1812 2334 Apostolis

156 2356 270 2412 deseras
283 2357 426 2425 lacrymas.
446 2354 475 2409 Si
489 2353 575 2427 igitur
589 2352 631 2409 vis
645 2354 757 2409 abluere
783 2359 954 2424 peccatorum
1010 2347 1038 2402 in
1052 2361 1166 2418 corpore
1181 2347 1284 2402 Christi
1300 2346 1490 2405 mnatiiicatur.
1504 2350 1580 2406 Audi
1598 2349 1700 2422 igitur,
1721 2364 1812 2420 sponsa

157 2451 266 2501 tuorum
291 2444 423 2510 maculas,
446 2457 555 2514 semper
567 2441 666 2514 diligas
691 2441 835 2513 lacrymas.
860 2439 958 2501 Dulces
1010 2434 1119 2502 Christi,
1136 2437 1217 2492 verba
1232 2434 1303 2491 beati
1318 2435 1461 2508 Augustini
1479 2456 1513 2491 :a
1535 2437 1590 2509 Qui
1608 2450 1688 2496 casto
1704 2453 1811 2511 corpore

158 2533 206 2589 tihi
230 2534 283 2589 siut
307 2533 441 2604 lacrymas,
467 2531 582 2587 delectet
605 2539 629 2586 te
658 2547 767 2604 semper
790 2530 912 2603 planctus
932 2533 958 2582 et
1010 2536 1036 2583 et
1051 2525 1152 2580 mundo
1170 2526 1252 2582 corde
1266 2540 1327 2580 cum
1353 2541 1419 2598 pura
1433 2527 1598 2584 couscientia
1621 2537 1708 2602 atque
1721 2530 1811 2585 deuota

52 2679 57 2686 ,
158 2620 256 2689 luctas,
273 2634 412 2693 uunquam
426 2620 537 2675 deseras
551 2620 687 2690 planctum
700 2629 728 2675 et
742 2620 844 2674 luctum
861 2631 868 2670 :
884 2624 958 2673 tauto
1012 2622 1101 2670 utente
1115 2614 1149 2669 ad
1162 2614 1241 2671 istam
1255 2613 1347 2670 altaris
1362 2615 1580 2672 communionem
1596 2618 1684 2684 veuit,
1701 2619 1735 2673 ad
1755 2619 1811 2674 illud

160 2716 220 2767 esto
235 2725 323 2781 prona
337 2710 370 2765 ad
385 2709 518 2776 lamenta,
535 2716 637 2780 quanto
652 2706 729 2764 luisti
748 2707 881 2779 prouaad
897 2705 957 2761 cul·
1011 2703 1094 2759 altare
1107 2704 1153 2775 qui
1167 2714 1208 2760 est
1222 2703 1347 2760 Christus
1362 2704 1389 2759 in
1409 2704 1497 2774 coelis,
1512 2712 1576 2762 auto
1591 2708 1691 2764 oculos
1712 2707 1763 2760 Dei
1776 2707 1811 2761 le·

161 2815 222 2869 pam
238 2817 244 2864 ;
261 2809 361 2871 quauta
375 2797 426 2853 luit
441 2798 488 2852 tibi
503 2798 619 2853 intentio
638 2797 672 2852 ad
688 2797 865 2869 peccandum,
886 2803 958 2851 tanta
1011 2791 1057 2847 lici
1073 2791 1309 2866 transmigratione
1326 2794 1475 2864 perveniet.
1492 2813 1505 2846 s

161 2889 197 2942 sit
210 2887 244 2943 ad
258 2888 444 2960 poenitendum
461 2886 759 2960 deuotio.Seoundum
778 2886 998 2966 iufirmitatcmss
1049 2884 1095 2938 86.
1112 2881 1195 2938 Soror
1209 2882 1237 2936 in
1269 2881 1380 2937 Christo
1403 2882 1537 2948 amabilia,
1564 2898 1635 2956 rogo
1667 2892 1695 2939 ut
1724 2889 1812 2944 audias

162 2976 315 3031 adhibenda
330 2985 371 3031 est
385 2975 537 3041 medicina,
553 2975 647 3047 gravia
662 2982 768 3047 peccata
783 2974 895 3045 grandia
919 2973 959 3027 la·
1014 2971 1184 3043 prudentiam
1213 2971 1357 3041 serpentis.
1382 2970 1500 3044 Serpens
1529 2972 1600 3028 euim
1622 2988 1683 3027 cunr
1699 2976 1810 3046 coeprrit

163 3073 253 3118 menta
278 3062 444 3117 desiderant.
460 3063 543 3117 Soror
559 3062 734 3128 venerahilis,
759 3062 817 3132 ipse
833 3071 857 3117 te
880 3061 960 3130 adju·
1012 3061 1053 3116 ire
1072 3061 1105 3116 ad
1122 3060 1281 3128 hibendum,
1296 3070 1439 3132 autequam
1454 3060 1542 3116 renim
1555 3061 1587 3114 ad
1614 3059 1737 3132 iontem,
1749 3079 1811 3122 cro-

160 3148 227 3208 'vsre
240 3160 268 3204 et
282 3147 417 3204 consolari
427 3147 555 3220 dignetur
564 3149 592 3204 in
602 3149 653 3206 hac
667 3150 795 3221 praesenti
808 3149 960 3220 vita,quem
1014 3150 1063 3203 mit
1079 3162 1161 3205 omna
1176 3163 1320 3206 uenenum.
1337 3148 1447 3205 imitare
1462 3163 1529 3223 ergo
1544 3158 1572 3204 et
1585 3157 1626 3218 tu,
1641 3151 1807 3218 charisdma,

162 3237 260 3311 hugeli
275 3237 388 3293 adorant
400 3235 428 3291 in
440 3237 544 3294 coelesti
559 3238 643 3295 curia
658 3239 755 3296 hmeu.
1015 3240 1086 3293 hunc
1100 3246 1252 3310 serpentem
1267 3238 1295 3292 iu
1310 3239 1361 3295 hac
1372 3244 1456 3308 parte,
1471 3248 1501 3295 ut
1510 3247 1658 3312 autequam
1677 3243 1771 3300 restas
1782 3243 1808 3296 ad

340 3325 466 3382 XXVlll.
478 3356 513 3367 -
527 3329 566 3384 Dc
575 3332 783 3386 communione.
1015 3328 1127 3392 iontem,
1141 3327 1166 3382 id
1181 3335 1223 3382 est
1241 3326 1463 3384 communionem
1482 3328 1609 3401 corporis
1621 3340 1651 3388 et
1676 3331 1807 3403 sauguinis

199 3419 244 3473 ιι.
266 3417 431 3488 Quicumque
453 3416 670 3474 manducaverit
688 3421 844 3491 postumat
863 3419 962 3474 uomit
1016 3415 1124 3471 Domini
1139 3415 1225 3472 nostri
1238 3416 1304 3472 Jesu
1318 3415 1428 3483 Christi,
1444 3432 1554 3474 evomas
1565 3433 1650 3476 omne
1664 3436 1805 3477 rensuum

163 3504 281 3561 colicam
291 3505 403 3560 Domini
411 3504 607 3576 indignamur
616 3508 670 3562 erit
677 3505 803 3579 corporis
812 3510 840 3563 ci
851 3507 963 3576 sungui-
1014 3504 1118 3560 scilicet
1129 3504 1229 3570 odium,
1248 3504 1326 3573 iram,
1338 3504 1479 3575 malitiam,
1490 3505 1637 3575 iuvidiam,
1653 3509 1806 3567 sarmatan

163 3596 209 3651 nis
219 3595 341 3653 Domini.
359 3593 388 3648 ld
404 3598 458 3664 est,
475 3606 615 3666 peccatum
635 3603 663 3650 et
678 3594 810 3650 maculam
824 3595 962 3650 contrahet
1015 3595 1124 3662 undam,
1140 3604 1168 3650 et
1181 3593 1274 3650 noxas
1289 3593 1468 3668 cogitationes
1481 3610 1514 3650 ex
1529 3597 1617 3654 corde
1636 3606 1698 3655 tuo.
1713 3598 1807 3654 Dimitte

163 3684 224 3739 sibi.
242 3682 355 3750 Quare?
373 3682 442 3752 eria
461 3684 494 3738 ad
518 3684 616 3740 honum
641 3683 712 3739 maie
726 3683 840 3743 accedit.
860 3683 960 3741 Probet
1013 3683 1095 3739 etiam
1110 3683 1236 3739 omnibus
1258 3682 1384 3738 sociabus
1409 3682 1460 3739 tuis
1482 3692 1511 3739 et
1533 3684 1667 3742 omnihus
1692 3686 1808 3759 proximis

164 3775 261 3827 autem
271 3787 301 3828 sc
312 3770 408 3842 ipsum
419 3771 510 3836 homo,
522 3777 549 3828 ct
563 3773 603 3827 sic
616 3770 650 3827 dc
659 3771 880 3843 poneilloadai,
891 3771 962 3829 aida
1016 3771 1068 3827 tuis
1082 3787 1115 3828 ea
1127 3786 1188 3843 quas
1203 3771 1231 3827 in
1254 3780 1281 3826 te
1308 3785 1466 3843 peccavere,
1489 3777 1519 3825 ut
1542 3772 1595 3827 tihi
1614 3773 1780 3830 dimittantur
1795 3785 1808 3825 a

164 3859 253 3916 calice
267 3857 356 3914 iiiut.
367 3859 409 3915 Ac
423 3861 445 3914 ιι
459 3859 562 3916 diceret
579 3876 586 3913 a
603 3859 798 3930 Unusquisque
810 3860 963 3915 consideret
1015 3861 1072 3916 Deo
1092 3867 1203 3931 peccma
1213 3868 1268 3931 tua,
1285 3863 1355 3917 sicut
1371 3862 1430 3931 ipsc
1447 3859 1579 3916 Dominus
1592 3861 1650 3918 ait:
1666 3861 1809 3927 Distiiiiit,

164 3947 247 4002 uitam
263 3961 352 4015 suam,
365 3957 393 4004 et
408 3947 536 4004 emundat
555 3962 603 4003 cor
617 3962 696 4003 suum
710 3948 744 4003 ah
758 3947 834 4002 omni
850 3947 962 4016 malitia,
1016 3957 1043 4007 ct
1054 3951 1219 4007 dimittetur
1232 3951 1307 4006 coiis
1317 3950 1614 4022 (iac.vr,3'l.)ltaque,
1625 3951 1653 4006 si
1668 3950 1811 4008 hmcomn‘a

166 4043 196 4089 ut
210 4034 292 4107 digne
307 4035 393 4104 possit
405 4035 534 4093 amedera
543 4034 578 4089 ad
594 4044 647 4090 tam
662 4049 789 4106 maguum
802 4036 963 4093 Sacramon-
1018 4037 1114 4094 feceris
1128 4038 1199 4094 sicut
1212 4037 1277 4109 dixi,
1292 4037 1394 4110 poteris
1406 4038 1535 4094 accedere
1548 4039 1586 4093 ad
1602 4038 1710 4096 louteru
1723 4039 1810 4103 risun,

167 4124 410 4196 tamosissimam
425 4125 647 4197 euimdorpuaet
662 4124 833 4198 sanquinem
850 4127 963 4183 Domini
977 4165 1001 4242 ss
1016 4126 1044 4182 id
1060 4135 1101 4183 est
1114 4125 1148 4181 ad
1160 4127 1308 4195 Christum,
1321 4127 1367 4198 qui
1385 4135 1428 4183 est
1441 4126 1502 4184 lons
1516 4141 1644 4183 ommam
1672 4129 1807 4186 somma.

166 4212 320 4270 maducat
336 4217 363 4270 ct
378 4213 731 4287 mittiadtpmjadtctam
743 4213 797 4269 aiii
809 4212 964 4271 munducat
1018 4216 1079 4287 lpse
1094 4216 1175 4272 etiam
1191 4218 1227 4272 ait
1239 4217 1273 4272 de
1286 4230 1317 4272 se
1330 4216 1390 4287 ipso
1407 4229 1414 4270 :
1431 4218 1484 4288 ligo
1499 4232 1565 4272 sam
1579 4219 1764 4290 posituim
1774 4213 1812 4289 tsi

166 4306 195 4359 ct
205 4300 274 4358 iiiii
284 4302 311 4371 ll
323 4303 384 4358 Cor.
396 4319 442 4369 st,
458 4304 573 4371 ul-Dtllt
589 4302 691 4360 scilicet
701 4318 808 4359 causam
818 4318 875 4359 suaa
888 4303 963 4358 dam·
1019 4302 1051 4359 de
1066 4307 1132 4365 cralo
1147 4304 1281 4362 &arcadi
1295 4307 1386 4376 licum.
1401 4320 1438 4373 rr,
1462 4303 1519 4376 at).
1534 4303 1577 4360 De
1592 4307 1650 4362 hoc
1665 4322 1738 4378 pana
1761 4306 1812 4361 dicit

167 4390 466 4447 salionisUndcetiam
480 4394 575 4447 beatus
585 4392 704 4448 Isidorus
713 4394 751 4448 ait
767 4409 774 4447 :
788 4414 800 4443 ι
812 4392 896 4461 Quiin
905 4393 962 4448 iic·
1017 4393 1104 4449 David
1119 4394 1147 4449 iu
1165 4394 1277 4450 Psalmis
1294 4410 1301 4446 ε
1317 4395 1421 4450 Portam
1435 4395 1609 4464 Ampelontes
1636 4396 1813 4453 mauduni

167 4480 251 4535 alesia
264 4478 398 4535 scelerate
424 4481 542 4546 vivunt,
559 4493 585 4537 et
600 4480 800 4538 communicare
816 4494 870 4535 non
888 4479 963 4536 desi-
1020 4482 1329 4554 immotissimus,
1345 4486 1403 4554 25).
1418 4482 1548 4553 Alioquin
1563 4498 1627 4538 caca
1644 4485 1696 4540 ills
1720 4485 1814 4544 ιιωιιι

168 4577 244 4636 naut,
258 4575 382 4638 putantes
395 4585 426 4625 se
440 4569 484 4623 tali
504 4569 694 4626 cornaraniona
708 4584 725 4625 s
747 4569 863 4640 peccatis
881 4583 964 4640 possa
1018 4570 1090 4626 ooelo
1103 4571 1217 4636 uenerit,
1233 4581 1260 4626 et
1275 4580 1365 4643 potus,
1379 4570 1443 4643 quia
1456 4583 1612 4641 corporeus
1626 4579 1705 4642 erat,
1719 4571 1816 4646 hagah

169 4655 311 4726 mundari;
334 4656 419 4713 sciant
434 4659 460 4712 hi
478 4658 544 4713 tales
559 4658 593 4712 ad
613 4656 828 4714 emundationem
843 4658 894 4714 sihi
909 4673 964 4713 nou
1018 4674 1074 4715 aon
1090 4662 1260 4732 congruebat
1280 4676 1286 4718 :
1304 4663 1350 4716 sed
1367 4656 1512 4730 utiqueillo
1526 4658 1621 4730 panis,
1638 4669 1671 4716 et
1689 4658 1815 4732 potusqu

170 4745 310 4818 prolicere,
325 4745 431 4803 dicante
443 4749 576 4818 propheta
592 4766 600 4803 ι
619 4747 690 4816 Quid
704 4752 745 4804 ast
759 4746 829 4819 quod
844 4746 964 4804 dilectas
1019 4764 1067 4819 per
1082 4750 1135 4803 hoc
1152 4750 1384 4824 praefigurabatur.
1397 4747 1522 4804 Christus
1534 4761 1605 4803 vero
1624 4751 1709 4820 panis
1723 4761 1766 4809 cat
1775 4751 1818 4804 ir

169 4849 249 4890 meas
264 4837 295 4890 ia
315 4833 395 4891 domo
421 4852 483 4892 oreo
503 4838 572 4906 fecii
586 4835 691 4893 scelera
704 4838 821 4892 multo?
835 4835 966 4908 nunquid
1019 4835 1155 4909 gelorum,
1173 4850 1200 4894 et
1214 4838 1418 4895 Sacramentum
1432 4838 1483 4894 hoc
1496 4850 1560 4891 sera
1573 4851 1647 4894 caro
1658 4843 1725 4912 ejus
1738 4845 1818 4905 assat

169 4938 271 4981 corruas
285 4928 594 4996 soactaeoasercntotc
608 4927 737 4982 molitios
749 4925 963 4993 tonsillarum.
1020 4941 1102 4982 verus
1126 4928 1238 5000 sanguis
1275 4945 1281 4982 :
1311 4927 1383 4999 quod
1411 4925 1618 4982 Sacramentum
1652 4928 1820 5003 spirituaii&

170 5030 208 5083 st,
226 5015 281 5084 ld).
295 5013 346 5082 Qui
366 5030 432 5087 ergo
446 5015 728 5086 corpusChristivult
742 5015 874 5087 accipere,
891 5015 966 5088 prius
1021 5016 1170 5072 manducat
1185 5028 1212 5073 et
1226 5017 1296 5072 bihit
1318 5019 1408 5073 homo.
1432 5015 1472 5071 hc
1493 5029 1542 5087 per
1566 5016 1623 5072 hoc
1639 5022 1720 5076 unda
1739 5021 1818 5078 sistri
1851 5091 1852 5096 γ

169 5103 274 5160 studeat
286 5104 313 5158 iu
328 5104 426 5160 Christi
438 5105 490 5160 lide
505 5115 532 5162 et
550 5106 691 5162 dilectione
705 5120 823 5161 manere.
839 5106 908 5162 iiiuc
925 5113 968 5161 est
1022 5105 1124 5176 hugeli
1144 5106 1170 5159 iu
1185 5106 1271 5174 coeiis,
1296 5106 1359 5160 inde
1383 5103 1450 5161 vivit
1474 5105 1556 5160 homo
1584 5104 1615 5159 iu
1633 5109 1720 5164 terris
1736 5128 1744 5164 :
1769 5108 1820 5182 qu'
1847 5110 1851 5115 '

169 5196 245 5266 quod
256 5195 292 5249 ait
303 5193 437 5250 Dominus
450 5195 479 5250 iu
494 5194 658 5269 Evangelio:
678 5196 730 5264 Qut
739 5193 896 5253 maducat
906 5212 968 5252 cor·
1022 5206 1110 5256 totum
1121 5195 1259 5266 spirituale
1267 5201 1294 5249 et
1301 5193 1420 5252 diuinum
1431 5192 1458 5246 in
1472 5193 1586 5263 eoquod
1598 5197 1730 5270 percipit
1742 5201 1818 5256 haas

171 5298 236 5339 mem
247 5299 351 5352 mcum,
363 5287 449 5343 inme
461 5282 547 5343 ΒΜ
557 5286 967 5357 monetelcgoiaeolloommr,
1022 5285 1077 5342 Sed
1094 5285 1163 5341 sicut
1180 5282 1329 5356 Apostolus
1343 5283 1391 5349 ait,
1403 5281 1511 5352 quidam
1528 5281 1558 5336 in
1572 5289 1694 5344 deserto
1710 5286 1818 5346 undu

172 5371 273 5440 lilino
287 5374 310 5428 si
323 5374 444 5430 diceret:
460 5375 509 5433 llle
522 5376 603 5433 inme
615 5383 716 5443 manet,
727 5374 969 5447 quiinhonisope·
1024 5391 1115 5432 escam
1130 5373 1300 5446 spiritualem
1321 5376 1577 5440 manducationem
1604 5384 1705 5434 umen
1735 5371 1819 5434 mana

174 5457 252 5515 ribus
266 5461 428 5520 voluntatem
444 5481 530 5520 meam
546 5465 684 5537 adimplet.
693 5464 821 5536 alioquin
830 5465 883 5521 uisi
891 5466 969 5538 prius
1023 5467 1127 5536 santii
1141 5466 1203 5524 Cor.
1219 5481 1246 5530 x,
1262 5464 1330 5533 aa).
1346 5462 1387 5519 lta
1400 5469 1428 5519 et
1441 5459 1554 5518 nuncin
1575 5460 1821 5542 &sanquis
