3706 5962
151 195 216 258 loct

699 171 705 180 '
728 191 861 255 uranu
879 191 1207 255 omna-vucuusrs.

1728 192 1798 256 ¹052

148 322 221 395 quod
234 328 379 395 purgatum
393 329 474 393 atque
487 322 598 395 politum
613 321 702 390 ipsam
715 320 864 378 divinitatis
875 322 941 378 sub·
958 336 982 415 Α
999 320 1048 386 trit,
1064 320 1198 394 quianon
1214 329 1254 377 est
1275 321 1421 389 mutassis,
1446 321 1494 378 sed
1521 320 1657 388 otlansio;
1682 325 1729 380 vel
1756 325 1797 380 sui

149 408 273 466 eandam
286 408 459 466 considerat:
475 410 526 466 etsi
540 425 595 466 non
611 409 826 481 comprehendit,
842 426 948 484 appre·
1000 409 1138 466 excusatio
1152 409 1237 476 ducit,
1257 408 1320 482 quia
1340 418 1451 467 nonest
1472 409 1620 478 confessio,
1638 413 1690 468 sed
1705 413 1800 470 delen·

149 496 243 555 beudit
258 505 356 554 lamen.
372 499 426 556 cor
439 508 482 554 εει
505 499 532 553 in
548 504 666 570 pectore,
692 498 782 553 enims
809 498 837 553 in
852 499 946 565 corde,

150 602 227 644 mens
238 585 267 642 in
281 586 379 656 anima,
396 586 464 642 tides
478 587 506 642 in
522 579 629 653 mente,
645 586 768 642 Christus
783 587 810 642 in
825 586 890 644 lide.
914 588 948 644 Et

150 676 202 733 boc
220 682 273 744 est,
287 684 364 749 puto,
378 676 451 747 quod
465 674 532 731 dicit
546 676 704 747 Apostolus,
721 677 848 735 babitare
865 675 948 735 dirri-

151 769 229 821 stum
241 778 294 839 per
305 764 393 833 taem
403 765 433 820 tre
443 763 572 822 cordibus
591 765 701 822 eastris
717 765 828 838 (pres.
838 780 880 832 ru,
894 765 948 834 tr).

152 853 209 910 lico
231 852 312 924 igitur
334 853 361 907 in
390 853 599 910 meracissimam
618 854 766 926 eliquatum
787 863 828 911 est
847 853 950 926 purita-

153 949 219 1007 tem,
235 956 295 996 cum
310 941 400 996 omnia
414 942 543 1013 mysteria
564 941 719 997 christianae
735 941 798 997 [idei
821 942 874 999 tide
888 959 950 1017 per·

153 1029 223 1100 cipis
236 1029 406 1095 inconcussa,
422 1030 543 1103 nihilque
557 1037 598 1086 εει
619 1031 691 1101 quod
714 1031 761 1086 tibi
786 1030 950 1088 dubitation-

153 1131 213 1171 nem
230 1117 314 1187 parit,
331 1116 395 1174 licet
409 1133 462 1173 non
478 1118 569 1176 videas
585 1119 728 1175 rationem.
754 1118 816 1177 llaec
831 1128 872 1175 est
885 1135 951 1176 oon-

153 1204 406 1276 summatajustitia,
417 1207 535 1278 perlecta
556 1208 666 1278 venus,
688 1215 715 1263 et
729 1223 792 1265 vera
806 1208 946 1281 perfectio,

154 1291 279 1349 simmaa
304 1293 361 1350 oris
383 1294 519 1350 consessio
548 1297 740 1370 subsequatur.
769 1296 849 1352 Fides
874 1295 948 1352 enirn

1000 498 1061 567 si03
1077 498 1120 555 vel
1132 498 1263 568 jactantis
1276 497 1365 555 inanis
1378 499 1458 569 rapit,
1476 497 1608 570 quianon
1632 509 1674 557 est
1689 501 1801 559 contes-

1001 588 1112 655 sio,aed
1127 588 1235 659 illusio,
1252 591 1282 644 et
1307 588 1331 645 si
1358 604 1418 659 que
1445 587 1506 643 sliae
1521 596 1611 658 pestes
1634 597 1711 661 sunt,
1739 606 1802 662 qua

1001 676 1208 735 obumbratorio
1236 676 1370 734 velamine
1392 675 1459 732 tanti
1481 678 1646 735 sacramenti
1670 678 1804 735 simulant

1002 766 1178 823 sanctitatem.
1195 765 1249 822 Cor
1266 765 1294 821 iu
1309 764 1466 836 semetipso,
1482 770 1555 821 etex
1569 767 1720 840 semetipso
1733 783 1804 825 oon-

1003 853 1094 911 tritum
1119 863 1146 910 et
1160 853 1338 918 humiliatum,
1353 853 1388 909 od
1403 854 1486 923 hujus
1501 853 1699 924 purificationis
1714 865 1806 928 potest

1004 943 1148 1000 ascendere
1169 942 1321 1014 puritatem.
1336 941 1485 999 Ostendam
1499 941 1548 998 tibi
1567 958 1649 1000 unum
1664 945 1804 1014 iustorum

1000 1029 1151 1101 justissime
1164 1030 1343 1087 confitentem.
1359 1029 1465 1100 Quaeris
1480 1031 1605 1102 quisnam
1618 1031 1678 1088 siti
1704 1034 1805 1089 Psaltes

1004 1119 1112 1175 Domini
1124 1127 1176 1184 εει,
1186 1118 1363 1191 distinquit,
1372 1119 1528 1189 confitebor
1537 1120 1691 1177 adversam
1702 1138 1748 1177 me
1758 1122 1805 1176 in·

1004 1206 1152 1279 justitiam
1166 1223 1259 1264 meam
1273 1208 1389 1264 Domino
1403 1206 1490 1277 (Prot.
1503 1221 1584 1275 xxxi,
1602 1207 1641 1280 5).
1654 1208 1736 1276 cist,
1752 1210 1805 1264 boc

1004 1306 1057 1362 est,
1072 1294 1100 1350 in
1114 1295 1196 1353 corde
1207 1296 1349 1368 proposui,
1364 1292 1417 1352 nou
1428 1304 1548 1362 coactus,
1562 1311 1615 1351 non
1631 1297 1803 1368 compulsus,

154 1381 246 1437 cordis
259 1381 318 1438 sine
331 1381 386 1439 oris
402 1382 464 1453 lide,
485 1392 530 1439 aut
543 1383 619 1440 nulla
637 1391 689 1451 est,
713 1395 758 1441 eut
778 1401 870 1456 parva,
887 1385 950 1441 Sal-

154 1478 246 1526 vatore
259 1469 367 1526 dicente
382 1472 451 1541 :Qui
460 1488 505 1529 me
515 1473 662 1533 erubuerit
675 1478 703 1532 ct
717 1488 950 1543 mcossermoaes,

1004 1383 1053 1441 sad
1067 1390 1242 1455 spontaneus.
1253 1383 1433 1456 injustitiam
1443 1383 1600 1449 meam,ait,
1609 1400 1666 1440 non
1675 1385 1802 1451 alienam,

1005 1472 1148 1530 adversum
1162 1488 1206 1528 me
1218 1488 1337 1547 arguens
1351 1481 1379 1529 et
1400 1487 1539 1530 accusans.
1556 1472 1637 1530 Video
1656 1474 1722 1545 quia
1750 1490 1803 1531 non

154 1555 230 1614 baec
245 1559 337 1616 Filios
353 1557 717 1632 comtetsereteseermse.
732 1562 901 1633 rx,tb),etc.
918 1563 951 1619 lit
1004 1561 1100 1619 timore
1121 1560 1241 1631 alterius,
1261 1559 1305 1617 vel
1329 1559 1362 1615 ad
1391 1559 1475 1616 alirun
1491 1560 1689 1626 accusandum,
1703 1561 1751 1616 scd
1775 1577 1804 1617 se

155 1647 286 1718 propbeta
303 1664 309 1700 :
325 1648 416 1704 Periit
435 1648 505 1718 fides
519 1652 546 1705 ct
562 1649 657 1706 obtato
671 1655 712 1708 eat
728 1649 762 1708 de
776 1666 823 1708 ore
838 1664 948 1709 eorum.
1004 1647 1093 1722 ipsum
1109 1656 1218 1706 sanctus
1232 1649 1358 1705 Domimo
1382 1646 1532 1703 confitetur.
1565 1647 1616 1702 Pro
1645 1649 1805 1719 huiusmodi

155 1734 215 1791 Nou
234 1733 310 1799 dixit,
326 1735 368 1791 De
382 1736 483 1804 corde;
499 1737 557 1806 sed,
575 1737 608 1792 de
627 1755 694 1795 ore:
711 1739 778 1810 quia
791 1738 856 1794 nihil
881 1740 951 1795 valet
1003 1736 1176 1794 confessione
1190 1736 1318 1794 remittes
1335 1741 1378 1805 te,
1393 1735 1522 1797 Domine,
1539 1734 1725 1808 impietatem
1738 1753 1804 1809 pec·

156 1821 323 1878 tidescordis
337 1821 396 1878 siue
420 1822 472 1880 lida
486 1826 553 1892 oris,
583 1841 632 1881 nec
658 1826 725 1882 fides
738 1826 794 1882 oris
817 1827 875 1882 sina
896 1825 950 1882 tide
1004 1825 1064 1882 coti
1078 1825 1147 1883 mei.
1170 1826 1224 1882 Pro
1239 1822 1290 1881 boc
1311 1824 1404 1883 orabit
1427 1823 1465 1880 od
1480 1829 1507 1880 te
1520 1824 1615 1882 omnis
1634 1830 1757 1883 sanctos
1776 1825 1806 1884 ta

155 1909 258 1978 cordis;
268 1924 329 1966 cum
339 1911 801 1983 istajustitiam,illsdonetsalutem
811 1931 819 1980 ς
830 1913 895 1987 quia
905 1931 949 1969 sa·
1005 1919 1129 1987 tempore
1143 1917 1311 1988 opportuno.
1327 1912 1520 1984 Haecprimum
1533 1912 1560 1967 in
1570 1913 1655 1968 corde
1671 1913 1808 1987 germinat

155 1998 812 2074 lustjustitia,vel1'ustitiaasaluteseparsrinon
823 2013 949 2076 possunt.
1004 2001 1198 2072 adjustitiam,
1214 2007 1278 2072 post
1290 2002 1349 2057 baec
1369 2000 1394 2056 in
1409 2016 1459 2056 ore
1474 2000 1597 2058 nascitur
1610 2000 1645 2056 ad
1660 2001 1790 2059 salutem.

153 2084 240 2143 Crede
254 2102 321 2160 orgo
335 2095 362 2144 ει
371 2088 699 2160 coutitara3-nihilominus
708 2090 836 2148 confitere
846 2099 874 2148 ct
887 2108 949 2148 cre·
1039 2095 1065 2146 6.
1083 2089 1187 2146 Primus
1201 2091 1260 2160 ejus
1275 2091 1375 2160 gradus
1388 2100 1438 2155 est,
1454 2089 1574 2160 cognitio
1588 2090 1705 2161 peccati.
1718 2112 1732 2139 ι
1750 2091 1805 2145 lui·

154 2174 210 2232 da:
226 2174 289 2246 quia
303 2174 371 2231 tides
385 2178 419 2231 ad
431 2178 576 2248 justitiam,
593 2178 728 2237 confessio
738 2180 768 2236 su
780 2181 813 2235 ad
823 2181 946 2237 salutem.
1003 2178 1068 2234 tium
1079 2176 1181 2246 salutis,
1196 2199 1207 2226 ι
1228 2175 1398 2248 sicquidem,
1425 2199 1435 2225 r
1454 2176 1548 2231 notitia
1563 2179 1668 2247 peccati
1684 2176 1806 2248 (Saxae.

192 2263 495 2339 i.litquandoquidem
517 2267 545 2322 in
566 2267 625 2324 baec
647 2268 806 2325 devenimus
824 2270 893 2339 loca,
922 2277 949 2326 ει
1002 2265 1030 2321 in
1055 2265 1197 2338 Epistl.»
1223 2265 1254 2320 ln
1278 2267 1327 2321 bac
1346 2264 1667 2338 cognitionevidendum
1682 2273 1724 2321 εει
1744 2267 1806 2338 quid

155 2353 262 2408 occasio
276 2352 455 2409 consessionis
477 2370 507 2410 se
521 2356 805 2426 obtulit,reddondum
819 2358 948 2430 estquod
1002 2354 1103 2426 egeris,
1120 2353 1228 2426 quantis
1248 2353 1418 2410 contumetiis
1441 2352 1565 2410 alleceris
1587 2368 1691 2424 corpus
1723 2362 1804 2424 tuum,

155 2439 218 2496 alibi
233 2441 416 2513 promisimus,
441 2451 582 2516 totumque
604 2444 799 2502 conterendum
814 2446 889 2517 quod
915 2446 949 2502 de
1002 2444 1147 2500 ambulans
1157 2440 1193 2497 'in
1208 2442 1332 2514 passione
1348 2441 1487 2511 desiderii,
1502 2442 1572 2497 sicut
1586 2450 1614 2496 et
1636 2450 1807 2514 gentesque

155 2528 324 2587 confessione
352 2531 493 2589 scutimus.
516 2534 756 2591 Peticutesautem
772 2542 869 2604 estote,
884 2534 948 2591 etsi
1002 2530 1130 2603 ignorant
1147 2531 1244 2596 Deum,
1261 2529 1403 2602 possidens
1427 2546 1475 2586 vas
1490 2539 1565 2585 tuum
1581 2527 1607 2583 iu
1632 2530 1808 2587 immunditia

155 2617 225 2675 torte
238 2619 392 2690 protensius
406 2636 561 2677 sermonem
576 2623 730 2691 extendero,
755 2639 803 2679 vos
818 2623 948 2678 intendite
1003 2627 1030 2677 ει
1039 2617 1153 2685 vilitate,
1169 2619 1224 2674 non
1239 2617 1267 2672 in
1282 2617 1489 2675 sanctificatione
1512 2625 1539 2674 ct
1562 2618 1680 2675 bonore.
1707 2620 1806 2676 Consi-

155 2721 218 2778 quse
231 2706 366 2773 dicuntur,
382 2709 445 2780 quia
464 2719 559 2766 vestrae
574 2709 679 2766 utilitati
703 2711 884 2783 proteruntur.
900 2711 950 2767 Via
1002 2707 1152 2764 derandum
1172 2715 1214 2763 est
1235 2705 1313 2763 etiam
1337 2705 1400 2778 quid
1419 2708 1569 2774 merueris3
1586 2705 1681 2780 ignem
1705 2709 1810 2767 scilicet

154 2794 227 2852 enim
240 2803 282 2852 est
296 2795 422 2869 sineque
437 2812 516 2854 nemo
531 2797 604 2854 seuit
620 2799 656 2854 ad
671 2800 767 2856 Patren
784 2818 791 2856 ι
806 2815 886 2872 quam
902 2800 948 2872 qui
1002 2795 1088 2861 illum,
1104 2796 1151 2867 qui
1174 2803 1280 2865 paratus
1305 2803 1345 2850 est
1368 2794 1477 2850 diabolo
1505 2802 1531 2849 et
1554 2794 1662 2866 angelis
1680 2795 1755 2865 ejus,
1783 2803 1811 2848 ει

156 2883 283 2957 perdidit,
305 2885 423 2956 perdidit
450 2887 546 2942 Deum.
577 2887 644 2943 Cum
668 2891 740 2945 euim
756 2890 789 2944 da
824 2889 949 2945 vitiorum
966 2884 1093 2967 comnia
1107 2898 1211 2956 genera
1225 2898 1377 2956 poenarum,
1392 2882 1488 2953 quain
1504 2882 1723 2954 illispoenalibus
1742 2883 1812 2940 locis

155 2975 253 3044 abysso
262 2974 383 3047 dispoms
397 2991 547 3050 emergere,
562 2980 594 3032 au
609 2976 685 3033 illum
707 2978 843 3049 praecipuo
858 2976 893 3033 sit
909 2995 951 3032 re·
1006 2973 1160 3030 emulantur
1184 2980 1211 3028 et
1242 2980 1377 3030 crescunt.
1410 2971 1612 3043 Inspicienduru
1639 2987 1706 3028 vero
1744 2971 1813 3045 quid

156 3060 260 3134 fugium
276 3068 359 3129 tuum,
377 3062 419 3119 aui
445 3072 489 3120 tua
504 3064 591 3120 aalma
620 3070 767 3121 commissa
795 3074 846 3131 est,
871 3082 951 3137 quem
1007 3059 1139 3131 amiseris,
1154 3061 1226 3116 bona
1241 3059 1369 3116 videlicet
1387 3059 1433 3115 illa
1451 3075 1514 3133 quae
1535 3059 1625 3117 oculus
1647 3073 1706 3114 uon
1727 3059 1812 3127 uidit,

157 3148 286 3222 imposuit
298 3149 373 3208 Deus
391 3169 475 3226 super
489 3161 570 3226 caput
590 3161 679 3211 tuum.
697 3154 755 3210 Nec
768 3162 794 3210 te
809 3165 916 3211 moveat
929 3155 951 3210 si
1005 3149 1119 3206 elauris
1133 3164 1188 3206 non
1202 3148 1315 3218 audivit,
1331 3163 1382 3204 nec
1409 3148 1436 3202 in
1455 3163 1503 3204 cor
1530 3146 1647 3205 bominis
1673 3150 1813 3206 asoeude·

156 3237 298 3296 illiteratus
305 3240 351 3310 sit,
358 3241 401 3299 vel
420 3242 594 3311 indiscretus,
608 3242 671 3316 quia
682 3245 732 3299 hoc
741 3243 830 3315 ipsum
844 3243 951 3318 signum
1006 3246 1078 3310 ruat,
1087 3254 1149 3312 quoa
1164 3236 1325 3310 praeparavit
1334 3237 1408 3292 Deus
1422 3236 1597 3310 diligentibus
1611 3253 1654 3295 se.

156 3325 313 3385 humilitatis
326 3337 376 3395 est,
391 3349 451 3402 quar
464 3339 577 3402 generat
590 3331 799 3389 confessionem.
816 3332 951 3388 Memento
1040 3328 1068 3382 7.
1084 3327 1186 3383 Horum
1199 3325 1282 3401 igitur
1302 3325 1423 3382 omniurn
1438 3325 1659 3383 consideratione
1689 3327 1813 3398 perterri-

155 3415 281 3487 quianon
296 3427 337 3476 εει
351 3427 479 3492 potestas,
497 3419 550 3475 nisi
564 3436 580 3474 a
594 3420 663 3490 Deo,
673 3420 764 3493 Super
776 3418 949 3488 cathedram,
1004 3421 1049 3471 tus
1065 3417 1145 3472 transi
1161 3416 1194 3471 ad
1209 3414 1404 3488 poenttemiam,
1421 3414 1544 3471 ultricem
1564 3413 1708 3485 vitiorum,
1735 3415 1809 3471 sitri-

157 3503 253 3579 inquit,
267 3506 353 3581 lloyst
369 3507 465 3565 sederat
481 3508 585 3567 Scribe
604 3514 632 3565 et
650 3508 802 3567 Pborisaei.
818 3509 851 3565 Et
866 3517 894 3565 tu
910 3518 951 3565 st·
1005 3521 1064 3562 cem
1075 3504 1214 3562 virtutum.
1236 3503 1368 3561 Poeniteat
1382 3512 1418 3572 ιε,
1444 3503 1516 3576 quod
1533 3510 1572 3559 tot
1589 3511 1619 3561 et
1634 3507 1719 3562 mutis
1739 3503 1811 3576 bagi-

160 3595 239 3652 tendc
252 3612 304 3652 nou
314 3596 349 3651 ad
359 3598 508 3663 sedentem,
524 3597 573 3653 sed
587 3599 679 3653 sedem
693 3615 700 3663 ;
716 3598 881 3664 cathedram,
897 3613 951 3654 non
1005 3594 1049 3651 tiis
1073 3592 1220 3662 involutus,
1237 3593 1263 3647 in
1279 3593 1335 3648 luto
1350 3591 1425 3649 faecis
1448 3600 1476 3647 ει
1489 3590 1606 3648 miseriae
1636 3591 1744 3651 diutius
1766 3610 1808 3662 pa·

159 3697 313 3751 porsonam.
333 3682 412 3752 Quod
433 3685 456 3740 si
471 3683 541 3741 torte
554 3684 597 3742 rel
613 3684 720 3740 licentia
743 3687 803 3752 ejus
822 3685 950 3741 edulium
1004 3683 1093 3739 coisti.
1118 3680 1307 3737 Poenitentiam
1321 3695 1407 3754 agens
1422 3694 1524 3752 corpus
1546 3688 1624 3735 tuum
1646 3690 1769 3749 contere,
1784 3692 1809 3737 et

159 3767 328 3847 transfugere
342 3773 521 3844 permittatur,
551 3781 580 3827 tu
602 3779 693 3826 tamen
709 3772 785 3842 prius
801 3772 827 3828 ei
846 3773 951 3829 reveles
1006 3769 1153 3827 furibundo
1167 3768 1256 3825 carnis
1270 3770 1356 3825 asello
1385 3767 1581 3827 incentivorum
1605 3769 1715 3826 semina
1750 3770 1808 3826 sub·

160 3857 199 3911 tui
212 3859 301 3914 cordis
315 3874 442 3915 areanum
456 3878 462 3917 :
479 3859 541 3930 quia
557 3875 611 3914 nou
624 3866 665 3915 est
681 3860 760 3928 plena
774 3859 856 3927 salus,
868 3861 890 3916 si
906 3861 951 3918 illa
1005 3860 1127 3925 trahens,
1139 3858 1297 3930 poenitenda
1311 3856 1427 3930 amplius
1441 3873 1495 3913 non
1509 3856 1647 3929 admittas,
1661 3875 1700 3915 ne
1716 3860 1804 3917 rotans

160 3943 741 4016 iugiturautcontemnitur,cuiadbaerere,
757 3955 785 4004 et
802 3964 882 4019 quam
899 3950 950 4007 bo·
1005 3947 1109 4005 vulneri
1141 3945 1297 4018 frequenter
1331 3945 1511 4022 ingeminans,
1549 3945 1713 4020 confringas
1749 3963 1806 4005 ossa

159 4047 257 4088 uorare
269 4033 412 4089 debueras.
432 4032 511 4103 Quod
527 4034 549 4089 si
565 4033 652 4089 minus
666 4033 805 4091 sufficiens
819 4035 865 4091 tibi
881 4037 951 4093 ride-
1004 4034 1101 4091 animae
1120 4043 1185 4104 tuae,
1200 4050 1260 4105 quae
1275 4032 1396 4090 custodit
1410 4033 1437 4089 in
1445 4034 1529 4106 justis
1542 4034 1680 4091 Dominus
1701 4038 1807 4097 :droa

160 4131 205 4178 tur
217 4122 276 4190 ejus
294 4122 446 4196 instructio,
462 4124 580 4195 putatet
596 4122 747 4180 libertatem
757 4125 847 4192 via,ut
861 4141 949 4182 coram
1005 4149 1042 4191 ex
1061 4131 1116 4199 bis,
1127 4131 1249 4204 inquam,
1277 4149 1336 4191 eoa
1350 4138 1515 4191 emeretur
1529 4132 1618 4202 (Prot.
1634 4147 1740 4204 xxxin,
1753 4137 1804 4205 tl).

159 4209 213 4266 alio
227 4209 435 4286 litteratoalque
450 4215 567 4269 discreto
581 4211 706 4269 effundas
728 4230 775 4270 cor
798 4216 893 4286 tuum3
909 4232 951 4271 re·
967 4172 990 4247 n
1007 4223 1077 4280 Nam
1090 4221 1149 4278 boec
1170 4221 1224 4278 duo
1239 4221 1276 4278 ita
1301 4221 1354 4278 sibi
1369 4220 1484 4279 invicem
1504 4220 1656 4293 conjuncta
1682 4230 1757 4296 sunt,
1783 4233 1807 4279 ut

160 4307 267 4357 servato
282 4300 320 4357 illi
332 4301 475 4375 privilegio
487 4316 548 4372 suo,
559 4301 604 4359 cui
619 4310 648 4358 tu
663 4311 736 4360 tuam
750 4303 865 4359 animam
879 4321 955 4361 com-
1007 4309 1069 4384 quis
1084 4325 1112 4365 se
1126 4325 1290 4384 cognoscere
1303 4325 1358 4366 non
1374 4309 1470 4382 possit,
1485 4309 1535 4366 uisi
1546 4309 1697 4379 poeniteat;
1714 4319 1742 4368 et
1754 4326 1807 4384 pre

160 4391 301 4449 mandasti.
1008 4399 1095 4456 nitere
1110 4415 1166 4454 nou
1184 4400 1279 4472 possit,
1295 4398 1386 4454 nisiae
1399 4406 1555 4472 cognoscat.

196 4483 223 4536 a.
240 4482 298 4538 Nec
313 4480 361 4538 tibi
383 4482 539 4551 blandiaris,
556 4483 579 4538 si
593 4482 713 4554 graviter
733 4482 855 4550 peccanti
870 4482 956 4539 levior
1045 4489 1071 4542 8.
1085 4484 1129 4545 Sic
1144 4501 1212 4559 ergo
1229 4485 1278 4543 tibi
1293 4485 1430 4559 cognitus,
1441 4495 1468 4542 ει
1481 4485 1508 4540 in
1523 4491 1549 4542 tc
1562 4484 1705 4556 punirem
1724 4494 1806 4544 trans·

161 4569 328 4640 praenitente,
342 4570 384 4629 vel
399 4572 569 4643 sarmiento,
585 4571 627 4630 vel
643 4587 659 4627 a
674 4571 858 4628 dissimulante
874 4571 958 4628 dicta-

159 4663 213 4722 tur,
228 4672 290 4712 cum
308 4655 394 4714 ⁷!ss
417 4660 444 4714 in
458 4659 620 4731 purgatoriis
632 4658 742 4729 ignibus
761 4658 955 4730 perficiendum

160 4746 208 4810 sit,
221 4745 351 4816 quidquid
366 4747 410 4803 hic
427 4749 516 4802 minus
535 4747 644 4816 seceris,
659 4749 725 4820 quia
740 4749 839 4821 dignos
853 4748 956 4805 tructus

161 4833 328 4907 poenitentiae
350 4836 446 4906 quaerit
473 4835 635 4892 attissimus.
673 4835 744 4892 Licet
772 4845 863 4893 autem
902 4852 954 4894 non

161 4924 276 4982 erasmit
298 4938 393 4979 manus
414 4922 621 4994 Omnipoteotis,
649 4924 696 4996 qui
724 4925 772 4980 tibi
797 4942 849 4981 uon
878 4927 956 4997 plone

161 5010 288 5082 consulit,
301 5009 349 5067 tibi
364 5021 454 5068 ιεεεε
470 5011 538 5069 ratio
552 5011 679 5084 magistra
704 5013 839 5085 presidet,
856 5032 916 5087 quae
933 5029 957 5072 ιε

162 5100 258 5158 doceat
270 5109 374 5156 tantum
390 5115 405 5155 a
428 5098 510 5155 licitis
529 5099 672 5165 abstinere,
681 5109 810 5172 quantum
826 5105 956 5159 ternemi·

1010 4574 1073 4632 vola
1087 4575 1119 4630 ad
1136 4575 1244 4631 tertium
1259 4576 1382 4647 gradum,
1404 4572 1524 4630 dolorem
1548 4571 1680 4631 videlicet
1707 4574 1805 4643 cordia

1010 4664 1103 4734 etjam
1119 4663 1240 4735 planata
1254 4663 1305 4719 erit
1327 4662 1431 4733 jusum
1449 4662 1614 4733 plantatione
1642 4662 1702 4734 illa,
1731 4679 1807 4738 quaer

1010 4750 1137 4822 plantavit
1164 4753 1242 4807 Pater
1273 4758 1335 4806 tuus
1370 4751 1499 4808 coelestis.
1538 4750 1605 4807 Dola
1633 4752 1721 4825 igitur
1750 4752 1808 4826 quia

1010 4840 1168 4897 Creatorem
1183 4838 1336 4913 attendisti,
1351 4839 1430 4911 cujus
1443 4839 1532 4912 legem
1557 4839 1684 4899 eoelestis
1704 4853 1735 4899 ει
1760 4851 1808 4897 ter·

1011 4927 1107 4985 restris
1120 4940 1221 5001 praeter
1234 4938 1260 4985 ιε
1273 4928 1410 4986 indelessa
1419 4927 1534 4986 statione
1548 4938 1718 4988 conservant
1729 4951 1737 4988 r
1749 4929 1808 4988 etin

1011 5025 1082 5074 unta
1101 5017 1239 5090 republica
1252 5019 1302 5074 Del
1316 5026 1345 5074 tu
1361 5017 1436 5074 solus
1450 5018 1613 5091 peregrinus
1627 5035 1672 5088 es,
1684 5028 1713 5078 et
1727 5020 1808 5094 impe

1011 5106 1117 5165 ratoriae
1145 5107 1293 5178 majestatis
1320 5107 1427 5164 decreta
1455 5122 1506 5163 uon
1534 5121 1626 5163 curas.
1669 5109 1772 5182 Surget
1787 5118 1810 5164 ει

162 5187 337 5246 nariaillioita
351 5198 530 5261 perpetrasse.
558 5189 581 5245 ll
610 5189 743 5246 vestibulo
768 5189 849 5262 igitur
877 5192 957 5263 bujus
1011 5195 1101 5253 acrior
1118 5196 1209 5268 dolor,
1224 5197 1297 5268 quod
1318 5211 1381 5253 cum
1403 5195 1528 5252 Crantore
1542 5194 1623 5252 etiarn
1640 5196 1753 5256 Patrem
1775 5194 1810 5253 ol·

162 5277 348 5335 urentissimus
362 5277 467 5335 virtutis
490 5294 586 5334 omues
614 5277 675 5337 illos
697 5278 874 5350 excludimus,
889 5295 957 5352 quos
1011 5284 1138 5352 tenderis,
1150 5293 1177 5343 et
1200 5285 1274 5342 illum
1289 5293 1402 5358 patrem,
1418 5284 1465 5358 qui
1476 5283 1525 5343 tibi
1539 5284 1678 5343 ministrat
1691 5289 1810 5348 sidem

165 5365 199 5418 δᾶ
213 5366 410 5424 ωῐῑῐθθῠῑθῦθῐῐὶ
425 5367 469 5424 Vel
484 5369 564 5424 llffl⁰t
578 5367 660 5441 will·
675 5370 739 5442 (luta
763 5376 869 5425 etwrlt
892 5384 957 5426 θῦε·
1013 5390 1121 5442 cursus,
1146 5375 1337 5433 facunditatem
1369 5382 1455 5443 terra,
1485 5374 1622 5431 fructuum
1650 5378 1810 5435 ubertarem

151 5448 247 5508 tosus
262 5468 315 5510 uun
330 5463 372 5513 ast
386 5455 538 5526 mutassio;
563 5456 604 5513 rel
619 5457 733 5514 aliorum
749 5457 885 5514 accusatio
900 5465 956 5514 tra·
1011 5466 1132 5522 Accedat
1143 5478 1170 5521 ει
1185 5465 1331 5521 acerrimus
1340 5464 1428 5530 dolor,
1440 5462 1486 5534 qui
1505 5472 1680 5536 pertranseat
1695 5468 1811 5525 εείιεεω
