3706 5962
147 181 183 244 ⁹1
800 190 996 254 ambulalat
1014 189 1151 252 ABBthS

148 312 232 368 timet
248 311 316 382 (loll.
339 326 393 378 xcl,
419 311 477 385 ἥ.)
496 312 568 369 liora
582 312 610 369 in
625 308 676 371 hac
690 314 755 371 olla.
772 315 858 372 Ollam
872 317 944 374 hano
963 343 988 426 Α
1241 339 1296 400 55
1324 338 1440 397 SERMO
1462 338 1560 395 Xvflp

153 415 316 457 succensam
335 400 402 457 vidit
418 401 563 471 ieremias,
588 408 616 459 ει
639 403 737 460 faciem
760 406 819 475 eius
838 421 855 462 a
874 406 945 463 facie

149 488 288 562 aquilonis
303 491 370 557 (ier.
386 505 405 555 r,
423 489 480 563 la).
503 489 597 560 Qualis
616 501 819 564 unguentorum
838 495 945 562 artifex,
1001 477 1154 536 lell'lm
1169 476 1222 532 fili
1236 474 1307 547 lfflf
1320 491 1372 530 fix
1386 473 1518 531 samm
1536 472 1568 530 df
1588 472 1673 546 llfm'f
1688 473 1799 530 wm'll·
1838 476 1840 481 ¹

152 577 199 649 qni
212 579 247 633 de
261 578 355 634 mortis
370 579 422 634 olla
432 579 494 639 vttae
512 595 628 651 vapores
642 582 716 637 exire
730 582 864 639 simulati
882 599 949 656 qua·
1293 547 1389 615 (cant.
1407 561 1448 613 ω’
1460 543 1501 617 ⁹⁰)

149 665 185 721 lis
200 666 308 734 artifex,
325 668 372 740 qui
386 668 449 725 ollae
466 685 606 725 succensa
626 670 724 727 faeiem
743 673 822 745 quasi
846 673 881 728 ab
897 688 948 728 au·
1037 676 1062 727 l.
1085 670 1178 745 Lignis
1196 669 1291 726 Libani
1310 667 1481 740 incorruptio
1501 668 1602 734 carnis,
1618 675 1646 724 et
1661 669 1799 726 munditiae

151 762 209 811 atro
224 755 332 812 fervere
343 756 416 824 facit,
432 774 574 831 perquam
585 760 675 830 potius
689 760 725 816 ab
735 761 863 832 aquilone
877 762 949 818 mala
1000 761 1079 818 vobis
1092 768 1134 816 εει
1149 760 1251 817 candor
1266 774 1423 832 expressus.
1444 758 1518 812 Bona
1536 756 1648 829 quidem
1662 764 1706 813 est
1719 759 1799 815 casti·

151 845 335 901 exardescunt
347 846 376 901 in
394 848 492 903 terra?
508 854 562 903 Aut
585 847 658 905 filius
681 851 886 922 prophetasse,
902 855 949 906 aut
1001 855 1061 904 ms:
1078 848 1127 904 sed
1142 849 1215 921 quod
1229 862 1284 903 uon
1300 855 1341 902 est
1361 862 1393 901 ex
1413 845 1475 911 fide,
1491 850 1631 918 peccatum
1648 848 1692 902 est
1705 847 1796 917 (Rom

151 941 228 990 certe
246 935 390 1007 propbeta,
406 936 453 1008 qui
467 945 583 992 mortem
600 938 626 992 iu
645 936 701 994 olla
714 937 905 1010 deprehendit,
921 946 949 994 et
1001 952 1055 1002 arv,
1073 939 1129 1006 23).
1141 937 1217 1005 Fide,
1233 935 1299 991 dicit
1313 933 1463 1006 Scriptura,
1478 933 1635 1006 pacificum
1648 934 1733 990 cordo
1750 950 1797 991 eo·

150 1037 267 1094 vapores
277 1025 338 1095 ejus
350 1025 386 1080 ab
400 1024 529 1097 aquilons
544 1025 649 1082 venire.
665 1026 810 1098 Sulphurei
825 1035 886 1083 suut
901 1043 948 1084 va·
1001 1042 1066 1083 rum
1080 1026 1153 1098 (Act.
1169 1041 1213 1089 xv,
1235 1026 1274 1089 9).
1294 1023 1356 1079 Non
1370 1022 1443 1076 anim
1458 1021 1515 1078 sola
1528 1021 1617 1077 carnis
1631 1021 1798 1078 continentia

150 1126 244 1181 porea,
260 1128 330 1185 quos
345 1113 400 1169 olla
413 1114 506 1170 caruis
520 1121 574 1170 tuae
587 1129 720 1170 succensa
732 1116 834 1171 evomit
855 1132 861 1173 :
878 1123 906 1171 ct
920 1122 948 1171 tu
1000 1113 1110 1170 castitas
1124 1116 1253 1169 censetur
1276 1125 1282 1165 :
1298 1109 1389 1166 cordis
1403 1110 1488 1166 multo
1502 1108 1591 1182 magis
1605 1117 1647 1165 est
1659 1110 1798 1166 aestiman·

150 1198 179 1255 in
194 1200 237 1256 his
251 1201 366 1257 balsami
381 1202 429 1258 tibi
443 1202 543 1260 videris
555 1202 669 1258 odorem
680 1203 802 1260 sentire‘l
816 1203 846 1259 Si
860 1220 908 1276 per
921 1210 948 1260 tc
1000 1203 1036 1258 da
1045 1200 1170 1274 puritate.
1181 1202 1245 1258 iam
1254 1216 1312 1263 vos,
1324 1199 1410 1270 inqiut
1419 1199 1510 1264 lesus,
1520 1198 1624 1254 mundi
1636 1199 1705 1255 catis
1712 1215 1799 1272 prop·

150 1289 241 1345 neseis
261 1290 415 1346 balsamum
429 1307 534 1347 mamm
557 1307 573 1347 a
597 1291 680 1347 mixto
698 1290 865 1359 discernere,
885 1291 948 1348 veni
1002 1295 1300 1363 tersermouemquem
1311 1286 1578 1345 locutusacmvobia
1591 1286 1684 1357 (lone.
1700 1303 1745 1359 av,
1757 1290 1796 1360 3).

151 1376 187 1433 ad
203 1379 362 1451 Prophetas,
374 1380 436 1437 reni
447 1380 563 1436 adfilios
578 1381 775 1452 Prophetarum
789 1380 946 1452 Apostolos,
1000 1379 1092 1436 Bonus
1106 1378 1168 1434 fidei
1187 1392 1278 1434 sermo
1294 1377 1339 1449 qui
1357 1375 1468 1431 mundat
1487 1389 1494 1429 ε
1510 1379 1538 1433 ει
1551 1375 1612 1430 ideo
1626 1374 1655 1429 in
1669 1377 1722 1432 hoc
1740 1376 1797 1432 fer·

151 1467 238 1538 quite
257 1467 438 1523 mixturarum
457 1467 628 1524 differentias
642 1468 770 1538 doceant,
785 1469 878 1540 quain
893 1469 948 1525 olla
1000 1468 1055 1525 culi
1077 1469 1152 1524 cultu
1169 1475 1228 1539 post
1250 1466 1324 1538 ligna
1343 1464 1439 1521 Libani
1459 1463 1600 1520 columnas
1613 1464 1740 1534 producit
1754 1481 1798 1521 ar-

146 1568 226 1610 mors
241 1555 286 1610 sit.
309 1556 384 1611 Talis
405 1554 515 1623 Paulus,
532 1556 580 1629 qui
602 1556 695 1614 dicere
709 1573 792 1613 ausus
807 1565 849 1614 est
864 1576 871 1614 z
887 1558 948 1615 Nou
1001 1564 1121 1629 genteaa
1147 1561 1174 1611 et
1197 1552 1339 1626 virginalis
1360 1561 1480 1608 mentem
1503 1551 1644 1609 munditia
1667 1555 1700 1607 ad
1726 1553 1798 1608 sacri

150 1645 316 1716 ignoramus
329 1647 452 1703 amatior
464 1646 575 1717 ejua(ll
584 1647 646 1704 Cor.
657 1660 689 1712 ιι,
705 1647 760 1717 ιι).
777 1646 806 1702 si
819 1662 875 1702 non
889 1646 948 1703 suf·
1000 1652 1132 1718 provocat
1146 1643 1348 1699 meditationem
1363 1640 1472 1714 eloquii,
1490 1641 1591 1713 eloquii
1605 1641 1682 1708 casti,
1696 1641 1799 1714 eloquii

147 1731 210 1788 facit
225 1748 323 1788 manus
336 1739 392 1799 tua,
409 1739 439 1787 ut
452 1749 550 1805 purum
564 1734 669 1791 babeas
683 1734 844 1801 balsamum,
861 1735 949 1792 sancti
964 1728 987 1807 Β
1001 1733 1075 1807 quod
1090 1739 1201 1804 argento
1216 1731 1369 1788 examinato
1383 1728 1523 1787 confertur
1537 1730 1625 1801 (Paul.
1641 1744 1679 1796 ur,
1694 1732 1733 1800 7).
1749 1731 1798 1786 Bo

154 1827 180 1875 te
205 1820 325 1876 doceant
356 1822 494 1893 quomodo
516 1822 644 1878 misceas.
669 1823 764 1879 Attulit
784 1823 949 1879 Nicodamus
1000 1838 1044 1878 uae
1059 1831 1122 1878 sunt
1145 1820 1173 1876 in
1197 1829 1307 1892 pectore
1328 1819 1467 1893 virgiuum
1491 1826 1589 1875 erectae
1608 1818 1751 1887 columnae,
1774 1818 1798 1874 si

155 1908 298 1964 mixturam
327 1910 447 1981 myrrhae
468 1917 497 1966 ει
524 1910 599 1967 aloes
626 1911 704 1982 qnasi
728 1910 812 1967 libras
840 1919 948 1969 centum
1002 1927 1087 1967 sacrm
1102 1910 1204 1967 fuerint
1219 1909 1366 1980 Scripturas
1377 1907 1495 1963 suuuhae
1506 1914 1534 1963 ει
1543 1906 1700 1979 cognitione
1714 1906 1796 1976 fideti,

155 1998 248 2066 (loun.
264 2013 319 2065 xix,
341 1999 396 2066 39),
416 2005 444 2054 ει
457 1999 549 2055 Dariae
563 2008 686 2056 emerunt
699 2008 838 2073 ungrrcma
852 2000 947 2073 (lforc.
1002 2007 1030 2056 et
1056 1998 1254 2071 recogitatione
1280 1995 1425 2069 frequenti.
1454 1995 1545 2051 Bonus
1567 1996 1686 2052 Libanm
1706 2010 1749 2065 es,
1774 1994 1798 2050 si

153 2101 207 2152 xvv,
223 2089 260 2158 l).
277 2087 332 2142 Sed
347 2088 428 2142 blaria
442 2087 551 2144 Domini
566 2096 653 2144 mater
665 2094 805 2164 unguenta
819 2104 874 2144 non
893 2097 949 2144 tam
1001 2087 1133 2143 mundum
1153 2103 1202 2143 cor
1225 2086 1320 2151 habes,
1343 2084 1474 2140 mundum
1494 2099 1509 2138 a
1532 2084 1694 2157 cogitatione
1712 2083 1797 2153 foeda,

153 2183 303 2246 comparat,
323 2191 404 2249 quam
427 2176 525 2248 spirat3
550 2193 612 2250 quar
635 2184 746 2233 unctum
764 2177 825 2234 oleo
849 2177 949 2234 laetitias
1000 2185 1029 2234 et
1042 2192 1058 2231 a
1072 2176 1237 2250 cogitatione
1255 2174 1369 2232 infideli.
1385 2175 1484 2246 blagua
1497 2172 1608 2229 foeditas
1623 2173 1744 2246 spiritus,
1759 2173 1798 2228 fl-

152 2263 240 2334 ipsum
268 2265 412 2337 parturivit
435 2264 581 2323 Christum.
611 2267 753 2342 Tanquam
777 2267 947 2338 bahamam,
1000 2265 1045 2322 del
1058 2264 1225 2335 corruptela.
1241 2262 1320 2333 Quod
1330 2263 1354 2318 ει
1364 2277 1431 2317 sana
1440 2261 1521 2317 fuerit
1535 2262 1563 2317 in
1578 2270 1604 2318 te
1617 2260 1696 2318 firma
1709 2261 1799 2318 forma

151 2352 249 2426 iuquit,
266 2370 323 2412 uon
337 2355 464 2412 mictum
477 2355 544 2411 odor
557 2371 648 2411 meua.
1000 2354 1074 2420 fidei,
1090 2354 1146 2425 jam
1163 2368 1247 2408 unam
1261 2352 1347 2407 babes
1360 2351 1525 2408 columnam.
1544 2350 1606 2405 Noli
1629 2361 1720 2407 tamen
1734 2365 1798 2407 essa

186 2446 214 2497 7.
235 2440 263 2496 Si
278 2442 395 2498 mixtura
408 2444 542 2499 rationem
557 2443 678 2515 ignoras,
694 2442 757 2499 veui
771 2443 806 2498 ad
821 2443 949 2501 doctores
1002 2445 1054 2501 hac
1069 2449 1209 2511 contenta,
1222 2441 1343 2513 adiunge
1357 2451 1384 2496 et
1398 2440 1511 2495 alteram
1529 2453 1536 2493 :
1552 2439 1681 2495 meditare
1695 2439 1724 2494 in
1738 2439 1799 2511 lege

151 2528 291 2597 Ecclesia,
308 2531 343 2586 ad
358 2545 406 2586 eoa
421 2532 467 2602 qui
482 2533 615 2588 columnae
635 2531 759 2604 quaedam
779 2539 842 2587 sunt
856 2539 884 2589 ει
898 2532 946 2588 fir·
1001 2532 1110 2590 Domini
1129 2531 1174 2586 die
1188 2547 1220 2586 ac
1239 2537 1327 2587 nocte.
1345 2527 1533 2585 lnfrdelitatem
1551 2535 1580 2584 et
1593 2527 1798 2585 fornicationem

150 2627 318 2674 momentum
341 2619 472 2686 ueritatis,
492 2627 521 2675 ει
539 2620 672 2676 columnae
691 2628 830 2690 argenteae
848 2621 876 2675 in
897 2620 950 2675 Do·
1001 2629 1074 2694 puta,
1089 2619 1112 2675 si
1126 2635 1206 2675 mens
1225 2626 1270 2673 tua
1286 2616 1330 2673 vel
1345 2617 1481 2672 modicum
1495 2631 1511 2671 a
1525 2615 1588 2672 fidei
1605 2617 1799 2690 recogitatione

151 2707 218 2762 mini
242 2707 354 2773 ferculo,
375 2714 403 2763 et
426 2708 496 2764 sacri
515 2707 722 2778 dispensatores
741 2708 844 2780 eloquii
857 2709 892 2764 ab
907 2708 948 2764 his
1001 2709 1129 2766 declinet.
1145 2708 1226 2766 Bonae
1241 2706 1376 2762 columnae
1390 2713 1453 2761 sunt
1472 2704 1571 2761 divinar
1583 2705 1677 2761 notitia
1691 2713 1717 2761 et
1735 2720 1798 2761 me·

152 2795 226 2851 disce
245 2795 383 2867 quomodo
403 2795 507 2869 cogites
530 2812 592 2868 quaa
607 2795 715 2851 Domini
740 2803 813 2863 sunt,
830 2804 858 2852 ει
881 2813 948 2870 quo·
1000 2797 1095 2854 moriae
1109 2796 1179 2871 legis
1191 2810 1197 2849 :
1207 2804 1284 2851 recta
1294 2794 1439 2850 credulitas
1453 2801 1480 2850 et
1493 2793 1645 2851 recordatio
1659 2793 1731 2849 fidei.
1747 2795 1799 2851 Co·

150 2882 234 2940 modo
249 2882 362 2939 sollicita
377 2883 415 2940 sis
435 2899 486 2957 pro
499 2883 611 2941 Christo
632 2892 662 2940 ιιι
674 2883 726 2939 sibi
741 2885 859 2956 placeas.
873 2885 949 2942 Tunc
1001 2887 1095 2942 lumna
1108 2901 1148 2952 εε,
1164 2884 1186 2939 ει
1200 2883 1283 2939 fueris
1297 2882 1325 2937 in
1337 2882 1390 2938 lide
1405 2882 1483 2938 firma
1495 2896 1502 2936 :
1516 2889 1658 2955 argentea,
1673 2883 1698 2937 si
1711 2881 1796 2939 divim

151 2979 181 3028 et
203 2979 232 3028 tu
255 2971 396 3028 columnas
419 2974 532 3030 babebis
546 2973 574 3029 in
591 2980 617 3029 te
632 2979 792 3048 argenteas,
808 2973 832 3029 si
845 2973 947 3030 utrius·
1001 2976 1145 3034 fuerisusu
1155 2974 1287 3030 instructa
1294 2971 1565 3030 sermonisllectem
1575 2971 1731 3044 ast,inquit,
1741 2987 1799 3029 oer-

152 3075 206 3132 que
221 3061 378 3116 testamenti
397 3060 482 3118 fueris
501 3062 614 3118 suffulta
634 3062 759 3119 scientia.
783 3062 848 3118 ideo
863 3070 890 3119 et
906 3062 948 3120 hic
1002 3067 1069 3123 bum
1079 3065 1194 3122 Domini
1203 3069 1231 3120 et
1242 3063 1337 3120 munia
1347 3077 1432 3135 opero
1441 3063 1503 3134 ejus
1512 3063 1543 3117 m
1553 3061 1608 3131 fida
1617 3060 1797 3132 (Psaluxxu,

151 3156 215 3221 post
230 3149 323 3204 Libani
338 3149 422 3223 ligna,
438 3148 579 3207 columnas
595 3150 714 3207 subtexit
729 3158 875 3224 argenteas
889 3166 949 3207 ser·
964 3113 986 3192 ο
1002 3157 1041 3226 ι).
1051 3154 1134 3211 Βοιιιε
1144 3151 1279 3209 columnae
1288 3150 1358 3207 fides
1368 3150 1519 3208 etverbnm
1529 3149 1603 3206 fidei.
1615 3150 1736 3206 Verbum
1747 3148 1798 3205 boc

152 3252 197 3292 nro
217 3237 333 3305 (ιιιιιιιιε,
349 3245 380 3295 ut
394 3239 497 3296 habeas
514 3240 672 3313 mysterium
687 3238 751 3296 fidei
765 3240 793 3295 in
808 3240 949 3297 conscien·
1000 3258 1086 3316 prope
1099 3242 1134 3297 sit
1147 3240 1174 3297 in
1188 3239 1270 3297 corde
1284 3246 1345 3304 tuo;
1361 3254 1424 3294 nam
1439 3238 1467 3294 in
1484 3255 1532 3295 ore
1549 3254 1635 3310 prope
1649 3245 1691 3294 est
1706 3256 1713 3295 ε
1728 3252 1797 3309 pro·

152 3326 189 3381 tia
207 3343 287 3399 pura.
302 3328 460 3400 llysterium
476 3328 549 3393 fidei,
569 3342 653 3402 quam
667 3344 776 3386 sacmm
800 3328 851 3385 tibi
873 3345 948 3401 prae·
1001 3348 1036 3405 pe
1055 3331 1090 3386 sit
1100 3337 1127 3386 ει
1140 3336 1274 3401 perpetuo
1289 3327 1326 3384 ibi
1341 3327 1385 3383 sit.
1402 3328 1444 3382 Ex
1458 3325 1624 3383 abundantia
1638 3326 1729 3383 cordis
1742 3326 1798 3382 oris

149 3414 247 3472 scribit
256 3412 405 3490 eloquium,
416 3417 555 3491 eloquium
565 3424 726 3491 argenteum
737 3425 780 3474 est
795 3432 803 3472 ι
819 3424 848 3472 ut
862 3433 948 3475 evan·
1001 3435 1091 3476 sermo
1105 3425 1238 3489 erumpat.
1251 3418 1359 3489 Septies
1373 3417 1405 3472 in
1415 3416 1469 3482 die,
1485 3414 1574 3488 inquit
1587 3416 1717 3488 propheta
1734 3415 1798 3470 loc-

44 3494 49 3499 ’
150 3502 247 3576 galleis
265 3513 294 3561 et
315 3506 471 3579 apostolicis
491 3506 607 3563 subnixa
624 3508 779 3579 praeceptis,
799 3505 845 3562 illa
863 3505 949 3562 medi·
1002 3509 1064 3565 dem
1090 3507 1153 3564 dini
1167 3506 1220 3562 tili
1242 3506 1330 3573 (Paul.
1353 3516 1447 3569 cxvur,
1465 3506 1539 3575 lot).
1564 3501 1629 3569 Vos,
1645 3517 1731 3560 sacrae
1744 3500 1798 3558 vir·

151 3593 227 3658 teris,
248 3594 294 3648 illa
318 3609 467 3651 conserves
482 3603 509 3651 et
523 3595 651 3652 conferas
674 3595 702 3649 in
716 3595 800 3652 corde
815 3602 879 3660 tno;
896 3610 949 3650 nec
1001 3595 1093 3670 gines,
1108 3595 1189 3651 dieite
1204 3610 1322 3666 semper.
1345 3593 1452 3666 Septies
1465 3593 1576 3666 quidem
1590 3592 1672 3649 dicite
1688 3591 1797 3647 laudem

34 3702 40 3707 ·
150 3680 264 3753 patiaris
277 3681 357 3738 inerti
370 3683 423 3737 situ
433 3684 571 3738 cuhaerere
586 3690 614 3737 et
628 3682 778 3749 obliterari,
791 3690 819 3739 ει
828 3682 949 3740 oblivio·
1000 3692 1113 3757 propter
1128 3686 1209 3739 horas
1227 3682 1364 3739 solemnes
1389 3699 1395 3736 :
1422 3698 1531 3754 semper
1554 3689 1645 3737 autem
1659 3687 1797 3737 cantantes

150 3769 194 3824 nis
209 3769 330 3844 arngine
344 3769 484 3844 denigrari
498 3770 582 3827 divini
597 3771 673 3827 verbi
688 3781 844 3844 argentum.
1000 3781 1028 3829 et
1046 3771 1193 3844 psallentes
1207 3771 1236 3826 in
1250 3771 1380 3829 cordibus
1394 3770 1499 3827 vestris.

163 3899 166 3903 -
186 3864 212 3915 8.
229 3858 282 3914 Sed
296 3873 352 3913 non
366 3873 513 3931 possumus
527 3875 598 3915 nunc
621 3859 650 3915 iu
665 3875 821 3917 sermonem
836 3860 948 3918 hodier-
1002 3894 1009 3906 ·
1037 3866 1064 3918 a.
1084 3863 1229 3931 Argentea
1248 3860 1302 3917 sint
1322 3859 1423 3933 linguae
1435 3853 1543 3916 v'eatrae.
1560 3859 1708 3932 Argentea
1723 3865 1797 3923 suut,

150 3962 216 4003 num
239 3948 290 4002 bas
305 3946 428 4003 inserere
449 3947 601 4006 columnas.
622 3949 700 4004 Hune
714 3948 787 4005 euim
803 3957 948 4006 tractatum
1001 3949 1024 4005 si
1048 3949 1083 4006 de
1102 3964 1183 4005 sacra
1201 3949 1339 4006 Christum
1354 3947 1456 4022 pagiua
1470 3954 1578 4004 sonant.
1600 3947 1660 4003 Non
1675 3946 1799 4001 mittatur

149 4033 245 4091 libani
264 4043 525 4108 preoccupaverunt
547 4036 631 4109 ligna,
658 4045 686 4093 ει
708 4037 736 4092 in
752 4052 846 4094 eornm
862 4038 948 4095 odore
1000 4053 1091 4093 massa
1118 4037 1247 4109 plumbea
1265 4037 1294 4092 iu
1318 4052 1349 4092 os
1368 4045 1499 4094 vestrum.
1523 4035 1682 4111 Plumbeum
1696 4048 1728 4089 os
1742 4042 1796 4103 est,

150 4119 259 4193 longius
283 4136 364 4192 quam
379 4122 509 4194 putabam
525 4129 619 4180 noster
633 4138 724 4181 sermo
745 4125 872 4192 excurrit,
889 4142 949 4182 sua·
1001 4127 1075 4200 quod
1090 4127 1128 4182 nil
1143 4126 1242 4182 subtile
1256 4125 1387 4198 loquitur,
1404 4125 1440 4180 nil
1462 4132 1582 4189 acutum,
1599 4123 1636 4178 nil
1655 4123 1690 4178 de
1704 4138 1799 4194 super·

150 4208 234 4266 ritate
257 4207 362 4266 illectus
385 4211 518 4269 materia.
538 4211 608 4280 Tibi,
632 4212 758 4280 Domine,
774 4213 846 4270 hunc
870 4229 947 4272 eom·
1001 4215 1063 4287 uis;
1080 4215 1127 4272 sed
1153 4219 1240 4273 totum
1264 4214 1409 4272 remissum
1430 4221 1480 4280 est,
1496 4222 1580 4271 totum
1595 4213 1690 4283 hebes,
1710 4221 1796 4269 totum

150 4298 251 4354 mendo
266 4297 405 4366 Libanum,
430 4299 563 4356 Libanum
577 4301 732 4375 egregium,
747 4303 820 4360 hunc
833 4304 948 4362 chorum
1001 4306 1036 4363 de
1049 4307 1122 4373 imis,
1139 4306 1256 4363 fortasse
1279 4313 1307 4361 et
1319 4305 1356 4361 de
1370 4303 1479 4377 iniquis.
1495 4304 1565 4359 Nam
1578 4302 1707 4375 iniquitas
1721 4301 1798 4358 sedet

150 4386 313 4460 virgineum,
338 4403 480 4446 sacrarum
500 4397 601 4446 coetnm
625 4390 799 4447 feminamm.
823 4391 863 4448 Tu
889 4408 949 4449 cus·
1001 4395 1030 4452 in
1043 4394 1146 4452 talento
1159 4393 1263 4465 plumbi
1278 4395 1411 4467 (Zachv,
1428 4394 1455 4458 7,
1471 4393 1509 4465 ι).
1521 4393 1609 4454 Homo
1623 4391 1668 4447 ille
1680 4404 1799 4463 evange·

150 4476 208 4532 todi
234 4485 263 4532 nt
287 4491 341 4533 uon
362 4478 528 4545 succidatur,
553 4488 583 4535 ut
604 4494 659 4537 uon
674 4480 819 4552 incidatur,
835 4482 885 4538 scd
898 4497 947 4539 sua
962 4496 986 4577 n
1001 4485 1070 4542 licus
1085 4500 1203 4559 peregre
1227 4482 1413 4556 proficiscens,
1429 4497 1485 4539 nou
1504 4480 1567 4537 talia
1581 4480 1669 4537 servis
1684 4479 1741 4535 suis
1757 4487 1798 4534 ta-

150 4564 188 4620 illi
212 4573 338 4623 servetur
355 4566 508 4640 integritas,
530 4577 653 4626 serretur
675 4570 809 4626 castitatis
832 4571 946 4642 candor,
1001 4574 1073 4630 lenta
1087 4572 1225 4630 distribuit
1238 4573 1349 4643 (lfctth.
1367 4588 1428 4638 xxv,
1447 4573 1492 4637 ll,
1508 4571 1565 4641 ιιι).
1581 4568 1671 4625 Nolite
1686 4568 1720 4624 de
1735 4567 1798 4622 tali-

151 4653 214 4724 quia
241 4653 361 4711 Libanus
389 4657 538 4713 eandorem
558 4666 668 4714 sonat:
697 4667 822 4716 servetur
843 4661 948 4732 puritas
1001 4663 1053 4719 bus
1063 4662 1198 4737 negotiari
1213 4661 1332 4729 talentis,
1343 4660 1371 4716 in
1390 4659 1526 4716 thesauris
1540 4657 1640 4716 vestris
1653 4657 1799 4727 hujusmo-

150 4741 261 4807 meutis,
286 4749 316 4797 ut
338 4751 448 4810 mnata,
470 4745 523 4800 sint
540 4754 568 4800 ει
582 4761 699 4819 corpore
713 4756 741 4804 et
758 4748 864 4819 spiritu.
880 4748 948 4806 Cus-
1001 4752 1029 4808 di
1043 4768 1099 4808 nou
1114 4751 1296 4808 inveniantur.
1313 4750 1397 4805 Paulo
1412 4749 1513 4806 dicenti
1528 4746 1663 4804 intendite
1680 4761 1686 4800 :
1704 4746 1801 4802 Omnis

152 4827 210 4885 todi
224 4829 355 4885 Libanum
371 4832 453 4900 hune,
478 4835 557 4903 cujus
572 4833 646 4908 ligna
660 4836 689 4891 in
703 4834 799 4892 ferculi
816 4836 852 4892 tui
867 4837 946 4893 dedi·
1002 4857 1092 4898 sermo
1103 4840 1240 4896 maurae
1250 4856 1297 4896 ore
1307 4843 1397 4896 vestm
1408 4854 1466 4897 noc
1475 4836 1622 4910 procedat,
1633 4833 1798 4906 aedacibu-

151 4918 220 4976 casti
242 4919 393 4978 materiam.
419 4922 516 4978 Procul
539 4924 573 4980 ab
587 4923 635 4980 illo
650 4924 685 4980 sit
699 4925 858 4997 prophetica
872 4942 947 4982 com·
996 4946 1055 4987 -uus
1069 4931 1112 4984 eat
1126 4926 1391 4997 cdoedificatlooem
1408 4926 1475 4997 fidei
1489 4926 1601 4999 (aptes.
1626 4923 1736 4992 1h29l·
1760 4920 1800 4977 Ad

151 5008 265 5065 minatio
278 5024 284 5063 :
296 5011 390 5082 Aperi,
405 5013 517 5080 libane,
534 5017 631 5085 portos
643 5017 719 5083 tuos,
735 5015 948 5087 comedatignis
1001 5019 1230 5089 aedificationem,
1240 5015 1336 5087 inquit,
1347 5031 1404 5071 uon
1417 5015 1452 5070 nd
1468 5014 1640 5072 eversionem
1650 5012 1722 5071 fidei.
1738 5012 1801 5067 Fer

152 5097 247 5156 cedros
258 5099 473 5171 tuuslzachmr,
488 5100 524 5172 ι).
536 5103 625 5158 porte
635 5102 946 5171 istaeclaudauturaliis,
1003 5120 1078 5161 reum
1096 5120 1127 5160 os
1139 5103 1263 5174 estquod
1283 5102 1365 5158 fidem
1379 5103 1489 5171 evertit,
1505 5102 1578 5176 quod
1593 5108 1717 5158 sanctam
1732 5099 1800 5155 sub·

152 5186 202 5242 soli
216 5188 374 5258 aperiantur
396 5189 455 5245 tibi.
470 5191 511 5246 Tu
536 5191 574 5247 illi
589 5191 674 5248 elaris
692 5191 730 5247 sia
745 5199 774 5247 et
787 5190 946 5259 claustmm,
1002 5193 1056 5250 ruit
1078 5191 1326 5260 conversationem,
1352 5191 1425 5264 quod
1444 5191 1655 5247 instrumentum
1670 5197 1713 5246 est
1725 5187 1799 5255 belli,

152 5281 181 5329 tu
196 5275 274 5345 sigua
288 5283 316 5332 ει
330 5277 448 5352 resigna,
465 5287 495 5335 ut
519 5296 570 5337 neo
586 5279 755 5354 signaculum
778 5294 830 5335 nec
843 5279 948 5337 elavem
993 5281 1176 5339 seminarium
1194 5279 1260 5349 litis,
1289 5281 1363 5354 quod
1386 5296 1510 5336 murmur
1536 5286 1564 5336 ει
1590 5279 1800 5335 amaritudinem

152 5370 293 5434 praeferte
308 5365 432 5439 recipiat,
449 5368 646 5435 ChristeJeau,
670 5367 717 5441 qui
731 5368 805 5425 Dens
819 5385 851 5426 es
864 5369 948 5428 bene·
1001 5378 1090 5428 sonat.
1105 5370 1196 5427 Bestia
1214 5369 1274 5426 talis
1293 5370 1321 5426 in
1334 5369 1448 5426 Daniele
1462 5367 1640 5436 describitur,
1659 5368 1759 5424 dautes
1773 5374 1801 5423 ει

142 5449 243 5512 dictus
254 5450 283 5510 in
297 5452 397 5512 ιεειιιι
411 5456 581 5516 sardonum
597 5457 697 5516 Amen.
929 5485 937 5519 ;
1001 5474 1107 5535 ungues
1133 5459 1241 5519 ferreos
1264 5459 1377 5530 habens,
1407 5458 1604 5517 commandens
1626 5464 1654 5516 ει
1681 5453 1800 5515 commi·
