3706 5962
125 178 128 183 ’
149 196 206 257 rsa

632 194 639 205 '
682 188 874 252 talcttttts
893 189 937 250 lttt
955 188 1060 251 statu
1078 186 1257 251 mantua.

1755 168 1802 253 sti

147 331 264 378 mentum
279 321 308 375 in
319 334 375 392 quo
389 325 496 391 oportet
505 317 622 389 reliquas
641 317 754 374 virtutes
763 315 883 371 fundari.
962 315 1048 408 “qui
1071 315 1151 372 etiam
1175 315 1394 385 despoliaverunt
1408 332 1481 388 eum,
1504 324 1532 370 et
1556 316 1644 389 plagis
1668 317 1805 390 impositis

419 458 505 517 PARS
519 456 692 516 SECUNDA.

442 581 480 622 oa
492 581 675 622 oasnrsarra.

185 682 229 732 16.
244 676 389 745 Quiaergo
412 674 592 730 humilitatem
615 688 694 729 soror
708 672 866 728 obedientia
880 673 952 728 inse·

149 765 305 836 parabiliter
319 764 473 832 comitatur,
490 762 587 833 aliqttid
599 761 633 817 de
644 760 800 818 obedientia
813 761 949 817 dicamus.

149 854 202 910 Sed
217 852 375 908 obedientie
402 851 502 909 bonum
523 867 571 922 per
590 849 779 906 inobedientiae
795 850 893 906 malum
908 849 951 903 lu·

149 944 236 1000 cidius
250 942 422 997 declaratur:
443 951 571 1009 quantum
596 940 668 995 enirn
683 939 868 995 inobedientia
888 953 953 993 cre·

148 1031 198 1090 scit
215 1031 243 1085 ia
259 1029 341 1096 malo,
357 1036 460 1084 tentum
473 1027 735 1086 obedientiacrescit
749 1027 777 1082 in
795 1027 879 1082 bono.
902 1026 948 1081 ln·

149 1118 301 1176 obedientia
317 1118 389 1174 enim
409 1118 578 1189 amplectitur
606 1131 686 1173 ovune
714 1115 824 1172 mnam.
854 1115 953 1170 lnobe-

1003 404 1265 460 abieruntsemirivo
1282 406 1386 462 relicto.
1407 403 1460 474 Qui
1484 405 1558 461 enim
1585 405 1724 463 visionem
1735 410 1805 482 pacis

1004 493 1133 562 deseruit,
1149 494 1230 564 bajus
1256 493 1348 549 mundi
1372 491 1495 549 delectus
1515 509 1564 566 per
1589 495 1805 566 experimentum

1004 581 1105 638 didicit.
1119 581 1246 638 Latrones
1259 591 1358 649 autem
1384 583 1411 638 id
1424 591 1466 638 est
1487 581 1601 653 spiritus
1617 583 1744 658 maligni,
1764 594 1806 643 ta·

1004 671 1065 727 nica
1082 669 1291 726 inmortalitatis
1319 669 1504 738 spoliaverunt
1526 687 1601 727 eum.
1627 673 1756 732 Graviter
1772 688 1809 732 et·

1005 761 1077 815 enim
1093 759 1251 816 vulneratus
1265 769 1316 825 est,
1329 759 1392 830 quia
1405 759 1526 831 graviter
1540 761 1680 831 peccavit;
1699 764 1749 820 sed
1763 780 1806 820 se·

1005 847 1120 904 mirivus
1138 846 1245 904 relictus
1255 855 1312 916 est;
1331 847 1395 918 quia
1409 848 1481 903 enirn
1496 851 1626 917 peccavit,
1641 852 1722 922 quasi
1737 855 1809 910 nior·-

1005 944 1068 993 tuus
1085 945 1138 1003 est,
1153 945 1179 992 et
1199 935 1262 1006 quia
1281 937 1410 993 rationem
1425 952 1480 992 non
1505 938 1631 1008 perdidit,
1657 941 1738 1012 quasi
1755 941 1809 998 vita

1005 1025 1155 1082 remansit.l
1169 1025 1326 1080 decantem
1350 1033 1488 1096 peccatum
1511 1041 1591 1082 snum
1614 1028 1808 1102 gravissimum

1006 1113 1065 1180 luit,
1080 1113 1144 1185 qnia
1159 1127 1211 1168 non
1226 1113 1317 1186 coegit
1330 1129 1393 1169 eum
1405 1129 1516 1185 peccare
1530 1115 1741 1188 reineresaitas,
1763 1118 1805 1174 rel

150 1207 252 1265 dientia
265 1208 299 1263 de
315 1206 413 1280 angelo
436 1206 498 1262 lecit
521 1205 669 1271 diabolum,
699 1205 801 1276 primos
828 1211 953 1271 parentes
1006 1200 1138 1274 fragilitas
1152 1201 1248 1273 ipsius,
1259 1201 1299 1258 vel
1315 1201 1472 1275 ignorantia
1484 1203 1559 1258 boni.
1583 1205 1740 1277 ignorantia
1754 1221 1807 1264 non

151 1299 185 1353 ds
198 1296 324 1367 paradiso
339 1295 450 1365 expulit,
475 1294 633 1351 innumeros
662 1302 756 1364 postea
790 1292 899 1349 tradidit
926 1292 954 1347 in
1006 1290 1095 1363 coegit
1104 1306 1178 1360 eum,
1193 1305 1252 1344 curn
1269 1304 1319 1344 nec
1333 1291 1416 1346 multa
1431 1290 1546 1346 luissent
1565 1292 1591 1347 ei
1606 1292 1740 1363 injuncta,
1760 1297 1806 1352 sed

151 1385 258 1441 inierno
274 1403 281 1450 ;
298 1383 369 1440 bona
383 1395 505 1450 evacuat,
521 1384 593 1439 mala
606 1382 777 1455 multiplicat,
800 1380 902 1438 idolum
925 1382 953 1437 in
1006 1394 1090 1435 unum
1109 1395 1116 1432 ε
1133 1387 1159 1434 ει
1180 1378 1277 1434 iterum
1291 1378 1388 1433 videns
1403 1379 1489 1434 Deum
1511 1380 1582 1436 facie
1607 1382 1641 1437 ad
1657 1381 1765 1451 faciem,
1781 1387 1807 1441 in

147 1473 230 1530 corde
245 1472 368 1530 fabricat.
383 1473 460 1530 Nolle
473 1473 656 1544 acquiescere,
671 1471 760 1529 scelus
772 1479 815 1527 est
835 1470 952 1528 idolola-
1012 1468 1141 1525 memoria
1155 1467 1208 1522 labi
1222 1482 1277 1523 non
1299 1467 1394 1538 potuit.
1411 1469 1476 1524 item
1497 1468 1629 1540 fragilitas
1648 1487 1705 1526 non
1718 1472 1807 1546 coegit

149 1564 220 1619 trive.
236 1562 291 1619 Sed
304 1569 446 1632 peccatum
462 1565 542 1632 quate
557 1561 593 1618 sit
608 1572 635 1617 et
650 1568 792 1633 quantum,
807 1559 833 1614 in
872 1559 958 1630 primo
1011 1573 1085 1625 eum,
1100 1557 1228 1629 quoniam
1251 1555 1310 1627 ipse
1323 1556 1418 1613 babuit
1440 1557 1555 1614 liberum
1579 1557 1734 1628 arbitrium,
1754 1575 1806 1619 nou

149 1658 258 1721 parente
273 1651 411 1708 evidenter
433 1650 623 1720 perpenditur.
652 1650 725 1704 Deus
752 1662 820 1720 ergo
857 1647 958 1703 bomini
976 1625 998 1702 Β
1013 1647 1180 1715 depressum,
1201 1645 1269 1700 sicut
1283 1652 1386 1717 postea,
1402 1646 1449 1701 sed
1473 1648 1558 1703 saneti
1572 1647 1692 1718 Spiritus
1705 1649 1806 1705 illumi-

150 1755 230 1810 quern
248 1737 335 1808 posuit
353 1740 381 1792 in
397 1737 520 1808 paradiso
544 1735 700 1808 voluptatis,
714 1736 818 1792 diversi
843 1736 953 1807 generis

151 1827 253 1882 tructus
268 1825 399 1896 plureset
411 1824 531 1895 optimos
546 1823 579 1877 ad
608 1840 684 1879 esum
713 1824 876 1893 concedens,
903 1839 952 1879 so-

149 1913 288 1969 lummodo
301 1913 405 1984 lignum
419 1911 539 1968 scientiae
569 1911 633 1967 boni
656 1921 683 1967 et
715 1912 777 1966 mali
806 1911 951 1971 interdicit.

149 2002 262 2059 Certum
285 2010 442 2058 astantem
466 2002 592 2057 arborem
620 2000 693 2055 illam
727 2016 781 2057 aron
799 2001 953 2058 luisseeibo

150 2091 258 2148 noxiam
275 2107 282 2147 :
299 2092 474 2163 nequeenim
492 2093 538 2163 qui
557 2089 661 2146 lecerat
674 2091 766 2146 cavania
781 2091 853 2145 bona
864 2089 951 2152 valde,

149 2177 177 2232 in
195 2178 320 2248 paradiso
335 2177 489 2234 instituerat
502 2176 604 2250 aliquid
616 2178 677 2233 mali
694 2179 760 2244 ;sed
777 2186 808 2233 ut
825 2195 873 2251 per
893 2196 952 2234 me-

149 2267 201 2321 lius
216 2265 378 2323 obedientie
392 2267 517 2323 meritum
534 2267 616 2345 bomo
631 2267 699 2322 bene
715 2267 840 2322 conditus
853 2283 954 2322 cresce

150 2367 201 2424 ret,
216 2355 329 2427 dignum
346 2353 433 2412 549
452 2353 551 2422 iuerat,
567 2367 597 2410 ut
612 2357 690 2410 etiam
705 2371 723 2410 a
737 2358 809 2411 bono
824 2356 954 2426 probibe-

151 2452 234 2511 retur,
251 2452 385 2512 quaoeuus
399 2444 450 2500 boc
459 2443 532 2516 quod
547 2453 651 2514 ageret,
666 2443 756 2500 verius
772 2443 859 2500 virtus
872 2452 953 2514 esset,

148 2539 249 2604 quiante
262 2540 290 2587 et
303 2546 319 2587 a
332 2532 404 2588 bono
419 2547 530 2588 cessans
544 2532 655 2589 ductori
670 2548 721 2589 suo
749 2549 779 2588 se
816 2532 953 2597 subderet,

151 2619 280 2676 humilius
305 2620 454 2689 exhiberet,
484 2629 512 2676 et
551 2620 576 2676 ei
602 2621 772 2690 promerendi
810 2619 955 2676 Dominum

149 2725 229 2764 auum
253 2707 340 2764 virtus
359 2717 432 2765 esset
457 2708 614 2765 obedientia
638 2707 719 2779 ipsa:
739 2724 819 2781 quam
845 2724 953 2780 possum

150 2796 289 2853 uerissime
303 2796 395 2854 dicere
408 2797 495 2854 solam
515 2813 574 2854 esse
596 2797 721 2853 virtutem
733 2796 806 2854 omni
825 2805 953 2853 creaturae

150 2884 300 2942 rationabili
329 2886 439 2958 degenti
460 2886 511 2941 sub
533 2885 583 2942 Dei
611 2894 763 2956 potestate,
780 2886 989 2977 primumquee

149 2991 210 3030 esse
224 2982 251 3030 et
271 2973 417 3029 marimum
432 2972 526 3032 vitium
545 2974 578 3028 ad
598 2974 713 3040 ruinam,
737 2975 872 3031 bominem
904 2990 954 3030 sua

149 3070 280 3133 potestate
294 3060 424 3132 vellenti,
440 3062 521 3131 eujus
541 3061 596 3119 vitii
623 3078 722 3118 nomen
748 3069 776 3116 rt
794 3062 952 3119 inobedien-

150 3153 196 3207 tia.
209 3151 270 3206 Non
285 3159 357 3206 esset
370 3165 435 3224 ergo
451 3152 522 3206 unde
536 3167 565 3206 se
587 3149 731 3206 Dominum
746 3151 846 3207 babere
873 3152 952 3225 cogi-

149 3247 221 3295 taret
235 3251 316 3313 atque
325 3239 447 3307 sentiret,
460 3239 512 3294 uisi
527 3240 552 3295 ei
564 3240 663 3313 aliquid
675 3240 825 3310 juberetur.
836 3240 951 3313 Lignum

149 3339 239 3386 autem
249 3328 369 3386 scieutiae
383 3330 448 3387 boni
467 3337 494 3385 et
513 3330 620 3397 maiia
641 3346 695 3404 quo
724 3329 876 3401 prohibitus
902 3331 952 3386 luit

150 3420 237 3474 ddum
256 3435 290 3475 ne
303 3419 469 3489 comederet,
483 3419 584 3476 animae
606 3420 787 3485 medietatem,
801 3419 828 3474 id
848 3423 890 3475 est
908 3435 952 3476 or·

148 3509 266 3565 diaetam
281 3509 475 3581 integritatem,
491 3510 619 3584 designat
634 3510 662 3565 in
684 3509 762 3565 nobis
779 3525 785 3576 ;
814 3524 875 3580 quae
890 3516 950 3563 tan-

149 3614 231 3669 quam
254 3598 334 3652 arbor
354 3599 382 3651 iu
400 3597 493 3653 medio
515 3597 630 3664 paradisi
654 3598 770 3668 plantata
796 3597 903 3662 dicitur,
925 3605 951 3651 et

148 3684 252 3756 lignum
268 3686 387 3741 scientiae
399 3684 462 3740 boni
474 3692 501 3739 et
513 3684 575 3738 mali
591 3696 699 3740 vocatur
711 3703 717 3737 ε
735 3687 798 3756 quia
812 3685 835 3739 si
863 3685 951 3741 anima

148 3787 211 3844 qaae
227 3786 257 3826 se
273 3771 354 3825 debet
364 3772 391 3825 in
407 3772 540 3826 anteriora
555 3770 711 3839 extendere,
722 3771 750 3825 id
760 3779 801 3827 est
814 3773 842 3827 in
853 3775 948 3843 Deum,

152 3860 178 3915 ei
192 3858 343 3932 posteriora
367 3858 500 3926 oblivisci,
517 3860 550 3912 ad
566 3874 595 3914 se
624 3860 719 3930 ipsam,
752 3859 856 3916 deserto
881 3862 948 3927 Deo,

148 3961 281 4004 conversa
295 3945 387 4013 luerit,
403 3954 430 4002 ει
444 3961 493 4001 sua
505 3946 623 4018 potentia
637 3947 697 4004 sine
717 3949 773 4005 Deo
788 3948 842 4005 frui
856 3951 949 4006 volue-

148 4034 192 4105 rit,
203 4043 230 4089 et
243 4035 294 4089 boc
320 4046 458 4105 peccatum
481 4035 541 4104 ejus
565 4051 644 4106 poena
667 4037 748 4092 luerit
778 4052 949 4107 consecuta,

148 4138 211 4180 mox
225 4122 393 4194 experiendo
408 4123 495 4179 discet
514 4125 581 4196 quid
609 4124 720 4181 interest
748 4124 819 4180 inter
846 4126 949 4182 bonum

147 4213 222 4285 quod
234 4211 363 4282 deseruit,
380 4222 407 4269 ει
420 4211 521 4268 malum
534 4227 590 4286 quo
604 4213 702 4270 cecidit
717 4232 724 4281 ;
741 4224 767 4269 et
788 4215 838 4270 boc
852 4215 904 4270 erit
923 4217 947 4274 ei

147 4309 275 4375 gustasse
290 4301 325 4357 de
339 4302 414 4375 ligno
428 4301 547 4358 scientiae
561 4301 663 4359 boniet
678 4303 750 4360 mali.

186 4393 230 4449 tt.
246 4390 393 4448 Peccatum
415 4398 504 4447 autem
519 4392 586 4447 tdae
603 4391 794 4466 gravissimum
808 4391 869 4461 luit,
883 4393 947 4466 quia

151 4496 213 4538 cunr
228 4479 372 4537 inbonore
394 4492 476 4551 esset,
493 4496 547 4536 non
568 4480 710 4548 intellexit,
732 4483 821 4553 (Psoi,
848 4498 946 4550 savrra,

149 4573 194 4636 ld,
207 4570 276 4641 at);
300 4570 328 4624 id
343 4577 395 4637 est,
409 4586 471 4626 cum
485 4577 560 4625 esset
572 4572 606 4625 ad
620 4570 766 4644 imaginem
780 4581 806 4627 et
824 4572 947 4629 similitu·

147 4656 239 4712 ὤιιεω
254 4658 303 4712 Dei
317 4665 432 4726 creatus,
450 4658 535 4714 noluit
548 4658 679 4715 obediens
701 4675 868 4731 permanere,
896 4662 945 4717 sed

152 4743 239 4818 magis
252 4743 356 4800 audivit
371 4759 463 4802 vocem
477 4745 571 4801 uxoris
585 4762 653 4807 suae,
663 4763 743 4816 quarn
759 4747 820 4817 Dei,
836 4759 863 4805 et
887 4749 944 4804 riso

149 4838 261 4902 pecctno
287 4839 418 4901 apostate
446 4832 539 4906 angeli
552 4840 579 4888 et
602 4831 727 4899 ejusdem
745 4836 850 4907 peccati
864 4852 945 4908 panna

146 4919 264 4992 (scilicet
282 4920 355 4993 quod
369 4920 403 4977 de
416 4921 513 4992 angelo
543 4919 634 4976 lactus
646 4930 718 4977 esset
731 4921 878 4994 diabolus),
895 4942 944 4982 su-

1007 1733 1113 1789 nationo
1126 1735 1342 1802 corroboratum,
1361 1741 1389 1789 et
1409 1735 1445 1790 ita
1460 1749 1508 1804 per
1536 1734 1653 1805 gratiam
1668 1736 1718 1793 liei
1741 1752 1805 1794 eoa·

1007 1822 1154 1888 firmatum,
1171 1832 1201 1878 ut
1215 1833 1401 1896 uonpeccaret
1417 1823 1440 1878 si
1455 1837 1570 1896 peccare
1595 1824 1694 1880 nollet.
1709 1826 1807 1883 lterum

1007 1918 1112 1982 egestas
1125 1925 1179 1965 non
1193 1911 1283 1983 coegit
1304 1927 1375 1979 eum,
1391 1910 1520 1982 quoniam
1544 1926 1635 1983 neque
1663 1912 1744 1978 fame,
1764 1929 1807 1969 ne

1007 2015 1059 2071 que
1078 1999 1134 2066 siti,
1158 2013 1245 2069 neque
1264 1998 1317 2053 alia
1337 1998 1444 2055 miseria
1458 1999 1619 2070 vexabatur3
1637 2009 1666 2055 et
1691 1999 1715 2055 si
1728 2002 1808 2057 vallet

1007 2088 1098 2159 aliquo
1111 2087 1201 2143 fructa
1211 2089 1283 2142 vesci
1300 2086 1439 2143 molestias
1464 2087 1621 2157 passionum
1636 2089 1805 2159 pravenien-

1007 2176 1053 2245 do,
1064 2184 1141 2232 eraut
1155 2175 1180 2230 ia
1196 2175 1323 2246 paradiso
1336 2175 1436 2232 diversi
1450 2176 1563 2244 tructus,
1576 2177 1679 2248 quibus
1693 2177 1806 2235 licenter

1007 2265 1079 2322 vesci
1098 2271 1211 2336 poterat.
1227 2263 1348 2334 Quorum
1362 2263 1465 2323 fructus
1492 2266 1561 2322 alius
1586 2266 1712 2322 obviavit
1731 2267 1801 2332 lanai,

1008 2353 1075 2409 alius
1089 2352 1143 2421 siti,
1162 2353 1232 2411 alius
1246 2354 1305 2410 aliis
1337 2354 1511 2425 passionibus
1530 2370 1538 2409 ε
1554 2356 1656 2426 quibus
1680 2355 1804 2412 omnibus

1009 2442 1165 2513 propositis,
1179 2452 1308 2514 tanquam
1322 2451 1413 2499 essent
1426 2443 1566 2514 prohibiti,
1582 2443 1663 2499 illum
1678 2445 1804 2512 fructum,

1008 2547 1062 2600 aaa
1078 2546 1144 2588 voce
1163 2531 1268 2589 Domini
1291 2533 1377 2588 iuerat
1401 2532 1571 2602 interdictus,
1595 2533 1714 2604 appetiit
1745 2543 1806 2589 tan·

1008 2636 1088 2690 qaam
1101 2627 1174 2676 esset
1187 2620 1213 2676 ei
1227 2620 1389 2689 injunctum,
1419 2628 1447 2676 ut
1462 2620 1507 2676 illo
1530 2620 1620 2678 fractu
1638 2631 1803 2690 vescentum

1009 2717 1036 2763 et
1049 2708 1111 2764 ileo
1126 2709 1191 2780 quia
1217 2710 1351 2765 voluntate
1380 2710 1436 2765 sola
1456 2710 1611 2766 aCreatore
1633 2710 1759 2777 recessit,
1778 2718 1804 2765 et

1008 2811 1103 2853 omnes
1119 2799 1217 2869 posteri
1236 2800 1278 2854 sui
1296 2800 1347 2855 bac
1361 2802 1435 2869 peste
1449 2798 1581 2855 interiecti
1598 2807 1664 2855 sunt
1679 2820 1686 2857 ε
1702 2801 1805 2872 grauia·

1004 2885 1298 2960 saaneenmaeuqm.
1604 2874 1608 2887 ‘

1043 2979 1086 3030 te.
1103 2976 1156 3032 Sed
1170 2985 1198 3031 et
1212 2978 1263 3032 boc
1282 2977 1439 3042 notandum,
1457 2976 1520 3042 ouia
1542 2977 1613 3032 sicut
1633 2978 1731 3033 beatus
1748 2980 1805 3034 bu·

1005 3063 1132 3135 gustiuus
1155 3074 1266 3120 testatur
1292 3064 1335 3118 in'
1351 3064 1534 3135 lincbiridioa‚
1564 3065 1591 3121 in
1618 3066 1672 3121 boc
1697 3076 1805 3137 meato

1006 3152 1088 3207 multa
1114 3152 1261 3209 criminalia
1288 3154 1554 3224 comprehenduntur
1581 3162 1703 3224 peccata.
1727 3153 1804 3224 Quot

1005 3241 1079 3294 enim
1088 3238 1177 3295 Adam
1187 3241 1305 3296 scienter
1320 3257 1349 3297 se
1363 3250 1458 3297 contra
1467 3243 1553 3297 mum
1569 3241 1664 3308 erexit,
1678 3240 1805 3313 superbia

1006 3344 1105 3401 magna
1124 3328 1187 3392 luit,
1203 3328 1275 3402 quod
1299 3338 1390 3385 autem
1418 3330 1481 3402 plus
1506 3347 1585 3402 quum
1614 3330 1668 3386 sibi
1696 3330 1807 3388 sutfecit

1004 3415 1125 3488 appetiit,
1145 3418 1255 3474 avaritia
1266 3416 1326 3476 luat.
1348 3418 1408 3473 Non
1425 3427 1468 3473 est
1481 3419 1552 3474 enim
1573 3419 1686 3474 avaritia
1703 3428 1806 3476 tanturn

1006 3505 1136 3571 pecunie.
1156 3508 1203 3562 sed
1217 3515 1244 3561 et
1258 3506 1416 3563 altitudinis.
1432 3506 1504 3574 Quia
1519 3523 1548 3563 se
1572 3507 1661 3580 ipsum
1684 3509 1712 3563 in
1731 3522 1805 3564 rnor-

1006 3603 1058 3650 tem
1072 3594 1260 3667 precipitavit,
1276 3595 1448 3651 homicidium
1464 3595 1530 3654 luit:
1542 3597 1606 3670 quia
1620 3613 1687 3654 vero
1703 3606 1805 3655 semet·

1003 3682 1094 3753 ipsum
1108 3685 1234 3755 amando,
1255 3686 1290 3740 ab
1304 3701 1398 3742 amore
1413 3686 1508 3752 sponsi
1532 3687 1651 3743 eoelestis
1666 3687 1803 3755 alienavit,

1003 3772 1129 3828 adulterii
1155 3773 1258 3829 crimen
1284 3776 1412 3841 iucurrit3
1437 3785 1464 3830 et
1488 3775 1551 3843 quia
1578 3776 1670 3832 cibum
1690 3776 1805 3833 uetitum

1003 3860 1151 3931 usurpavit,
1168 3863 1266 3917 lurtum
1281 3863 1367 3918 lecit:
1391 3871 1417 3918 et
1440 3861 1502 3935 quia
1518 3863 1575 3919 Deo
1598 3879 1652 3920 nou
1676 3864 1803 3933 credidit,

1001 3949 1174 4020 sacrilegium
1199 3949 1260 4008 lecit
1275 3949 1339 4022 (cap
1366 3952 1411 4018 lb,
1428 3968 1455 4007 n.
1474 3952 1607 4023 13).ttaec
1634 3964 1661 4008 et
1675 3951 1728 4007 alra
1741 3968 1805 4009 eon·

1004 4038 1100 4094 similia
1119 4040 1198 4095 etiam
1226 4042 1254 4096 in
1283 4040 1362 4095 nobis
1381 4041 1566 4111 inveniuntur,
1595 4056 1658 4097 cum
1687 4043 1804 4098 scienter

1002 4135 1096 4185 eontra
1105 4127 1286 4184 obedientiam
1301 4128 1421 4200 agimus.

1041 4219 1084 4273 l9.
1110 4217 1133 4273 0
1155 4215 1345 4273 inobedientiae
1366 4217 1531 4274 horrendum
1561 4217 1676 4273 andum!
1706 4216 1803 4274 Omnis

1001 4306 1074 4360 onim
1087 4305 1134 4378 qui
1150 4306 1259 4378 propria
1280 4304 1443 4361 conscientia
1469 4316 1613 4363 accusante
1625 4322 1722 4362 contra
1738 4307 1803 4364 obe·

999 4394 1127 4456 dinastiam
1147 4393 1234 4452 543
1253 4395 1317 4468 agit,
1348 4403 1475 4466 quantum
1500 4398 1533 4450 ad
1563 4411 1592 4451 se
1608 4396 1732 4466 pertinet,
1756 4412 1804 4451 nra

1001 4484 1067 4552 Deo,
1083 4498 1134 4539 nec
1153 4483 1255 4540 homini
1278 4482 1401 4539 subditus
1415 4499 1474 4540 esse
1488 4483 1557 4550 vult,
1574 4483 1619 4539 ed
1650 4482 1805 4540 §mulitudi-

1000 4591 1061 4632 nem
1077 4575 1126 4632 liei
1137 4587 1268 4648 appetens
1284 4578 1406 4647 rapinam
1422 4575 1500 4647 facie
1517 4577 1561 4633 cui
1586 4576 1657 4632 sicut
1677 4576 1804 4632 voluntas

999 4665 1048 4720 Dei
1075 4664 1229 4721 invictaest
1255 4674 1281 4720 et
1306 4665 1371 4720 nulli
1400 4664 1590 4734 subiectans
1617 4680 1633 4718 a
1659 4662 1734 4720 nullo
1749 4663 1805 4723 rult

1000 4753 1084 4816 vinei,
1099 4751 1167 4810 nulli
1182 4763 1279 4825 sponte
1293 4753 1401 4823 subjici,
1416 4756 1480 4826 quis
1496 4769 1546 4808 nec
1561 4753 1632 4808 Deo.
1648 4751 1717 4808 Cum
1735 4767 1804 4828 erga

999 4842 1065 4898 nolit
1080 4843 1136 4898 Deo
1149 4843 1260 4911 subjici,
1277 4852 1304 4898 et
1316 4851 1444 4898 constans
1459 4843 1493 4897 sit
1508 4842 1571 4915 quia
1580 4843 1656 4897 Deus
1670 4856 1736 4898 esse
1749 4856 1802 4899 aen

998 4930 1092 5003 possit,
1108 4946 1137 4986 se
1152 4931 1208 4987 vult
1225 4930 1374 5002 pariiacere
1393 4931 1461 4998 Deo,
1493 4931 1536 4987 uel
1552 4945 1669 5000 praeesse
1685 4946 1692 4983 :
1709 4938 1738 4985 et
1752 4932 1803 4986 boe

148 5009 243 5080 perbia
257 5011 411 5070 obcaecante
424 5023 471 5066 cer
495 5024 586 5074 suum,
605 5008 699 5080 posuit
725 5020 753 5067 et
777 5011 835 5083 ipse
853 5016 945 5072 sedem
996 5019 1106 5092 quidem
1120 5018 1220 5074 malum
1235 5027 1287 5084 est,
1304 5019 1368 5076 illud
1389 5019 1477 5089 pejus,
1494 5025 1642 5090 utrumque
1670 5017 1801 5074 stultissi-

145 5114 224 5154 suam
239 5100 272 5155 ad
286 5099 449 5172 aquilonem,
468 5110 496 5154 ut
509 5106 583 5154 esset
607 5097 703 5154 similis
731 5099 879 5158 altissimo.
914 5104 944 5159 ln

148 5202 215 5258 pace
228 5189 337 5259 quidem
352 5190 439 5244 lactus
452 5187 541 5244 iuerat
568 5188 643 5245 locus
671 5189 742 5261 ejus,
762 5203 789 5246 et
816 5192 944 5250 habitatio

144 5275 247 5342 sinsin
257 5277 322 5334 Sion
339 5296 348 5347 ·,
364 5279 410 5335 sed
426 5280 494 5350 quia
507 5294 602 5349 pacem
617 5277 734 5350 perdidit
744 5281 849 5348 volens,
863 5282 943 5340 dolo-

146 5373 191 5415 res
205 5365 370 5434 ,multiplices
388 5376 499 5423 coactus
511 5376 554 5425 est
567 5369 666 5427 sentire
681 5369 784 5426 nolens.
803 5371 946 5429 Descemit

146 5445 219 5506 enim
232 5451 267 5506 ab
280 5453 428 5511 ιετιιεειεω
447 5455 476 5510 in
490 5456 610 5524 tericbo,
625 5465 652 5512 et
668 5457 795 5516 inciditin
811 5460 941 5530 latrones,

998 5123 1081 5163 mum.
1097 5108 1158 5163 Non
1173 5109 1259 5164 solum
1274 5115 1362 5165 autem
1378 5108 1405 5163 in
1423 5107 1580 5177 majoribus,
1602 5107 1649 5162 sed
1665 5106 1749 5161 etiam
1773 5107 1800 5161 in

998 5196 1147 5253 minoribus
1159 5197 1247 5264 culpis
1262 5214 1343 5270 mam
1361 5198 1449 5272 gravis
1476 5197 1511 5252 sit
1535 5195 1728 5251 inobedientiae
1743 5194 1801 5253 cul-

1000 5302 1043 5357 pa,
1054 5285 1132 5342 facile
1145 5286 1313 5358 perpendere
1325 5296 1377 5342 est.
1393 5284 1461 5355 Quia
1477 5287 1548 5342 enim
1559 5285 1703 5351 Jonatbas,
1714 5287 1800 5341 etiam

999 5373 1123 5431 nesciens
1139 5375 1221 5447 patria
1235 5376 1389 5449 imperium,
1400 5391 1494 5448 parum
1509 5373 1599 5429 mellis
1612 5373 1735 5445 gustavit
1748 5374 1801 5430 illo

997 5463 1054 5532 die,
1067 5479 1121 5534 quo
1136 5463 1262 5521 omnibus
1276 5464 1447 5523 interdictum
1468 5462 1518 5519 luit
1531 5479 1545 5518 a
1560 5460 1641 5520 Saule
1654 5477 1690 5519 ne
1707 5476 1801 5521 come·
