3706 5962
50 115 106 176 325

49 240 150 305 todes;
164 236 281 304 seilicet,
297 239 380 304 Dens,
393 239 567 303 conscientia,
588 247 617 294 et
637 237 783 308 spiritualis
800 252 850 308 pa-

49 336 104 382 tcr.
132 328 191 382 Deo
215 326 301 382 debes
316 328 453 398 pietatem,
471 326 513 381 cui
527 336 553 382 te
578 334 660 382 totum
686 326 848 396 impendas:

51 414 233 473 conscientiae
248 425 311 486 tuae,
328 417 471 483 honorem,
485 429 577 470 coram
592 429 645 485 qua
660 429 774 484 peccare
788 428 851 468 eru·

51 507 153 562 noscas
172 523 179 559 :
203 505 273 574 patri
287 503 430 577 spirituali,
451 503 632 559 obedientiam
655 502 803 568 alteritatis,
817 501 851 554 ad

51 610 135 668 quem
151 593 189 649 de
211 593 337 649 omnibus
351 608 485 649 recurras.
501 594 615 664 Insuper
633 600 662 647 ut
679 599 785 663 gratam
809 607 852 646 me

51 683 168 752 labeas,
185 682 285 737 addam
307 681 355 737 tibi
379 690 407 736 et
421 688 564 754 quartum:
581 687 608 735 et
623 681 852 752 qnandiuparvu-

49 773 92 828 lus
114 788 159 837 ec,
178 779 207 829 et
220 771 308 826 donec
328 770 435 842 plenius
455 771 580 825 addiscas
594 769 712 824 divinam
729 770 853 841 cogitare

48 860 238 934 praesentiam,
254 859 434 932 paedagogum
450 859 497 913 tibi
523 858 684 929 procurabo.
707 858 785 932 lilige
807 856 852 911 tibi

50 950 157 1021 tuipse
172 948 286 1005 coasilio
302 963 364 1004 meo
379 948 528 1014 bominem,
546 947 625 1017 eujus
640 947 701 1002 vitre
715 946 854 1017 exemplar

48 1035 88 1089 sie
102 1034 185 1090 cordi
201 1043 247 1090 tuo
262 1034 403 1100 insederit,
421 1033 573 1090 reverentia
584 1034 731 1101 inhaeserit,
743 1042 771 1089 ιιι
786 1049 853 1105 quo·

49 1122 103 1176 ties
116 1122 181 1192 ejus
197 1121 356 1178 recordatus
371 1122 465 1190 tueris,
483 1122 517 1176 ad
541 1123 721 1179 reverentiam
743 1121 854 1194 cogitati

50 1225 196 1284 assurgas,
213 1218 242 1266 et
255 1211 428 1282 temetipsum
444 1211 555 1267 ordines
574 1219 601 1266 et
620 1225 769 1282 componas
784 1229 790 1265 :
808 1209 854 1281 qui

49 1299 191 1374 cogitatas
205 1315 237 1356 ac
251 1301 275 1354 si
292 1315 415 1373 praesens
429 1302 473 1365 sit,
489 1302 516 1355 in
531 1300 658 1355 allectum
674 1307 774 1354 mutuae
787 1300 854 1354 che·

50 1387 285 1445 dannamaria
309 1390 335 1444 in
360 1397 386 1444 te
400 1389 492 1444 omnia
516 1388 695 1455 emendanda,
719 1398 745 1444 ot
765 1399 854 1444 tamen

495 110 594 172 ssPlS'l.
615 113 659 171 nb
678 108 827 172 marnes
843 109 886 169 llll
904 109 1013 171 ll0ll'l'd
1033 110 1094 171 lllll.
1114 146 1149 156 -
1168 112 1229 176 att.
1251 118 1272 176 l.

1653 123 1706 189 320

909 236 1028 292 cundum
1039 241 1192 295 eommunis
1207 240 1321 297 instituti
1335 241 1410 315 leges
1425 251 1454 300 tu
1469 247 1516 302 tibi
1529 265 1660 321 praeesse,
1678 262 1706 308 et

908 324 991 379 vitem
1005 325 1144 396 ordinare,
1157 335 1183 383 et
1198 345 1289 385 mores
1304 345 1479 402 componere,
1491 343 1518 390 et
1532 340 1704 411 temetipsum

906 413 1040 486 judicare,
1074 416 1191 487 teipsum
1214 418 1287 488 apud
1315 419 1431 491 teipsum
1464 437 1605 492 accusare,
1631 445 1705 502 saepe

907 503 989 556 etiam
1000 503 1193 570 condemnare,
1207 522 1258 561 nee
1272 507 1433 577 impunitum
1442 510 1589 568 dimittere.
1605 516 1706 572 Sedent

906 590 1032 659 judicans
1046 593 1150 661 justitia
1163 612 1167 649 :
1185 600 1239 648 stet
1250 611 1296 650 rea
1312 604 1340 650 et
1355 597 1474 669 seipsam
1490 616 1624 657 accusans
1638 619 1705 660 con·

907 678 1030 736 scientia.
1046 681 1133 736 Nemo
1142 689 1168 737 te
1184 682 1245 753 plus
1260 684 1356 755 diligit,
1374 703 1455 742 nemo
1471 697 1497 743 te
1512 687 1620 746 fidelius
1632 690 1706 764 judi·

907 767 990 820 eabit.

943 859 987 910 29.
1004 857 1091 923 Mane,
1115 860 1261 930 praeteritae
1280 861 1367 915 noctis
1388 862 1430 918 lac
1445 878 1461 918 a
1478 866 1623 939 temetipso
1638 884 1705 925 exa·

907 943 1034 1010 ctionem,
1052 953 1210 1003 etventurae
1225 949 1277 1004 diei
1300 958 1327 1004 tu
1347 951 1395 1006 tibi
1410 952 1522 1009 indicito
1540 957 1704 1016 cautionem.

909 1031 1039 1103 Vespere,
1050 1033 1104 1088 diei
1119 1036 1262 1105 praeteritae
1279 1038 1410 1093 rationem
1424 1040 1512 1113 exige,
1530 1050 1558 1096 et
1573 1060 1705 1116 superue-

908 1118 1007 1173 nientis
1022 1120 1111 1176 nectis
1126 1121 1169 1177 lac
1184 1122 1369 1179 indictionem.
1389 1125 1435 1182 Sic
1460 1126 1584 1185 districto
1602 1147 1706 1203 nequa-

909 1224 990 1278 quem
1002 1209 1049 1263 tibi
1060 1209 1207 1281 aliquando
1223 1212 1347 1269 lascivire
1362 1215 1479 1271 vacabit.
1497 1217 1618 1290 Singulis
1632 1220 1706 1276 lroris

909 1296 1061 1351 secundum
1075 1300 1228 1354 communis
1241 1299 1355 1357 instituti
1369 1318 1503 1360 canonem
1515 1322 1564 1362 sun
1574 1307 1706 1364 distribue

908 1384 1036 1440 exercitia
1049 1405 1055 1440 :
1068 1387 1111 1441 cui
1132 1387 1293 1459 spiritualia,
1319 1389 1488 1462 spiritualia;
1508 1394 1552 1449 cui
1572 1412 1705 1468 corpora·

51 1477 159 1535 nullum
177 1477 298 1551 patiatur
322 1479 450 1534 damnum
478 1478 575 1534 secreti
594 1479 636 1532 sui
655 1477 774 1532 solitudo
798 1484 853 1531 tua.
909 1472 954 1537 lia,
970 1474 1140 1544 corporalia:
1154 1474 1291 1547 inquibus
1302 1477 1341 1534 sic
1357 1479 1479 1535 exsolvat
1490 1497 1570 1537 omne
1584 1484 1705 1540 debitum

50 1567 100 1624 llic
115 1583 245 1640 praesens
258 1566 305 1623 tibi
321 1567 394 1624 adsit
408 1568 625 1639 quandocunque
646 1566 764 1622 volueris
780 1584 787 1621 :
803 1582 853 1622 oc·
871 1605 893 1682 n
910 1561 1023 1631 spiritns
1039 1563 1106 1631 Deo,
1122 1578 1223 1635 corpus
1238 1565 1354 1637 spiritui,
1372 1576 1401 1622 ut
1416 1571 1440 1623 si
1455 1570 1610 1640 quidsuerit
1624 1573 1707 1629 inter-

51 1663 145 1710 cumr
160 1670 236 1728 sape
252 1667 279 1711 er
293 1671 353 1711 cum
368 1653 497 1711 uoluens.
514 1655 788 1726 traoreparionesejus
802 1654 854 1710 de·
910 1649 1034 1717 missum,
1051 1650 1074 1704 si
1085 1651 1151 1722 quta
1171 1652 1371 1727 imperfectum,
1388 1673 1439 1711 suo
1454 1657 1545 1724 mode,
1567 1676 1616 1715 sao
1635 1659 1706 1727 loco,

52 1742 159 1798 „rim
172 1743 222 1798 gibi
242 1744 360 1815 cogjtm
374 1751 469 1799 sanem
488 1744 549 1814 ejus
563 1743 711 1810 ςθγθηως
729 1743 854 1798 consola.
910 1753 960 1792 suo
972 1745 1094 1809 tempere
1108 1755 1163 1795 non
1178 1741 1260 1796 abeat
1275 1741 1446 1814 impunitum,
1463 1744 1505 1800 vel
1524 1746 1709 1818 irrecompen-

52 1831 156 1901 ΗΘΜ,
172 1831 261 1903 piem
272 1841 300 1888 gp
310 1832 482 1903 benignita„
499 1832 665 1904 exemptum,
680 1840 781 1887 sancrae
794 1831 856 1887 virae
910 1834 1010 1881 satum.
1028 1829 1057 1882 ln
1073 1828 1182 1900 quibus,
1199 1839 1276 1885 extra
1291 1829 1352 1886 illas
1367 1834 1459 1900 horas,
1477 1834 1511 1889 de
1530 1835 1629 1906 quibus
1644 1837 1709 1894 dicit

52 1920 211 1977 simma·
232 1921 300 1975 Nam
315 1937 410 1977 omnes
424 1921 603 1994 cogitationes
618 1929 677 1975 quas
693 1935 754 1976 cum
774 1920 808 1973 ab
822 1933 856 1973 eo
911 1915 1706 1993 Propheta,Septictindielaudemdixiiibiffcaicxvrn,

53 2008 143 2064 videri
156 2003 294 2081 cogitabis
317 2024 369 2066 :ac
390 2009 413 2063 si
428 2008 528 2077 rideat,
543 2024 575 2063 ac
589 2009 612 2062 si
634 2016 740 2079 arguet,
759 2022 855 2063 emen·
912 2004 985 2075 164),
1013 2005 1186 2071 matutinum,
1208 2022 1242 2063 ac
1267 2009 1453 2080 vespertinum
1472 2011 1646 2082 sacrificium,
1675 2030 1708 2071 ac

54 2097 122 2152 dare
137 2095 259 2171 cogeris.
285 2097 340 2162 Sic,
360 2097 511 2153 secundum
535 2103 700 2168 praeceptum
724 2094 855 2167 Apostoli,
911 2092 1008 2147 mediae
1020 2093 1109 2150 noctis
1123 2104 1165 2150 est
1179 2095 1297 2151 maxime
1312 2099 1526 2155 observandum.
1551 2100 1613 2156 Non
1633 2103 1706 2158 enirn

56 2182 175 2239 sollicite
189 2182 372 2256 semtipsum
382 2183 493 2240 custodi
502 2184 527 2255 (l
544 2183 612 2239 Tim.
623 2197 651 2251 v,
664 2185 709 2253 22)
725 2201 731 2236 :
744 2187 856 2237 etutte-
911 2179 1013 2237 frustra
1024 2182 1061 2237 ait
1072 2183 1217 2255 Propheta,
1228 2185 1307 2243 Mane
1316 2187 1414 2243 astato
1424 2189 1706 2262 tibi,eioidebo(Pcol.

58 2271 207 2343 metipsum
230 2287 340 2342 semper
363 2272 504 2345 inspicias,
535 2287 645 2343 semper
670 2271 705 2325 ab
733 2271 858 2326 omnibus
913 2283 938 2334 v,
955 2270 1060 2340 5>3sed
1080 2271 1217 2342 quiatuuc
1232 2288 1250 2327 a
1263 2274 1337 2329 curis
1351 2275 1534 2330 exterioribus
1554 2277 1643 2335 adhuc
1662 2295 1707 2335 su-

58 2361 156 2418 oculoo
170 2369 276 2418 averte.
292 2360 441 2434 Egregium
458 2360 667 2417 instrumentum
682 2360 804 2430 corporis
817 2367 859 2415 est
912 2372 973 2411 mus
979 2357 1066 2427 jejuni
1079 2360 1465 2431 :et,Dirigaturorotiomea‚
1474 2365 1549 2422 sicut
1560 2370 1708 2424 incurram

60 2449 158 2506 oculus
173 2467 181 2505 :
199 2448 221 2505 si
236 2449 305 2506 siem
318 2458 426 2516 caetem,
443 2449 483 2505 sie
500 2450 581 2505 etiam
596 2450 689 2505 videre
704 2456 798 2520 posset
811 2464 857 2503 se·
911 2447 1103 2518 inconspecta
1114 2448 1302 2503 taoaetmatio
1313 2466 1452 2507 moranum
1462 2469 1590 2511 mearam
1602 2457 1707 2526 tranfi-

61 2537 220 2610 metipsum.
235 2537 314 2609 Quod
328 2554 390 2593 cum
404 2537 526 2594 interiori
539 2537 619 2595 oculo
638 2553 799 2593 concessum
813 2537 857 2604 sit,
912 2534 989 2590 eiam
999 2537 1190 2608 vespertinum
1200 2538 1357 2608 (Psoicxu,
1370 2539 1399 2610 2)
1411 2556 1418 2609 ;
1429 2539 1563 2612 quiatunc
1573 2543 1708 2614 abhnjus-

62 2625 133 2681 aiad
152 2625 297 2683 exterioris
319 2625 473 2696 exemplum
493 2625 611 2697 seipsum
641 2624 791 2697 negligens,
812 2639 858 2679 va·
911 2622 986 2677 modi
1000 2623 1201 2695 impedimentis
1214 2626 1270 2696 jam
1281 2626 1484 2697 quedammodo
1499 2629 1653 2686 invenimur
1667 2632 1707 2686 di·

61 2721 106 2770 ιιι
119 2713 194 2770 eirea
208 2713 313 2770 aberra:
330 2714 413 2770 etiam
427 2729 489 2770 curn
503 2714 569 2784 vult,
585 2729 639 2769 noa
655 2712 753 2770 saitica
768 2712 858 2769 redire
911 2711 992 2783 gesti.
1000 2711 1052 2780 Qui
1063 2720 1090 2766 et
1100 2711 1489 2788 innoetumisrigiliisnostris
1500 2717 1540 2788 (in
1546 2718 1707 2790 quibusrne-

61 2803 96 2857 ad
109 2802 244 2875 seipsum.
259 2802 319 2857 Tibi
339 2819 404 2860 raca
420 2822 426 2860 :
445 2802 528 2858 multa
551 2811 579 2858 tu
602 2802 661 2875 ipse
681 2802 728 2857 tibi
755 2800 858 2859 sollici·
912 2800 959 2855 dia
972 2808 1052 2856 nocte
1063 2801 1201 2874 surgimus
1215 2802 1250 2856 ad
1269 2801 1455 2859 confitendum
1470 2805 1574 2861 nomini
1589 2807 1709 2878 Domini)

63 2891 164 2949 ludiaris
177 2891 291 2948 materia
306 2908 345 2947 es.
365 2891 486 2948 Exclude
505 2892 586 2947 etiam
614 2891 648 2946 ab
675 2889 760 2946 oculis
780 2897 857 2947 exte·
912 2887 1094 2944 confessionis
1117 2889 1242 2959 ejusdem
1265 2891 1391 2947 ordinem
1401 2901 1578 2950 contexens:
1604 2899 1637 2952 ln
1651 2896 1707 2964 die,

64 2980 181 3061 rioribus
201 2982 276 3055 quod
303 2980 451 3037 desuevisti
477 2981 586 3049 ridere3
610 2980 645 3034 ab
670 2979 857 3046 interioribus,
873 2935 895 3014 c
911 2977 1007 3049 inquit,
1024 2978 1219 3035 tribulationis
1232 2996 1302 3038 meoe
1313 2982 1403 3038 Deam
1418 2983 1709 3057 cognitionumque

64 3070 135 3143 qnod
148 3086 243 3126 natare
264 3089 270 3125 :
287 3069 350 3141 quia
369 3069 407 3125 nil
429 3083 483 3125 tam
503 3068 580 3126 tacile
596 3067 764 3125 recrudescit
778 3085 859 3141 quam
912 3069 1275 3138 manutentionem,
1289 3075 1316 3126 et
1330 3087 1389 3126 non
1402 3089 1465 3127 cum
1480 3073 1705 3148 deceptasffsal.

66 3175 150 3225 arnor,
166 3166 194 3216 et
214 3158 331 3215 maxime
355 3159 382 3214 in
403 3158 586 3215 tenerioribus
608 3166 636 3214 et
663 3156 860 3215 recentioribus
914 3170 1013 3221 cxxvi,
1030 3157 1066 3225 3).
1082 3155 1144 3211 latis
1161 3156 1234 3211 enirn
1255 3157 1329 3212 boris
1347 3158 1519 3230 potissimum
1543 3177 1635 3218 coram
1650 3164 1708 3220 Deo

68 3248 171 3303 animis.
914 3242 1047 3300 debemus
1061 3244 1243 3316 nosmetipsos
1263 3245 1431 3303 constituere
1446 3248 1524 3319 qnasi
1538 3248 1607 3306 lacie
1616 3250 1651 3305 ad
1665 3252 1709 3307 ia-

913 3332 992 3399 ciem,
1007 3339 1035 3387 et
1050 3332 1077 3386 in
1095 3331 1197 3388 lumine
1211 3331 1303 3389 vultus
1324 3334 1387 3403 ejus
1405 3335 1572 3408 perspicere,
1594 3339 1710 3394 tribula-

915 3420 1016 3476 tionem
1029 3427 1057 3476 et
1071 3420 1193 3475 dolorem
1210 3420 1290 3476 nobis
1304 3420 1338 3476 de
1360 3420 1440 3477 nobis
1454 3422 1521 3495 ipsis
1534 3424 1668 3495 invenire,
1683 3435 1711 3482 et

373 3336 489 3393 carot
508 3336 544 3390 X.

244 3425 344 3496 Officio
363 3432 391 3482 ct
409 3425 553 3482 coercitio
567 3424 681 3480 cellita.

101 3520 145 3572 28.
161 3513 241 3571 Ande
255 3514 338 3570 etiam
362 3530 557 3586 nonnunquam
576 3526 684 3584 sapere,
699 3519 728 3568 et
741 3511 862 3568 aemulari
915 3524 1014 3564 nomen
1043 3510 1093 3565 Dei
1112 3508 1250 3575 invocare,
1273 3510 1413 3581 scopendo
1430 3511 1555 3584 spiritum
1575 3521 1709 3583 nostrum,

69 3604 230 3661 charismata
239 3604 441 3672 meliora,ettu
458 3606 515 3677 ipse
530 3601 577 3658 tibi
592 3600 864 3674 estoparabolaaedi·
915 3596 1004 3653 donec
1019 3597 1181 3663 incalescat;
1198 3597 1316 3654 abiendo
1336 3599 1371 3653 ad
1391 3599 1551 3656 memoriam
1566 3602 1711 3659 abundan-
1798 3641 1800 3644 -

70 3689 209 3750 iectionis.
224 3690 368 3748 aliaeella
383 3701 427 3747 tua
443 3691 571 3758 exterior,
596 3688 650 3745 alia
665 3688 788 3746 interior.
808 3689 863 3744 Ex·
918 3685 960 3741 tiae
972 3686 1116 3742 suavitatis
1134 3703 1200 3753 sure,
1226 3687 1313 3743 donec
1327 3687 1386 3759 ipse
1410 3688 1438 3743 in
1460 3690 1590 3746 cordibus
1613 3692 1713 3748 nestris
1813 3700 1814 3703 ’

70 3781 149 3838 tener
170 3789 214 3837 est
236 3781 343 3851 domus,
367 3781 394 3835 in
414 3796 468 3853 qua
492 3780 595 3834 habitat
615 3781 706 3836 anima
725 3787 780 3847 tua,
801 3793 864 3835 cnm
918 3774 1068 3832 dulcescat.
1098 3775 1154 3851 Sed
1178 3783 1242 3832 tune
1260 3776 1378 3832 maxime
1398 3777 1477 3834 nobis
1500 3779 1637 3851 agendum
1659 3789 1711 3847 est,

70 3886 184 3944 corpore
195 3878 242 3928 tuo
258 3889 264 3928 :
281 3870 395 3926 interior
409 3881 451 3926 est
463 3869 632 3925 conscientia
648 3877 702 3934 tua,
718 3884 800 3939 quam
819 3867 864 3922 in·
917 3863 991 3936 qnod
1001 3864 1068 3920 dixit
1078 3862 1235 3936 Apostolus,
1248 3863 1316 3926 dolo
1326 3864 1360 3920 t'n
1373 3869 1492 3924 eccesia
1502 3871 1627 3942 quinque
1637 3870 1713 3943 loqui

70 3958 189 4017 babitare
202 3961 287 4017 debet
306 3959 428 4016 omnium
447 3958 608 4015 interiorum
628 3965 735 4013 tuorum
751 3956 864 4013 interior
917 3953 999 4009 verba
1012 3969 1097 4010 senaa
1111 3970 1181 4020 meo,
1193 3971 1279 4027 quom
1289 3954 1384 4010 decem
1394 3955 1643 4014 militaverboram
1653 3961 1715 4017 tine

68 4048 152 4121 Dens,
168 4065 232 4105 cnm
245 4048 342 4121 spiritu
357 4057 413 4104 tuo.
435 4046 540 4103 Ostium
560 4047 693 4102 clausura
710 4043 861 4109 exterioris,
916 4042 1088 4101 intellecta:
1111 4049 1139 4097 et
1153 4041 1237 4098 illud:
1263 4043 1390 4099 Psallam
1408 4046 1525 4117 spirita,
1545 4047 1666 4117 psallam
1686 4051 1714 4104 et

67 4139 176 4214 signnm
191 4147 232 4195 est
246 4139 309 4197 ostii
324 4135 573 4209 circumspectionis
587 4134 725 4193 interioris
742 4154 748 4192 :
766 4142 795 4189 ut
808 4135 862 4191 sic·
917 4134 1031 4188 mente:
1048 4132 1130 4187 oraio
1140 4133 1257 4202 spirita,
1275 4132 1356 4187 orabo
1371 4136 1399 4189 et
1412 4137 1506 4190 mente
1520 4134 1546 4204 (l
1569 4136 1630 4190 dm.
1652 4150 1711 4207 xiv,

67 4238 95 4284 at
116 4243 217 4285 sensus
240 4226 363 4300 eorporis
375 4242 425 4298 per
445 4225 606 4282 exteriorem
630 4225 783 4280 clausuram
799 4223 864 4279 ioris
920 4224 964 4287 tt,
981 4220 1036 4292 ts).
1055 4220 1131 4274 'lunc
1150 4219 1223 4274 enim
1247 4219 1331 4274 menti
1359 4229 1387 4276 et
1413 4220 1518 4293 spiritui
1547 4224 1715 4297 aggregandi

66 4317 231 4391 sagamano
257 4316 461 4388 permittuntur,
484 4315 524 4370 sie
544 4313 688 4369 interiores
711 4328 809 4368 sensus
830 4312 863 4367 ad
920 4317 982 4363 sunt
995 4308 1098 4363 tructus
1112 4307 1164 4378 sui,
1180 4315 1210 4362 ut
1223 4306 1321 4363 exinde
1339 4307 1382 4365 vel
1397 4308 1423 4361 in
1439 4308 1605 4364 abundantia
1628 4311 1713 4366 bene-

65 4423 145 4463 snuna
160 4421 271 4477 semper
285 4404 397 4460 interius
406 4404 594 4461 cohibeantur.
612 4401 700 4474 Dilige
715 4416 781 4477 ergo
795 4401 864 4456 inte·
919 4397 1044 4453 dictionis
1055 4396 1103 4450 Dei
1141 4396 1169 4449 in
1192 4397 1309 4467 quietern
1337 4396 1425 4450 noctis
1448 4395 1603 4451 relaxemur
1633 4411 1639 4450 :
1671 4399 1714 4456 val

67 4495 171 4553 rierern
185 4493 282 4551 cellam
293 4503 378 4559 tuam,
389 4492 473 4566 dilige
485 4492 665 4556 exteriorem
678 4499 705 4545 et
720 4489 865 4562 unicuique
920 4484 1094 4558 surgentibus
1109 4483 1187 4538 nobis
1202 4483 1236 4537 ad
1260 4482 1356 4539 laudes
1370 4483 1429 4555 Dei,
1448 4483 1538 4541 omnis
1551 4485 1650 4544 exinde
1670 4496 1714 4544 te·

68 4602 148 4642 sanan
162 4585 293 4658 impende
307 4583 420 4641 cultum.
437 4586 523 4655 legat
539 4589 565 4638 te
580 4581 709 4647 exterior,
731 4596 785 4636 non
799 4579 865 4636 abs·
919 4590 969 4630 nor
985 4573 1076 4645 operis
1090 4572 1176 4628 nostri
1191 4572 1220 4627 in
1238 4570 1324 4644 ipsius
1343 4573 1469 4629 laudibus
1482 4573 1657 4634 formeturac
1671 4578 1714 4635 vi·

70 4673 190 4729 condat:
209 4687 265 4729 non
280 4679 309 4727 ut
323 4688 421 4743 pecces
443 4670 584 4736 occultius,
601 4668 650 4724 sed
668 4676 697 4723 ut
722 4667 804 4723 tutius
827 4668 865 4725 ri·
919 4661 1053 4719 visacetur.
1077 4661 1184 4718 ldeirco
1195 4661 1223 4716 in
1243 4662 1442 4735 praeveniendis
1463 4666 1604 4723 nocturnis
1617 4667 1716 4741 vigiliis

65 4778 126 4819 ras.
139 4762 201 4820 Non
216 4761 290 4819 enim
305 4763 367 4831 scis,
394 4760 500 4818 orudis
514 4759 612 4826 incola,
634 4759 698 4832 quid
718 4757 794 4815 cellae
813 4759 865 4814 de·
920 4769 976 4809 non
990 4752 1101 4825 expedit
1111 4751 1283 4809 multitudine
1306 4753 1476 4825 psalmorum
1500 4756 1618 4813 obruere
1632 4756 1714 4812 intel·

66 4853 144 4921 beas,
160 4852 184 4908 si
198 4867 254 4908 non
270 4850 519 4926 cogitesquomodo
533 4848 560 4903 in
571 4863 613 4915 ea,
630 4863 684 4903 noa
695 4846 865 4903 solummodo
920 4843 1032 4909 lectum,
1044 4852 1073 4900 et
1091 4843 1238 4900 exhaurire
1252 4844 1387 4917 spiritum,
1403 4845 1446 4901 vel
1461 4848 1644 4918 exstinguere.
1661 4845 1715 4901 Sed

65 4958 82 4998 a
106 4942 180 4999 vitiis
202 4941 255 4999 tuis
277 4941 391 5012 curaris,
408 4942 456 4996 sed
480 4939 562 4996 etiam
584 4954 638 4993 non
658 4938 760 4993 habeas
784 4935 866 4992 rixari
921 4932 1042 5006 quandiu
1057 4933 1165 4991 sobrius
1179 4933 1325 5002 invenitur,
1342 4934 1436 5005 pietati
1449 4933 1673 5002 alliciendusest,
1689 4942 1717 4992 et

65 5047 128 5089 enm
144 5030 254 5089 alienis.
270 5031 368 5088 Nescis
382 5031 456 5086 enim
471 5046 552 5101 quem
567 5027 742 5085 conscientias
752 5035 805 5082 tuae
819 5026 866 5081 dc·
921 5037 972 5080 suo
986 5022 1081 5079 itinere
1095 5019 1295 5096 dirigendused
1309 5023 1414 5077 Deum:
1431 5020 1640 5077 donecdilatato
1653 5036 1715 5079 cor-

63 5120 135 5176 beas
149 5120 297 5186 bonorem,
312 5118 468 5191 quicunque
483 5119 510 5172 in
525 5132 558 5173 ea
581 5132 636 5172 non
650 5114 784 5187 experiris
802 5130 866 5187 gra·
921 5106 964 5167 de'
971 5127 1081 5167 currere
1095 5109 1206 5182 incipiat
1220 5124 1306 5180 usqae
1321 5107 1453 5163 adfinem
1468 5107 1557 5178 operis
1567 5108 1628 5175 Dei,
1640 5119 1716 5183 post-

63 5209 132 5265 tiaaa
147 5210 236 5266 saneti
250 5207 377 5280 Spiritus,
393 5216 420 5264 et
434 5203 522 5263 218
535 5205 649 5261 internae
658 5203 797 5260 suavitatis
811 5202 868 5259 dul·
923 5200 1033 5257 modurn
1049 5198 1164 5256 terroris
1178 5198 1221 5253 sai
1243 5198 1364 5264 modum,
1378 5195 1441 5252 sive
1467 5203 1588 5253 tenorem
1603 5198 1715 5256 habitu·

64 5298 205 5355 cedinem.
222 5296 264 5355 Da
278 5312 346 5370 ergo
366 5296 473 5370 utrique
493 5294 567 5352 cella
589 5296 720 5349 bonorem
735 5307 825 5360 suurn,
841 5298 869 5350 et
923 5306 981 5357 rus,
998 5288 1050 5343 nisi
1064 5303 1164 5363 magna
1178 5284 1356 5342 intercidatur
1375 5284 1552 5358 negligentia,
1567 5287 1610 5345 rel
1631 5290 1715 5345 omit·

64 5396 96 5444 tu
111 5388 162 5445 tibi
172 5389 203 5444 in
219 5404 253 5444 ca
266 5385 374 5446 vindica
386 5385 532 5459 primatum
548 5393 633 5440 tuuur.
650 5382 729 5438 ltisce
743 5382 770 5436 in
785 5397 817 5438 ea
828 5397 869 5438 se·
926 5384 998 5432 tator
1011 5373 1163 5432 voluntaria
1172 5373 1290 5431 miseria.
