3706 5962
95 183 149 245 oct
792 173 878 235 vltis
897 172 1047 235 leS'llllti.
1693 176 1756 240 lid&

94 308 174 378 eujus
189 302 304 376 pedibus
317 302 408 360 emnia
421 310 485 359 sunt
506 302 644 372 subjecta;
659 300 782 373 quamvis
795 306 889 356 nostra
905 309 929 392 Α
945 299 1002 369 to).
1018 298 1051 355 lit
1065 298 1093 355 in
1107 299 1167 374 lege
1181 301 1268 372 Moysi
1282 301 1384 373 duplex
1400 304 1508 375 pondtm
1522 302 1687 375 prohibetur
1699 306 1742 362 hs·

93 395 222 454 charitate
237 393 389 462 devinctus,
409 392 443 448 ad
466 403 571 463 tempus
584 391 666 463 paulo
680 391 769 446 minus
783 389 817 446 ab
832 391 890 445 hn-
945 387 1003 444 beri
1016 388 1110 458 (Dent.
1126 404 1195 456 xxv,
1207 391 1307 461 tato).
1324 392 1429 461 Duplex
1446 393 1549 463 quippe
1563 390 1675 463 pondus
1690 392 1741 450 ht·

94 484 164 559 galis
177 483 259 539 tuerit
272 483 431 538 diminutus.
445 480 514 535 Nam
529 490 669 550 properea
683 477 829 537 exinanivit
841 492 888 532 se-
946 475 1000 541 het,
1017 475 1063 546 qui
1081 474 1134 531 sihi
1149 475 1282 533 malorum
1305 479 1440 546 conscius,
1455 477 1556 533 malum
1572 493 1603 534 εε
1614 477 1757 550 judicat3.

95 574 251 643 metipsum,
266 572 381 628 termam
399 571 470 628 aerei
484 570 634 641 aecipiens;
649 575 676 624 et
690 569 825 636 plantatus
844 575 887 623 est
945 563 1008 620 aliis
1021 579 1085 620 aero
1099 565 1156 619 vult
1169 564 1234 621 ioris
1248 566 1346 633 bonus
1361 573 1390 622 et
1402 566 1461 624 aliia
1476 565 1572 623 melior
1584 581 1740 638 apparere:

95 661 123 718 in
145 672 216 715 terra
229 665 332 727 nostra,
347 669 375 714 et
389 656 511 727 corporis
525 655 611 713 nostri
629 653 828 711 deformitatem
842 668 891 708 ac·
945 667 995 708 suo
1006 651 1110 721 judicio
1124 657 1204 708 terrae
1223 653 1361 724 proximus
1375 662 1426 722 εει,
1441 663 1468 710 ει
1482 654 1542 712 aliia
1560 654 1639 727 cupit
1653 654 1743 713 elers-

96 748 179 819 cepit.
199 747 394 817 Frouduitque,
418 752 445 800 et
466 743 568 812 floruit,
583 750 611 799 ει
634 742 736 798 tructus
759 740 892 812 plurimos
945 747 990 797 tus
1003 739 1098 795 videri.
1111 741 1252 814 Agitantnr
1262 742 1301 812 hi,
1324 742 1490 815 quicumque
1505 743 1574 799 talea
1588 743 1743 808 sunt,ritio

98 836 209 905 attulit;
234 841 264 891 ut
279 849 329 906 per
347 835 399 890 hoc
417 832 490 906 qnod
511 839 611 889 uestrae
625 829 785 886 humanitati
800 829 893 885 unitus
945 828 1129 900 hypocriseos,
1145 830 1291 900 dequibus
1304 830 1331 886 iu
1354 846 1491 899 sermone,
1506 846 1586 902 quem
1601 832 1637 888 de
1651 831 1744 905 parata

99 934 153 993 εει,
168 939 224 981 sue
246 921 379 979 divinitati
400 937 450 976 uos
468 920 567 976 uniret.
584 920 636 976 Sed
660 919 724 991 quia
743 917 802 973 sine
824 915 892 971 tlore
945 916 1165 988 conscripsimus,
1183 918 1290 989 plenius
1304 935 1400 976 sumus
1413 918 1523 977 elocuti.

96 1029 152 1070 non
176 1009 330 1083 peruenitur
352 1008 386 1066 ad
414 1008 553 1076 fructum
580 1006 672 1063 tlcruit
695 1005 740 1061 ille
758 1004 891 1075 benignus
980 1007 1025 1062 oe.
1042 1004 1118 1062 Odor
1140 1005 1218 1062 riolae
1239 1005 1331 1063 suavis
1353 1015 1403 1071 est,
1424 1007 1549 1074 salubris,
1573 1007 1641 1080 quit
1658 1009 1760 1066 etun.

95 1104 185 1161 lesus.
207 1099 260 1170 Qui
279 1102 343 1156 sunt
357 1097 439 1154 ilores
461 1097 533 1166 ejus,
558 1094 611 1151 nisi
637 1094 772 1152 virtutes?
787 1090 892 1149 Floruit
946 1092 1018 1164 apud
1032 1093 1109 1163 ipsos
1122 1095 1255 1164 superbos
1276 1096 1335 1151 laus
1349 1095 1508 1152 humilitatis
1521 1096 1664 1154 exolutur.
1680 1096 1742 1167 lpas

98 1191 172 1248 enirn
185 1187 346 1245 mirabiliter
360 1196 387 1244 et
400 1185 480 1243 valde
495 1183 669 1258 singulariter
683 1192 711 1239 et
729 1180 891 1238 excellenter
945 1180 1016 1241 enim
1036 1180 1107 1237 tama
1131 1182 1283 1250 laudabilis,
1304 1183 1422 1240 suavitas
1445 1193 1487 1241 εει
1508 1185 1611 1251 odoris,
1625 1193 1654 1242 et
1678 1201 1741 1244 uere

98 1279 168 1336 Vitis
184 1278 253 1345 haec,
276 1291 330 1332 non
354 1290 409 1332 nno
423 1273 519 1329 flamm
533 1288 640 1348 genere,
661 1271 730 1328 deut
749 1269 810 1327 alie
824 1269 892 1325 vites
946 1268 1072 1326 salutaris
1089 1279 1131 1328 εει
1146 1286 1152 1325 :
1170 1280 1197 1327 ει
1220 1286 1413 1342 nonnunquam
1436 1273 1471 1328 de
1494 1273 1574 1328 laude
1595 1273 1741 1331 ltu-ilium

98 1372 127 1423 et
139 1366 252 1422 arbores
266 1382 275 1433 ;
289 1363 338 1420 sed
360 1364 482 1420 omniurn
496 1361 592 1416 ilerum
606 1361 721 1432 speciem
736 1358 764 1413 in
782 1373 812 1414 ae
826 1372 893 1413 con·
945 1357 1087 1415 auditores
1109 1359 1295 1426 emendantur,
1310 1359 1414 1415 etiamsi
1430 1360 1483 1416 siut
1505 1358 1573 1417 tales
1593 1361 1642 1432 qni
1660 1361 1740 1418 istun

98 1455 211 1510 tinebat.
226 1452 350 1509 Aliorum
369 1449 441 1507 enim
459 1457 615 1506 martorum
628 1447 699 1504 alius
712 1447 766 1503 alio
780 1443 890 1510 mador,
946 1447 1058 1503 odorem
1078 1447 1210 1518 amittant,
1226 1447 1298 1518 lieet,
1323 1448 1469 1520 diligenter
1481 1449 1665 1506 considerent.
1686 1451 1741 1509 llo·

99 1541 168 1598 aliua
184 1540 237 1596 alio
259 1539 416 1610 patientior,
431 1538 501 1594 alius
517 1538 570 1595 alio
588 1536 616 1592 iu
642 1535 771 1593 charitate
785 1536 892 1590 teruen-
946 1535 999 1601 lor,
1015 1535 1084 1592 sicut
1105 1544 1225 1606 apparet,
1241 1537 1364 1607 abjectus
1385 1544 1437 1603 eat,
1461 1536 1514 1593 illis
1533 1538 1673 1609 precipue
1695 1540 1742 1612 qui

99 1628 174 1685 tior:
191 1627 243 1682 ista
264 1642 338 1694 vero,
352 1624 419 1681 Vitis
431 1624 562 1682 omnibus
575 1623 686 1695 Angelis
699 1631 726 1679 et
741 1620 893 1679 hominihus
908 1609 931 1686 B
947 1622 1073 1680 virtutem
1088 1623 1195 1679 tloseuli
1209 1625 1333 1695 ignorant
1349 1642 1356 1682 z
1371 1626 1417 1681 sed
1432 1625 1486 1683 vim
1500 1625 1578 1681 tlcris
1591 1642 1743 1700 agnoscer-

102 1713 325 1784 inhumanitate,
340 1713 479 1785 patientia,
498 1713 628 1777 castitate,
644 1710 780 1777 charitate,
796 1716 824 1765 et
837 1723 893 1765 cse-
948 1712 1019 1767 tihns
1034 1709 1066 1769 tlt
1080 1712 1159 1768 etiam
1174 1712 1258 1783 ipsius
1277 1713 1354 1768 tloris
1366 1713 1503 1782 despectio
1516 1715 1743 1775 mamendebilie

101 1803 168 1859 teris
180 1801 324 1860 virtutihus
346 1799 474 1857 omnibus
491 1798 692 1871 praeeminebat.
714 1796 814 1853 Habuit
827 1810 895 1868 ergo
948 1808 976 1856 ει
991 1799 1096 1857 dilecta.
1115 1802 1172 1857 lloc
1186 1801 1211 1854 iu
1226 1800 1313 1871 ipsius
1335 1801 1493 1857 humilitatis
1517 1803 1649 1875 magistro
1663 1804 1742 1859 heni-

103 1890 173 1946 Vitis
186 1889 238 1945 ista
252 1905 317 1944 vera
330 1904 385 1944 uun
403 1887 493 1955 umus,
513 1887 562 1943 sed
577 1886 698 1943 omnium
711 1884 808 1942 ilerum
831 1899 897 1955 ape·
949 1904 1004 1961 gno
1016 1889 1081 1944 lesu
1097 1886 1176 1944 tacite
1184 1904 1365 1960 agnoscemus
1384 1891 1533 1946 meandum
1546 1890 1612 1946 illud
1627 1892 1743 1948 vernon

102 1977 173 2035 ciem
193 1994 200 2032 ε
225 1976 327 2033 violam
353 1975 523 2043 humilitatis,
548 1974 631 2030 lilium
650 1972 789 2037 castitatis,
805 1985 897 2026 rosam
949 1975 1095 2048 Apostoli:
1116 1977 1180 2041 Nos,
1197 1977 1292 2048 inquit,
1308 1979 1496 2049 praedicemus
1511 1978 1660 2037 cientem
1678 1996 1743 2037 era·

102 2064 239 2138 patientie
257 2071 285 2121 et
302 2062 451 2132 charitatis,
466 2071 493 2118 et
515 2062 608 2119 liorem
623 2061 800 2128 absinentiae,
815 2074 897 2132 quam
949 2066 1078 2134 cipienm,
1094 2064 1199 2121 tudoee's
1209 2065 1322 2137 quidem
1335 2066 1514 2134 crematum,
1532 2066 1667 2126 deumne
1680 2083 1743 2126 ecre

102 2168 214 2211 crocum
231 2151 413 2223 appellamus.
428 2150 515 2220 Quam
536 2151 684 2221 jucundus,
699 2159 726 2205 et
740 2155 830 2220 putas,
845 2147 897 2204 erit
949 2153 1118 2221 stultitiane
1132 2154 1200 2225 ipsis
1214 2171 1278 2212 nere
1288 2156 1394 2213 uocatis
1407 2157 1514 2214 sanctis
1532 2156 1680 2214 Christum
1692 2156 1743 2215 bet

102 2242 207 2300 tructos
220 2241 289 2298 Vitia
303 2248 403 2298 nosue
417 2243 490 2296 tauta
503 2240 672 2309 jucunditate
685 2236 823 2294 tlurentisl
949 2243 1087 2301 pirtnmm
1100 2245 1129 2300 at
1142 2243 1194 2300 Dei
1203 2243 1378 2314 sapientiam
1386 2243 1412 2312 (1
1422 2246 1484 2302 εον.
1499 2259 1519 2313 1,
1531 2248 1577 2312 aa,
1588 2245 1649 2316 ει).
1658 2244 1742 2301 mmi·

138 2334 183 2387 bt.
210 2329 262 2386 Sed
274 2329 332 2400 jam
352 2329 460 2403 singula
473 2328 555 2384 etiam
574 2327 609 2384 de
631 2326 674 2383 bia
695 2325 807 2383 tlorihus
829 2323 897 2381 Vitis
949 2345 1010 2387 rum
1028 2330 1304 2387 Christuscrucitirus
1318 2330 1391 2387 viola
1402 2331 1494 2389 estln
1509 2347 1593 2390 cruos
1607 2333 1684 2388 euim
1697 2333 1745 2389 ha·

102 2427 203 2476 nestrae
216 2418 278 2492 ipso
292 2428 429 2474 aunuente
438 2416 527 2489 aliqua
542 2416 723 2473 deseramus:
738 2416 792 2471 huc
806 2421 897 2469 tamen
949 2417 1177 2474 millimnstactus
1191 2428 1241 2475 est.
1258 2418 1288 2472 lu
1313 2417 1362 2473 hae
1386 2417 1536 2473 hnmilitate
1558 2417 1648 2475 solum
1666 2416 1744 2475 colo-

102 2507 229 2578 praeviso,
244 2506 318 2578 quod
332 2506 414 2563 llores
427 2507 454 2560 in
466 2504 636 2576 Jueundinne
651 2503 734 2574 visus,
749 2509 777 2558 et
792 2502 820 2557 iu
835 2515 898 2557 ιιι·
949 2524 1006 2565 rem
1021 2507 1187 2564 intuentibus
1201 2506 1302 2563 ludaeis
1316 2513 1343 2562 et
1364 2505 1498 2586 Gentibus
1513 2506 1572 2576 ipse
1592 2506 1671 2563 color
1681 2504 1745 2563 vilis

101 2596 184 2654 vitute
198 2595 328 2652 odoratus
342 2596 460 2650 maxime
473 2593 695 2659 considerantum
711 2589 816 2648 comedi
831 2604 896 2647 uero
949 2593 1075 2668 apparuit
1087 2610 1094 2663 ;
1109 2594 1188 2651 nohis
1203 2609 1268 2650 vero
1282 2593 1329 2666 qni
1342 2594 1470 2651 virtutem
1490 2595 1666 2666 agnoscimus
1679 2608 1743 2665 pat·

103 2701 159 2742 non
182 2684 280 2749 solent,
299 2683 351 2738 nte
369 2685 440 2754 quon
464 2697 531 2753 apes
552 2682 587 2737 de
607 2679 766 2753 quibusdam
785 2677 897 2735 nonnus
949 2685 1051 2754 sienis,
1075 2685 1134 2756 ipsa
1159 2685 1238 2739 eiiam
1263 2683 1404 2739 numitius
1436 2684 1582 2755 despecta,
1605 2682 1745 2739 hemines

104 2774 195 2830 cibum
210 2769 397 2826 dulcissimum
416 2769 539 2840 sugendo
552 2768 691 2839 colligunt.
706 2767 830 2822 Diximus
844 2781 896 2821 au·
949 2773 1051 2830 christi
1069 2771 1164 2844 placet,
1180 2781 1207 2827 et
1217 2787 1266 2843 per
1284 2770 1461 2828 humilitatem
1476 2771 1590 2828 maxime
1604 2784 1744 2828 commea·

104 2864 159 2913 tem
172 2855 245 2928 quod
260 2856 351 2912 nullut
363 2856 423 2923 11⁰⁸,
440 2855 469 2910 id
483 2862 533 2919 etl.
549 2854 622 2909 ”⁰¹¹³
635 2852 720 2909 virtut
737 2867 786 2923 per
799 2867 898 2925 quem·
949 2860 1037 2916 dator.
1052 2858 1199 2930 Despectni
1213 2873 1278 2932 ergo
1301 2858 1400 2916 coloris
1414 2859 1577 2932 adjungatur
1599 2875 1662 2930 quae
1679 2859 1745 2915 latet

104 2958 222 3017 cumque
244 2943 340 2999 florem
358 2941 516 3015 significata,
537 2942 615 2997 detti
631 2942 685 2998 Vltl
705 2940 896 3010 11⁰⁸lrae·Quae
913 2902 936 2983 ο
951 2949 1038 3005 virtus
1053 2946 1127 3004 tloris
1137 2946 1250 3003 interior
1262 2964 1269 3015 3
1280 2947 1535 3019 utpcrinteriorem
1543 2945 1679 3012 virtutem,
1689 2946 1744 3002 hoe

105 3033 177 3088 cuim
191 3031 275 3088 virtue
289 3032 399 3087 deesset
416 3029 532 3086 Domino
550 3026 703 3085 virtulum?
951 3036 1026 3108 quod
1039 3032 1157 3092 exterius
1170 3035 1222 3093 vile
1235 3035 1352 3102 videtur,
1367 3050 1421 3092 non
1435 3041 1631 3106 contemnatur,
1647 3046 1755 3093 terum·

390 3119 503 3176 CAPUT
521 3117 611 3174 Xllll.
952 3123 1068 3196 amplius
1081 3122 1219 3195 diligatur.

223 3212 263 3266 De
276 3209 345 3280 tiore
359 3207 546 3273 humititatis,
562 3223 624 3282 quur
636 3210 680 3262 est
693 3206 777 3265 vich.
987 3215 1032 3269 ut.
1048 3212 1125 3269 Nune
1150 3226 1215 3284 ergo
1242 3209 1396 3281 perfectiori
1421 3218 1448 3269 et
1474 3209 1579 3284 puriori
1602 3209 1686 3267 oculo
1702 3209 1745 3266 in·

140 3302 186 3356 53·
213 3298 304 3355 Primo
326 3311 392 3369 eret
424 3295 459 3353 de
479 3296 546 3351 fl⁰r0
564 3293 732 3359 humilittlis.
753 3293 780 3349 id
797 3300 839 3350 εει
862 3293 898 3351 dc
952 3308 1086 3368 tueamur,
1102 3308 1231 3373 qnamum
1254 3299 1375 3357 floruerit
1397 3300 1442 3356 ille
1465 3299 1517 3355 llus
1540 3299 1698 3375 singularis,
1713 3297 1748 3355 dc

104 3387 185 3459 viole,
208 3387 358 3444 videamus.
383 3385 474 3456 Quare
496 3384 547 3441 ilos
565 3383 700 3441 violaceus
720 3383 898 3442 humilitatem
951 3404 1006 3462 qno
1020 3389 1138 3459 scriptus
1155 3399 1216 3444 est:
1233 3386 1398 3459 Egredietnr
1410 3387 1535 3460 vtrpade
1548 3387 1646 3444 radice
1661 3388 1745 3451 lesse,

103 3476 247 3549 significet,
262 3485 373 3543 statura,
394 3474 470 3546 situs,
498 3475 577 3544 odor,
601 3472 686 3543 color,
702 3480 729 3529 et
751 3473 792 3528 ris
809 3473 898 3546 ipsius
952 3481 982 3537 et
995 3477 1046 3547 sies
1060 3476 1093 3532 de
1107 3476 1201 3534 radice
1216 3477 1276 3547 ejus
1289 3473 1432 3543 ascendet,
1451 3479 1481 3532 et
1495 3476 1649 3549 requiescet
1662 3488 1748 3546 snper

103 3568 179 3624 tloris
201 3567 385 3623 manifestant.
413 3565 523 3619 statura
544 3562 626 3628 enim,
650 3561 678 3617 id
700 3569 742 3618 εει
763 3563 899 3634 quantitas
952 3564 1151 3638 cumspiritus
1164 3563 1408 3632 domisitheus,
1424 3567 1449 3631 t,
1462 3564 1501 3631 2).
1517 3558 1689 3623 honustus,
1704 3551 1750 3615 in·

104 3654 200 3723 ipsius,
216 3655 321 3710 modica
335 3661 386 3709 est.
399 3649 486 3707 449
494 3650 562 3719 Quis
571 3650 644 3707 enim
658 3649 708 3705 tlos
722 3651 773 3706 hcc
786 3649 899 3706 flosculo
954 3668 1003 3724 per
1015 3668 1096 3724 quem
1110 3650 1223 3724 Spiritus
1236 3651 1341 3705 Domini
1356 3647 1626 3722 sanetusrequiescit,
1644 3655 1671 3704 et
1684 3647 1749 3703 lieet

106 3742 196 3798 minor
214 3741 277 3797 esti
304 3742 372 3795 Nara
394 3748 421 3795 et
439 3738 554 3794 humiles
577 3737 605 3792 in
627 3738 713 3795 oculis
739 3737 797 3793 suis
824 3736 900 3809 parri
952 3741 1005 3798 flos
1023 3740 1066 3796 hic
1085 3749 1176 3796 noster
1190 3738 1324 3794 Dominus
1337 3740 1416 3796 lesus
1437 3739 1483 3810 qui
1498 3738 1533 3792 de
1557 3752 1587 3792 se
1600 3735 1676 3803 dicit,
1693 3737 1766 3809 tipo.

105 3838 176 3885 sunt.
191 3829 236 3885 Sic
250 3827 324 3884 enim
334 3828 373 3883 ait
387 3827 422 3882 de
435 3843 465 3882 se
478 3825 523 3882 ille
536 3826 696 3898 Apostolus,
711 3826 759 3899 qui
773 3826 900 3881 omnibus
953 3847 1019 3889 snm
1031 3828 1083 3898 sies
1090 3829 1187 3900 campi
1201 3828 1322 3899 icontie.
1334 3842 1365 3893 ιι,
1382 3825 1420 3897 l),
1432 3826 1554 3882 emnium
1568 3825 1595 3880 in
1605 3840 1637 3880 se
1649 3822 1749 3881 florum

106 3916 168 3988 plus
180 3916 346 3971 laboraverat
362 3931 369 3968 :
386 3917 517 3986 lignenm
526 3915 665 3971 minimus
674 3916 804 3970 ceretium
817 3915 901 3986 Apos-
955 3916 1050 3976 hahuit
1063 3917 1188 3972 virtutem
1199 3921 1226 3970 et
1239 3914 1363 3970 decorem
1374 3915 1432 3970 sine
1444 3912 1623 3970 diminutione
1638 3912 1748 3984 eliqm

108 4000 795 4078 totorum,qninensemdipnnseercriepostctns
805 4002 831 4072 (l
838 4003 899 4059 Gor.
955 4004 1024 4062 nulli
1042 4013 1130 4060 tamen
1149 4003 1211 4060 ilori
1225 4002 1312 4074 magis
1327 4002 1462 4070 convenit,
1478 4017 1558 4075 quam
1571 4000 1661 4066 molae,
1675 4008 1708 4057 ut
1720 4000 1749 4055 in

107 4108 153 4159 av,
173 4093 214 4160 9).
230 4091 322 4158 Vides,
338 4089 382 4145 nie
401 4104 526 4161 magnus,
541 4105 621 4160 quam
641 4104 741 4159 parvus
760 4089 811 4144 sibi
825 4091 903 4145 erate
955 4109 988 4151 eo
1003 4093 1119 4164 spiritus
1133 4100 1240 4148 sanetm
1250 4090 1413 4161 requieseat.
1428 4091 1486 4147 Nee
1498 4105 1550 4160 ego
1567 4089 1618 4146 boe
1631 4088 1750 4154 ειιιιιιο,

107 4182 143 4237 Ει
166 4181 236 4237 miro
248 4180 331 4235 modo
345 4177 376 4234 lit
389 4185 418 4234 ut
442 4177 484 4232 his
497 4177 595 4249 quihus
617 4176 786 4234 conscientia
806 4191 902 4234 secura
916 4198 940 4277 u
956 4183 1009 4239 sad
1025 4182 1083 4255 ipse
1097 4179 1144 4253 qui
1158 4179 1224 4237 dicit
1239 4200 1246 4237 ε
1264 4180 1354 4251 Super
1367 4194 1449 4253 quem
1465 4180 1617 4250 requiescet
1629 4178 1750 4250 spiritate

107 4276 156 4337 εει,
178 4268 224 4341 qui
241 4267 310 4324 nihil
323 4267 375 4323 sihi
398 4266 500 4323 conscii
523 4273 596 4338 sunt,
612 4274 665 4321 tam
680 4265 791 4321 humilia
804 4265 839 4322 de
854 4282 901 4323 se·
954 4287 1043 4337 mens,
1053 4271 1112 4327 nisi
1121 4269 1534 4343 superinnitemetqnictnna
1546 4269 1753 4323 citrententent

108 4357 231 4429 metipsis
245 4356 345 4416 mutire
358 4360 508 4428 continget.
536 4354 608 4412 Situs
627 4353 709 4425 hujus
728 4354 804 4412 tloris
822 4361 902 4412 nna
956 4375 1096 4420 sermones
1106 4359 1206 4419 meost
1219 4358 1286 4430 (lse.
1296 4356 1420 4426 exunt)
1434 4354 1505 4427 Quid
1515 4353 1752 4424 apertinsttlum·

108 4455 150 4503 est
164 4446 314 4519 proximus,
334 4453 361 4502 et
374 4444 486 4518 optime.
501 4445 541 4501 lta
567 4443 640 4501 enim
655 4443 738 4500 hahes
759 4443 902 4501 docentem
955 4450 1018 4522 qnid
1032 4462 1085 4505 nen
1100 4447 1233 4519 potuisset
1250 4459 1352 4518 ponere
1363 4459 1451 4500 rosam
1465 4441 1601 4514 patientiae
1615 4449 1646 4496 et
1657 4438 1750 4496 ehari-

107 4536 279 4607 apostolum,
295 4536 356 4593 lton
370 4535 432 4591 alte
444 4536 597 4607 sepientes,
612 4533 660 4592 sed
671 4533 825 4591 humilitus
839 4547 903 4590 cort·
957 4540 1029 4610 tatis,
1041 4536 1124 4593 lilium
1141 4533 1280 4600 castitatis,
1296 4547 1406 4589 crocum
1417 4530 1601 4592 abstinentie,
1616 4544 1679 4585 cum
1693 4526 1753 4583 rel·

108 4623 264 4681 sentientes
279 4624 368 4695 (hcm.
386 4638 435 4693 ιιι,
450 4625 507 4694 lb).
518 4625 579 4679 Non
595 4622 692 4678 habent
706 4623 775 4679 banc
783 4621 904 4694 proprio·
956 4626 993 4683 let
1003 4626 1146 4682 ostendere
1160 4620 1282 4696 requiem
1297 4619 1416 4691 Spiritus
1429 4618 1516 4674 sancti
1528 4619 1544 4672 t
1558 4615 1664 4686 Quibus
1679 4629 1752 4687 prte-

111 4718 193 4767 tatem
206 4711 285 4767 istius
298 4711 385 4783 floris,
409 4712 456 4783 qui
471 4727 501 4767 εε
520 4711 583 4766 aliis
596 4710 722 4766 nieliores
736 4719 842 4783 putant,
862 4713 903 4768 uel
957 4712 1099 4780 termissis,
1115 4710 1210 4767 violam
1235 4709 1324 4782 potuit
1349 4707 1521 4776 humilitatis,
1537 4708 1615 4775 cujus
1641 4703 1753 4775 pedise-

109 4798 172 4855 aliis
197 4799 324 4855 meliores
349 4799 435 4856 uideri
457 4798 562 4867 uolunt,
580 4797 705 4870 quamvis
731 4799 905 4870 sibimetipsis
959 4800 1297 4873 quaesuntquiesettimur
1311 4812 1373 4869 qoae
1384 4804 1592 4868 postponuntur.
1606 4790 1752 4851 Noneuim

111 4887 187 4962 parvi
201 4894 275 4943 sunt.
290 4887 358 4943 Sunt
371 4886 441 4943 enim
460 4884 589 4952 nonnulli,
604 4885 650 4956 qui
665 4886 774 4957 quidem
795 4887 823 4942 in
837 4903 905 4944 con·
958 4897 1072 4962 possunt
1085 4888 1185 4944 moueri
1197 4887 1286 4952 viole,
1298 4886 1326 4943 id
1340 4891 1382 4942 est
1395 4884 1520 4955 humiles,
1536 4891 1644 4939 aveuto
1654 4896 1754 4952 super·

111 4976 230 5034 scientiis
243 4975 299 5030 suis
320 4990 350 5029 se
374 4973 513 5042 subjectos
535 4973 670 5042 judicent,
690 4973 737 5028 sed
755 4982 842 5028 tamen
862 4973 904 5029 ri·
958 4978 1020 5044 him,
1031 4977 1079 5050 qui
1093 4992 1199 5048 semper
1212 4976 1309 5050 quaeria
1323 4975 1375 5031 alu
1386 4976 1469 5030 corda
1480 4986 1542 5045 quae
1555 4971 1699 5037 concutiat,
1713 4969 1753 5025 pi.

111 5066 169 5124 deri
181 5063 249 5122 loris
263 5065 358 5121 volunt
381 5059 443 5118 aliis
465 5061 603 5118 meliores.
618 5060 666 5116 Isti
680 5066 810 5116 suturam
824 5062 905 5130 huius
959 5075 1005 5124 cut
1019 5066 1126 5139 qnidam
1141 5065 1200 5123 ait:

110 5153 359 5225 sensualemque
377 5150 428 5207 sihr
441 5151 515 5208 intua
528 5149 557 5205 in
570 5150 662 5205 animo
675 5148 751 5219 parvi
765 5156 828 5204 sunt
842 5166 850 5203 r
867 5151 905 5205 ei·
1004 5157 1122 5215 Summe
1135 5156 1210 5227 petit
1229 5155 1308 5225 liner,
1323 5153 1449 5227 peltant
1462 5149 1607 5207 altissime
1619 5146 1710 5206 eene.

112 5250 169 5299 tum
183 5258 247 5300 vero
262 5258 318 5300 non
330 5241 442 5306 hahent,
457 5239 521 5314 quia
534 5238 629 5298 volunt
648 5237 714 5294 toris
734 5253 818 5310 super
835 5237 904 5294 alios
1163 5242 1256 5316 (ovio,
1272 5239 1514 5309 trondemnis,
1531 5253 1560 5293 ι.
1576 5236 1653 5306 369.)

111 5331 258 5402 ‘mind‘
268 5330 367 5404 quibem
375 5329 440 5388 ‘¹105‘
447 5327 716 5395 &multllm
722 5331 905 5394 timim,
959 5332 1031 5390 ῠιιιιι
1048 5332 1120 5390 ειιίιι
1135 5331 1308 5390 inveniuntur
1320 5328 1448 5396 humiles,
1462 5344 1519 5385 non
1537 5332 1652 5397 possent
1664 5339 1757 5382 more·

111 5416 741 5500 pmunnponenmesnetentnenrno
751 5417 845 5490 lirae.
856 5430 905 5488 ιι,
960 5422 993 5480 ri.
1008 5420 1248 5495 misnensem,
1263 5428 1291 5479 et
1316 5417 1439 5492 spirituus
1463 5430 1548 5489 super
1564 5428 1596 5474 ιε
1609 5413 1756 5489 quiem
