3706 5962
58 167 109 228 113

680 167 714 227 IN
733 167 869 229 catulus
888 167 996 230 SElildO
1017 168 1085 231 tttt.

1659 169 1762 260 ιιι,

57 291 203 349 oratDans
217 289 378 347 reconditus
401 289 429 345 in
452 305 544 360 carne,
559 291 599 348 sic
617 307 691 348 nunc
704 291 764 350 vice
778 309 857 351 versa
876 294 1006 387 gptatis,
1021 294 1057 350 ad
1072 293 1175 351 imatus
1190 300 1319 361 maturos,
1334 293 1370 347 ad
1383 292 1487 350 tructus
1500 295 1556 366 jam
1567 303 1713 368 perceptos

58 383 112 452 ipsa
124 394 193 434 caro
209 386 253 434 est
266 379 402 435 occultata
421 379 448 433 in
476 381 555 436 Deo:
572 388 599 436 et
614 379 637 435 si
651 379 803 454 glorificata
819 390 860 438 est

60 483 115 525 saro
140 466 204 533 illa,
224 474 256 521 at
280 468 337 538 jam
362 466 508 539 spiritualis
524 469 569 537 sit,
595 476 623 524 et
646 468 808 526 infirmitatis
823 470 859 526 nil

62 558 169 622 babens,
187 564 283 612 tamen
308 563 352 611 est
365 556 471 613 occulta
485 557 699 629 quodammodo,
720 558 785 613 dum
800 574 859 613 ma-

59 648 94 720 gis
107 662 184 713 eum,
202 646 282 702 ineo
298 644 370 716 quod
401 644 459 717 ipse
489 653 531 700 est
555 647 639 712 Deus,
655 646 819 702 attendimus
834 655 860 703 et

59 736 216 790 adoramus.
250 733 457 802 Quodammodo
481 733 571 790 carnis
598 735 674 790 lavas
702 734 809 791 deitatis
834 737 861 791 in

59 824 128 880 melle
156 823 332 890 reconditur,
357 820 423 878 dum
450 822 659 880 admirationem
690 833 809 880 nostram
833 832 860 881 et

58 914 129 969 tidem
148 911 235 968 adse
252 913 333 966 traxit
347 927 381 966 ex
396 911 504 986 integro
516 912 697 968 manifestata
707 913 860 969 reverentia

58 1002 219 1070 majestatis.
247 1002 307 1055 Jam
335 1015 404 1073 ergo
427 1008 491 1072 post
510 1002 717 1058 resurrectionis
745 1001 858 1072 gloriam

56 1091 177 1146 Christus
192 1089 315 1147 comedit
329 1089 419 1145 lavam
433 1105 495 1145 curn
511 1090 593 1145 melle
608 1106 665 1159 suo,
683 1101 711 1147 et
724 1092 782 1146 sine
797 1108 858 1146 ear-

56 1180 116 1234 nalis
131 1176 308 1234 infirmitatis
337 1178 436 1248 iuJ'uria
463 1178 491 1234 in
515 1188 661 1251 assumptae
680 1181 771 1236 carnis
797 1181 859 1235 sub

55 1268 149 1323 stantia
169 1265 257 1324 188
278 1266 459 1339 delectatione
481 1267 572 1324 divina
587 1276 614 1324 et
629 1269 680 1323 sibi
695 1269 752 1325 sola
766 1269 858 1326 nativa

55 1357 213 1430 perimitur.
234 1357 345 1414 comedi
359 1360 459 1425 savum
473 1374 539 1414 cum
558 1359 640 1416 matie
659 1377 719 1419 meo
731 1360 804 1417 :bibi
817 1361 858 1414 ei-

56 1464 117 1503 num
132 1463 239 1504 meam
264 1463 332 1503 cum
355 1445 430 1503 lacte
454 1463 525 1504 mco.
541 1446 600 1503 iarn
624 1448 692 1502 dicis
707 1457 780 1502 tuum
796 1464 857 1503 esse

56 1544 200 1604 utrumque
221 1541 278 1588 tam
305 1531 347 1589 lac
375 1550 455 1606 quam
483 1535 586 1592 vinum.
611 1536 667 1591 Tua
694 1545 757 1593 sunt
784 1537 857 1592 enim

56 1623 197 1693 utriusque
220 1623 285 1692 jura
319 1632 446 1691 natura,
476 1625 617 1697 utriusque
646 1627 772 1697 propria,
802 1641 857 1681 non

915 400 985 453 ase,
1003 391 1031 439 et
1054 391 1112 439 ata
1127 381 1327 454 percipiendos.
1343 382 1419 438 Tunc
1443 382 1521 438 bibes
1543 383 1635 440 vinum
1650 400 1712 440 cum

915 472 994 538 lacte,
1009 480 1040 528 ut
1053 471 1223 528 obliviscaris
1238 470 1338 543 prioris
1355 470 1499 543 angustiae,
1516 479 1543 525 et
1565 487 1642 529 novae
1666 489 1712 529 re·

916 560 1091 617 surrectionis
1115 560 1245 632 degustes
1268 558 1453 624 dulcedinem,
1482 567 1628 629 praestante
1657 563 1712 617 Do·

916 649 990 704 mino
1004 655 1108 713 nostro,
1125 647 1172 719 qai
1186 646 1251 705 vivit
1265 654 1293 703 et
1314 654 1409 718 regnat
1432 645 1573 702 insaecula
1597 648 1712 705 seauto-

915 754 984 792 rum.
999 737 1097 793 Amen.

1216 822 1333 879 sutttto
1348 823 1419 880 XLI.

914 933 1013 991 ldesstri
1026 933 1172 1007 myrrham
1182 947 1274 987 ineam
1290 947 1357 987 cam
1371 931 1549 990 aromatibus
1563 933 1643 998 meis,
1656 939 1708 988 etc.

1197 1003 1293 1074 (Cant.
1314 1019 1341 1069 v,
1365 1004 1403 1071 l.)

951 1096 976 1146 1.
994 1092 1243 1164 llessuimyrrlrom
1258 1105 1352 1147 meam
1367 1106 1433 1146 curra
1444 1090 1619 1149 aromatibus
1628 1092 1709 1158 meir,

913 1178 1709 1250 comedisauumsummellemeo,bibiuinummcamcum

914 1269 1137 1326 matemaui'cni
1148 1270 1178 1325 in
1193 1269 1307 1324 bortum
1315 1285 1421 1334 meam,
1432 1285 1585 1326 rorormea
1595 1284 1707 1341 sponsa.

913 1360 1018 1424 Putate,
1039 1356 1145 1424 iratres,
1165 1357 1332 1415 vocationem
1354 1359 1424 1414 hanc
1446 1359 1480 1413 ad
1510 1356 1603 1414 saeculi
1626 1355 1708 1412 linem

912 1446 1019 1517 referri,
1035 1446 1153 1519 quando,
1171 1447 1313 1519 completis
1333 1448 1458 1504 omnibus
1472 1447 1649 1504 sacramentis
1661 1448 1709 1503 Ee

911 1536 1011 1602 clesiae,
1035 1536 1093 1607 ipsa
1112 1535 1240 1591 invitatur
1265 1535 1297 1590 ad
1325 1553 1455 1607 regnum;
1482 1536 1591 1607 quando
1620 1535 1709 1591 mittet

913 1624 1045 1680 Dominus
1058 1639 1194 1679 memores
1212 1625 1336 1696 angelos,
1352 1641 1385 1680 eo
1406 1625 1477 1696 quod
1494 1625 1622 1696 regiones
1637 1622 1707 1678 albae

56 1710 167 1767 aniius
206 1710 269 1766 vitia
295 1729 302 1766 ι
333 1718 361 1766 et
389 1711 458 1767 sicut
489 1713 556 1769 bibit
593 1714 686 1770 vinnm
728 1731 827 1771 novam
848 1756 855 1784 ‚
875 1705 1261 1781 Btunceraatadmessem.
1279 1713 1302 1768 0
1323 1713 1411 1769 felicia
1428 1722 1550 1784 tempora
1566 1711 1708 1784 primitivae

55 1801 84 1854 ita
112 1809 144 1855 et
175 1798 220 1856 lac
249 1814 360 1856 novum.
390 1801 460 1857 Cum
489 1803 571 1871 laete,
597 1803 695 1875 inquit,
724 1820 805 1873 meo,-
830 1804 856 1858 id
912 1801 1161 1871 EcclesiaelQuam
1175 1800 1244 1858 uber
1264 1809 1328 1857 tunc
1352 1810 1411 1857 erat
1432 1817 1498 1872 ager
1521 1801 1602 1867 illius,
1623 1815 1708 1873 quam

54 1898 97 1954 est,
114 1904 184 1945 eum
207 1888 279 1945 lacte
299 1889 426 1945 novitatis
450 1897 513 1959 tuae,
538 1908 592 1947 non
617 1891 779 1948 infirmitatis
803 1908 856 1949 no·
912 1892 1036 1962 copiosos
1050 1890 1218 1960 producebat
1232 1889 1352 1946 iruetusl
1377 1898 1477 1962 quanta
1491 1888 1519 1943 in
1546 1887 1711 1960 martyribus

53 1987 125 2031 strae.
912 1986 972 2034 erat
986 1977 1136 2034 fecunditas
1159 1978 1286 2049 myrrhae,
1312 1985 1377 2049 quot
1401 1992 1467 2049 apes
1490 1976 1660 2047 perfectioris
1681 1984 1709 2032 et

82 2067 110 2118 9.
127 2063 232 2130 Curre,
257 2079 367 2136 sponsa,
391 2081 511 2136 propera
534 2068 568 2122 ad
593 2077 646 2123 tam
671 2069 858 2127 dulcecoavi·
912 2066 1034 2138 mysticae
1053 2065 1184 2121 doctnnae
1206 2064 1280 2123 favos
1301 2066 1473 2137 operantes!
1501 2067 1613 2121 Putares
1638 2065 1709 2121 inter

52 2150 196 2218 rium,ubi
212 2151 305 2207 vinum
320 2160 362 2208 est
385 2154 488 2224 sponsi,
508 2156 553 2211 ubi
577 2157 630 2223 lac,
651 2156 696 2212 nbi
712 2157 857 2215 laausnon
912 2155 971 2227 ipsa
999 2154 1076 2209 initia
1099 2153 1173 2224 fidei,
1203 2171 1264 2210 cum
1292 2155 1368 2210 verbi
1397 2156 1502 2211 semina
1525 2156 1708 2220 mitterentur,

53 2240 152 2306 inanu,
165 2257 224 2296 non
239 2257 350 2308 vacuus,
367 2243 415 2298 sed
432 2244 512 2300 melle
527 2245 633 2315 plenus.
647 2247 697 2303 liet
709 2248 857 2314 invenisti,
913 2243 1056 2300 messionis
1070 2244 1125 2314 jam
1146 2260 1207 2300 esse
1237 2252 1356 2316 tempas,
1380 2252 1408 2300 et
1427 2246 1504 2318 quasi
1529 2253 1650 2299 maturas
1673 2244 1708 2299 ad

53 2330 165 2385 comede
179 2330 397 2402 quadrantali,
410 2346 471 2385 nam
486 2340 514 2387 tu
528 2333 562 2387 ad
578 2341 664 2390 totum
679 2351 733 2392 non
742 2333 856 2391 sufficis.
913 2332 1011 2389 falcem
1024 2332 1153 2407 regiones
1167 2333 1270 2390 albere.
1286 2332 1357 2402 Quid
1378 2334 1504 2398 moraris,
1519 2334 1585 2389 iesu
1609 2333 1709 2391 bone?

54 2416 114 2488 lpse
130 2426 228 2473 autem
252 2419 333 2474 Jesus
349 2435 404 2475 non
432 2421 549 2477 comedit
573 2423 606 2477 ad
627 2439 792 2489 mensuram,
809 2423 858 2478 sed
913 2436 961 2475 cur
976 2435 1104 2492 sponsam
1119 2436 1174 2476 non
1189 2421 1286 2477 invitas
1301 2421 1329 2476 in
1344 2424 1451 2477 bortum
1465 2422 1479 2476 i
1493 2422 1589 2476 Nonne
1601 2422 1657 2490 jam
1672 2420 1710 2474 di·

55 2515 142 2562 totnm
157 2505 288 2573 comedit,
305 2507 352 2578 qui
368 2507 468 2563 suflicit
482 2509 516 2566 ad
543 2519 639 2567 totum.
662 2510 722 2566 Tibi
747 2511 856 2578 dicitur,
911 2524 975 2563 cere
991 2517 1083 2579 potes:
1100 2508 1169 2576 Quia
1182 2511 1289 2566 messui
1302 2511 1448 2581 myrrham
1462 2524 1555 2564 meam
1569 2525 1633 2566 earn
1643 2525 1709 2566 aro·

56 2597 94 2651 Ne
113 2598 154 2651 sis
172 2600 318 2653 scrataior
336 2599 506 2669 majestatis,
525 2605 559 2654 ut
577 2616 634 2656 non
653 2600 858 2672 opprimarisa
912 2597 1035 2654 motibus
1052 2599 1130 2664 meir,
1147 2597 1255 2653 cornedi
1267 2600 1365 2668 {nuum
1377 2615 1444 2653 eum
1463 2597 1548 2654 mette
1564 2612 1637 2663 mco,
1652 2596 1710 2651 bibi

55 2686 148 2757 gloria
159 2685 253 2753 (Prou
265 2698 336 2749 xxv.
349 2686 393 2753 16,
404 2687 438 2739 at
450 2703 456 2740 ι
468 2685 526 2756 ipse
534 2694 669 2743 scrutatur
676 2688 766 2742 omnia
776 2688 857 2743 etiarn
911 2687 1010 2741 uinum
1024 2700 1118 2740 meum
1128 2701 1193 2740 cura
1209 2686 1281 2741 lacte
1290 2700 1351 2741 ineo
1365 2690 1375 2741 ‚⁹
1390 2685 1439 2740 Ubi
1450 2700 1523 2739 nnnc
1537 2691 1671 2756 martyres
1680 2684 1708 2739 in

56 2769 192 2842 prolunda
205 2771 269 2827 Dei.
282 2773 369 2828 Nemo
385 2774 458 2828 novit
472 2775 580 2831 Patrem
596 2775 758 2841 nisiFilius,
773 2776 857 2831 ataui
914 2774 1033 2845 myrrha,
1049 2773 1095 2828 ubi
1111 2772 1237 2828 doctores
1255 2772 1280 2826 in
1298 2773 1369 2840 lavo,
1386 2773 1431 2827 ubi
1448 2773 1588 2828 ferventes
1602 2771 1708 2842 spiritu,

56 2861 173 2917 voluerit
187 2860 272 2916 Filius
285 2862 409 2918 revelare
423 2864 535 2935 (blattis.
555 2880 595 2931 nr,
617 2867 673 2934 at.)
697 2866 758 2937 lpse
773 2872 857 2921 totum
914 2862 959 2932 qui
974 2861 1117 2934 signantur
1131 2861 1158 2916 in
1179 2861 1252 2926 rino,
1269 2867 1297 2916 et
1323 2861 1459 2932 simplices
1485 2861 1513 2915 in
1541 2859 1612 2915 malo
1641 2874 1710 2932 quos

56 2950 185 3020 comedit,
202 2950 262 3022 ipse
289 2951 333 3022 cui
347 2952 415 3021 vult,
431 2959 458 3008 et
472 2962 605 3025 quantum
635 2954 694 3009 vult
718 2953 856 3026 impartit:
914 2951 990 3008 lactis
1005 2951 1120 3007 dulcedo
1136 2949 1258 3023 figurat?
1280 2951 1323 3005 Aa
1343 2967 1397 3007 non
1419 2966 1487 3021 ager
1507 2948 1637 3006 Ecetestae
1657 2954 1711 3005 tuae

56 3039 133 3111 quasi
146 3038 321 3111 participium
351 3040 400 3095 tibi
425 3040 568 3113 pollicetur
592 3043 672 3113 hujus
686 3042 750 3112 cibi,
766 3059 797 3100 se
811 3059 854 3099 re·
913 3042 968 3111 jam
984 3039 1158 3112 tautagloria
1174 3039 1430 3096 nudatusvidetur‘?
1446 3037 1628 3111 llultiplicasti
1643 3053 1711 3112 gen·
1798 3026 1807 3040 ⁸

58 3130 158 3184 tectum
171 3120 325 3200 gloriando.
351 3130 378 3185 Si
401 3130 495 3185 datum
520 3131 600 3188 luerit
628 3131 655 3187 iu
679 3148 768 3188 escam
785 3140 856 3188 tuam
914 3138 979 3199 tem,
1002 3130 1051 3185 sed
1074 3143 1129 3183 non
1156 3127 1334 3201 magnilicasti
1355 3127 1594 3197 laetitiamitlrai.
1612 3141 1653 3192 rx,
1670 3125 1710 3197 3)

58 3217 103 3286 iel,
120 3225 243 3272 etaceto
267 3217 294 3273 ia
323 3218 366 3272 siti
394 3218 478 3275 fueris
501 3228 619 3292 potatus,
640 3230 778 3277 memento
794 3220 857 3293 quia
913 3218 987 3273 ttutti
1000 3216 1170 3273 credentium
1188 3217 1300 3282 tructus,
1316 3216 1366 3270 sed
1384 3224 1506 3272 aromata
1526 3232 1622 3287 pauca.
1639 3216 1711 3270 Prae-

58 3305 121 3360 talia
134 3321 234 3378 passus
255 3313 296 3360 est
318 3307 406 3366 Iesus.
431 3308 554 3365 Gustavit
576 3309 621 3364 illa
645 3310 672 3365 iu
695 3326 786 3376 cruca,
803 3325 857 3365 non
912 3307 994 3362 cessit
1009 3304 1170 3362 autumnalis
1186 3306 1297 3359 ubertas
1314 3304 1408 3375 primis
1431 3303 1482 3359 illis
1503 3303 1641 3360 nascentis
1655 3304 1710 3359 Ec-

60 3395 126 3450 bibit
141 3395 322 3469 (ibidum,
338 3397 394 3468 31),
411 3398 533 3454 velocem
555 3400 743 3456 amaritudinis
759 3399 856 3455 transi·
911 3395 1001 3453 clesiae
1015 3395 1112 3450 diebus
1127 3411 1134 3447 ι
1151 3409 1222 3448 nanc
1237 3391 1361 3447 hiemalis
1373 3393 1472 3448 horror
1484 3399 1625 3462 perurget.
1643 3394 1711 3446 Prae·

59 3493 113 3540 tum
143 3483 267 3557 signans.
296 3485 367 3540 Dibit
392 3493 483 3543 autem
513 3487 604 3543 vinum
620 3504 682 3544 cum
702 3489 772 3544 laete
796 3503 855 3544 suo.
912 3489 1054 3540 cesserunt
1078 3481 1210 3538 ubertatis
1235 3481 1309 3546 anai,
1337 3495 1407 3535 nuuc
1432 3479 1582 3534 sterilitatis
1605 3478 1710 3533 incum-

58 3574 120 3628 Non
137 3574 262 3628 turbatur
276 3573 391 3645 amplius
411 3576 443 3629 nd
459 3583 667 3632 monumentum
682 3591 730 3646 pro
746 3576 856 3642 Lanam,
912 3573 988 3628 bunt.
1009 3568 1095 3627 139
1113 3570 1177 3625 Post
1191 3569 1280 3639 spicas
1296 3567 1425 3622 florentes
1449 3575 1476 3623 et
1500 3566 1585 3632 taetss,
1603 3562 1711 3619 steriles

58 3678 110 3717 non
128 3660 251 3716 tristatur
265 3679 352 3735 usque
366 3662 401 3717 ad
417 3672 541 3731 mortain,
560 3681 613 3719 non
629 3666 680 3721 sub
695 3665 755 3736 ipsa
770 3672 858 3721 morte
913 3670 941 3718 et
956 3659 1069 3716 uredine
1084 3656 1217 3715 conlecta
1232 3663 1391 3728 exsurgunt.
1412 3657 1466 3713 Cur
1480 3670 1535 3711 non
1551 3653 1619 3710 dicis
1642 3653 1709 3724 jam,

56 3759 136 3806 aceto
151 3757 180 3806 et
195 3749 258 3806 telle
272 3759 391 3823 potatur.
403 3753 505 3809 Vetera
524 3754 700 3818 transierunt,
717 3769 787 3811 nova
797 3769 858 3809 suc·
912 3749 1068 3806 boneJesu:
1083 3749 1148 3804 Veni
1158 3747 1422 3815 inbortammcum,
1433 3742 1711 3816 sorormeasponsui

57 3847 211 3896 cesserunt.
236 3840 364 3896 Turbatio
387 3841 441 3911 illa,
468 3842 586 3910 tristitia,
611 3842 732 3914 taedium,
749 3843 858 3914 dispen-
913 3838 984 3910 Quid
1000 3837 1161 3911 exspectas?
1175 3852 1223 3893 cur
1238 3851 1329 3892 moras
1344 3834 1430 3891 nectis
1445 3835 1459 3892 l
1474 3835 1513 3892 lln
1528 3840 1628 3904 utpost
1642 3834 1713 3887 banc

58 3928 157 3984 satoris
172 3927 207 3983 ad
223 3929 319 3983 boram
334 3939 461 4002 suscepta
476 3931 511 3987 de
531 3932 641 3988 bomine
656 3931 752 3999 veteri,
775 3932 802 3986 in
817 3931 859 3986 la·
914 3929 1032 3984 hiemem
1047 3936 1192 3982 autumnus
1206 3925 1324 3981 redeatl
1338 3923 1502 3980 laetabuntur
1517 3922 1605 3978 adhuc
1620 3936 1712 3977 coram

58 4017 107 4074 ctis
122 4016 299 4074 dulcedinem
309 4032 408 4075 novam
423 4020 620 4096 demigrarunt.
636 4023 740 4078 Bonum
756 4021 858 4085 vinum,
913 4027 950 4082 te,
966 4016 1036 4072 sicut
1050 4017 1176 4071 taetantur
1192 4014 1220 4069 in
1233 4030 1333 4071 messe.
1350 4014 1425 4070 Tunc
1439 4013 1587 4070 benedices
1603 4025 1713 4069 coronae

58 4122 111 4178 quo
139 4107 238 4162 bausto
268 4106 396 4164 oblivioni
422 4109 567 4165 traduntur
590 4110 697 4181 priores
716 4109 859 4184 angustiae,
915 4105 978 4160 anni
993 4103 1168 4178 benignitatis
1183 4110 1245 4167 tua,
1262 4111 1289 4160 et
1303 4103 1392 4175 campi
1413 4101 1451 4158 tui
1470 4102 1596 4158 ubertate
1620 4099 1713 4173 reple-

58 4205 84 4250 et
97 4211 153 4250 non
167 4196 500 4267 ascenduntsupe1·cor;
516 4198 566 4253 sed
586 4198 673 4269 novis,
690 4207 718 4255 et
733 4197 820 4271 puris,
835 4203 862 4253 et
916 4196 1027 4250 buntur.
1035 4193 1216 4267 Pinguescant
1224 4192 1346 4264 speciosa
1355 4193 1437 4263 bajus
1448 4190 1544 4259 nostri,
1555 4189 1628 4262 quod
1641 4203 1714 4245 nanc

60 4285 153 4350 lacteis
168 4283 197 4338 in
212 4299 298 4340 carne
311 4286 368 4356 jam
387 4286 546 4343 resuscitata
569 4295 679 4361 potatur
703 4286 859 4353 attactibus,
915 4282 1033 4350 videtur,
1049 4282 1152 4338 deserti
1165 4281 1245 4351 (Psal.
1263 4296 1341 4351 nxrv,
1358 4284 1401 4349 ta,
1419 4281 1462 4349 ta)
1477 4297 1484 4348 ;
1501 4285 1529 4335 et
1543 4276 1713 4351 persecutio·

60 4372 169 4443 qnando
184 4370 260 4427 nulla
272 4374 328 4442 jam
343 4374 378 4430 de
389 4375 494 4447 reliquo
509 4377 620 4449 injuria,
637 4378 762 4435 molestia
775 4377 860 4444 nulla,
918 4371 961 4427 ais
974 4371 1064 4427 femor
1085 4368 1248 4440 novissima,
1269 4369 1429 4424 maturitatis
1450 4383 1544 4424 canam
1560 4366 1714 4424 albedinem

61 4467 109 4517 aut
122 4461 149 4515 in
171 4461 273 4528 anima,
290 4470 337 4518 aut
351 4463 379 4518 in
393 4479 485 4534 carne,
503 4466 571 4522 sicut
585 4467 672 4539 prius,
688 4468 732 4524 vel
747 4468 864 4523 assumi·
880 4489 903 4566 n
918 4460 1052 4518 messibus
1066 4459 1165 4516 nostris
1181 4458 1301 4514 inducet.
1323 4456 1571 4529 ttlultiplicabuntur
1592 4455 1620 4510 in
1634 4467 1715 4509 sene·

63 4557 116 4619 tur,
131 4549 178 4605 vel
199 4550 368 4624 sustinetur3
385 4554 434 4609 sed
448 4563 556 4611 acetum
576 4574 639 4612 cum
662 4555 725 4612 selle
738 4555 863 4632 mixtum,
919 4557 961 4606 cta
977 4564 1031 4603 non
1045 4547 1200 4611 deficiente,
1217 4560 1271 4600 nou
1286 4543 1419 4613 coniecta,
1441 4559 1495 4599 non
1513 4543 1609 4608 sterili,
1624 4541 1672 4596 sed
1687 4539 1714 4594 in

64 4637 136 4709 quod
150 4636 307 4712 degustavit
330 4642 475 4712 praelibans
503 4660 558 4701 nou
582 4644 688 4711 bibens,
714 4644 742 4699 in
764 4642 820 4700 vini
839 4645 867 4699 et
919 4644 1032 4694 senecta
1044 4635 1145 4692 uberi:
1166 4640 1193 4690 et
1207 4634 1278 4689 bene
1293 4632 1427 4706 patientes
1442 4638 1530 4697 erunt,
1556 4639 1586 4686 ut
1609 4645 1717 4686 annun·

66 4727 141 4781 tactis
171 4727 297 4784 transivit
322 4745 460 4801 saporem.
477 4733 552 4790 Hanc
566 4742 594 4789 et
617 4737 656 4803 tu,
673 4731 762 4788 fidelis
776 4731 866 4788 anima

68 4829 251 4886 quaesponsae
275 4815 408 4888 dignitate
435 4821 620 4897 perfungeris,
645 4825 724 4888 banc,
741 4821 864 4894 inquam,

66 4911 93 4960 ct
111 4912 139 4959 tu
168 4903 219 4959 tibi
242 4909 483 4967 commutationem
509 4911 626 4968 laturam
656 4911 773 4970 confide.
802 4911 866 4968 ideo

67 4993 167 5050 bacin
182 5010 213 5050 se
228 4996 366 5068 completa
381 5001 521 5071 praedicat,
539 5013 567 5057 ut
591 5002 638 5058 tibi
664 5011 692 5058 tu
708 5001 806 5059 similia
822 5001 865 5057 di-

66 5099 127 5139 sras
140 5098 256 5154 sperare
272 5102 279 5143 ε
295 5095 385 5143 tecum
400 5090 475 5145 enim
489 5091 626 5147 convivari
642 5093 709 5160 vult,
722 5101 813 5149 tecum
829 5089 868 5147 bi·

65 5172 135 5228 bere
146 5190 154 5225 z
167 5173 229 5229 Non
239 5172 342 5247 bibam,
358 5175 456 5250 inquit,
468 5179 501 5236 da
511 5180 560 5236 boc
575 5181 719 5252 genimine
729 5181 807 5249 uitis,
819 5182 868 5238 do·

66 5277 116 5319 acc
128 5262 222 5319 bibam
237 5262 313 5319 iilud
327 5281 432 5323 mnam
447 5271 573 5341 inregno
589 5285 649 5326 meo
661 5270 773 5339 (narrt.
786 5285 867 5336 navt,

66 5351 121 5418 29).
144 5347 204 5404 lloc
227 5349 275 5404 tibi
290 5366 407 5429 regnum
430 5355 577 5431 significat,
593 5373 655 5414 cum
671 5355 705 5411 ad
720 5357 827 5413 bortum
843 5365 869 5413 te

66 5445 156 5506 vocat,
173 5436 210 5492 ad
230 5439 340 5497 bortum
364 5443 535 5522 deliciarum,
557 5446 592 5503 cd
616 5442 773 5517 paradisum
794 5441 872 5499 volu·

920 4728 997 4783 tient.
1014 4725 1102 4797 (Psoi.
1116 4738 1175 4790 nar,
1193 4726 1236 4790 15,
1255 4725 1309 4795 16).
1326 4723 1470 4788 Pallentes,
1491 4728 1604 4794 propter
1618 4727 1718 4792 marty·

920 4816 1004 4882 rium;
1027 4813 1232 4882 annuntiantes,
1257 4819 1371 4886 propter
1389 4813 1515 4869 verbnm.
1541 4811 1571 4867 ln
1593 4807 1718 4883 patienti·

920 4907 970 4961 bus
985 4905 1123 4976 myrrham
1138 4909 1236 4973 metes,
1251 4903 1279 4958 in
1294 4902 1516 4959 annuntiantibus
1531 4900 1659 4957 comedes
1672 4895 1717 4951 la-

919 5011 993 5053 vum.
1008 4995 1084 5050 Tunc
1098 4991 1202 5050 electos
1217 5000 1278 5049 tuos
1291 4991 1506 5064 compunctionis
1520 4991 1582 5045 vino
1598 4984 1717 5058 potabis,

920 5084 1113 5142 consolationis
1134 5084 1205 5140 lacte
1220 5082 1351 5138 immixto.
1366 5081 1424 5136 Nisi
1438 5080 1510 5136 enim
1532 5073 1718 5133 abbreviasset

922 5176 1055 5232 Dominus
1065 5173 1125 5231 dies
1139 5172 1209 5238 illos,
1221 5171 1294 5230 salva
1305 5185 1432 5228 essenon
1443 5162 1716 5239 possetomniscaro.

958 5269 985 5322 2.
1001 5264 1077 5321 bletit
1092 5262 1174 5320 etiarn
1189 5276 1261 5316 nune
1276 5259 1416 5327 Dominus,
1440 5256 1492 5314 etsi
1515 5269 1569 5311 non
1591 5260 1719 5326 quantam

924 5365 989 5411 tunc
1013 5353 1161 5426 myrrham,
1177 5358 1267 5406 tamen
1281 5347 1392 5404 multam
1411 5345 1550 5419 myrrham
1565 5341 1720 5402 afflictionis

926 5451 1095 5520 spontaneae.
1111 5441 1211 5498 Fanum
1225 5437 1346 5495 comedit
1363 5452 1424 5496 cum
1438 5434 1529 5502 melle,
1545 5443 1573 5493 et
1591 5447 1721 5509 expressa
