3706 5962
70 233 123 294 951
568 235 677 298 SERMO
695 236 739 295 1111
758 236 837 296 llll
856 235 896 295 ltu
917 238 1070 301 basaforte
1091 241 1219 304 buntur.
1659 253 1714 314 958

68 363 248 422 Solitudinem
259 380 291 423 ac
302 365 433 438 jejunium
451 366 629 441 quadraginta
649 365 767 438 dierurn,
782 363 861 421 famis
877 380 901 459 g
917 366 1107 424 tenebrarum?
1134 368 1180 442 qni
1203 369 1364 428 nutriebaris
1398 371 1426 427 iu
1449 375 1562 444 croceis,
1587 392 1637 434 cur
1660 396 1715 438 sm·

67 455 251 520 acerbitatem,
267 461 430 513 tentamenta
443 464 470 514 et
483 455 623 513 illusiones
637 454 749 527 spiritus
766 471 860 529 aequa·
917 456 1037 526 plexatus
1050 472 1080 514 es
1093 461 1230 514 stercora?
1245 459 1338 531 (hen.
1356 477 1397 528 tv,
1412 463 1452 532 b.)
1468 464 1544 520 Tunc
1564 466 1713 528 clarificata

66 542 176 598 nimiter
194 544 325 617 tolerasti,
341 551 370 601 nt
384 546 443 603 lraec
461 545 552 602 omnia
563 544 643 602 nohis
656 543 804 601 tolerabilia
818 544 862 602 ef·
915 553 956 601 est
971 545 1073 602 familia
1088 554 1142 617 tua,
1159 548 1273 615 Christe,
1289 559 1404 607 exeunte
1419 550 1558 612 immundo
1574 555 1607 612 de
1620 556 1710 618 oba

66 631 173 688 liceras.
189 632 302 691 lienium
317 633 413 692 venisti
436 635 472 693 ad
490 650 555 693 ores
569 649 629 706 quae
654 633 791 705 perierant
813 633 862 692 do·
916 645 987 692 coetu
1001 635 1138 692 societatis
1152 637 1290 707 angelicae.
1301 640 1377 695 Tunc
1392 639 1500 696 demum
1513 642 1596 700 divini
1610 647 1712 720 eloquii

64 737 126 778 mus
140 722 232 790 Israel,
248 722 333 779 divini
356 724 432 780 verbi
446 724 598 795 lampadem
615 723 747 780 extollens
771 723 861 795 palam
914 723 1050 780 uberrima
1080 725 1254 783 inundatione
1278 727 1344 784 felix
1366 728 1411 785 ille
1440 741 1589 789 conventus
1602 742 1712 805 potatus
1747 781 1750 784 -

63 811 98 866 ad
116 810 339 868 illuminationem
354 812 428 870 orbis
443 820 532 884 terrae,
543 821 571 870 et
585 828 704 886 regnum
717 813 767 869 Dei
786 829 858 871 cun·
915 822 970 884 ast;
998 814 1131 886 siquidem
1146 824 1291 890 corruptus
1305 817 1352 874 ille
1366 833 1429 876 vere
1444 818 1517 875 foras
1532 820 1633 880 missus
1651 823 1711 882 fue·

62 901 113 956 ctis
129 901 293 957 annuntians
312 902 566 974 obtemperantibus
588 903 689 969 rarbo,
706 918 859 962 sermonem
913 909 964 971 rat,
992 918 1073 974 quem
1101 905 1182 976 hujus
1209 905 1392 980 limpidissimi
1419 906 1535 981 liquoris
1567 910 1703 972 infusione

63 990 240 1061 sequentibus
253 990 338 1065 signis
365 992 539 1063 confirmasti,
561 993 689 1050 virtutem
713 991 861 1051 diuinitatis
914 989 1019 1048 sciebas
1034 991 1187 1066 indignum.

62 1077 90 1133 in
119 1078 224 1136 cunctis
242 1081 394 1153 ostendisti,
424 1082 493 1139 male
521 1082 695 1150 habentibus,
715 1090 742 1138 et
769 1082 860 1140 omnia
948 1082 975 1138 6.
1004 1084 1072 1140 Dato
1098 1091 1190 1139 autern
1212 1085 1349 1141 charitatis
1376 1092 1402 1142 et
1436 1087 1570 1159 patientia
1598 1090 1712 1148 salutari

62 1168 190 1224 omnibus
203 1170 328 1242 gentibus
343 1171 428 1244 gratis
447 1170 588 1239 exhibens,
604 1188 665 1243 qnae
686 1171 766 1228 saluti
791 1187 859 1244 pec·
913 1169 1047 1237 mandato,
1064 1179 1091 1228 et
1108 1172 1239 1245 disposito
1254 1173 1384 1231 fratribus
1397 1191 1483 1247 regno
1497 1177 1585 1233 Patris
1609 1177 1661 1244 tui,
1676 1179 1712 1235 ad

61 1264 185 1315 catorum
212 1269 402 1334 congruerent,
426 1267 456 1316 ut
480 1274 575 1317 omnes
597 1260 780 1318 lucrifaceres.
805 1261 859 1318 Sed
912 1255 1002 1315 locum
1014 1260 1147 1332 proditori
1161 1266 1208 1318 tuo
1222 1268 1318 1318 notum
1329 1278 1390 1320 cum
1404 1263 1456 1321 illis
1472 1264 1613 1335 divertisti,
1621 1265 1711 1325 sciens

62 1346 235 1404 obscuratum
254 1356 295 1404 est
319 1348 450 1420 insipiens
477 1365 525 1406 cor
546 1365 651 1416 eorum,
681 1350 808 1421 Domine,
832 1356 859 1407 et
911 1348 1002 1402 omnia
1016 1365 1075 1421 quae
1092 1358 1202 1407 ventura
1216 1358 1293 1407 erant
1307 1368 1390 1425 snper
1409 1361 1446 1413 te.
1466 1353 1506 1410 lbi
1527 1357 1625 1411 animae
1656 1362 1713 1413 tuae

60 1437 235 1507 proiecerunt
247 1452 387 1495 sermones
412 1445 473 1495 tuos
488 1446 647 1507 retrorsum,
664 1454 753 1512 nequa
766 1445 858 1496 atten-
911 1435 1056 1505 tristitiam,
1074 1455 1154 1511 quam
1169 1454 1202 1495 ex
1216 1439 1375 1499 imminente
1400 1442 1525 1512 passione
1554 1452 1601 1500 tua
1614 1453 1713 1518 sponte

61 1525 159 1581 demut
176 1525 209 1581 ad
220 1527 309 1583 omnia
318 1526 453 1584 mirabilia
467 1534 523 1599 tua,
539 1527 663 1600 Domine,
679 1544 740 1601 quae
755 1542 858 1600 opera-
912 1526 1065 1598 assumpsit,
1081 1528 1152 1585 sicut
1164 1535 1191 1585 et
1204 1539 1366 1604 caeteraquae
1381 1548 1477 1604 passus
1494 1548 1533 1601 es,
1554 1532 1710 1593 inauribus

60 1620 104 1669 tus
114 1630 143 1671 as
158 1615 186 1670 in
204 1615 253 1686 eis,
268 1616 389 1688 exceptis
407 1616 552 1690 perpaucis
575 1616 710 1673 nobilibus
738 1617 855 1687 athletis,
912 1611 1027 1671 fratrum
1041 1632 1096 1673 non
1109 1617 1237 1675 erubuisti
1252 1618 1383 1690 profiteri,
1397 1619 1490 1677 dicem
1502 1629 1565 1679 lunc
1582 1640 1591 1676 ²
1609 1622 1713 1680 Tris&

61 1718 131 1776 quos
145 1704 214 1760 inter
226 1703 334 1761 infirma
349 1705 441 1761 mundi
456 1705 563 1780 elegisti
579 1715 606 1763 et
619 1706 744 1776 abjecta,
762 1713 791 1762 ut
809 1723 858 1778 per
873 1661 896 1741 B
912 1708 955 1760 est
969 1705 1069 1762 enimc
1079 1722 1142 1762 mec
1151 1723 1238 1780 usqne
1253 1707 1289 1762 cd
1302 1713 1432 1768 mortem.
1446 1709 1544 1766 Positis
1561 1725 1671 1783 quoque
1681 1712 1712 1770 in

58 1791 135 1862 ipsos
149 1792 230 1849 fortia
244 1800 271 1850 et
283 1795 337 1849 alta
351 1794 464 1851 mirifica
488 1809 669 1868 expugnares.
696 1796 752 1853 Nec
767 1796 857 1853 solum
914 1801 985 1848 terra
994 1794 1112 1865 genibus
1126 1795 1264 1867 procidisti
1287 1796 1313 1851 iu
1330 1797 1435 1870 taciem,
1461 1813 1543 1854 orans
1556 1799 1584 1854 iu
1598 1799 1711 1874 agonio,

59 1881 157 1954 ingrati
172 1883 296 1956 gratuitis
319 1883 458 1940 beneficiis
475 1884 528 1942 tuis
543 1885 681 1954 exstitere,
695 1885 744 1941 sed
761 1893 858 1941 contu·
912 1890 939 1935 et
953 1881 1046 1950 dicens
1062 1899 1068 1937 ε
1084 1885 1121 1940 lli
1134 1887 1231 1951 Pater,
1253 1888 1278 1941 si
1285 1885 1418 1958 possibile
1432 1891 1484 1955 est,
1498 1891 1656 1946 transacta
1669 1906 1715 1947 mc

59 1971 149 2027 meliis
163 1971 312 2028 affecemnt
326 1980 361 2039 te,
379 1972 494 2030 Domine
509 1973 717 2039 dominantium,
734 1982 761 2030 at
784 1974 858 2032 fecc-
912 1971 992 2028 cclix
1003 1971 1067 2030 iste.
1078 1973 1112 2028 Et
1125 1973 1264 2046 arguebas
1280 1974 1389 2046 quidem
1404 1975 1495 2034 cordis
1511 1977 1550 2034 tui
1564 1976 1715 2034 certissime

59 2067 124 2115 runt
139 2059 188 2114 tibi
210 2075 378 2132 quaecunque
403 2062 545 2119 voluerunt
560 2103 567 2118 .
585 2063 623 2118 Te
642 2062 714 2118 enim
742 2062 858 2121 faciente
912 2059 1047 2116 indicabat
1061 2060 1144 2118 sudor
1158 2061 1203 2118 ille
1222 2063 1399 2135 sanguineus,
1414 2064 1461 2138 qui
1487 2066 1622 2122 orationis
1646 2074 1714 2122 tem-

59 2164 146 2220 opera
174 2149 233 2216 Dei,
248 2165 309 2218 quae
332 2164 411 2205 nemo
433 2151 502 2206 alius
526 2151 597 2215 fecit,
613 2151 678 2224 qnid
702 2150 859 2210 dixerunt?
914 2163 978 2218 pore
992 2149 1026 2204 de
1047 2164 1127 2205 carne
1142 2157 1187 2205 tua
1209 2151 1379 2207 sanctissima
1405 2153 1528 2223 guttatim
1547 2152 1715 2212 decurrebat

60 2240 123 2295 Non
137 2242 179 2294 eal
196 2238 240 2295 ltt'o
254 2240 334 2296 homo
349 2257 366 2295 a
381 2241 454 2296 Deo:
469 2240 502 2295 in
515 2242 646 2313 principe
657 2241 859 2297 doernont'ornm
913 2235 941 2290 in
965 2242 1074 2293 ferram.
1090 2239 1250 2294 Dominalor
1265 2240 1379 2296 Domine
1401 2241 1477 2310 Josn,
1507 2240 1581 2299 unda
1596 2249 1641 2297 tua
1656 2243 1714 2300 haro

59 2327 145 2398 ejicit
155 2326 311 2395 demmin,-
327 2329 500 2387 dornoniam
515 2328 857 2398 hobet,redncittnrhas,·
915 2334 968 2380 tam
987 2326 1066 2382 anxia
1094 2326 1270 2398 supplicatiol
1303 2329 1399 2385 Nonne
1422 2329 1575 2386 voluntarie
1598 2331 1713 2389 omuino

59 2432 152 2474 vorax
170 2422 222 2483 ert,
231 2421 346 2489 potator
359 2420 428 2488 uitri,
443 2425 471 2478 et
485 2418 819 2491 amicnspnhlicanornm
831 2424 860 2477 et
914 2414 987 2471 Patri
1001 2414 1163 2472 sacrificium
1186 2417 1330 2473 obtulisti?
1358 2417 1468 2490 Utique,
1485 2419 1612 2476 Domine.
1631 2418 1712 2476 Arbi-

58 2510 251 2577 peccctornm.
268 2505 340 2575 Quid
358 2507 415 2576 iles,
433 2507 640 2580 quidsuspiras,
656 2510 778 2574 obomo,
794 2508 859 2564 dnm
914 2510 1017 2560 tromur
1031 2511 1121 2560 autem
1143 2506 1216 2576 quod
1231 2506 1283 2561 hoc
1303 2507 1338 2561 ad
1353 2506 1564 2564 consolationem
1585 2507 1712 2566 infirmo-

60 2595 181 2650 sustines
194 2596 342 2653 verborum
357 2597 495 2667 iujurias?
509 2598 570 2654 Non
584 2596 660 2652 audis
684 2605 785 2670 quanta
806 2596 859 2652 ad·
914 2609 974 2648 rum
1015 2593 1197 2650 membrorum
1229 2600 1336 2652 tuorum
1369 2595 1548 2668 assumpsisti,
1576 2611 1613 2653 ne
1646 2597 1714 2657 forto

60 2698 157 2740 tersus
170 2684 317 2743 Dominum
332 2686 419 2742 Deum
434 2693 515 2743 tuum.
531 2685 690 2743 cecideruut
712 2686 859 2758 opprobria
913 2681 1039 2754 desperet
1063 2683 1133 2753 quis,
1150 2682 1174 2740 si
1187 2699 1250 2741 caro
1264 2683 1369 2740 infirma
1385 2696 1577 2753 remurmurat,
1603 2685 1651 2741 nbi
1678 2686 1715 2743 ad

61 2773 239 2845 propterte?
265 2775 294 2831 Si
316 2775 537 2847 patremfamilias
563 2775 715 2832 Beelzebub
738 2790 857 2833 rocave-
913 2771 1069 2844 passionem
1086 2783 1228 2843 promptus
1242 2780 1284 2828 est
1302 2773 1421 2846 spiritns.
1445 2762 1580 2831 Nimirum
1610 2784 1640 2831 nt
1657 2790 1715 2831 ma·

62 2868 136 2928 runt,
153 2872 254 2937 quanto
269 2864 354 2936 magis
372 2864 535 2921 domesticos
554 2864 614 2935 ejus
627 2865 642 2922 l
655 2863 709 2920 Sed
732 2864 791 2921 haec
804 2864 861 2936 qui·
876 2833 981 2931 bjoria
993 2876 1059 2933 erga
1076 2869 1103 2917 ta
1116 2862 1217 2918 amoris
1231 2870 1259 2919 et
1273 2861 1445 2935 gratitudinis
1466 2862 1594 2920 stimulos
1608 2863 1713 2920 habea-

62 2949 126 3006 dem
140 2962 167 3007 et
182 2951 280 3008 similia
295 2952 515 3026 blasphemantes
532 2995 539 3023 ,
556 2961 584 3010 et
596 2953 737 3026 aliquoties
753 2962 778 3010 te
795 2954 861 3026 lapi·
914 2966 985 3021 mus,
1001 2949 1155 3007 naturalem
1178 2951 1267 3007 carnis
1291 2950 1475 3008 infirmitatem
1496 2951 1539 3008 his
1563 2951 1670 3008 indiciis
1684 2951 1713 3009 in

62 3040 141 3096 dibus
161 3040 331 3114 impetentes,
355 3044 420 3100 lesu
434 3044 515 3111 bone,
541 3043 675 3114 patienter
698 3043 859 3112 sustinuisti,
909 3046 941 3097 >te
955 3040 1122 3111 expressisti,
1138 3040 1240 3112 quibus
1254 3040 1414 3096 doceremur
1440 3040 1583 3113 quievere
1597 3040 1715 3113 languo-

63 3137 91 3187 et
110 3129 198 3187 factus
214 3148 244 3188 es
259 3146 351 3188 coram
363 3134 403 3189 eis
424 3133 494 3189 sicut
507 3132 589 3190 homo
617 3146 671 3189 non
692 3132 816 3204 audiens,
833 3141 860 3191 et
915 3144 960 3185 res
987 3137 1098 3187 nostros
1127 3129 1253 3200 portasti,
1277 3137 1304 3186 et
1327 3145 1382 3186 nou
1394 3132 1496 3201 absque
1512 3145 1594 3186 sensu
1611 3129 1715 3189 doloris

62 3218 89 3274 in
105 3235 152 3277 ore
167 3236 222 3277 non
236 3222 339 3277 hahens
354 3222 569 3295 redargutiones.
913 3218 1071 3290 passionum
1086 3226 1176 3274 sentes
1191 3218 1360 3290 percurristi.
1372 3220 1431 3275 Vox
1441 3219 1514 3276 enim
1528 3219 1573 3275 illa
1587 3234 1639 3276 ror
1652 3233 1715 3278 assa

98 3313 129 3367 ὃ.
147 3310 415 3380 Novissimejustnm
431 3314 589 3385 sanguinem
606 3316 679 3366 tuum
699 3310 860 3382 adiscipulo
902 3305 1004 3362 'carnis
1026 3307 1143 3372 videtur,
1174 3321 1227 3362 uon
1252 3307 1372 3377 spiritns,
1388 3323 1420 3363 ex
1435 3322 1467 3362 eo
1483 3307 1557 3379 quod
1572 3307 1714 3377 subjunxi·

63 3409 121 3466 tuo,
137 3398 191 3456 filio
206 3399 377 3472 perditionis,
392 3401 521 3458 traditum
535 3399 643 3472 triginta
658 3399 794 3471 argenteis
807 3414 859 3471 ap·
913 3394 948 3450 sti
962 3412 970 3450 ι
986 3393 1113 3466 Spiritus
1126 3395 1238 3468 quidem
1251 3398 1401 3467 promptos
1414 3399 1465 3463 eal,
1476 3410 1541 3452 caro
1553 3398 1651 3452 cutem
1666 3396 1715 3452 in·

62 3489 171 3561 pretiati
198 3497 271 3558 sunt,
310 3496 340 3544 rtt
368 3488 567 3560 praecipitarent
594 3487 709 3543 animam
740 3495 813 3543 tuam
832 3487 860 3544 in
913 3485 1009 3555 firma.

62 3589 177 3635 mortem
192 3578 251 3635 sine
266 3594 355 3636 causa.
378 3579 412 3634 Et
427 3575 572 3651 tequidem
600 3574 778 3648 perditissimi
802 3584 858 3633 tra·
948 3574 975 3628 7.
992 3569 1071 3641 Quod
1095 3579 1237 3644 promptus
1252 3571 1324 3626 enim
1339 3570 1373 3626 ad
1389 3570 1545 3642 passionem
1562 3570 1643 3629 suerit
1656 3573 1716 3645 spi-

62 3666 157 3725 ditoris
183 3668 221 3725 tui
245 3667 355 3739 perfidia
383 3683 438 3724 non
466 3667 575 3737 latebat,
600 3665 707 3740 quando
734 3665 763 3720 in
782 3680 860 3723 coeua
914 3661 990 3732 ritus,
1006 3659 1143 3718 evidenter
1170 3659 1323 3728 ostendisti,
1340 3661 1447 3733 quando
1471 3661 1645 3719 venientibus
1659 3677 1715 3720 nna

63 3757 209 3815 ablutionis
223 3758 304 3814 etiarn
318 3774 410 3816 coram
425 3757 485 3832 ipso
496 3755 651 3831 genuflexo
661 3755 857 3827 procumbens,
914 3766 975 3806 cum
992 3749 1130 3823 proditore
1152 3759 1199 3806 tuo
1212 3749 1278 3807 viris
1293 3749 1466 3822 sanguinum,
1482 3758 1509 3807 et
1531 3750 1715 3823 quaerentibus

64 3846 223 3905 maledictos
238 3848 320 3920 pedes
330 3849 400 3920 eius,
420 3847 525 3906 veloces
540 3846 576 3902 ad
587 3845 779 3902 effundendum
794 3859 859 3901 san·
914 3842 1031 3896 animam
1045 3847 1119 3896 tuam
1134 3855 1194 3896 cum
1219 3839 1330 3895 laternis
1344 3847 1371 3897 et
1399 3838 1504 3896 lacibus
1529 3846 1556 3896 et
1569 3841 1651 3897 armis
1666 3856 1714 3914 per

63 3936 171 4008 guinem
201 3945 286 4004 tuum,
331 3937 507 3995 sanctissimis
538 3936 663 3993 manibus
697 3934 751 3990 tuis
777 3940 861 3991 attre-
914 3930 1117 3997 noctem,ultro
1130 3929 1362 3998 occurristi,etne
1376 3929 1631 4002 quidacciperenta
1645 3929 1716 3989 duos

63 4031 148 4095 ctare,
162 4025 251 4080 lavare
266 4032 293 4081 et
305 4034 443 4100 extergere
470 4026 597 4099 dignatus
620 4041 661 4083 es.
687 4024 743 4081 Cur
768 4030 859 4082 numm
913 4019 1019 4093 flagitii,
1036 4029 1062 4076 te
1076 4020 1167 4090 ipsum
1182 4018 1370 4076 manifestasti.
1385 4019 1456 4076 Nam
1475 4018 1650 4076 accedentem
1677 4019 1713 4075 ad

64 4113 151 4167 adhuc
165 4119 273 4168 extento
284 4113 354 4170 collo
368 4114 526 4180 ambulas,o
541 4123 612 4170 tarra
622 4122 648 4170 et
661 4112 749 4172 ciuis?
764 4113 861 4171 Adhuc
877 4100 901 4178 ὓ
916 4110 1038 4167 osculum
1064 4109 1223 4167 sanctissimi
1249 4109 1304 4166 oris
1318 4109 1359 4165 tui
1374 4116 1477 4165 trucem
1491 4106 1605 4164 bestiam
1633 4124 1713 4166 arer-

65 4210 92 4258 te
107 4201 233 4273 superbia
251 4199 358 4259 elevat?
371 4202 459 4258 adhuc
486 4209 512 4257 te
532 4203 702 4274 impatientia
717 4204 863 4277 exagitat?
918 4206 992 4256 satus
1010 4214 1064 4256 non
1079 4215 1119 4266 es,
1134 4199 1180 4255 sed
1189 4213 1222 4254 os
1246 4197 1273 4253 in
1287 4213 1341 4271 quo
1354 4196 1434 4253 dolus
1449 4196 1577 4253 inventus
1590 4211 1646 4251 non
1675 4203 1717 4253 ast

64 4293 171 4348 Intuere
185 4289 342 4348 humilitatis
368 4298 395 4348 et
413 4290 625 4347 mansuetudinis
648 4291 791 4348 Dominum
813 4293 860 4348 Je-
917 4289 958 4343 ori
985 4289 1057 4361 quod
1091 4286 1239 4344 abundarit
1275 4285 1385 4350 malitia,
1409 4284 1522 4341 dulciter
1546 4284 1714 4356 applicuisti.

65 4398 135 4448 sum,
151 4380 285 4439 universae
299 4389 431 4438 creaturae
444 4379 583 4452 factorem,
604 4378 861 4453 tremendnmjudi·
917 4377 1050 4433 Innocens
1059 4376 1138 4449 Agne
1156 4375 1214 4442 Dei,
1229 4373 1295 4445 quid
1311 4374 1360 4430 tibi
1374 4380 1402 4430 et
1421 4374 1486 4445 lupo
1500 4372 1630 4445 illiiquae
1645 4386 1715 4430 con·

63 4472 253 4531 oemvivorum
269 4479 296 4528 et
311 4480 491 4538 mortuorum,
505 4476 567 4526 ante
586 4469 669 4542 pedes
687 4467 807 4526 hominis
834 4476 863 4525 et
915 4465 1006 4521 tentio
1021 4464 1060 4520 tui
1082 4464 1116 4521 ad
1130 4462 1232 4520 Belial?
1254 4461 1307 4518 Sed
1326 4470 1354 4518 et
1371 4462 1424 4516 hoc
1451 4460 1628 4533 benignitatis
1650 4470 1714 4535 tuae,

66 4561 203 4619 traditoris
226 4577 275 4617 sua
299 4577 390 4635 genua
408 4561 603 4619 incurvantem.
618 4559 698 4617 Disce
711 4557 773 4632 quia
788 4557 861 4616 mitis
910 4552 1039 4624 Domine,
1064 4552 1123 4622 fuit,
1142 4556 1172 4606 ut
1200 4549 1290 4606 omuia
1313 4549 1360 4607 illa
1384 4548 1527 4606 exhiberes
1560 4566 1620 4622 qum
1638 4553 1718 4625 pravi

64 4660 106 4708 est
120 4660 147 4708 et
161 4651 271 4708 humilis
286 4652 378 4719 corde,
389 4661 416 4710 et
430 4650 599 4708 confundere
613 4650 641 4706 in
660 4647 788 4720 superbia
803 4654 860 4718 tua,
916 4642 1005 4700 cordis
1020 4640 1194 4714 pertinaciam
1208 4638 1328 4697 emollire
1341 4645 1466 4713 possent.
1482 4640 1550 4695 Nam
1566 4647 1593 4698 et
1616 4639 1716 4700 vetans

64 4750 91 4798 et
120 4741 247 4797 erubesce
266 4742 294 4797 in
322 4741 487 4813 impatientia
511 4748 565 4796 tua.
584 4739 644 4797 Hoc
671 4753 781 4812 quoque
805 4744 863 4793 erat
917 4731 1040 4789 amicitiae
1054 4746 1110 4789 non
1122 4730 1265 4787 immemor
1279 4730 1355 4787 illum
1370 4728 1572 4803 commonuisti,
1597 4730 1716 4790 dicens:

66 4830 278 4887 mansuetndinis
307 4831 508 4901 tuae,Domine‚
524 4829 600 4903 quod
625 4828 758 4901 perfidum
785 4827 862 4884 illum
917 4822 1020 4893 Amice,
1032 4822 1068 4880 ud
1078 4819 1715 4896 quadrantalit(nattt.xrv1‚aa,aa.tt,tto).

64 4922 91 4978 in
102 4930 175 4978 caetu
191 4921 305 4978 fratrum
318 4922 447 4996 detegere
461 4928 487 4976 et
513 4921 602 4993 palam
627 4919 791 4976 confundere
806 4933 862 4973 uo·
917 4915 1007 4984 Atque
1020 4913 1132 4969 horrore
1150 4909 1260 4968 sceleris
1278 4910 1320 4968 sui
1346 4925 1393 4966 cor
1411 4908 1486 4982 impii
1501 4909 1581 4967 ferire
1594 4909 1716 4979 voluisti,

64 5010 146 5080 luisti,
156 5011 203 5067 sed
220 5010 314 5067 leniter
328 5010 496 5066 admonitum
510 5010 659 5067 accelerare
674 5008 777 5080 iussisti
790 5006 865 5080 qnod
917 5017 979 5059 curn
1001 4999 1313 5059 metaumaucensis
1338 4999 1444 5057 lilium
1464 4999 1587 5056 bominis
1602 4996 1714 5055 tradis?

66 5101 186 5171 parabat.
202 5102 232 5156 In
247 5100 375 5156 omnibus
390 5100 432 5154 his
455 5114 510 5156 non
524 5106 566 5156 ast
578 5114 690 5156 aversus
705 5098 786 5168 ,turm
803 5099 862 5168 eius
919 5091 993 5166 (luc.
1010 5108 1077 5160 xxrr,
1097 5092 1154 5163 18).
1169 5091 1205 5146 Et
1230 5104 1292 5146 ecce
1315 5088 1444 5145 Philistaei
1466 5104 1549 5162 super
1578 5095 1612 5157 te,
1632 5088 1713 5144 Sarn-

65 5207 81 5246 a
96 5199 131 5257 te,
162 5191 211 5247 sed
234 5206 362 5266 egressus
390 5190 462 5246 foras
477 5189 618 5261 satagebat
641 5189 712 5245 circa
734 5187 863 5259 frequens
917 5199 979 5240 son.
993 5183 1054 5239 Non
1078 5183 1169 5239 illosa
1187 5187 1214 5237 te
1227 5179 1380 5249 absterruit,
1396 5180 1469 5252 quod
1496 5177 1525 5233 iu
1543 5178 1610 5235 hora
1623 5188 1718 5252 appre-

66 5279 238 5337 maleficium.
249 5278 393 5346 Quomodo
407 5275 530 5334 cecidisti
544 5279 579 5335 de
588 5277 668 5344 coelo,
685 5274 802 5348 Lucifer,
813 5275 861 5348 qni
919 5271 1062 5329 hensionis
1076 5280 1130 5329 tuae
1156 5268 1332 5340 omnipotenti
1355 5268 1467 5325 brachio
1497 5275 1542 5324 tuo
1570 5277 1650 5324 terrae
1668 5281 1718 5325 eos

67 5386 145 5427 mana
160 5368 289 5425 oriebaris
304 5368 317 5426 t
331 5367 396 5439 (isc.
416 5384 471 5434 rra,
494 5368 551 5440 111.)
571 5369 601 5423 ln
620 5364 725 5423 deliciis
747 5365 864 5438 paradisi
918 5362 1034 5434 allisisti,
1046 5377 1102 5418 non
1116 5359 1227 5432 quidem
1254 5355 1421 5414 defensionis
1445 5372 1536 5424 causa,
1555 5356 1604 5414 sed
1620 5364 1649 5412 ut
1663 5370 1713 5414 co·

65 5459 205 5531 gloriosus
220 5456 387 5529 apparuisti:
405 5457 507 5518 civium
529 5456 592 5516 coeli
611 5458 711 5527 socius,
740 5463 767 5514 et
789 5454 864 5515 rcrbi
918 5458 1062 5531 gnosceret
1089 5451 1208 5506 humana
1225 5445 1400 5523 presumptio
1415 5446 1481 5504 nihil
1508 5461 1538 5504 so
1557 5461 1641 5520 posse
1662 5446 1714 5504 ad·

66 5547 152 5607 divini
173 5547 308 5616 conviva,
322 5549 459 5622 quomodo
476 5553 617 5622 reputatus
644 5561 676 5608 es
701 5544 772 5606 iuter
794 5544 866 5608 lilios
905 5534 1014 5604 'venus
1029 5551 1065 5612 te,
1080 5538 1132 5600 uisi
1146 5546 1276 5618 φιαηωω
1292 5538 1574 5613 permittereturata.
1648 5548 1653 5555 ·
