3706 5962
59 206 102 270 ,ῃ
667 201 701 264 ιι
719 199 857 262 uxnrrun
875 197 984 263 sauuo
1002 201 1086 265 xxv.
1577 242 1584 255 ·
1647 209 1700 280 tro

57 332 198 399 consumit,
212 330 374 389 iufenorem
388 326 524 402 superior,
535 325 698 383 infernalem
712 327 847 385 coelestis:
905 327 974 385 citer
986 328 1079 397 afficit,
1094 338 1122 386 ct
1135 343 1212 385 suam
1229 328 1257 385 in
1271 328 1339 386 alios
1353 331 1517 390 transfundit
1526 338 1699 410 passionem,

57 426 112 479 dura
125 421 242 492 sapiens
257 428 285 477 et
300 433 384 477 suavo
398 417 514 474 verbum
531 414 615 472 vincit
638 415 799 489 malignum,
823 424 850 472 et
903 417 965 473 Non
979 435 1089 490 possum
1106 434 1160 475 uon
1173 418 1290 475 dulciter
1303 420 1416 488 moveri,
1434 422 1498 479 dum
1514 426 1597 483 talem
1611 446 1700 502 penes

57 513 122 569 dulce
136 511 241 566 durum
257 509 370 566 emollit.
386 508 421 563 Et
431 506 493 562 ideo
509 505 592 563 dicit:
610 505 690 563 Sicut
705 504 850 562 vittococ·
904 522 949 562 me
963 507 1067 563 vultum
1082 508 1220 581 depingo:
1237 516 1265 564 et
1278 509 1417 566 amatoriae
1423 527 1504 584 genae
1518 513 1546 568 in
1561 532 1606 574 me
1621 519 1698 575 simi-

56 604 126 658 asca
139 598 223 656 ladio
236 602 340 664 tumet
354 597 495 669 eloquium
512 598 593 650 tuum
607 590 850 650 dulcc.‘Nonenim
903 594 958 652 lem
985 597 1101 669 gignunt
1127 597 1257 654 allectum
1283 598 1349 654 dum
1362 601 1560 672 recogitantur.
1589 603 1697 673 Quanto

57 691 149 746 decent
165 685 307 759 Sponsam
327 684 379 741 nisi
401 684 487 740 rerba
508 682 608 749 dulcia,
630 684 714 737 verba
737 683 848 748 amoris,
904 684 990 756 magis
1004 685 1068 739 dum
1091 684 1241 741 ridentur?
1256 702 1319 741 nam
1345 689 1502 759 expressior
1526 691 1593 749 visio
1617 711 1699 767 quam

56 779 129 836 rerba
143 793 212 850 quae
237 774 347 832 delicati
369 772 482 829 funiculi
497 770 557 828 vice
582 772 742 844 iunguntur,
765 772 850 827 verba
904 772 1046 844 cogitatus.
1065 772 1187 830 Pulcbrae
1210 773 1321 831 omniuo
1342 791 1432 849 geuae,
1452 778 1479 832 in
1503 779 1602 851 quibus
1625 789 1699 840 mura

57 882 107 941 que
120 866 268 938 Sponsum
276 863 400 919 irretiant
414 870 442 918 et
452 862 560 917 trabant
574 859 688 916 vinculis
698 859 848 916 charitatis.
903 870 1030 917 venustas
1043 862 1154 929 eminet,
1171 879 1238 934 quas
1256 871 1335 936 grata
1348 866 1521 922 commendat
1536 868 1673 928 humilitas
1690 887 1698 928 :

57 956 120 1012 lelix
133 954 244 1022 anima,
264 949 500 1025 quae‘bujusmodi
521 948 596 1005 novit
613 948 732 1004 dulcium
753 949 851 1006 uerbo·
903 947 941 1003 nil
954 949 982 1004 in
997 967 1027 1005 se
1041 952 1125 1006 altum
1140 952 1281 1018 babentes,
1297 953 1333 1008 nil
1349 954 1478 1027 rigidum,
1494 956 1545 1013 sed
1562 967 1702 1032 quaesunt

57 1061 108 1101 mm
122 1051 240 1100 nectere
258 1041 338 1106 retia,
360 1038 459 1112 quibus
481 1039 575 1094 lesum
598 1036 735 1109 illaqueet,
757 1037 852 1112 alliget
904 1037 939 1091 ad
953 1037 1085 1095 modestae
1099 1039 1255 1096 humilitatis
1269 1042 1495 1113 compositionem
1511 1046 1630 1118 quodam
1655 1049 1701 1104 di·

57 1133 173 1190 larbam
197 1130 287 1186 Patris
314 1128 400 1184 animi
429 1126 586 1198 affectibus,
614 1126 689 1183 velut
723 1126 852 1182 allatibus
905 1124 1027 1197 sciplinae
1039 1128 1169 1184 exercitio
1183 1127 1316 1185 infractae.

57 1222 188 1279 urrsmm
210 1218 342 1286 includat,
363 1215 496 1272 amatorio
522 1214 646 1271 detineat
675 1230 802 1271 sermone
824 1221 851 1270 et
940 1218 967 1272 ι.
983 1215 1062 1273 Sicut
1075 1218 1218 1287 fragmen,
1232 1216 1329 1290 inquit,
1345 1220 1417 1275 moli
1430 1221 1542 1292 punici,
1568 1226 1608 1281 sic
1624 1241 1702 1298 genoe

10 1324 11 1329 ¹
57 1311 179 1377 delectet,
202 1316 234 1364 ut
251 1308 314 1377 eius
334 1304 474 1378 eloquium
488 1302 568 1360 dulce
589 1303 625 1358 sit
651 1303 687 1373 ei,
706 1306 753 1375 qui
769 1303 852 1358 babet
906 1307 973 1362 tace.
989 1305 1029 1359 dn
1044 1320 1100 1359 non
1113 1304 1161 1359 tibi
1172 1305 1251 1377 quasi
1262 1305 1362 1363 fractas
1377 1308 1506 1366 habuisse
1530 1327 1617 1384 genas
1628 1314 1703 1370 ride·

58 1400 137 1457 rerba
149 1398 213 1455 vitae
224 1403 345 1462 aetemae,
361 1402 390 1451 et
412 1401 456 1449 est
477 1392 598 1449 Verbum
618 1399 763 1458 aeternum,
778 1390 852 1464 quod
906 1400 950 1448 tur
962 1393 1077 1466 illc‚qui
1092 1409 1140 1449 eas
1154 1394 1229 1450 dedit
1244 1396 1469 1467 percutientibus,
1485 1397 1562 1455 dedit
1574 1402 1701 1458 vellenti-

60 1504 115 1545 oum
127 1487 212 1543 Patre
225 1492 254 1541 et
267 1483 371 1556 Spiritu
382 1489 476 1539 sancto
490 1480 555 1539 vivit
570 1490 597 1538 et
613 1481 793 1556 reguatDeus
802 1495 852 1552 per
905 1482 966 1552 bus,
982 1489 1009 1538 et
1023 1498 1079 1538 non
1093 1483 1189 1539 avertit
1199 1485 1438 1557 aconspueutibns
1453 1487 1519 1558 (lac.
1531 1505 1558 1555 a,
1574 1490 1613 1561 6).
1628 1492 1703 1546 Boua

61 1576 146 1632 omnia
159 1574 259 1632 sarcula
276 1571 450 1629 seculorum.
465 1571 566 1628 Amen.
905 1571 1013 1643 quidem
1028 1571 1088 1628 baec
1102 1571 1209 1638 fractio,
1229 1589 1279 1644 per
1297 1589 1378 1645 quam
1392 1573 1505 1630 interior
1519 1577 1604 1648 coepit
1616 1577 1703 1634 virtus

340 1677 456 1734 ggpqqo
479 1676 567 1734 xxv,
905 1658 1038 1729 eminere,
1055 1667 1083 1714 et
1106 1676 1167 1731 quae
1181 1660 1252 1715 intra
1266 1661 1359 1716 carnis
1371 1662 1502 1718 corticem
1516 1665 1701 1722 concludeba-

64 1773 137 1830 Μ
150 1772 342 1844 mmmmm
356 1766 429 1822 „2015
438 1766 553 1838 punici,
569 1765 610 1823 ,pc
624 1783 703 1841 9⁸⁷¹oe
715 1771 782 1835 tare,
798 1774 851 1824 ege,
868 1762 891 1841 g
906 1756 959 1816 tur,
974 1763 1118 1820 erumpere
1132 1748 1229 1818 gratia
1246 1748 1330 1818 Quasi
1346 1749 1487 1807 confracta
1506 1751 1614 1808 videtur
1628 1760 1703 1809 tanta

204 1896 212 1911 ,
340 1839 439 1911 (sont.
464 1853 505 1909 xv,
528 1838 567 1908 3.)
905 1837 1035 1911 dignitas,
1051 1838 1085 1892 ad
1105 1835 1243 1909 passionis
1262 1836 1385 1894 inaniens
1411 1855 1440 1894 se
1463 1838 1549 1910 ipsam
1564 1840 1700 1911 injurias:

97 1935 121 1987 l.
134 1927 221 1999 Quam
235 1943 333 1984 suares
347 1933 419 1992 sunt,
435 1934 524 1998 putas,
547 1941 656 1999 sponsae
677 1942 767 1999 genae,
791 1943 853 2001 quae
906 1926 956 1984 sed
970 1943 1020 1999 per
1035 1927 1093 1982 baec
1111 1923 1162 1982 81
1182 1925 1335 1998 fragmenta
1346 1926 1441 1982 salutis
1455 1943 1485 1984 se
1496 1928 1576 1984 nobis
1590 1929 1703 1986 ubertas

65 2021 148 2075 mandi
165 2025 289 2091 possunt,
306 2032 367 2090 quae
382 2013 500 2071 salubris
514 2014 619 2071 fructus
642 2015 767 2071 obtinent
784 2031 852 2090 gra·
906 2015 1012 2073 eliudit.
1028 2016 1063 2070 Et
1080 2023 1108 2071 tu
1118 2016 1141 2071 si
1156 2015 1308 2087 adimpleas
1318 2029 1419 2087 eaquae
1433 2015 1532 2073 desunt
1545 2018 1704 2090 passionum

65 2109 123 2164 tiam
136 2108 151 2164 l
164 2109 199 2163 lit
212 2121 310 2162 resera
325 2104 408 2161 etiam
417 2104 577 2176 corporales
590 2119 677 2175 genas
690 2104 806 2175 alicujus
816 2105 853 2160 ita
906 2103 1049 2162 christiin
1072 2119 1155 2161 carne
1180 2111 1226 2159 tua
1249 2104 1363 2175 (dolosa.
1379 2120 1398 2172 1,
1416 2107 1472 2178 ut),
1488 2106 1511 2162 si
1525 2116 1617 2179 portes
1631 2107 1703 2183 stig-

66 2207 134 2271 grata
145 2196 396 2253 rideas-venustate
410 2193 533 2260 refertas,
551 2200 580 2248 ut
596 2192 656 2263 ipsa
675 2194 795 2251 exterior
809 2193 851 2249 la·
905 2200 979 2248 mata
997 2192 1095 2248 Christi
1110 2193 1215 2249 lesuin
1230 2201 1406 2264 corporetuo
1421 2195 1493 2267 (Gal.
1509 2212 1549 2263 vr,
1567 2195 1630 2269 17);
1646 2198 1704 2267 jam

67 2287 116 2342 cies
125 2283 285 2341 intuentium
300 2282 407 2338 animos
420 2281 535 2338 reticere
556 2282 653 2354 possit,
669 2291 697 2338 et
720 2283 755 2338 de
779 2283 853 2339 iute-
907 2282 955 2337 tibi
969 2281 1034 2339 dicit
1047 2281 1182 2352 Christus,
1199 2283 1262 2359 quia
1272 2283 1350 2338 sicat
1358 2287 1489 2357 fragmen
1503 2286 1575 2340 moli
1588 2285 1702 2359 panici,

68 2376 124 2430 riori
143 2390 226 2447 quam
243 2371 342 2439 innuit,
367 2371 458 2428 cibare
476 2370 578 2445 gratia.
606 2371 740 2427 venustas
763 2371 853 2428 vultus
906 2373 947 2427 sic
961 2389 1040 2443 penoe
1055 2375 1123 2427 tuoe.
1135 2371 1164 2426 Si
1177 2371 1326 2429 confractae
1341 2379 1414 2442 suut,
1431 2380 1458 2428 et
1472 2374 1551 2446 quasi
1565 2373 1704 2431 crucifixa

69 2472 176 2519 mentem
189 2462 394 2533 interpretatur,
412 2469 439 2516 et
462 2459 533 2516 inter
557 2476 608 2516 nos
627 2459 745 2515 affectus
769 2460 853 2516 iacies
906 2475 986 2532 geuae
1001 2468 1062 2525 tuae,
1075 2459 1099 2515 si
1113 2459 1231 2532 quadam
1245 2460 1372 2516 edomita
1381 2468 1408 2517 et
1418 2461 1534 2517 excultus
1548 2462 1700 2534 disciplina,

68 2551 184 2624 loquitur.
206 2551 290 2607 Vides
313 2566 395 2622 quam
421 2556 622 2621 consequenter
643 2556 705 2620 post
724 2548 854 2604 candidos
907 2563 997 2604 nonne
1013 2548 1061 2603 tibi
1074 2547 1203 2605 uidentur
1216 2548 1290 2605 velut
1310 2548 1445 2623 lragmiua
1467 2550 1612 2620 cujusdam
1636 2550 1703 2605 boui

67 2640 156 2696 dentes
173 2648 201 2696 ct
222 2638 352 2696 coccinea
374 2637 456 2706 labia,
476 2653 607 2713 genarum
621 2637 757 2693 inducitur
777 2654 854 2693 men·
906 2636 1034 2694 fructus?
1052 2637 1087 2691 Et
1101 2636 1128 2691 iu
1152 2637 1382 2709 consequentibus
1402 2637 1436 2692 ad
1459 2653 1589 2709 sponsum
1603 2638 1704 2694 dicitur

67 2731 107 2786 tio.
122 2730 207 2786 Gerae
221 2728 288 2783 satis
301 2743 439 2799 germauae
454 2734 517 2783 sunt
534 2726 622 2794 labiis,
639 2735 666 2782 et
680 2727 746 2799 ipsis
762 2734 854 2784 tacen-
907 2725 1052 2799 quiapeoae
1062 2727 1122 2798 ejas
1132 2725 1207 2782 sicut
1217 2728 1319 2782 orcoloe
1328 2729 1489 2784 aromatum
1498 2726 1594 2799 (dont.
1609 2742 1634 2794 r,
1646 2731 1704 2799 lt),

66 2818 131 2875 tibus
144 2817 266 2891 quodam
279 2815 380 2873 risibili
398 2815 482 2872 verbo
504 2816 603 2871 mentis
620 2831 722 2873 arcana
736 2815 853 2872 demon·
907 2830 939 2872 eo
959 2816 1031 2886 quod
1047 2813 1228 2870 exaratarsint
1242 2820 1269 2870 et
1282 2814 1361 2871 cultae
1376 2821 1403 2870 et
1417 2813 1576 2887 compositae
1590 2829 1702 2871 aroma-

62 2914 153 2966 strant
170 2907 257 2964 Genae
271 2905 338 2979 ipsae
352 2905 426 2962 vocis
441 2921 519 2962 usum
538 2904 662 2975 babent;
688 2912 716 2961 et
738 2904 794 2961 oris
809 2913 855 2962 aut
906 2904 979 2960 tibus
997 2903 1185 2961 confovendis.
1211 2902 1257 2959 Sic
1280 2910 1308 2959 et
1331 2903 1375 2960 bic
1393 2919 1502 2974 sponsas
1524 2918 1609 2976 genas
1634 2903 1705 2961 sicru

61 2997 187 3069 supplent
201 2994 333 3062 officium,
349 3004 396 3050 aut
410 2994 524 3066 amplius
543 3001 685 3051 exornant.
700 2993 854 3063 Quantum·
907 2991 1031 3069 fragma
1045 2992 1109 3049 mali
1127 2991 1220 3065 punici
1234 3007 1296 3048 asse
1310 2991 1385 3050 dicit.
1402 2992 1438 3049 Et
1451 2991 1523 3050 bona
1541 2993 1703 3065 confractio,

61 3086 99 3142 ns
120 3085 206 3142 luerit
229 3084 317 3140 dulcis
340 3091 368 3139 et
395 3082 515 3139 fervidus
538 3099 638 3152 sermo,
663 3099 771 3140 omnem
795 3085 854 3156 ejus
906 3097 958 3154 per
972 3097 1053 3154 quam
1067 3097 1201 3138 noumors
1211 3080 1372 3153 ingreditur,
1385 3081 1703 3154 sedspiritualislructus

56 3175 177 3248 gratiam
203 3188 304 3245 procax
328 3171 417 3230 vultus
436 3180 591 3243 exasperat,
620 3179 648 3228 et
674 3173 782 3230 levitate
806 3189 855 3230 sua
869 3153 892 3234 ὓ
907 3171 1047 3243 specimen
1061 3171 1159 3227 elucet.
1169 3170 1252 3227 Bona
1265 3185 1333 3245 crgo
1349 3187 1437 3243 gena,
1454 3187 1515 3245 quae
1529 3188 1580 3244 per
1594 3170 1703 3227 bumili-

57 3264 159 3338 eloquii
182 3262 345 3336 gravitatem
368 3260 511 3318 imminuit.
547 3261 612 3318 ldec
640 3262 673 3318 de
700 3265 780 3336 genis
807 3277 853 3319 se·
908 3267 989 3316 tatem
1004 3260 1041 3314 ita
1055 3260 1202 3317 conlraetae
1215 3267 1289 3333 suut,
1304 3267 1333 3314 ut
1347 3259 1450 3317 fructus
1459 3260 1562 3317 interni
1574 3275 1631 3316 non
1640 3277 1704 3332 per·

56 3353 162 3425 ᾳιιίιιιι,
185 3352 260 3425 quod
282 3366 377 3408 earum
407 3349 532 3407 modesta
555 3351 697 3406 maturitas
731 3349 855 3409 coccinei
908 3347 983 3415 dant,
999 3347 1048 3405 sed
1070 3349 1160 3422 magis
1179 3348 1296 3419 prodant
1319 3349 1444 3420 gratiam.
1462 3349 1585 3422 Denique
1601 3356 1629 3404 et
1643 3349 1704 3420 ipsa

54 3441 122 3497 labii
136 3440 291 3498 accumulet
303 3439 431 3512 gratiam.
451 3438 576 3513 Denique
599 3439 746 3513 quamdam
760 3456 854 3497 earum
907 3437 980 3492 mala
997 3438 1098 3510 punica
1113 3445 1221 3509 gratam
1244 3436 1359 3492 modesti
1382 3436 1473 3493 vultus
1497 3435 1702 3504 verecundiam,

54 3531 242 3587 maturitatem
269 3531 352 3587 tacite
374 3528 480 3586 videtur
502 3528 633 3598 innuere,
659 3547 727 3603 quas
753 3529 854 3587 fructui
908 3526 1017 3583 corticis
1031 3525 1107 3581 rubei
1126 3526 1219 3581 colore
1232 3524 1389 3595 designaut.
1406 3523 1546 3594 Optimum
1569 3523 1652 3595 plane
1675 3523 1704 3578 in

54 3619 235 3693 comparavit.
249 3620 280 3675 ln
294 3617 430 3675 fructibus
444 3618 518 3674 euim
540 3634 652 3690 sempor
667 3627 746 3690 mata
762 3628 852 3675 matu·
908 3614 1008 3672 Christi
1021 3629 1123 3685 sponsa
1132 3613 1368 3683 decoramentum,
1379 3611 1552 3669 verecundia.
1566 3612 1705 3668 Verecun-

55 3708 133 3764 n'tas.
151 3709 185 3763 Et
208 3707 236 3764 in
254 3706 474 3780 precedentibus
488 3722 576 3780 genas
589 3709 651 3777 ejus
665 3707 811 3780 descripsit
824 3715 855 3764 ut
909 3703 963 3772 dia,
980 3703 1057 3776 quasi
1071 3718 1172 3759 aurora
1187 3702 1323 3776 quadam,
1339 3701 1461 3758 omniurn
1476 3709 1586 3758 actuum
1600 3700 1705 3758 colorat

55 3797 231 3865 tumarisco
253 3796 328 3869 quod
352 3795 419 3851 nibil
440 3795 582 3864 lascivum,
600 3796 667 3852 nihil
691 3797 761 3864 leve,
787 3797 855 3853 nibil
908 3792 1051 3866 principia,
1068 3801 1096 3849 et
1108 3792 1233 3864 uirgineo
1247 3792 1360 3848 virtutes
1375 3791 1496 3864 reliquas
1511 3798 1637 3849 venustat
1650 3806 1703 3863 pu-

55 3887 182 3961 pctulans
205 3885 234 3941 in
250 3887 311 3956 ejus
328 3892 460 3958 appareat
473 3885 558 3953 vultu,
580 3885 630 3941 sed
655 3885 855 3943 desideriorum
909 3882 986 3938 dore.
1002 3881 1173 3939 verecundia
1192 3883 1265 3937 bona
1286 3897 1336 3936 sua
1360 3896 1415 3938 nou
1438 3882 1594 3954 petulanter
1606 3880 1703 3952 jactat,

56 3985 237 4050 astuageuas
250 3973 324 4031 dulci
340 3975 474 4044 gravitate
494 3973 613 4045 dejiciat.
637 3974 761 4031 Allectus
782 3975 854 4032 auxii
909 3970 959 4027 sed
974 3986 1055 4043 parce
1075 3970 1220 4044 eloquitur,
1236 3978 1363 4028 contenta
1386 3970 1505 4028 tenuiter
1528 3969 1662 4040 innuisse,
1677 3975 1706 4026 et

57 4064 157 4121 mltum
178 4063 305 4121 lascivire
327 4077 383 4119 uon
408 4062 511 4132 sinunt,
528 4071 556 4119 et
575 4063 715 4120 amatoriae
737 4064 854 4121 medita-
909 4075 972 4116 cum
985 4069 1065 4137 urget
1078 4061 1237 4118 necessitas.
1252 4062 1316 4117 Jesu
1329 4061 1412 4129 boue,
1425 4068 1528 4133 quauta
1541 4059 1643 4133 ubique
1656 4074 1705 4117 re·

57 4155 143 4210 boues
157 4169 269 4210 omnem
280 4167 297 4209 a
310 4150 390 4226 genis
403 4151 538 4209 levitatem
553 4152 692 4225 ablegant.
708 4153 808 4210 Turtur
817 4155 854 4210 si·
909 4157 1040 4215 recundia
1053 4158 1081 4213 in
1091 4157 1263 4215 sermonibus
1279 4157 1331 4214 tuis
1347 4157 1354 4212 l
1372 4171 1455 4230 quam
1468 4156 1589 4231 propriis
1603 4170 1705 4231 parcus

57 4244 165 4316 quidem
180 4243 240 4299 avis
254 4241 371 4298 sollicita
392 4249 443 4313 est,
470 4241 529 4298 avis
555 4243 735 4314 gemebunda.
760 4242 854 4300 Talem
909 4247 938 4302 in
952 4247 1086 4314 laudibus,
1115 4263 1185 4321 quas
1207 4255 1317 4320 poteras
1340 4245 1508 4303 sufficienter
1531 4245 1633 4319 eloqui,
1649 4252 1705 4301 tam

55 4333 110 4388 mlt
123 4332 225 4388 Paulus
244 4331 380 4403 virginem
400 4347 471 4402 esse,
491 4338 522 4387 ut
536 4331 649 4387 sollicita
669 4333 705 4387 sit
719 4333 853 4405 quomodo
908 4336 970 4392 sine
985 4336 1143 4393 humilitatis
1155 4338 1271 4408 jactura,
1284 4351 1364 4408 quam
1379 4335 1438 4390 siue
1448 4335 1548 4392 damno
1563 4333 1703 4393 ventadsl

52 4423 166 4495 placcat
181 4424 237 4479 llco
249 4420 276 4495 (l
289 4422 349 4480 Cor.
366 4436 416 4489 vn,
432 4420 491 4493 ³2),
507 4436 568 4493 quae
581 4420 672 4477 dicere
689 4421 797 4478 soleat:
816 4424 855 4480 Si·
909 4424 1020 4481 Etcum
1035 4421 1335 4498 propriaexprimerel,
1352 4431 1444 4479 tamen
1459 4437 1559 4479 nomeu
1579 4435 1706 4494 suppres·

55 4512 123 4566 tivit
138 4510 242 4567 anima
255 4526 318 4566 mec
332 4510 368 4566 ud
382 4513 470 4567 neum
483 4513 594 4582 fontem
607 4511 703 4566 viuum
717 4532 727 4581 ,·
742 4512 854 4585 quondo
908 4513 952 4568 sit.
969 4514 1079 4569 Poterat
1087 4512 1195 4585 plenius
1205 4511 1306 4583 eloqui,
1318 4510 1367 4567 sed
1376 4512 1435 4581 ipse
1446 4509 1482 4565 ad
1492 4524 1601 4582 spousae
1611 4521 1705 4563 exem-

53 4603 168 4657 oem'am
182 4605 211 4657 ct
221 4599 360 4672 apparebo
374 4603 442 4658 onte
451 4600 554 4670 facicm
563 4601 677 4657 Domini
693 4600 779 4671 (Psoi.
796 4616 852 4672 xus,
906 4602 983 4676 plum
998 4599 1113 4656 modesti
1127 4598 1239 4672 pudoris
1249 4598 1371 4655 colorem
1382 4596 1539 4670 assumpsit.
1555 4594 1617 4652 Nou
1632 4595 1705 4655 baua

54 4690 93 4760 3).
108 4692 152 4745 An
167 4704 224 4745 uon
240 4688 290 4744 tibi
302 4687 407 4768 ridetur
417 4702 469 4746 vox
479 4690 537 4745 baec
552 4704 615 4745 esse
629 4689 788 4761 gementis?
798 4688 854 4747 Ge·
907 4691 990 4746 modo
1007 4687 1128 4760 praedico
1140 4686 1342 4754 uerecundiam,
1358 4702 1420 4760 qua
1443 4683 1579 4758 corporali
1603 4685 1704 4742 rubore

55 4776 135 4834 unitus
149 4785 215 4834 tuus
229 4776 328 4851 dulcis,
338 4778 523 4850 quemgenuit
538 4793 623 4835 amor.
639 4778 783 4850 Quomodo
797 4796 853 4836 non
908 4779 977 4836 solet
987 4793 1037 4834 ora
1051 4775 1220 4847 suffundere,
1236 4776 1285 4833 sed
1299 4793 1360 4835 eam
1374 4792 1436 4851 quae
1452 4776 1534 4832 totius
1554 4790 1705 4833 couversa-

55 4876 191 4942 graveset
206 4875 322 4923 matura
335 4883 504 4941 geuae,quas
518 4868 709 4940 gemebundus
723 4868 854 4925 iulormat
906 4868 989 4927 tionis
1002 4876 1126 4925 venustat
1144 4867 1256 4925 taciem.
1277 4867 1347 4924 Nam
1377 4867 1446 4924 sicut
1468 4866 1603 4940 corporis,
1620 4865 1657 4920 ita
1677 4870 1706 4921 et
1799 4857 1801 4861 ’

54 4955 190 5014 allatus?
204 4956 331 5012 Gemitus
343 4956 388 5012 isti
403 4973 458 5013 uon
474 4965 577 5012 tautum
597 4958 724 5032 gemitus,
741 4959 789 5014 sed
804 4974 852 5014 re·
908 4959 1120 5016 conversationis
1134 4973 1213 5031 geuae
1228 4966 1292 5014 sunt
1314 4957 1449 5031 quaedem,
1470 4956 1499 5012 in
1517 4956 1617 5028 quibus
1636 4952 1704 5012 nibil

53 5044 180 5102 iectionis
193 5046 309 5118 gratiam
326 5052 429 5102 lenem.
455 5047 572 5114 diludia
589 5047 685 5119 inquit,
704 5063 755 5105 nos
776 5064 853 5123 punc
907 5058 948 5106 est
962 5065 995 5105 co
1015 5049 1108 5106 colore
1138 5048 1252 5125 gratius,
1278 5047 1301 5103 si
1325 5063 1439 5120 operum
1453 5045 1575 5102 omniurn
1595 5041 1704 5097 babitus

53 5131 248 5208 lacrymarum
265 5132 353 5205 (Psoi.
369 5146 468 5200 cxxxx,
485 5134 523 5207 6).
539 5135 575 5191 Ει
588 5135 616 5190 in
634 5135 762 5207 praesenti
781 5137 852 5194 malo
906 5138 1086 5195 bumilitatem
1115 5138 1246 5204 redoleat,
1276 5137 1299 5193 si
1326 5137 1387 5209 plus
1410 5134 1528 5192 occultet
1552 5131 1581 5184 iu
1608 5129 1702 5201 corde,

51 5221 154 5280 Punico
171 5222 265 5295 spousi
278 5237 368 5296 genas
381 5222 520 5291 assimilat,
536 5240 570 5280 co
585 5224 658 5297 quod
678 5226 809 5283 sollicitus
825 5234 853 5283 et
906 5242 988 5302 quam
1002 5235 1120 5285 ostentet
1134 5227 1162 5282 in
1178 5227 1257 5282 facie.
1274 5225 1399 5296 Denique
1413 5231 1441 5281 et
1454 5225 1499 5280 luc
1512 5220 1578 5278 dicit
1595 5239 1601 5279 :
1621 5220 1704 5279 Sicut

51 5310 203 5369 aratorius
218 5311 338 5369 allectus
361 5316 479 5390 cognata
501 5313 618 5386 quadam
641 5315 808 5384 maturitate,
824 5324 852 5374 et
904 5320 1035 5392 tropaeo
1042 5316 1112 5374 moti
1120 5316 1231 5390 panici,
1248 5313 1289 5370 sic
1302 5329 1381 5385 penae
1392 5318 1460 5384 tuce,
1471 5311 1575 5386 absque
1585 5312 1705 5369 occultis

51 5402 154 5459 uultum
170 5401 280 5471 vestiat,
295 5410 323 5459 et
337 5401 410 5460 cibet
424 5402 571 5460 intuentes.
587 5403 723 5460 Relucens
737 5405 810 5461 enim
822 5405 852 5465 in
907 5411 974 5465 tais.
990 5408 1071 5466 Bonae
1085 5421 1174 5486 genae,
1190 5420 1250 5478 quae
1263 5401 1335 5460 sicut
1347 5401 1525 5460 nibilhabent
1534 5399 1703 5475 simulatum,

49 5489 119 5553 baia
132 5491 238 5552 ments
250 5491 352 5567 gratim
367 5490 489 5552 amate
501 5492 582 5566 quasi
599 5493 698 5566 reficit,
715 5492 779 5554 dum
791 5494 853 5555 dul·
906 5495 944 5556 ita
956 5498 1072 5557 multum
1085 5497 1189 5557 habent
1201 5493 1368 5555 occultatum
1383 5508 1390 5554 :
1407 5509 1468 5567 qua
1482 5491 1554 5552 sicut
1567 5490 1633 5549 nibil
1650 5490 1704 5550 tia·
