3706 5962
54 214 113 278 737
752 205 837 267 lllls
856 199 1009 267 nistret.
1650 219 1704 283 738

54 341 114 398 tius
127 338 220 396 mundi
247 333 400 393 machinam
422 331 575 390 fabricatori
593 348 643 390 sno
678 332 853 405 compatien-
871 336 1013 426 gotomm
1027 345 1178 389 mereamur
1192 332 1336 408 introduci,
1347 351 1400 409 quo
1413 336 1473 408 ipse
1483 337 1606 398 Christus
1620 352 1702 418 capnt

56 439 125 497 tem,
155 436 222 484 tetra
253 426 370 498 caligine
407 423 565 480 inuolutam.
592 421 701 494 Videat,
731 423 851 490 inquam,
910 424 1032 474 nostrum
1046 422 1196 493 praecessit,

56 521 127 584 baec,
142 526 168 574 et
182 525 261 572 tantae
277 513 426 571 turbationi
441 512 610 569 serenitatem
633 511 719 568 tertie
740 510 807 579 diei,
828 518 856 567 et
950 515 1010 568 173.
1026 510 1155 581 Quintum
1170 514 1239 569 botri
1253 514 1338 570 nostri
1352 515 1571 589 granumeissio
1587 520 1703 593 Spiritus

57 610 221 680 insperatam
235 604 356 660 letitiam
377 601 524 657 laetissimae
541 599 746 656 resurrectionis
769 616 854 655 anne·
908 601 994 658 sancti
1009 610 1059 658 est.
1075 599 1139 668 Quis
1164 600 1256 658 vinum
1272 603 1498 672 jucundissimum
1522 606 1603 677 liujus
1624 611 1703 682 grant

57 706 113 754 etat
127 695 311 766 recogitetque
331 689 501 762 propensius,
526 705 588 745 cnm
607 699 706 759 quanta
733 690 854 744 exsulta·
908 692 993 747 valeat
1007 688 1160 759 explicare?
1177 689 1285 759 Vinum,
1310 690 1430 764 inquam,
1447 701 1483 758 et,
1500 693 1523 748 si
1539 696 1624 769 magis
1641 700 1705 768 pla.

58 787 133 840 tione
152 781 318 852 susceperint
333 778 480 835 Dominum
496 794 511 833 a
527 776 639 832 mortuis
654 786 852 850 resurgentem,
908 788 960 846 eet,
975 789 1099 833 mustum.
1111 776 1172 832 lior
1187 777 1260 833 enim
1273 787 1383 850 accepto
1398 780 1432 836 ab
1445 781 1583 851 Apostolis
1601 792 1629 839 er
1643 784 1705 843 3111,

58 889 142 942 quem
165 887 228 929 eum
259 867 362 944 ingenti
390 866 496 921 tristitia
527 864 649 921 videraut
681 865 851 920 morientem.
906 867 1029 940 quicum
1051 867 1091 921 eis
1118 873 1195 921 erant
1220 868 1450 939 exspectantibus.
1480 869 1582 942 Spiritu
1612 883 1706 933 sancto

58 961 128 1018 vide
154 976 216 1016 cum
239 965 337 1029 quanta
362 955 528 1027 jucunditate
559 953 802 1026 recompensaverit
824 953 853 1008 in
907 953 1030 1010 inebriati
1044 959 1117 1025 sunt,
1132 963 1323 1012 eructaverunt
1339 957 1449 1012 terbum
1463 958 1576 1027 bonum,
1605 960 1704 1033 loque.

58 1049 258 1107 resurreetione
271 1044 412 1116 discipulis
430 1042 485 1098 suis
500 1042 634 1099 tristitiam
649 1042 732 1112 illam,
747 1052 774 1099 et
787 1059 852 1098 san-
909 1043 1008 1099 bantur
1030 1042 1112 1099 variis
1139 1041 1239 1116 linguis
1270 1045 1404 1114 magnalia
1429 1046 1488 1104 Dei.
1517 1049 1588 1104 Ante
1611 1049 1707 1110 timore

59 1138 206 1196 ctissimam
222 1144 350 1192 extremae
360 1130 533 1189 comestionis
551 1147 608 1186 suaa
626 1146 744 1201 eoenam,
757 1131 785 1186 in
802 1146 857 1204 qua
909 1130 1068 1196 absconditi,
1088 1146 1160 1185 nunc
1185 1141 1363 1187 cucurrerunt
1391 1134 1486 1192 foras:
1512 1151 1566 1191 non
1592 1137 1650 1206 iam
1667 1140 1706 1193 fi.

58 1227 145 1283 dixit:
161 1226 222 1282 Non
235 1220 667 1291 bibamamododepeneretione
681 1220 856 1284 vitiatorem
909 1225 1035 1275 mucmnt
1064 1233 1160 1289 aquam
1183 1217 1276 1290 populi
1305 1219 1452 1288 frementis,
1481 1223 1621 1280 charitatis
1645 1226 1707 1300 igne

58 1307 857 1380 bibomiltamvobircnmnonam(ldottb.xxvr,29).liccn
909 1305 1135 1364 scommatum
1161 1321 1212 1378 pro
1236 1313 1309 1363 certo
1330 1310 1500 1379 experientes
1520 1328 1612 1370 verum
1634 1329 1706 1384 erse,

55 1404 116 1475 J'am
140 1418 211 1459 nunc
223 1402 370 1458 resurrexit
384 1399 411 1453 in
431 1397 515 1468 gloria
531 1396 597 1453 Vitis
616 1411 705 1454 tora:
725 1397 855 1454 comedit·
909 1396 984 1468 quod
1011 1394 1141 1466 seriptum
1171 1403 1229 1452 est:
1254 1397 1340 1470 Aqooe
1360 1399 1460 1455 mette
1477 1406 1707 1474 acupenserem
1802 1433 1809 1443 ι

60 1508 116 1564 que
130 1502 157 1548 et
181 1490 249 1546 bibit
263 1505 324 1547 cum
339 1487 440 1543 eisdem
456 1484 597 1557 discipulis
611 1500 673 1542 cum
688 1485 787 1559 gaudio
802 1503 858 1542 ma·
910 1486 1090 1558 restinguere
1104 1481 1285 1551 charitatem,
1305 1491 1334 1543 el
1345 1488 1467 1557 flumina
1483 1504 1542 1546 nore
1553 1490 1709 1550 obruerant

60 1580 134 1635 ximo
155 1578 251 1651 procul
275 1577 370 1642 dubio,
397 1588 482 1646 seque
506 1573 690 1629 dubitantibus
719 1573 856 1648 aliquibus
910 1573 1096 1644 illacrimarit.
1124 1573 1472 1645 mrr,7).1rrueruntenirn
1487 1577 1576 1635 ineos
1597 1579 1709 1637 flumina

60 1668 205 1724 videndum
218 1667 319 1738 pariter
332 1661 534 1734 attengendum
548 1659 678 1718 exhibuit.
912 1669 1085 1734 potestatum,
1100 1660 1235 1718 fluxerunt
1249 1677 1325 1734 aquae
1339 1663 1480 1736 populosa
1500 1667 1682 1724 multitudinis
1698 1687 1705 1728 :

99 1758 161 1812 l'll.
176 1755 230 1811 Nec
256 1763 329 1825 putet
352 1751 506 1825 quisquam,
527 1749 601 1822 quod
626 1749 802 1806 resurrexerit
824 1751 857 1806 ed
911 1747 1127 1807 flaveruntvcnti
1145 1764 1177 1805 ac
1196 1748 1321 1820 procellae
1345 1753 1595 1824 comminationum,
1621 1753 1708 1814 499

61 1932 110 1987 toti
140 1931 248 1997 mundo,
283 1928 441 1985 beatificans
459 1941 563 1992 omnes,
579 1921 625 1998 qni
657 1927 780 1999 quamvis
802 1941 858 1982 non
912 1925 967 1982 imo
981 1926 1061 1982 etiam
1082 1932 1175 1982 auctus
1197 1931 1249 1981 est.
1265 1926 1340 1983 lhant
1354 1928 1427 1984 enim
1440 1930 1567 2000 Apostoli
1585 1932 1709 2006 ganden-

59 2019 180 2088 videam,
203 2016 316 2074 credunt
343 2027 432 2073 tamen
449 2013 538 2085 ipsum
553 2030 663 2086 passum
689 2013 774 2071 fuisse
794 2029 858 2086 pro-
911 2023 953 2072 tea
974 2021 1121 2086 conspectu
1144 2014 1263 2085 concilii,
1286 2017 1418 2088 quoniam
1439 2018 1515 2091 digni
1539 2018 1623 2077 babiti
1647 2030 1709 2079 sunt

58 2115 122 2180 pter
134 2107 232 2162 delicta
247 2112 352 2171 nostra,
370 2111 397 2159 et
419 2104 608 2159 resurrexisse
631 2111 741 2175 propter
763 2103 859 2175 justiti.
911 2118 962 2175 pro
976 2103 1086 2159 nomine
1100 2102 1196 2159 Christi
1216 2104 1408 2161 contumeliam
1428 2107 1483 2177 pati
1500 2108 1574 2178 (Act.
1600 2126 1627 2176 tr,
1650 2112 1707 2185 tt).

57 2195 194 2253 cationem
215 2200 336 2250 nostram
350 2194 438 2262 (Rom.
462 2207 501 2260 rt,
517 2193 580 2260 25);
605 2190 703 2263 quibus
716 2193 857 2260 docemur,
911 2191 959 2246 Est
973 2201 1064 2246 autern
1082 2197 1177 2246 auctus
1195 2190 1266 2265 ignia
1284 2192 1436 2264 charitatis,
1451 2194 1577 2266 pluribus
1592 2213 1642 2269 per
1662 2215 1709 2256 eo-

59 2284 189 2356 quoniam
209 2282 231 2337 si
247 2282 312 2337 socii
337 2280 468 2337 fuerimus
482 2279 626 2351 passionis,
650 2280 791 2337 erimnset
811 2295 857 2336 re-
913 2294 974 2335 rnm
988 2279 1209 2352 predicationem
1233 2279 1367 2351 accensis,
1391 2288 1417 2337 et
1442 2283 1547 2350 eadem,
1572 2300 1626 2357 qna
1654 2287 1708 2358 ipsi

56 2370 249 2439 surrectionis;
266 2379 292 2425 et
306 2381 336 2425 ut
351 2383 404 2423 non
423 2368 582 2422 dubitemus
602 2368 724 2424 mortalia
745 2382 859 2440 corpora
913 2368 1053 2434 ardebant,
1065 2367 1233 2437 iucunditate
1255 2368 1406 2425 succensis.
1432 2370 1486 2427 Sed
1511 2372 1579 2444 qnid
1601 2374 1709 2431 aiebant

59 2468 153 2516 nostra
166 2457 373 2514 resurreetlonis
387 2455 476 2527 gloria
495 2454 675 2522 sublimanda,
694 2471 755 2511 cum
778 2463 859 2528 capnt
911 2454 998 2511 tadei
1025 2455 1144 2513 omnium
1172 2455 1304 2513 bonorum
1332 2456 1501 2515 increduli?
1529 2461 1627 2529 narn,
1662 2463 1708 2518 in·

60 2556 184 2606 nostrum
207 2558 294 2603 morte
322 2545 481 2617 turpissima
508 2545 717 2602 condemnatum
737 2559 859 2601 resurre·
912 2544 1103 2617 quiunt,plent'
1115 2549 1194 2611 sont,
1205 2546 1279 2617 (Act.
1294 2561 1325 2612 tr,
1342 2547 1396 2615 ta).
1411 2547 1571 2605 blentientes
1584 2559 1611 2606 et
1626 2551 1708 2625 igno·

59 2638 135 2694 aisse
150 2638 300 2693 credamus.
316 2637 385 2691 Nam
400 2634 471 2690 sicut
484 2634 512 2688 in
526 2632 614 2689 Adam
628 2648 723 2690 omnes
739 2634 859 2690 morian·
912 2641 1004 2689 rantes
1019 2648 1111 2691 rernm
1121 2633 1257 2689 ducrum.
1271 2633 1361 2691 blasto
1379 2635 1480 2709 quippe
1503 2636 1550 2694 illo
1570 2640 1709 2698 nobilissi-

45 2735 116 2792 ιιι,
131 2725 168 2781 ita
182 2732 209 2779 et
222 2724 250 2778 in
265 2724 372 2779 Christo
388 2738 485 2780 omnes
498 2721 715 2779 nufimnunmr.
729 2722 857 2778 Primitioe
911 2735 956 2776 mo
970 2720 1107 2778 charitatis
1120 2720 1182 2794 Dei,
1197 2720 1252 2778 imo
1267 2722 1395 2778 charitate
1417 2725 1474 2780 Deo
1497 2726 1595 2799 repleti
1621 2739 1708 2800 erant,

60 2816 137 2870 enim
163 2812 355 2869 dormientium
378 2812 501 2868 Christus
515 2825 522 2863 ι
538 2810 638 2868 deinde
663 2811 691 2867 bi
719 2810 766 2885 qui
794 2821 858 2867 sunt
910 2809 1094 2866 inflammante
1108 2810 1142 2866 ad
1162 2825 1290 2877 amorem,
1312 2818 1340 2867 et
1357 2811 1529 2871 confortante
1543 2815 1619 2888 ipsos
1637 2833 1707 2875 con·

58 2901 214 2970 christiin
234 2901 421 2969 adventnejus
436 2897 463 2971 (l
478 2900 538 2958 Corn
554 2914 601 2966 xv,
625 2899 742 2972 aa„23),
759 2899 807 2971 qui
822 2897 857 2953 ad
872 2904 896 2987 g
913 2905 954 2954 tra
982 2898 1115 2956 timorem.
1142 2898 1219 2956 Unde
1240 2899 1310 2956 sient
1333 2909 1451 2958 mustum
1478 2919 1534 2960 non
1555 2905 1654 2974 patitur
1677 2923 1708 2966 sa

59 2989 215 3061 exemplum
234 2988 333 3044 Christi
348 2987 567 3061 resurgentis,ad
582 2987 697 3061 gloriam
712 2987 784 3044 ultra
804 3001 860 3043 non
913 2986 1043 3044 contineri
1055 3002 1072 3042 a
1084 3002 1160 3056 rese,
1184 2987 1237 3044 nisi
1266 2988 1385 3046 foramen
1409 2990 1516 3060 habeat,
1545 2995 1617 3053 unde
1644 3013 1708 3068 pro-

58 3077 186 3136 morituri
201 3086 356 3149 resurgent.
802 3130 805 3136 ,
912 3084 1030 3150 mmpat,
1055 3077 1094 3134 sic
1111 3078 1145 3133 ab
1173 3079 1286 3135 istorum
1306 3078 1388 3136 corde
1410 3095 1459 3151 per
1482 3096 1531 3138 ora
1555 3098 1650 3142 eorum
1675 3103 1706 3145 se

100 3171 162 3223 lli.
178 3167 225 3222 list
240 3175 267 3222 et
281 3165 401 3222 amasio
415 3181 529 3238 grarmm
549 3165 578 3220 in
596 3165 675 3223 botro
694 3166 860 3238 redemptio·
911 3174 1029 3224 mustum
1043 3165 1159 3238 Spiritus
1173 3166 1265 3223 Sancti
1278 3167 1469 3238 manifestarit,
1489 3170 1626 3244 loquentia
1644 3191 1706 3232 ma-

62 3258 106 3314 nis
125 3272 173 3329 per
197 3257 348 3328 passionem
368 3253 460 3326 factae3
490 3253 568 3311 dulce
594 3254 704 3326 quidem
730 3269 858 3327 granum,
912 3255 1002 3328 enata
1037 3254 1087 3310 Dei
1119 3269 1182 3311 cum
1208 3255 1324 3312 mirabili
1351 3257 1516 3328 eloquentia.
1542 3261 1603 3317 Non
1632 3266 1705 3320 enim

61 3345 212 3417 plurimum
227 3347 253 3399 in
269 3359 298 3400 se
312 3344 453 3401 continens
472 3343 634 3413 dulcedinis,
661 3342 761 3398 faciem
789 3359 859 3417 gau·
912 3342 1034 3415 impedit,
1048 3343 1096 3398 sed
1110 3343 1225 3413 expedit
1238 3342 1357 3416 lingnam
1383 3345 1495 3401 haustus
1508 3349 1588 3404 musti
1601 3351 1683 3422 hujus
1698 3370 1705 3408 :

61 3434 137 3491 dium
151 3436 227 3492 coelis
241 3441 268 3489 et
288 3433 378 3489 terris.
409 3431 477 3502 Quis
504 3431 576 3487 enim
600 3431 703 3488 dnbltet
730 3433 858 3503 gaudium
913 3430 1022 3485 utillud
1037 3429 1172 3500 poeticum
1186 3445 1280 3487 rerum
1297 3432 1459 3489 inveniatur.

62 3539 192 3596 aramum
208 3523 306 3580 factum
322 3521 473 3592 discipulis,
498 3536 560 3577 cum
583 3535 646 3575 eum
669 3528 698 3575 ut
722 3518 856 3575 bominem
965 3519 1290 3592 Fccnndicolicesqrtem
1308 3524 1468 3594 confecere
1481 3524 1653 3586 disertum?

62 3613 187 3670 viderent
200 3613 322 3671 coelestia
333 3618 515 3682 penetrantem
525 3607 661 3665 lStabant
669 3607 768 3663 animis
776 3607 858 3663 simul
1016 3607 1134 3679 (donar.
1150 3608 1240 3681 Epist,
1257 3608 1305 3667 lib.
1324 3624 1344 3668 ι.
1360 3611 1440 3683 epist.
1461 3614 1490 3682 5,
1505 3629 1579 3671 vers.
1595 3619 1652 3689 tt.)

62 3709 91 3759 et
105 3703 234 3759 cordibus
262 3702 289 3757 in
304 3702 401 3758 coelnm
429 3700 535 3771 erectis,
561 3697 643 3754 animi
669 3699 712 3754 sui
729 3696 859 3770 gaudium
912 3696 1054 3754 Fecundus
1068 3710 1133 3754 rero
1146 3695 1214 3753 calix
1228 3696 1335 3753 Domini
1349 3708 1378 3754 et
1392 3701 1537 3770 praeclarus
1556 3703 1707 3766 inebriare-

62 3805 118 3847 non
133 3792 289 3864 capientes:
305 3791 354 3847 sed
369 3790 396 3846 in
412 3804 478 3847 voce
489 3787 660 3860 jubilationis
676 3788 751 3844 eunti
764 3787 859 3845 Domi-
914 3795 956 3842 rat
968 3801 1017 3842 eoa
1034 3803 1041 3855 ;
1056 3785 1129 3858 quia,
1142 3786 1213 3842 sicut
1225 3785 1264 3842 ait
1277 3787 1427 3858 apostolus,
1451 3791 1566 3849 charitas
1585 3794 1636 3851 Dei
1649 3796 1707 3854 dif-

62 3895 100 3936 no
118 3883 292 3954 gratulantes.
315 3878 463 3935 Exsultarit
481 3877 575 3949 procul
597 3875 680 3932 dnbio
694 3884 721 3933 et
734 3875 835 3933 coelum
850 3892 858 3929 ι
913 3873 973 3930 fusa
983 3882 1039 3930 erat
1053 3875 1080 3929 in
1093 3874 1220 3931 cordibus
1233 3890 1327 3933 eoram
1337 3877 1428 3948 (lions.
1443 3895 1471 3949 v,
1488 3882 1527 3954 5).
1544 3883 1597 3939 Sed
1612 3885 1709 3944 riden-

61 3968 294 4027 omncsvidelicet
307 3967 473 4039 Angelorum
487 3966 563 4023 chori
573 3977 723 4039 purpurato
737 3979 787 4021 suo
801 3966 861 4022 Ilo-
914 3971 958 4021 tur
973 3963 1064 4021 verbis
1079 3963 1178 4020 nostris
1190 3965 1273 4022 rerba
1286 3965 1359 4022 Petri
1371 3971 1518 4039 contraria,
1537 3971 1584 4043 qui
1611 3973 1710 4033 haustu

62 4059 139 4114 mino
154 4065 256 4110 nostrae
274 4054 363 4111 carnis
377 4056 469 4112 trabea
484 4062 667 4121 occurrentes,
698 4060 726 4110 et
753 4069 862 4112 summa
915 4053 978 4109 nori
997 4052 1285 4124 mustiandaxfactna,
1300 4053 1425 4125 jamnon
1446 4059 1534 4115 solum
1549 4075 1604 4118 non
1619 4062 1710 4122 timuit
1807 4050 1812 4059 ⁵

63 4162 127 4202 cum
142 4143 221 4198 laude
236 4158 371 4197 summum
386 4142 565 4214 suscipientes
579 4142 720 4199 rictorem.
741 4140 821 4211 Quod
837 4144 861 4200 si
876 4179 901 4259 Β
915 4143 999 4202 rerba
1018 4142 1140 4198 mulieris
1157 4143 1329 4215 cujusquam,
1345 4151 1374 4200 ut
1387 4152 1467 4214 ante;
1489 4147 1538 4204 sed
1562 4166 1612 4208 nec
1625 4153 1710 4211 rerba

62 4236 93 4292 in
111 4231 264 4301 uniusjusti
279 4229 338 4285 sine
364 4230 490 4302 martyris
504 4231 602 4286 animae
629 4231 747 4288 adventu
771 4231 861 4289 omnis
917 4230 1077 4303 principum.
1098 4231 1149 4288 llic
1162 4247 1227 4304 ergo
1241 4233 1373 4301 objiciens
1387 4250 1416 4290 se
1432 4235 1462 4290 in
1485 4237 1604 4294 medium
1631 4241 1709 4316 dixit,

64 4324 233 4395 Angelorum
248 4320 366 4376 exsultat
383 4320 498 4391 ehorns3
514 4326 646 4391 quantum
661 4326 741 4391 putas
760 4320 860 4378 insin·
914 4320 1059 4392 discipulos
1073 4319 1257 4376 ebriosnona
1272 4320 1344 4378 vino.
1375 4322 1428 4379 Sed
1456 4324 1598 4382 audiamus
1630 4331 1711 4387 rerba

63 4412 167 4487 gularis
189 4411 231 4466 sui
251 4409 427 4480 Imperatoris
447 4408 567 4464 adventu
592 4407 713 4463 omnium
736 4408 863 4465 ordinum
916 4407 1001 4480 ipsius
1012 4409 1113 4479 optime
1131 4407 1268 4465 distincta.
1284 4409 1443 4478 Nemesim,
1459 4411 1556 4485 inquit,
1576 4413 1652 4473 stem
1665 4433 1712 4478 vor

63 4503 177 4574 spiritns
186 4501 362 4557 exsultasse?
381 4499 504 4556 Humano
519 4496 603 4571 igitur
613 4495 751 4553 intellectu
765 4499 800 4552 ad
814 4499 865 4554 hu·
917 4495 1079 4563 estimato,
1093 4494 1125 4549 bi
1134 4495 1207 4551 ebrii
1221 4500 1292 4553 sont
1315 4496 1388 4568 (Act.
1418 4512 1449 4565 rr,
1476 4501 1531 4570 ta).
1556 4501 1618 4558 Non
1639 4505 1712 4562 eninr

63 4594 111 4664 jus
126 4591 211 4646 laudis
237 4598 264 4645 et
294 4587 387 4663 gaudii
413 4587 629 4662 magnitudinem
659 4587 862 4657 succumbente,
917 4595 1006 4641 musto
1022 4595 1131 4641 terreno
1149 4583 1217 4639 ebrii
1232 4593 1306 4655 sunt,
1326 4585 1397 4642 sicut
1414 4588 1713 4661 vosputatia,scdcoe·

66 4679 231 4754 gaudeamus
239 4684 266 4733 et
279 4693 338 4745 nos,
353 4676 523 4734 dulcedinem
539 4675 619 4746 hujus
633 4675 712 4749 grani
738 4673 864 4730 recolen·
918 4673 980 4728 lesti
998 4671 1111 4743 Spiritu.
1135 4671 1295 4730 Hauriamns
1316 4672 1398 4745 igitur
1419 4684 1446 4732 et
1467 4693 1527 4746 nos,
1551 4680 1713 4756 maetenni,

67 4767 310 4831 damadmirandn,
325 4766 465 4838 diligendo
486 4782 625 4841 sugamus,
651 4764 814 4820 exsultantes
837 4763 866 4818 in
919 4761 1032 4817 devino
1053 4760 1251 4832 jucundissimo
1273 4764 1350 4836 grani
1374 4764 1464 4836 hujus.
1487 4765 1599 4836 Quodsi
1617 4772 1661 4829 vei
1685 4773 1714 4831 in

68 4855 171 4926 Spiritu
185 4865 278 4911 sancto
293 4871 344 4926 pro
360 4871 393 4911 eo
407 4855 481 4927 qnod
506 4855 595 4911 carnis
615 4862 718 4911 nostrae
734 4853 824 4926 portio
839 4857 867 4907 in
920 4866 975 4923 quo
990 4851 1158 4920 hauriamus,
1175 4849 1277 4908 scilicet
1299 4868 1346 4912 ras
1364 4852 1523 4923 intellectus,
1549 4873 1603 4916 non
1625 4861 1712 4917 habe·

67 4944 226 5000 dulcissimo
253 4943 369 5000 Domino
397 4944 425 4998 in
454 4958 562 5001 summo
600 4944 740 5000 Trinitatis
768 4943 867 4999 throno
919 4957 981 4997 mus
997 4958 1005 5009 ;
1020 4955 1162 4997 curramus
1180 4955 1242 4997 cnm
1262 4942 1341 5014 plena
1364 4943 1463 5001 fidncia
1485 4947 1519 5002 ad
1546 4946 1714 5021 singularem

68 5033 294 5091 excellentissime
319 5036 355 5091 sit
381 5036 528 5105 collocata,
559 5034 734 5091 intendentes
757 5035 865 5090 animos
919 5039 1040 5088 nostmm
1059 5046 1090 5087 ae
1105 5030 1248 5102 providum
1264 5033 1442 5105 conditorem,
1458 5035 1536 5106 cnjns
1553 5035 1714 5109 figmentum

68 5129 187 5194 nostros,
199 5128 569 5195 quantumpossumns,post
581 5123 708 5194 ipsamet
723 5123 862 5198 inipsum,
918 5137 1020 5189 sumus,
1040 5135 1204 5192 oremusque
1227 5128 1258 5177 nt
1272 5138 1318 5177 aas
1341 5124 1438 5180 formet
1466 5125 1493 5180 in
1512 5126 1600 5180 anima
1623 5138 1715 5186 nostra

67 5211 121 5284 ipsi
135 5211 162 5268 in
176 5213 335 5269 humilitatis
349 5212 444 5284 spiritu
455 5211 645 5283 supplicantes,
662 5220 796 5281 qnatenus
812 5227 864 5268 nos
918 5209 1000 5281 hujus
1014 5209 1164 5266 dulcissimi
1175 5208 1257 5264 musti
1271 5223 1355 5279 capax
1368 5225 1375 5265 :
1386 5218 1416 5267 nt
1426 5221 1518 5268 nostro
1533 5215 1713 5289 consolatore,

68 5308 131 5372 post
145 5316 175 5358 se
191 5302 297 5359 trabere
312 5301 450 5375 dignetur,
468 5309 499 5358 ut
517 5299 643 5358 inodora
662 5307 863 5373 ungnentorum
919 5297 1020 5370 Spiritu
1033 5297 1130 5371 gratiae
1143 5295 1307 5368 septiformis
1321 5305 1444 5370 accepto,
1460 5299 1637 5360 multiformes
1651 5312 1715 5363 ten·

68 5389 156 5462 ipsius
170 5403 320 5461 currentes,
336 5392 364 5447 in
378 5391 425 5447 illa
438 5392 557 5459 cellaria,
572 5389 600 5445 in
615 5388 689 5444 illam
708 5402 863 5460 supremam
920 5386 1012 5444 tatoris
1026 5383 1173 5443 adversarii
1195 5383 1282 5441 nostri
1296 5385 1406 5458 laqueos
1420 5387 1575 5462 eradamus,
1591 5401 1617 5448 et
1631 5395 1716 5466 pedes

69 5480 230 5553 apothecam
242 5491 404 5553 aromatum,
432 5480 460 5538 in
474 5479 520 5536 illa
535 5477 663 5536 interiora
685 5478 783 5536 Sancta
797 5492 862 5538 san·
919 5473 1068 5534 affectuum
1090 5481 1244 5550 noptrorunr
1258 5472 1285 5530 in
1299 5473 1443 5549 compedes
1455 5476 1594 5554 sapientise
1606 5479 1716 5564 injicia7
