3706 5962
154 206 220 268 1231
705 193 1240 258 mannamuoasusvrvnvnr.
1738 198 1805 260 saar

157 335 210 403 Qui
235 332 417 403 disciplinam
440 325 568 400 despicit,
577 323 692 397 'peccat
711 323 765 391 Qui
786 321 951 380 custodierit
964 341 988 420 Ι
1002 323 1102 394 cipere,
1117 323 1163 395 qui
1182 338 1230 394 per
1257 322 1456 394 increpationes
1478 330 1506 377 ct
1528 320 1724 395 castigationes
1739 339 1805 382 suaa

154 420 347 494 disciplinam,
364 418 491 474 incantet
504 415 604 471 ailam.
624 413 676 480 Qui
688 427 752 468 aero
766 410 949 484 disciplinam
1002 411 1129 467 auferunt
1143 428 1158 465 a
1172 411 1252 466 nobis
1268 413 1392 482 proprias
1407 410 1571 481 voluntates,
1587 421 1614 467 et
1638 412 1738 468 mnndi
1758 429 1804 470 cu-

153 501 947 570 nolocrt'tcastodirc,invcnialmarlcm(hannibal).
1002 499 1139 571 piditates.
1156 499 1233 555 Unde
1257 500 1285 556 in
1309 500 1428 557 Canticis
1447 502 1614 557 canticorum
1635 503 1672 558 de
1699 500 1805 559 eisdem

153 588 948 670 Epcstcsctipnominiaerililthaldescrildisciplinam.
1001 588 1121 660 praelatis
1134 588 1256 646 Ecclesia
1270 589 1311 646 vel
1335 589 1461 662 quaelibet
1488 589 1575 646 tidelis
1596 592 1685 647 amica
1708 591 1804 647 dicit:

140 722 144 729 ·
158 688 369 760 Qaiacqaicscll
380 677 814 762 castiqantiqloriabilnr(l'rov.
825 693 884 744 sur,
894 679 948 748 lt).
1003 680 1177 736 Invenerunt
1187 694 1230 734 mc
1243 678 1370 736 costodm
1384 680 1432 752 qai
1446 680 1611 736 custodiant
1637 681 1805 748 ciuitatem

155 776 268 833 Stultus
283 774 385 831 irridet
404 772 589 844 disciplinam
600 768 693 840 patris
710 769 766 824 sni.
785 768 838 836 Qui
851 769 949 825 aulem
1001 771 1201 837 percusserant
1219 782 1275 833 mc,
1290 772 1319 823 et
1338 767 1560 825 vulneraverant
1580 784 1642 825 mc:
1668 771 1805 826 tuterunt

153 863 276 921 custodit
291 860 509 933 increpationes,
520 859 633 930 sapiens
644 855 785 927 ssllPrau.
797 854 949 926 xv,5l.l’lus
1001 855 1074 911 mibi
1081 856 1207 928 palliam
1217 872 1314 914 meam
1327 855 1452 914 casladss
1461 872 1610 914 morarum
1620 855 1721 928 (Cant.
1730 859 1801 926 ιι).

152 953 260 1025 proiicit
295 950 423 1022 cogitatio
444 948 545 1020 linguae
573 946 643 1016 apud
667 946 837 1015 prudentem,
867 959 946 1015 quarn
1001 941 1054 998 Per
1065 943 1191 1000 custodes
1204 943 1321 1000 civitatis
1337 943 1513 1017 intelligimus
1527 945 1663 1014 praelatos,
1678 947 1730 1016 qui
1744 953 1801 1001 sta·

153 1051 259 1096 centum
274 1038 361 1110 plagae
385 1035 455 1106 apud
472 1034 594 1089 stultum.
615 1032 660 1088 Vir
678 1033 790 1104 sapiens
816 1036 844 1086 al
860 1031 947 1089 disci·
1000 1038 1057 1086 tum
1072 1042 1173 1088 sancta
1187 1031 1318 1088 Ecclesiae
1331 1033 1496 1098 custodiunt,
1512 1033 1558 1106 qui
1578 1033 1663 1089 etiam
1679 1034 1802 1090 animam

151 1128 281 1200 plinataa
291 1142 349 1182 non
357 1120 688 1179 marmora-litadvcraas
696 1136 761 1177 cam
771 1121 819 1192 qni
826 1122 947 1192 castigat
1001 1117 1105 1175 fidelem
1129 1122 1282 1190 inveniunt,
1296 1136 1412 1192 eamque
1425 1121 1483 1177 suia
1508 1121 1757 1193 predicationibus
1777 1136 1803 1179 et

153 1217 238 1272 illum
255 1214 353 1283 (Ecali.
383 1229 409 1283 r,
424 1210 481 1282 28).
502 1212 604 1265 Tamen
623 1208 762 1280 castigatio
789 1209 870 1264 debet
886 1226 946 1264 asse
999 1208 1230 1265 exhortationibus
1252 1218 1334 1280 atque
1365 1209 1447 1265 minis
1464 1211 1629 1280 percutiunt,
1654 1221 1683 1266 et
1709 1227 1804 1267 amore

153 1305 303 1360 moderata.
319 1301 396 1359 Unde
420 1302 514 1356 beatus
542 1296 722 1353 Ambrosius:
741 1317 753 1347 ι
778 1296 883 1352 Leviter
898 1312 945 1352 cn-
999 1295 1138 1352 charitatis
1153 1295 1254 1352 Cbristi
1268 1296 1423 1353 vulnerant.
1438 1297 1494 1352 Nec
1508 1299 1597 1353 solum
1622 1298 1676 1354 boc
1700 1297 1804 1355 suflicit

153 1394 268 1467 stigatus
291 1391 398 1447 exbibet
419 1387 598 1446 reverentiam
618 1387 763 1458 castiganti
777 1404 785 1441 t
810 1388 854 1458 qui
882 1403 946 1443 vern
998 1381 1049 1448 eis,
1064 1382 1112 1438 scd
1126 1384 1208 1439 etiam
1222 1383 1334 1456 pallium
1348 1382 1374 1439 ei
1387 1382 1487 1439 tollunt
1499 1398 1505 1438 :
1519 1384 1547 1439 id
1560 1394 1600 1441 est
1618 1401 1734 1441 omnem
1747 1394 1801 1443 ter·

152 1480 295 1540 crudeliter
315 1479 459 1551 castigatur
486 1477 529 1534 vel
552 1477 716 1546 increpatur,
744 1490 795 1530 nec
823 1476 945 1546 increpa·
998 1487 1092 1527 renam
1106 1473 1414 1545 delectationcm,atque
1428 1474 1604 1530 substantiam
1619 1476 1802 1548 temporalem

151 1573 254 1628 tionem
268 1569 392 1640 suscipit,
404 1582 457 1622 nec
470 1566 593 1620 salutern.
611 1583 624 1615 s
640 1563 742 1618 blanda
763 1564 860 1632 pietate
883 1570 945 1619 sunt
998 1560 1033 1616 ab
1047 1560 1228 1626 eaaulerunt,
1243 1569 1272 1615 et
1294 1577 1353 1616 earn
1377 1560 1478 1615 nudam
1501 1561 1620 1631 peccatis
1640 1576 1673 1618 ac
1697 1562 1804 1632 spolia·

152 1658 288 1731 portandi,
302 1657 349 1730 qui
364 1668 412 1726 pro
426 1670 475 1709 sna
502 1651 659 1708 infirmitate
686 1667 740 1707 non
767 1660 880 1722 possunt
900 1651 943 1705 in·
962 1619 985 1696 Β
1001 1658 1055 1704 tam
1070 1648 1171 1706 divitiis
1185 1649 1219 1705 ad
1229 1648 1483 1724 regnumcoelorum
1495 1649 1694 1711 transmittunt.
1706 1652 1802 1725 lgitun

150 1747 265 1818 creperi,
1000 1753 1078 1794 soror
1092 1737 1160 1793 mibi
1174 1738 1201 1792 in
1216 1737 1321 1794 Christo
1341 1737 1447 1804 dilecta,
1469 1738 1545 1795 valde
1570 1737 1689 1811 dignum
1715 1748 1758 1797 est
1774 1753 1803 1797 nt

188 1839 233 1889 51.
250 1835 300 1888 Pro
314 1830 470 1887 diversitate
485 1828 655 1900 peccantium
665 1826 714 1882 *alii
733 1828 857 1899 parandi
871 1839 944 1895 sunt,
998 1826 1124 1897 praelatos
1137 1834 1247 1882 nostros
1274 1825 1353 1898 quasi
1369 1835 1462 1897 patres
1485 1826 1646 1898 diligamus;
1665 1835 1699 1884 nt
1714 1831 1751 1885 ab
1763 1831 1804 1885 cis

152 1922 198 1980 alii
215 1919 376 1992 castigandi,
402 1917 466 1988 quia
490 1915 587 1971 nodus
611 1922 653 1970 est
679 1916 801 1970 diversus
822 1925 946 1986 peccato·
998 1912 1166 1984 disciplinam
1190 1923 1288 1971 nostras
1326 1915 1419 1971 salutis
1460 1916 1573 1971 libenter
1605 1917 1802 1990 suscipiamus,

151 2027 221 2067 rum.
246 2007 352 2064 Praelati
365 2005 493 2062 Ecclesia
511 2013 619 2074 portarc
632 2003 731 2058 debent
743 2003 866 2061 subditos
879 2020 945 2061 suos
998 2006 1147 2083 secundnm
1164 2002 1312 2060 consilium
1325 2003 1409 2059 David
1433 2003 1569 2062 dicentis:
1588 2005 1805 2078 appr-enecans

151 2113 222 2171 qnos
234 2096 382 2168 corrigunt,
393 2100 420 2148 et
431 2093 569 2164 corrigere
582 2107 652 2163 quos
665 2100 783 2163 portant.
797 2093 865 2149 llinc
892 2095 945 2149 Sa·
998 2091 1235 2163 discipllnam,nc
1244 2094 1357 2165 qnando
1366 2093 1651 2151 lrascatarbcminas
1660 2099 1693 2151 et
1703 2110 1805 2168 perca·

151 2189 246 2245 lomon
258 2186 286 2240 in
301 2184 412 2240 basibus
426 2181 519 2253 templi
533 2181 642 2238 Domini
657 2181 803 2255 imaginem
819 2182 905 2239 leonis
919 2191 945 2239 et
999 2182 1037 2237 tia
1052 2178 1085 2237 dc
1097 2181 1144 2237 via
1154 2182 1237 2252 jacta
1253 2183 1341 2252 (Psnl.
1357 2197 1388 2250 rr,
1405 2185 1462 2250 12).
1483 2182 1556 2255 Ergo
1570 2181 1594 2236 si
1609 2182 1644 2238 de
1664 2182 1714 2238 via
1730 2185 1804 2253 juata

149 2276 238 2338 bovis,
255 2281 282 2329 et
296 2272 441 2328 Cherubim
460 2285 542 2340 opere
556 2268 704 2340 sculptorio
722 2269 786 2324 lecit
800 2269 875 2341 pingi
895 2270 947 2342 (lll
998 2268 1124 2325 uolumus
1138 2272 1239 2341 perire,
1260 2286 1371 2326 necesse
1389 2277 1432 2326 est
1450 2283 1501 2326 nos
1518 2270 1698 2342 disciplinam
1717 2273 1803 2330 susei-

150 2368 215 2439 flcp.
232 2365 293 2432 vn).
309 2360 379 2429 Quid
389 2359 463 2414 aliud
474 2358 620 2434 designant
633 2357 868 2430 basesintemplo,
890 2359 943 2414 nisi
997 2372 1071 2427 pere.
1096 2357 1126 2413 Si
1146 2359 1190 2414 iile
1207 2358 1254 2431 qui
1276 2357 1444 2430 disciplinam
1472 2373 1526 2414 non
1549 2360 1680 2435 suscipit,
1697 2361 1733 2418 de
1762 2362 1804 2422 ria

147 2453 274 2525 praelatos
293 2453 321 2506 in
334 2446 474 2507 Ecclesia?
487 2446 646 2520 Quicunque
670 2446 877 2504 sollicitudinem
900 2467 945 2505 re-
1000 2448 1073 2517 justa
1087 2447 1196 2519 peribit,
1220 2447 1314 2519 procul
1328 2447 1418 2505 dubio
1441 2449 1467 2503 in
1495 2447 1537 2504 via
1562 2447 1638 2520 justa
1650 2451 1803 2509 conlirma-

148 2540 257 2615 giminis
284 2537 445 2609 suscipiunt,
474 2544 602 2607 tunquam
625 2537 704 2592 bases
745 2544 852 2606 portant
874 2554 943 2594 onus
997 2544 1041 2593 tus
1058 2536 1118 2602 erit,
1133 2536 1180 2608 qui
1194 2535 1364 2608 disciplinam
1377 2536 1501 2608 suscipit.
1517 2536 1596 2593 Nunc
1620 2554 1704 2612 erge,
1725 2556 1803 2599 soror

146 2626 360 2701 superpositum.
385 2625 530 2681 Cherubim
552 2625 694 2681 Plenitudo
717 2624 836 2682 scientiae
859 2626 943 2683 insen
996 2623 1168 2692 venerabilis,
1183 2639 1281 2680 moneo
1296 2632 1321 2679 te
1334 2633 1363 2680 ut
1387 2625 1499 2681 libenter
1518 2627 1654 2697 suscipias
1674 2629 1802 2702 discipli-

146 2720 276 2784 pretntur.
301 2712 331 2765 ln
359 2711 470 2765 basibus
503 2708 648 2764 Cherubim
676 2717 851 2780 monstratur,
881 2712 943 2782 quia
996 2727 1070 2782 nam,
1084 2721 1115 2768 ut
1128 2714 1163 2768 ab
1178 2713 1218 2768 ira
1231 2712 1281 2769 Dei
1296 2712 1428 2780 libereris,
1439 2714 1557 2770 etinvia
1566 2715 1639 2783 justa
1649 2718 1803 2776 confirme-

145 2802 249 2873 prrelati
269 2799 399 2856 Ecclesia
414 2798 486 2869 pleni
501 2797 600 2853 debent
627 2813 688 2856 esse
715 2797 833 2853 coelestis
852 2797 942 2854 scien·
997 2803 1045 2857 ris.
1068 2803 1165 2858 llultas
1193 2818 1244 2874 age
1271 2803 1373 2876 gratias
1400 2802 1441 2857 illi
1472 2806 1521 2875 qui
1544 2807 1727 2878 castigaverit
1750 2819 1800 2865 te:

142 2889 201 2944 tiae.
231 2888 283 2943 Per
306 2888 410 2943 leonem
436 2895 521 2941 terror
545 2884 691 2942 severitatis
716 2882 876 2957 figuratur:
899 2891 1094 2975 percilliqui
1113 2891 1295 2963 increpaverit
1318 2900 1354 2958 te,
1371 2891 1472 2966 gratiss
1498 2897 1629 2966 repende.
1658 2894 1689 2951 Si
1712 2897 1801 2954 abba-

147 2977 246 3033 bovem
261 2990 324 3030 vero
345 2973 471 3045 patientia
485 2971 696 3029 mansuetudinis
714 2973 874 3030 ostenditur.
891 2975 942 3029 lta·
995 2979 1117 3036 cissami
1131 2979 1322 3053 priorissapro
1332 2979 1420 3037 salute
1433 2988 1481 3036 tua
1494 2980 1670 3054 increpaverit
1685 2992 1723 3052 te,
1739 3001 1801 3041 non

146 3079 200 3136 que
213 3064 240 3117 iu
255 3062 364 3117 basibus
382 3061 577 3130 ῐιιίιῑιθΙιθῦθ8
598 3060 657 3114 ⁸1⁰0
670 3060 768 3126 bobus,
782 3076 869 3131 neque
888 3061 940 3117 bo-
995 3070 1163 3124 contristeris
1191 3090 1197 3126 :
1229 3083 1290 3124 cam
1320 3069 1510 3125 monstraverit
1535 3069 1579 3123 tibi
1597 3070 1670 3127 viam
1698 3074 1799 3129 salutis

145 3168 192 3208 ves
203 3150 260 3206 sine
276 3148 399 3205 leonibus
413 3149 601 3219 exprimuntur
617 3163 624 3204 :
649 3150 715 3220 quia
729 3148 830 3218 praetsn
845 3150 939 3206 Eccle-
994 3166 1058 3226 tuae,
1078 3156 1186 3228 suscipe
1196 3156 1348 3212 doctrinam
1362 3155 1436 3213 illius
1451 3159 1534 3232 gravis
1548 3176 1554 3215 :
1570 3159 1683 3230 quando
1698 3161 1796 3235 aliquis

145 3241 192 3297 sic
219 3238 366 3311 aliquando
399 3236 498 3311 rigide,
529 3236 673 3310 aliquando
701 3252 761 3292 aum
789 3237 940 3323 dqlcedine,
995 3246 1184 3303 monstraverit
1197 3244 1247 3301 tibi
1261 3261 1371 3301 cansam
1386 3253 1439 3302 tuae
1453 3246 1558 3320 salutis,
1574 3255 1602 3305 tu
1615 3264 1671 3304 non
1697 3249 1737 3306 sis
1753 3268 1793 3309 re·

145 3330 293 3402 aliquando
315 3343 376 3384 cnm
403 3327 558 3399 asperitate,
591 3325 736 3399 aliquando
759 3327 859 3396 verbis,
891 3329 940 3384 tli-
995 3335 1083 3391 bellis.
1099 3334 1186 3408 Dilige
1202 3350 1320 3406 easquas
1335 3345 1360 3391 te
1374 3336 1619 3407 reprehenduntde
1633 3337 1691 3393 tuis
1707 3349 1796 3396 traus-

146 3419 256 3492 quando
280 3415 394 3490 flagellis
417 3415 518 3470 debent
544 3415 683 3485 subjectos
706 3431 770 3471 suos
783 3419 937 3488 corrigare;
995 3423 1201 3497 gressionibus:
1219 3437 1281 3478 ama
1294 3438 1327 3478 ea
1339 3439 1401 3496 quae
1414 3430 1442 3478 te
1466 3423 1662 3496 occupaverim
1679 3427 1715 3482 (ιο
1744 3431 1796 3486 qui,

144 3509 209 3580 quia
230 3506 274 3562 ille
298 3507 345 3578 qui
360 3504 465 3559 blandis
483 3503 574 3558 verbis
591 3506 737 3577 castigatus
751 3519 805 3560 non
822 3505 940 3578 corrigi·
994 3510 1168 3584 negligentiis
1183 3527 1190 3569 :
1212 3511 1290 3584 quasi
1304 3520 1404 3567 matres
1419 3511 1505 3585 dilige
1520 3528 1567 3568 eas
1577 3529 1642 3585 quae
1655 3522 1684 3572 ιι
1698 3532 1795 3590 repre·

143 3606 198 3666 tur,
220 3608 334 3650 neccsse
357 3601 398 3647 cst
413 3601 442 3647 ut
460 3590 549 3647 acrius
573 3591 723 3664 corrigatur
745 3601 771 3647 et
798 3599 938 3666 arguatur.
995 3600 1116 3655 bendunt
1139 3599 1173 3657 de
1205 3600 1259 3657 tais
1288 3601 1559 3671 transgressionibus.
1591 3603 1796 3678 (instigantibus

144 3682 329 3739 cumdolore
355 3681 429 3736 enim
457 3679 637 3736 abscindenda
658 3690 720 3736 sunt
743 3680 862 3749 vulnera,
879 3698 941 3752 quae
994 3687 1120 3758 injuriam
1134 3703 1190 3745 non
1212 3689 1389 3760 respondeas.
1415 3690 1621 3762 Increpantibus
1653 3704 1680 3750 te
1701 3704 1795 3752 conru-

143 3769 406 3829 levitrrsanarinon
426 3775 552 3837 possunt.
577 3768 629 3835 Qui
652 3776 757 3825 secreto
786 3771 940 3827 admonitus
994 3776 1103 3832 meliam
1117 3791 1171 3833 non
1187 3776 1282 3834 diceas
1298 3781 1368 3835 mals
1382 3792 1432 3850 pro
1447 3778 1526 3834 bonis
1540 3793 1596 3835 non
1611 3781 1724 3838 reddas.
1737 3783 1793 3839 ld·

144 3858 179 3914 de
195 3867 308 3930 peccato
328 3855 429 3926 corrigi
443 3856 567 3930 negligit,
584 3856 689 3928 publice
702 3865 744 3912 est
758 3859 936 3931 arguendus:
993 3879 1090 3920 versus
1118 3867 1189 3921 bona
1211 3865 1324 3922 concdis
1348 3881 1402 3923 non
1427 3866 1594 3937 respondeas
1621 3869 1726 3944 jurgia.
1752 3871 1792 3927 ld

144 3956 173 4003 ct
193 3947 292 4000 vulnus
316 3945 390 4016 quod
417 3947 522 4000 occulte
549 3943 638 3997 sanari
666 3944 768 4015 nequit,
798 3945 938 4004 manifeste
993 3954 1174 4013 versusbona
1195 3955 1278 4011 rerba
1297 3970 1353 4011 non
1381 3956 1547 4026 respondeas
1570 3956 1657 4017 mala.
1684 3958 1794 4029 Quare?

144 4034 225 4090 debet
239 4032 387 4087 enrcndari.
404 4030 495 4086 Palam
509 4043 570 4084 sunt
584 4033 715 4102 arguendi
730 4032 873 4103 qnipslam
888 4050 938 4091 nc·
995 4038 1065 4110 Quia
1094 4042 1141 4114 qni
1168 4041 1257 4116 diligit
1288 4043 1458 4116 disciplinam
1489 4042 1578 4118 diligit
1620 4046 1793 4118 sapientiam.

144 4133 226 4191 cent;
251 4136 279 4177 ut
292 4122 356 4176 dum
371 4125 463 4186 aperta
478 4119 666 4192 objurgatione
687 4130 827 4187 sanantur,
852 4123 879 4177 bi
895 4126 939 4193 qni
993 4128 1066 4201 Ergo
1089 4139 1117 4185 et
1134 4136 1163 4184 tu
1191 4129 1214 4184 si
1236 4129 1418 4201 disciplinam.
1431 4130 1568 4196 dilexeris,
1592 4133 1706 4206 sapiens
1729 4135 1793 4195 eris

145 4227 193 4269 eos
207 4212 337 4266 imitando
350 4208 530 4280 deliquemnt,
543 4207 731 4281 corrigantur:
747 4219 776 4266 nt
789 4211 855 4266 dum
868 4228 940 4270 unus
994 4217 1116 4273 Prudens
1136 4216 1200 4283 eris,
1229 4219 1253 4273 si
1277 4217 1477 4290 increpationes
1495 4221 1632 4292 patienter
1654 4224 1795 4282 sustinue-

144 4299 302 4373 corripitur,
325 4298 418 4354 caeteri
437 4298 625 4357 emendentur.
650 4299 744 4356 iterius
771 4311 813 4357 est
835 4307 865 4356 ut
889 4318 938 4372 pro
993 4305 1052 4360 ris:
1070 4305 1253 4378 patienseris,
1282 4307 1306 4362 si
1329 4306 1466 4364 humiliter
1480 4308 1677 4382 castigationes
1706 4292 1795 4386 porta·

144 4391 294 4446 multorum
311 4387 459 4444 salvatione
476 4403 546 4442 unus
564 4390 767 4455 condemnetur,
792 4406 873 4461 quam
892 4407 938 4462 per
992 4394 1075 4453 veris.

145 4479 226 4535 unius
249 4477 383 4534 licentiam
412 4476 487 4532 inulti
509 4475 703 4547 periclitentur.
732 4478 820 4533 Etiam
844 4479 940 4535 beatus
1029 4487 1074 4540 53.
1095 4483 1216 4541 llonesta
1234 4483 1322 4558 virgo,
1339 4484 1402 4542 idco
1419 4501 1435 4542 a
1455 4485 1572 4545 Domino
1591 4497 1649 4546 ets
1675 4493 1795 4565 praelat'u

145 4566 297 4641 Gregorius
317 4562 403 4623 888
418 4572 479 4621 avt:
503 4567 598 4622 «Sunt
621 4565 707 4635 mulli,
722 4565 768 4637 qui
793 4566 874 4622 verba
897 4568 939 4624 in·
995 4570 1097 4629 nostris
1119 4573 1147 4627 in
1172 4572 1222 4627 bac
1244 4573 1299 4628 vita
1326 4571 1498 4644 corripimur,
1528 4584 1558 4632 nt
1579 4591 1636 4634 non
1658 4596 1729 4637 cum
1748 4583 1795 4638 boc

145 4656 311 4728 crepationis
324 4655 444 4723 audiunt,
460 4663 486 4710 et
508 4655 541 4710 ad
562 4654 745 4724 poenitentiam
768 4655 856 4711 redire
871 4671 939 4712 con-
993 4661 1275 4718 muudodamnemur.
1301 4661 1385 4718 idulto
1399 4662 1498 4720 melius
1517 4674 1559 4721 est
1582 4666 1666 4722 nobis
1687 4670 1720 4726 in
1748 4672 1795 4726 bac

145 4754 274 4801 annunt.
293 4763 306 4794 s
329 4743 521 4816 Unusquisque
535 4742 627 4798 audiat
645 4743 679 4797 de
700 4758 785 4815 regno
799 4745 848 4801 nei
866 4750 938 4816 quod
993 4748 1046 4805 vita
1059 4766 1075 4802 a
1090 4749 1317 4821 praelatisnostris
1332 4766 1381 4821 pro
1396 4751 1568 4827 negligentiis
1582 4758 1700 4828 corripi,
1715 4775 1795 4832 quan

144 4835 250 4908 diligat,
272 4832 363 4888 audiat
379 4831 414 4886 de
435 4832 540 4887 inferno
563 4831 634 4904 quod
650 4831 743 4887 timeat
765 4850 772 4890 :
797 4841 826 4889 ut
844 4832 868 4889 si
889 4849 938 4906 per
992 4839 1020 4894 in
1039 4838 1129 4895 lutura
1142 4841 1197 4896 vita
1215 4840 1349 4897 damnari.
1369 4840 1465 4897 Melius
1477 4842 1608 4900 machis
1623 4843 1650 4898 in
1668 4846 1728 4904 boc
1750 4863 1797 4904 aa·

142 4939 263 4980 aurorem
278 4923 311 4977 ad
327 4936 440 4994 regnum
455 4936 509 4977 rron
526 4920 607 4986 uenit,
622 4921 716 4976 saltem
735 4936 785 4992 pcr
812 4922 936 4980 timorem
991 4927 1088 4984 culon
1116 4929 1269 4999 praepositis
1283 4928 1383 4986 nostris
1406 4945 1455 5000 pro
1478 4931 1748 5002 transgressionibus
1767 4946 1795 4995 et

142 5013 243 5070 veniat.
271 5011 360 5068 Verba
383 5017 446 5066 sunt
470 5008 584 5065 lsidori:
609 5008 680 5065 lusti
706 5011 820 5083 benigne
847 5011 936 5068 susci-

140 5102 220 5173 piunt
242 5099 457 5173 castigationem,
490 5100 598 5172 quando
624 5100 659 5155 de
684 5098 741 5154 suis
771 5100 856 5172 culpis
889 5118 936 5157 ar·

137 5198 269 5263 guantur.

85 5282 89 5287 '
177 5281 222 5336 tiit.
243 5279 327 5336 Soror
336 5276 505 5347 charissima,
529 5277 672 5351 disciplina
694 5284 735 5335 est
757 5278 933 5345 emendatrix,

141 5382 201 5440 qnae
225 5383 279 5425 non
300 5377 342 5424 est
359 5368 570 5443 vilipendenda:
586 5376 614 5424 at
637 5369 698 5425 ideo
712 5368 844 5426 debemus
856 5385 932 5440 pre·

138 5454 212 5515 latos
227 5465 336 5513 nostros
349 5458 474 5530 diligere,
485 5465 513 5515 ιι
527 5459 608 5516 verba
621 5474 716 5516 eorum
738 5458 855 5534 benigne
867 5475 933 5521 suo·

991 5016 1078 5088 culpis
1091 5016 1229 5088 casdgari,
1244 5033 1327 5089 qnam
1341 5017 1368 5073 iu
1379 5015 1471 5074 luturo
1484 5019 1584 5074 seculo
1594 5021 1703 5091 puniri.
1718 5029 1798 5083 Διω-

992 5104 1053 5162 bilis
1075 5104 1188 5161 miiaiin
1210 5105 1418 5173 Cbristoscror,
1442 5106 1537 5163 melius
1562 5119 1604 5165 est
1629 5111 1683 5169 tibi
1712 5131 1797 5173 mann

993 5195 1139 5252 abbatissae
1161 5194 1278 5268 flagellis
1296 5195 1375 5263 caedi,
1399 5213 1478 5268 quam
1506 5196 1533 5252 in
1546 5196 1667 5270 [interno
1699 5221 1798 5276 poeqss

991 5283 1068 5357 pati:
1086 5283 1183 5339 melius
1196 5289 1237 5340 est
1253 5283 1301 5341 tibi
1314 5299 1396 5339 mann
1414 5283 1559 5342 anbadssa
1584 5287 1628 5344 val
1651 5292 1799 5361 priorissae

989 5372 1121 5446 flagellari
1137 5373 1164 5428 in
1184 5375 1234 5431 bac
1253 5373 1307 5430 vita
1330 5387 1412 5447 qnam
1440 5373 1469 5430 in
1487 5373 1593 5431 interno
1617 5381 1744 5441 muciari
1769 5386 1797 5442 in

991 5459 1083 5518 lutura
1095 5480 1102 5517 :
1114 5461 1211 5547 melius
1225 5469 1267 5518 est
1279 5461 1330 5520 ,tibi
1342 5475 1426 5520 manu
1441 5461 1584 5521 abbatissae
1592 5465 1720 5543 flagellis
1734 5491 1797 5533 m-
