3706 5962
56 125 107 186 ιὸι
691 113 794 174 scala
816 111 1078 178 mustitanum.

1657 122 1712 211 tt.

57 265 191 322 φοιιιι,
204 245 350 315 nonmnge
364 241 466 309 abibit;
482 239 543 298 etsi
555 254 610 296 nou
624 239 700 296 vides
714 239 855 309 eum‚ipse
876 277 899 355 st
918 242 1055 315 quomodo
1078 257 1176 301 cavera
1210 242 1359 315 pourimm
1389 259 1435 312 ne,
1460 244 1528 303 falsa
1548 254 1595 304 ιιι
1617 247 1710 306 inania

60 350 156 394 mmen
171 335 244 392 videt
257 343 284 390 te
299 349 419 403 semper,
436 330 534 401 plenus
548 328 634 385 οιιιιι
649 337 713 384 ante
728 336 756 384 et
771 339 858 383 retro.
917 331 1040 402 quaedam
1054 331 1220 396 meditando,
1245 331 1346 388 limites
1365 332 1496 388 asanctis
1510 336 1631 405 patribus
1645 353 1709 395 con·

59 429 207 499 Nunquam
231 432 311 495 potes
326 437 388 477 eum
412 420 508 475 latere.
528 417 613 475 Habet
635 417 716 474 etiam
740 417 812 472 circa
833 425 860 472 te

59 516 174 572 annuos
197 528 262 569 suos
285 510 407 583 spiritus,
432 508 510 579 quasi
524 506 713 578 sagacissimos
731 505 859 575 explora-

59 612 148 670 tores,
165 609 195 658 ut
208 602 321 659 videant
341 597 478 671 quomodo
498 596 611 651 absente
625 610 727 667 sponso
741 609 858 649 conver-

60 694 143 755 seris,
159 701 188 747 et
203 699 330 747 accusent
346 696 372 742 te
392 701 482 742 coram
499 685 569 756 ipso,
585 685 607 738 si
622 683 712 754 aliqua
726 682 804 757 signa
818 681 858 736 la-

58 783 153 845 stiriae
170 786 199 836 et
214 775 386 835 scurrilitatis
407 777 434 830 in
449 783 475 830 te
495 771 739 853 deprehenderim
752 770 857 840 Zeloty-

59 888 110 942 pus
126 877 171 926 est
186 882 305 940 sponsus
320 866 383 920 isto.
398 864 426 919 Si
441 863 512 918 forte
527 862 607 918 alium
623 869 771 916 amatorem
787 874 861 915 rece·

59 959 146 1031 peris,
173 958 197 1013 si
220 956 279 1010 aliis
302 953 392 1026 magis
413 951 522 1024 placere
545 949 682 1006 studueris
701 948 790 1004 statim
818 947 859 1001 di·

58 1050 156 1103 scedet
179 1064 196 1101 a
213 1053 250 1114 te,
266 1052 292 1099 et
307 1043 365 1099 aliis
384 1039 533 1096 adhaerebit
547 1037 763 1094 adolescentulis.
780 1035 858 1092 Deli·

58 1145 140 1192 catus
154 1141 198 1191 est
211 1148 327 1204 sponsus
349 1132 412 1196 iste,
429 1128 526 1184 nobilis
549 1137 577 1183 et
591 1127 667 1183 dives
682 1135 734 1192 est,
748 1124 858 1197 specio·

59 1242 108 1282 sus
127 1224 217 1280 forma
232 1237 289 1293 prae
303 1220 364 1276 tiliis
378 1218 533 1280 bominum;
549 1223 576 1271 et
589 1216 651 1272 ideo
662 1231 716 1271 non
729 1213 782 1269 nisi
797 1228 859 1284 spe·

60 1315 163 1370 cioaam
189 1311 316 1384 dignatur
339 1308 440 1363 trabere
460 1319 599 1377 sponsam.
624 1304 653 1359 Si
674 1302 773 1359 viderit
789 1301 816 1356 in
832 1309 859 1356 te

60 1401 199 1458 maculam
212 1400 270 1454 sive
288 1413 396 1470 rugam,
417 1395 506 1450 statim
520 1393 619 1449 avertit
632 1393 735 1448 oculos.
750 1390 858 1447 Nullam

61 1491 137 1546 enim
152 1487 352 1546 immunditiam
378 1493 468 1557 potest
482 1483 628 1538 sustinere.
643 1482 710 1537 Esto
724 1495 791 1550 ergo
814 1494 859 1534 ca-

915 420 1022 476 stitutos
1038 427 1217 486 transeamus,
1234 421 1285 476 nisi
1299 420 1376 492 prius
1390 420 1463 478 circa
1480 421 1634 493 hujusmodi
1645 436 1710 483 ante

915 523 949 563 ex
963 508 1080 564 lectione
1095 517 1142 563 ιιι
1157 524 1190 563 ιι
1219 509 1312 564 auditu
1326 508 1458 565 fuerimus
1470 509 1614 568 instructi?
1623 514 1710 569 dudi·

916 605 958 651 tus
973 598 1046 653 enim
1062 598 1178 669 quodam
1189 597 1273 653 modo
1287 598 1408 669 pertinet
1422 598 1457 653 ad
1471 598 1710 664 lectionemilnda

913 687 1030 743 solemus
1045 686 1148 753 dicere,
1167 701 1223 742 non
1246 686 1333 743 solum
1351 686 1436 743 libros
1457 688 1533 760 ipsos
1545 704 1595 745 uos
1609 689 1710 763 legisse

914 791 982 846 quos
1005 775 1163 847 nobisipsis
1184 775 1228 831 rel
1248 775 1308 831 aliis
1326 775 1453 847 legimus,
1480 776 1529 832 sed
1552 777 1612 834 illos
1629 778 1711 834 etiam

914 879 982 934 quos
996 879 1013 918 ι
1026 863 1163 936 magistris
1177 864 1342 920 audivimus.
1367 867 1434 921 ltem
1454 865 1518 938 qnid
1533 866 1647 938 prodest
1660 867 1712 924 bo-

914 953 978 1007 mini
1000 953 1023 1008 si
1045 969 1095 1025 per
1109 953 1313 1009 meditationem
1329 971 1389 1026 quae
1404 954 1511 1027 agenda
1529 962 1594 1011 sunt
1607 954 1710 1028 videat,

914 1042 965 1097 nisi
981 1041 1114 1098 orationis
1138 1041 1236 1098 auxilio
1251 1052 1279 1098 et
1293 1044 1345 1098 Dei
1358 1044 1447 1114 gratia
1465 1045 1499 1099 ad
1514 1059 1547 1099 ea
1561 1044 1710 1100 obtinenda

914 1130 1103 1186 convalescat?
1127 1129 1215 1185 Omne
1240 1130 1375 1202 siquidem
1399 1131 1658 1203 datumoptimum,
1682 1138 1711 1201 et

914 1231 994 1273 omne
1006 1218 1108 1274 donum
1131 1217 1283 1291 perlectum
1298 1220 1442 1276 desursum
1465 1227 1518 1287 est,
1538 1219 1711 1277 descendens

914 1322 930 1360 a
944 1308 1022 1363 Patre
1037 1307 1168 1363 luminum
1182 1307 1286 1380 (torol.
1307 1323 1327 1375 t,
1345 1309 1402 1380 tt),
1416 1308 1476 1364 sine
1490 1323 1545 1380 quo
1559 1307 1626 1364 nibil
1644 1324 1709 1382 pos·

914 1412 1007 1452 sumus
1031 1394 1139 1454 facere:
1165 1396 1215 1453 sed
1235 1397 1295 1469 ipse
1320 1397 1349 1451 in
1365 1396 1444 1453 nobis
1465 1397 1529 1452 facit
1543 1412 1637 1467 opera,
1652 1413 1709 1456 nou

916 1492 1006 1540 tamen
1027 1485 1140 1541 omnino
1161 1485 1222 1542 sine
1236 1485 1326 1542 nobis.
1349 1488 1543 1557 cooperatores
1562 1487 1639 1543 enim
1658 1485 1710 1542 oet

60 1588 112 1651 ⁵⁸²2
131 1587 193 1635 0⁸2⁰
207 1574 362 1633 telettum
376 1583 404 1629 ⁰⁸
418 1571 542 1643 humifisi
563 1579 593 1625 ut
612 1570 650 1626 ⁵¹⁰
665 1586 681 1624 ὃ
695 1583 797 1640 ⁵P011⁸0
811 1574 858 1623 ²1¹⁰
876 1579 898 1656 Β
914 1589 1021 1641 sumus,
1035 1572 1104 1629 ιιιιι
1113 1573 1178 1629 dicit
1193 1574 1341 1646 Apostolus
1366 1575 1391 1643 (l
1405 1576 1467 1632 Cor.
1482 1589 1523 1642 ut,
1540 1576 1580 1645 9).
1594 1572 1709 1631 Vultei-

60 1667 198 1725 marearis
211 1666 371 1738 frequenter
385 1662 497 1719 visitari.
512 1661 606 1717 Timeo
620 1676 656 1716 ne
670 1658 770 1714 dlutius
785 1656 858 1713 deti-

61 1758 154 1814 nuerit
167 1770 219 1812 nos
232 1768 323 1811 sermo
336 1753 387 1808 iste
400 1769 406 1807 ε
423 1750 472 1806 sed
488 1750 523 1805 ad
538 1751 597 1805 baec
606 1746 736 1820 compulit
748 1763 792 1802 me
802 1760 859 1801 ma·

62 1847 133 1902 teria
146 1844 246 1900 fartilia
261 1842 363 1914 pariter
377 1849 405 1897 et
418 1838 513 1904 dulcis,
531 1853 611 1908 quam
626 1852 678 1912 ego
693 1851 748 1892 uon
758 1842 861 1908 protra-

55 1935 162 1991 -hebant
181 1941 366 2005 spontaneus;
391 1928 440 1985 sed
456 1928 548 1984 nescio
565 1944 619 1998 qua
642 1928 703 1997 ejus
716 1923 860 1982 dulcedine

62 2023 196 2079 trahebar
206 2020 315 2077 inritus.

377 2133 494 2190 CAPUT
507 2132 543 2190 x.

242 2231 453 2306 lteeopitulotto
465 2229 681 2303 predictorum.

95 2339 143 2390 ll.
164 2334 203 2388 Ut
217 2347 285 2402 ergo
298 2346 359 2402 quae
374 2327 499 2384 diffusius
508 2327 580 2383 dicta
591 2333 663 2390 sunt,
679 2321 859 2393 simufjuncta

57 2423 159 2480 melina
180 2421 335 2487 rideantur,
359 2416 550 2490 praedictorum
574 2429 707 2470 summam
724 2409 858 2481 recapitu-

58 2512 144 2569 lando
158 2510 328 2585 colligamus.
346 2507 419 2564 Sicut
434 2507 461 2561 in
484 2503 619 2578 praedictis
642 2499 774 2572 exemplis
789 2514 858 2571 proe-

59 2608 185 2658 notatum
199 2607 249 2667 est,
266 2597 351 2653 videri
365 2603 457 2668 potest
472 2592 607 2667 quomodo
622 2589 744 2663 praedicti
758 2586 859 2660 gradtm

50 2692 229 2756 'cohaereant
246 2687 352 2744 etaient
366 2682 559 2757 temporaliter,
577 2681 615 2735 ιιι
628 2688 656 2736 et
669 2677 814 2735 causaliter
827 2691 858 2731 se

60 2777 231 2852 precedant.
247 2774 342 2831 Lectio
358 2774 431 2829 enim
453 2771 531 2845 quasi
545 2769 753 2827 fundamentum
771 2779 857 2836 primo

59 2866 192 2932 oocurnt,
218 2874 245 2922 et
269 2864 332 2919 data
355 2862 469 2917 materia
492 2859 572 2914 mittit
585 2873 634 2916 vos
648 2857 681 2912 ad
701 2853 895 2949 meditatio—c

60 2973 135 3013 nem.
147 2955 290 3014 bladitatio
299 2968 365 3008 rero
380 2951 444 3024 qnid
455 2948 638 3022 appetendum
653 2945 688 3001 sit
702 2942 858 3016 diligentius

61 3044 185 3120 inquirit,
207 3051 236 3100 et
260 3042 337 3114 quasi
360 3039 494 3097 effodiens
522 3038 677 3093 thesaurum
702 3034 804 3091 invenit
830 3039 859 3087 et

48 3134 193 3215 ,oqtendit
215 3130 271 3188 Sed
281 3147 343 3187 cum
353 3145 404 3201 per
417 3145 448 3184 se
463 3127 587 3184 obtinere
603 3140 657 3181 non
670 3123 770 3193 valeat,
778 3121 860 3177 mittit

62 3239 110 3280 nos
124 3223 160 3279 ad
185 3221 349 3277 orationem.
370 3217 472 3281 Oratio,
498 3232 527 3271 se
542 3213 605 3269 totis
629 3212 733 3269 viribus
751 3210 860 3282 erigens

53 3313 95 3367 ad
125 3309 286 3376 Dominum,
310 3307 437 3379 impetrat
458 3305 615 3360 thesaurum
639 3298 857 3365 desiderabilem,

64 3398 305 3470 contemplationis
327 3395 498 3451 suavitatem.
513 3393 577 3448 llaec
590 3398 681 3446 antem
700 3387 859 3452 adveniens,

63 3470 257 3562 praedictorum
273 3484 353 3540 trium
369 3484 489 3539 laborem
511 3485 678 3543 remunerat,
695 3477 758 3532 dnm
777 3475 861 3531 coele-

64 3578 184 3639 stisrore
192 3573 344 3631 dulcedinis
352 3572 470 3627 animam
482 3570 618 3626 sitientem
629 3566 757 3622 inebriat.
767 3562 861 3619 Lectio

53 3681 127 3743 ,ergo
142 3673 189 3721 est
202 3662 353 3720 secundum
369 3660 489 3717 exterius
507 3657 685 3714 exercitium:
707 3652 857 3718 meditatio,

52 3754 214 3821 „eamdam
222 3751 381 3808 interiorem
395 3748 583 3805 intellectum:
600 3745 696 3812 oratio,
709 3741 860 3798 secundum

66 3842 247 3901 desiderium:
274 3837 475 3910 contemplatio,
502 3851 586 3908 super
608 3849 716 3890 omnam
739 3846 859 3886 sensum.

67 3931 170 3995 inmas
185 3930 289 4006 ‘gradus
313 3938 355 3984 est
370 3925 569 3998 incipientium,
587 3922 723 3979 secundus
746 3927 787 3976 est
802 3933 862 3989 pro

59 4017 223 4088 ‚ficientium
239 4017 336 4074 tertius
351 4023 393 4072 est
407 4014 576 4080 devotorum,
589 4009 861 4083 quartusbeatorum.

375 4121 490 4179 CAPUT
504 4121 555 4176 Xl.

70 4223 118 4282 Nee
129 4223 285 4281 lecttostne
294 4219 491 4285 meditatione,
508 4233 560 4275 nec
567 4214 718 4273 meditatio
732 4212 863 4270 sinedra-
879 4173 901 4250 ὓ

359 4322 437 4377 tione
445 4319 571 4391 prodeat.

914 1661 1024 1732 quidem
1047 1660 1122 1717 Deus
1141 1667 1171 1716 ut
1186 1677 1249 1717 eum
1267 1660 1438 1733 adjuramus,
1467 1668 1496 1718 et
1516 1667 1547 1716 ut
1567 1661 1604 1733 ei,
1624 1661 1710 1718 adva-

915 1748 999 1804 nienti
1014 1756 1042 1804 et
1065 1749 1233 1819 praestolam
1251 1749 1286 1805 ad
1309 1749 1420 1815 ostium,
1445 1749 1599 1821 aperiamus
1621 1749 1710 1807 sinum

915 1836 1060 1892 voluntatis
1086 1843 1196 1903 nostrae,
1218 1845 1245 1893 et
1268 1837 1295 1892 ei
1319 1838 1531 1894 consentiamus.
1551 1839 1711 1894 llunccou·

914 1940 1026 1981 sensum
1050 1925 1179 1998 exigebat
1200 1940 1216 1981 a
1239 1925 1422 2002 Samaritana,
1449 1925 1561 1998 quatmo
1583 1924 1710 1983 dioemt:

921 2014 987 2072 Voco
998 2017 1090 2071 utrum
1109 2020 1202 2072 tuum.
1224 2012 1528 2083 Quasidieeret:v010
1552 2014 1600 2070 tibi
1616 2012 1712 2070 infun·

914 2104 980 2158 dere
996 2102 1122 2175 gratiam,
1140 2111 1168 2159 tu
1182 2103 1292 2176 applica
1305 2102 1423 2159 libemm
1436 2102 1588 2162 arbitrium.
1603 2101 1714 2162 Oratio·

915 2208 976 2248 nem
992 2192 1119 2263 exigebat
1131 2191 1167 2246 ab
1181 2207 1223 2262 ea,
1239 2208 1301 2248 cum
1315 2191 1437 2249 dicebat:
1457 2193 1495 2249 lu
1514 2192 1539 2247 st
1558 2191 1645 2249 scires
1664 2188 1712 2245 do-

913 2296 984 2335 num
996 2280 1058 2347 Det,
1070 2285 1098 2337 et
1108 2283 1170 2353 quis
1179 2285 1221 2338 eat
1232 2282 1280 2354 qut
1292 2279 1366 2336 dlct't
1378 2282 1440 2345 tibi,
1450 2281 1493 2336 lta
1514 2280 1588 2336 mibi
1603 2278 1711 2349 biberet

912 2366 1040 2437 forsitan
1049 2367 1182 2438 petiisses
1197 2365 1232 2420 ot
1247 2382 1276 2424 eo
1291 2383 1394 2439 aquom
1409 2366 1512 2424 vivom.
1533 2366 1594 2423 lloc
1607 2365 1711 2434 audito,
1809 2400 1811 2407 »

914 2456 991 2525 quasi
1013 2472 1046 2512 aa
1075 2455 1191 2512 lectione
1211 2454 1307 2510 mulier
1328 2453 1613 2538 instructabmcditata
1626 2458 1670 2512 eat
1682 2454 1711 2509 in

913 2546 995 2601 corde
1020 2561 1070 2602 sno
1090 2545 1193 2600 bouum
1215 2544 1267 2599 sibi
1290 2543 1350 2601 fore
1372 2550 1400 2600 et
1424 2543 1491 2601 utile
1515 2543 1620 2600 babere
1640 2543 1712 2600 hanc

913 2649 1021 2705 aquam.
1036 2637 1160 2690 Accensa
1183 2647 1250 2705 ergo
1265 2632 1384 2689 habendi
1403 2631 1552 2700 desiderio,
1576 2631 1711 2690 convertit
1732 2646 1739 2658 ·

804 2765 810 2776 .
911 2737 942 2778 se
956 2723 990 2777 ad
1013 2724 1175 2791 orationem,
1199 2721 1311 2777 dicens:
1336 2720 1468 2791 Domine,
1487 2720 1524 2778 do
1541 2719 1616 2777 milti
1639 2720 1711 2777 bone

911 2825 1023 2882 worm,
1033 2814 1076 2866 ut
1089 2825 1147 2865 noo
1160 2807 1263 2865 sitiam
1276 2807 1411 2878 amptius,
1428 2822 1516 2880 neque
1530 2806 1643 2863 emtam
1657 2805 1711 2863 buc

912 2898 1030 2955 haurire
1043 2898 1246 2970 squammosa.
1262 2912 1301 2966 ιι,
1322 2899 1366 2964 lb,
1383 2899 1428 2965 ld,
1444 2898 1501 2966 lb).
1518 2895 1590 2952 Ecce
1604 2893 1712 2950 auditus

913 2985 989 3042 verbi
1003 2984 1122 3052 Domini,
1138 2990 1167 3040 et
1179 2999 1302 3056 sequens
1316 2999 1401 3055 snper
1414 2998 1448 3040 eo
1461 2982 1602 3039 meditatio
1616 2981 1712 3039 incita·

913 3079 1010 3130 verunt
1033 3088 1093 3129 eam
1116 3073 1150 3128 ad
1169 3072 1316 3129 orandum.
1341 3071 1485 3143 Quomodo
1503 3086 1622 3143 namque
1639 3076 1713 3127 esset

913 3162 1027 3219 sollicita
1047 3162 1082 3216 ad
1105 3159 1307 3231 postulandum,
1325 3159 1379 3215 nisi
1400 3161 1476 3230 prius
1495 3175 1556 3215 eam
1573 3159 1712 3217 acoendia·

914 3260 956 3307 set
970 3249 1132 3306 meditatio?
1143 3252 1197 3305 Aut
1210 3247 1275 3321 quid
1290 3247 1316 3303 ei
1326 3247 1487 3319 praecedens
1496 3248 1635 3304 meditatio
1649 3263 1712 3305 con·

915 3340 1027 3404 tulisset,
1053 3338 1105 3394 nisi
1129 3353 1190 3408 quaa
1212 3335 1369 3408 appetenda
1392 3335 1572 3399 monstrabat,
1591 3351 1712 3407 sequena

915 3426 1001 3484 oratio
1021 3423 1216 3497 impetrasset?
1238 3418 1281 3478 la
1295 3424 1347 3478 boc
1371 3437 1439 3493 ergo
1462 3429 1491 3476 ut
1515 3422 1652 3478 fmctuosa
1676 3424 1712 3479 sit

915 3513 1068 3580 meditatio,
1088 3520 1198 3584 oportet
1220 3519 1250 3567 ιι
1278 3518 1410 3583 sequatur
1432 3511 1562 3567 orationis
1589 3509 1710 3578 devotio,

914 3605 992 3674 cuius
1006 3602 1086 3675 quasi
1100 3600 1216 3658 affectus
1230 3606 1273 3656 est
1285 3598 1523 3671 contemplationis
1540 3598 1667 3656 dulcedo.

975 3766 977 3771 Ι
1216 3687 1326 3745 CAPUT
1347 3688 1409 3747 llll.

919 3782 1055 3853 Quomodo
1082 3778 1219 3853 prostati
1248 3778 1353 3853 modus
1385 3777 1563 3836 concatenati
1591 3776 1652 3834 sint
1676 3778 1712 3835 od

1245 3868 1380 3928 invitm.

952 3965 996 4016 ta.
1012 3962 1053 4015 Ex
1069 3959 1110 4014 ιιι
1123 3973 1268 4031 possumus
1285 3952 1434 4029 colligere:
1460 3957 1533 4029 quod
1557 3956 1639 4014 lectio
1652 3957 1713 4013 aine

919 4048 1095 4106 meditatione
1110 4047 1187 4103 arida
1201 4054 1256 4118 est3
1273 4046 1413 4103 meditatio
1427 4045 1487 4101 sine
1501 4045 1629 4111 lectione,
1640 4061 1714 4102 erro-

918 4154 986 4207 nea,
1007 4138 1093 4194 oratio
1116 4138 1175 4192 sine
1190 4135 1367 4192 meditatione
1386 4137 1429 4192 est
1452 4134 1557 4205 tepida;
1574 4134 1714 4191 meditatio

918 4229 978 4284 aine
1003 4225 1137 4291 oratione,
1162 4221 1348 4278 infructuosa:
1375 4222 1463 4278 oratio
1483 4237 1545 4276 cum
1568 4220 1713 4278 deuotione

917 4312 1155 4386 contemplationis
1164 4310 1338 4382 acquisitiva:
1355 4308 1590 4381 contemplationis
1599 4309 1711 4380 adeptio

102 4427 147 4481 ta.
167 4422 202 4478 ιιι
226 4430 315 4485 summ
330 4419 433 4494 gradus
447 4417 484 4473 ita
507 4412 677 4472 concatenati
692 4418 766 4478 sunt,
782 4418 810 4466 et
823 4409 863 4464 vi·
917 4405 977 4460 sine
992 4402 1125 4466 oratione,
1143 4407 1190 4454 aut
1204 4413 1275 4462 rara,
1292 4405 1338 4452 aut
1354 4397 1526 4452 miraculosa.
1542 4397 1625 4461 Deus,
1636 4398 1713 4467 cujus

73 4513 139 4570 tatia
153 4527 208 4584 ope
221 4510 275 4567 sibi
292 4509 410 4566 invicem
425 4505 594 4569 deserviunt,
614 4501 686 4574 quod
701 4496 861 4572 preceden-
917 4491 1048 4580 potentia
1072 4504 1127 4544 non
1150 4493 1193 4542 est
1214 4499 1344 4541 uumerus
1363 4483 1408 4541 vel
1426 4482 1568 4581 terminus,
1589 4491 1616 4539 et
1634 4485 1713 4553 cujus

65 4605 109 4658 'tes
128 4600 188 4658 siue
208 4598 440 4672 subsequentibus
462 4603 509 4650 aut
531 4608 626 4662 pamm
647 4597 694 4645 ant
712 4585 778 4645 nibil
797 4600 862 4660 pro·
917 4578 1104 4638 misericordia
1122 4591 1203 4649 super
1227 4574 1318 4631 omnia
1345 4589 1430 4646 opera
1452 4575 1522 4644 ejus,
1548 4573 1712 4647 quandoque

62 4697 147 4746 aaut:
172 4696 322 4762 sequentes
349 4700 415 4741 vero
430 4684 489 4740 sine
504 4678 726 4754 precedentibus
740 4685 786 4732 aut
801 4690 862 4731 raro
916 4687 951 4727 ex
965 4668 1100 4741 lapidibus
1125 4663 1237 4722 suscitat
1252 4662 1321 4720 filios
1345 4662 1472 4726 Abrabae,
1500 4662 1564 4718 dum
1583 4662 1667 4721 duros
1684 4669 1713 4719 et

10 4770 15 4777 ’
73 4787 113 4834 aut
138 4794 277 4850 nunquam
301 4774 396 4832 haberi
420 4779 543 4845 possum.
564 4768 634 4842 Quid
653 4766 726 4824 enim
750 4763 863 4836 prodest
917 4760 1043 4846 nolentes
1065 4757 1242 4831 acquiescere
1264 4753 1337 4826 cogit
1355 4762 1386 4810 ut
1409 4751 1513 4811 velint:
1538 4753 1617 4810 etita
1635 4754 1712 4825 quaa·

72 4864 180 4924 lectione
193 4866 322 4923 continua
338 4872 445 4934 tempus
458 4874 602 4932 occupare,
618 4860 862 4927 sanctommgesta
917 4848 1059 4923 prodigus,
1075 4852 1105 4902 ut
1122 4844 1205 4919 vulgo
1228 4841 1281 4899 dici
1299 4842 1379 4907 solet,
1396 4842 1495 4898 bovem
1513 4858 1599 4898 cornu
1618 4840 1709 4924 trabit,

72 4962 97 5010 et
108 4957 208 5030 scripta
222 4953 341 5026 legendo
353 4960 550 5014 transcurrere,
567 4946 620 5001 nisi
634 4960 667 5002 ea
682 4946 763 5001 etiam
773 4941 862 4998 masti·
917 4935 1027 5010 quando
1041 4949 1096 4990 uon
1112 4939 1223 4989 vocatus
1236 4947 1266 4987 se
1280 4930 1411 4987 infundit.
1427 4930 1507 4999 Quod
1521 4930 1572 4986 etsi
1585 4928 1710 5001 quando-

71 5046 150 5102 caudo
165 5055 192 5100 ot
208 5042 369 5100 ruminando
383 5055 492 5096 succum
508 5037 663 5102 eliciamus;
681 5044 707 5090 et
723 5031 861 5103 transglu·
916 5041 970 5098 que
986 5023 1122 5096 aliquibus
1144 5021 1260 5094 legimus
1284 5019 1443 5090 contigisse,
1467 5027 1497 5072 ut
1515 5018 1597 5071 Paulo
1614 5025 1642 5071 et
1654 5016 1712 5087 qui·

71 5133 157 5190 tiendo
171 5149 260 5204 usque
274 5132 309 5187 ad
323 5126 406 5186 8¹7
421 5127 512 5184 cordis
521 5126 617 5180 intima
628 5122 858 5178 transmittamus:
917 5114 1032 5171 busdam
1047 5111 1117 5178 aliis,
1141 5125 1197 5166 non
1220 5116 1311 5163 umen
1324 5105 1388 5161 ideo
1402 5105 1535 5161 debemus
1556 5117 1618 5169 nos,
1633 5104 1711 5174 quasi

69 5229 94 5278 ιι
105 5239 140 5280 ex
155 5222 198 5278 ιιι
221 5220 369 5293 diligenter
385 5215 590 5274 consideremus
611 5218 710 5267 statum
726 5220 858 5280 nostrum,
917 5206 1006 5261 Deum
1021 5198 1163 5265 ιιιιιιιο,
1178 5196 1453 5267 divinapraesumere,
1470 5194 1520 5248 sed
1535 5191 1625 5249 iacere
1638 5193 1711 5266 quod

67 5318 91 5366 at
104 5312 266 5369 studeamus
279 5324 375 5365 eorum
389 5321 475 5377 opera
489 5319 584 5376 agere,
600 5316 715 5372 quorum
729 5299 802 5356 lacta
817 5312 860 5353 cu·
916 5293 952 5349 ad
970 5307 1020 5349 nos
1033 5288 1170 5362 pertinet:
1186 5284 1280 5357 legere
1304 5280 1406 5338 scilicet
1421 5290 1448 5334 et
1469 5280 1593 5337 meditari
1608 5280 1637 5341 iu
1649 5281 1712 5356 lage

56 5400 149 5472 pintus
162 5398 310 5458 lectitaret
322 5396 378 5454 Sed
392 5394 530 5469 quomodo
544 5393 602 5448 haec
613 5386 800 5461 cogitabimus,
813 5392 860 5443 ιιι
918 5382 985 5451 Dei;
1001 5393 1081 5438 orare
1102 5376 1192 5447 ipsum
1214 5381 1244 5431 ut
1265 5371 1377 5443 adjuret
1393 5367 1578 5431 infirmitatem
1591 5382 1711 5430 nostram
