3706 5962
74 766 77 773 ·
164 736 234 790 sieut
247 749 342 789 sumus
355 731 469 805 cogniti,
484 746 691 805 cognoscamus.

166 169 219 230 739
302 112 307 121 *
858 158 945 220 virts
964 154 1116 219 MYSTIGA.
1763 158 1814 219 ιιι

166 308 229 348 mus
242 309 250 356 ;
264 296 295 345 nt
309 304 370 346 cnm
384 287 445 362 ipsa
457 287 589 360 sapientia
603 285 721 361 colligati
729 284 842 346 vinculis
867 283 960 344 cbarie
977 281 1235 379 goelebrabuntur.
1251 280 1414 354 bibeturque
1439 282 1466 337 in
1480 297 1585 338 summa
1599 281 1694 348 latitia
1726 285 1816 342 cordis

164 379 226 436 tatis
241 377 422 434 indesinenter
436 387 464 433 et
478 377 612 434 indefesse
625 392 765 433 curramus
788 381 849 446 post
874 373 959 444 illum,
1013 369 1133 426 omnium
1148 369 1319 426 clamantium
1334 370 1459 443 Domino,
1475 381 1501 426 et
1520 371 1665 428 dicentium
1682 391 1688 431 :
1709 376 1751 431 Tre
1772 375 1815 432 io·

163 469 253 525 donec
272 478 298 522 et
323 466 430 538 saporis
451 465 537 538 ipsius
560 464 759 537 plenitudinem
786 463 958 536 attingamus,
1012 477 1083 517 vtum
1096 460 1630 535 otnamrernasttasqnesubactione.
1642 479 1673 533 ιι,
1686 465 1744 535 ιθ).
1763 465 1815 521 Nos

164 556 211 613 ubi
225 556 280 627 jam
293 570 347 610 non
365 570 412 628 per
426 554 567 625 speculum
581 553 649 609 etin
663 553 814 624 aenigmate,
829 552 878 608 sed
893 551 960 608 facie
1011 560 1101 606 autem
1119 549 1237 605 dicimus
1255 550 1324 607 hanc
1342 550 1464 606 laetitiam
1480 551 1630 622 percibum
1652 552 1814 626 significari,

163 645 197 703 ad
213 644 310 701 faciem
325 645 426 715 Regem
441 651 562 699 nostrum
577 641 605 697 in
633 643 729 699 decore
759 641 909 706 videamus,
934 647 960 694 et
1011 655 1073 696 cum
1087 638 1216 709 scripturn
1225 639 1269 694 sit.
1284 641 1317 697 ιιι
1330 639 1423 697 edatis
1436 644 1463 696 ει
1477 639 1579 697 abacis
1589 657 1675 713 super
1685 658 1815 700 mensam

1009 745 1103 787 meam
1117 731 1148 784 in
1163 745 1247 800 repeto
1262 745 1323 786 meo
1337 728 1417 800 (Luc.
1428 743 1494 797 ιιιιι,
1511 730 1556 801 30)
1575 730 1659 785 :lieet
1676 732 1813 804 expositio

200 825 262 878 tlt.
277 822 326 878 liic
352 821 423 877 enim
452 822 650 877 advertendum
676 827 752 891 puto,
785 820 858 890 qnod
889 817 960 873 vitis
1011 817 1188 888 praeecdentis
1216 815 1381 873 auctoritatis
1398 816 1480 874 etiam
1495 817 1523 872 in
1550 818 1602 874 bac
1616 820 1705 888 possit
1722 821 1812 877 locum

162 924 262 969 nostras
274 909 377 967 fructus
394 916 421 966 et
438 908 597 976 comeditur,
617 917 645 964 et
667 907 777 964 bibitur.
805 906 960 964 baeticatur
1012 907 1146 962 obtinere.
1161 907 1189 962 Si
1203 921 1269 962 vero
1293 914 1395 962 asserat
1410 905 1508 977 aliquis
1523 906 1664 980 indignum
1695 908 1770 981 fore,
1786 918 1814 965 ut

163 1001 236 1056 enim
249 1016 309 1069 uva,
325 997 425 1055 bibitur
438 1013 503 1055 vero
518 997 612 1056 vinum
627 996 700 1069 quod
715 996 743 1052 in
761 1010 813 1052 uta
835 994 960 1051 contine·
1011 1003 1086 1052 tantu
1114 995 1182 1051 Vitis
1209 1003 1313 1051 tantum
1340 994 1462 1050 laborata
1493 1003 1521 1051 ει
1553 995 1693 1070 ιειιοιειιε,
1725 1014 1809 1056 unum

162 1094 218 1153 tur,
230 1095 257 1142 et
270 1089 296 1142 in
318 1095 430 1160 utroque
446 1101 496 1141 usu
513 1085 667 1155 jucnnditas
689 1091 751 1141 ast:
772 1082 820 1138 sed
845 1082 873 1138 in
897 1081 959 1140 vino
1010 1091 1114 1138 tantum
1129 1083 1234 1141 botrum
1255 1083 1429 1156 produxerit,
1446 1091 1547 1155 potest,
1564 1084 1588 1140 si
1610 1086 1678 1152 vult,
1703 1101 1737 1142 ea
1751 1104 1811 1156 quae

162 1185 190 1232 et
206 1174 362 1248 jucnnditas
376 1182 403 1230 ct
421 1173 523 1230 utilitas
537 1173 668 1244 prolixior
682 1179 734 1245 est,
749 1171 823 1245 quod
838 1171 873 1227 ad
887 1170 960 1227 botri
1010 1188 1062 1227 nos
1076 1188 1162 1245 grana
1175 1173 1353 1245 appellamus,
1377 1172 1473 1228 botros
1487 1172 1636 1246 appellare,
1654 1181 1682 1229 ει
1696 1173 1812 1246 singulis

163 1264 301 1334 auinaue
314 1279 371 1336 quo
395 1263 477 1320 locuti
498 1279 603 1331 sumus,
629 1262 784 1320 fruitionem
802 1258 869 1316 mihi
891 1276 958 1333 per-
1009 1260 1129 1333 aliquam
1139 1276 1285 1333 granorum
1304 1260 1506 1316 multitudinem
1520 1261 1683 1334 adjungere.

163 1351 251 1410 tinere
269 1351 387 1409 videtur.
402 1352 433 1408 fn
448 1352 576 1424 praesenti
601 1352 674 1408 enim
687 1352 744 1409 vita
760 1352 833 1406 bunc
851 1351 959 1407 botrum
1047 1351 1110 1405 trs.
1127 1350 1318 1421 Verumtamen
1331 1365 1387 1405 non
1399 1350 1620 1406 irrationabiliter
1636 1352 1664 1406 in
1680 1354 1811 1426 praesenti

163 1441 345 1509 masticamus,
360 1457 422 1498 enm
436 1440 603 1509 suavitatem,
618 1440 824 1513 jucunditatem,
853 1446 880 1495 et
905 1437 958 1493 uti·
1010 1438 1105 1495 botros
1119 1438 1185 1495 Vitis
1201 1438 1358 1496 innumeros
1372 1437 1551 1511 inveniemus,
1566 1439 1590 1494 si
1604 1454 1702 1497 omnes
1723 1443 1811 1500 eccle·

162 1531 263 1590 litatem
292 1534 390 1590 nostrae
427 1530 623 1606 redemptionis
640 1515 778 1586 ‘dentibus
805 1528 958 1585 intellectus
1011 1527 1076 1597 sias,
1091 1528 1369 1599 omniamonasteria,
1385 1543 1480 1585 omnes
1500 1529 1739 1603 congregationes,
1753 1548 1812 1605 quae

162 1623 250 1678 nostri
274 1620 436 1679 discutimus
453 1635 462 1692 ;
481 1636 542 1676 cnm
565 1618 775 1676 resurrectionis
800 1617 956 1690 potentiam,
972 1585 995 1664 Β
1011 1617 1038 1674 in
1052 1618 1177 1675 universa
1184 1618 1303 1675 Ecclesia
1316 1624 1391 1687 aunt,
1402 1616 1528 1675 volumus
1541 1618 1650 1674 intueri.
1662 1620 1720 1676 ilos
1739 1623 1811 1676 enim

161 1710 330 1768 ascensionis
345 1710 473 1782 gloriam,
487 1707 657 1764 etadventus
672 1706 789 1778 Spiritus
803 1705 889 1762 sancti
903 1706 957 1761 uti·
1012 1706 1178 1778 botrosquis
1202 1705 1336 1777 produxit,
1359 1705 1411 1760 nisi
1440 1703 1508 1760 vitis
1532 1707 1653 1762 nostra?
1681 1707 1752 1762 Nam
1785 1716 1812 1764 ει

161 1796 264 1854 ιιιειειιι
291 1798 319 1852 in
337 1796 428 1854 cordis
460 1796 546 1853 nostri
577 1793 792 1852 consideratione
819 1807 959 1850 versamus
1011 1794 1135 1851 Christus
1149 1803 1176 1852 et
1188 1795 1310 1850 Ecclesia
1328 1793 1391 1849 vitis
1406 1811 1459 1852 una
1478 1800 1549 1863 sunt,
1568 1793 1640 1851 sieut
1654 1811 1741 1851 unum
1752 1787 1819 1853 cnr·¹

164 1891 293 1958 tanquam
307 1901 374 1941 uvas
388 1884 417 1939 in
430 1899 488 1951 ore,
504 1882 586 1957 fitque
595 1883 631 1939 de
644 1881 686 1937 his
699 1896 894 1955 nonnunquam
908 1881 959 1936 ali·
1013 1900 1083 1955 pus;
1099 1885 1213 1957 singulae
1229 1881 1468 1957 congregationes,
1488 1882 1590 1956 singuli
1614 1883 1686 1941 botri
1707 1901 1811 1959 3grana

163 1989 216 2045 qua
230 1973 322 2029 laetitia
337 1972 413 2030 cordi
436 1981 540 2030 nostro.
566 1971 625 2027 Erit
651 1978 740 2028 autem
758 1970 850 2042 plena,
879 1980 959 2042 post·
1012 1989 1077 2031 vero
1096 1972 1309 2046 singularitatem
1336 1971 1491 2043 exprimunt
1506 1987 1699 2045 personarum,
1713 1982 1742 2031 et
1756 1988 1810 2030 non

164 2078 247 2135 quam
261 2061 406 2120 cessaverit
420 2069 537 2134 tempus,
552 2059 580 2115 id
599 2068 641 2116 est
664 2058 826 2116 mutabilitas
853 2068 960 2131 tempo·
1012 2061 1245 2133 inconvenienter,
1258 2070 1288 2118 ut
1301 2062 1365 2117 mibi
1379 2061 1810 2134 videtur.Nampere1teriorem

164 2151 488 2223 rum,qnandobaecjam
503 2147 955 2217 noneomedemus,aedbibemus,
1013 2149 1161 2207 folliculum
1184 2151 1262 2223 grani
1276 2150 1335 2207 sive
1364 2165 1421 2207 ovae
1445 2164 1543 2219 corpus
1569 2150 1745 2222 exprimitur,
1766 2168 1813 2225 per

75 2305 87 2323 ο
162 2239 375 2298 inestimabilem
392 2240 425 2296 dc
441 2240 650 2312 hisperpetuam
669 2238 787 2295 laetitiam
806 2240 956 2298 consecuti.
1013 2238 1126 2296 nucleos
1140 2254 1222 2310 ossa3
1238 2254 1286 2310 per
1314 2236 1449 2309 liquorem
1477 2237 1565 2293 anima
1593 2236 1740 2310 figuratur,
1768 2241 1811 2298 vel

163 2329 193 2384 fn
208 2328 376 2386 comedendo
399 2328 470 2385 enirn
494 2327 591 2401 aliquis
607 2327 683 2384 fabor
707 2337 772 2384 est:
796 2328 869 2398 quod
894 2343 960 2386 vero
1012 2330 1134 2400 sanguis,
1161 2327 1209 2400 qui
1231 2336 1274 2383 est
1301 2326 1382 2383 sedes
1405 2326 1513 2381 animae.
1538 2326 1567 2380 fn
1586 2334 1671 2382 morte
1694 2327 1811 2384 bominis

162 2417 273 2486 bibitur,
284 2417 342 2474 sine
353 2417 445 2474 labore
461 2416 600 2488 recipitur.
616 2417 695 2475 Unde
705 2431 754 2487 per
763 2415 957 2473 comestionem
1010 2417 1102 2475 anima
1116 2433 1132 2473 a
1146 2432 1272 2489 corpore,
1293 2423 1420 2488 tanquam
1447 2417 1538 2471 vinum
1552 2415 1586 2471 de
1605 2415 1702 2484 acino,
1720 2418 1811 2488 expri-

162 2505 304 2563 delectatio
315 2521 504 2578 quecumque,
520 2505 564 2562 vel
577 2504 791 2578 qualiscumque,
812 2505 855 2562 vel
869 2520 957 2577 quan·
986 2561 990 2573 ,
1011 2506 1116 2564 mitur:
1133 2513 1160 2563 ει
1182 2506 1294 2576 dignum
1310 2504 1402 2572 fuerit,
1424 2504 1450 2560 in
1471 2505 1564 2577 regale
1580 2503 1705 2561 defertur
1728 2505 1811 2563 cella·

163 2601 305 2666 mumque
320 2597 378 2650 sine
393 2609 507 2667 corpore
521 2611 578 2651 non
592 2593 766 2667 percipitur;
785 2593 834 2650 sed
848 2609 958 2667 semper
1012 2596 1084 2654 rium
1108 2594 1224 2668 paradisi
1246 2592 1375 2658 eoelestis,
1393 2606 1422 2650 ut
1441 2592 1571 2664 gaudium
1599 2591 1646 2649 fiat
1668 2593 1737 2668 Regi
1751 2609 1810 2651 cte-

159 2683 490 2756 aggravutanimam.Per
504 2689 597 2753 potum
612 2682 747 2738 veroniae
761 2680 960 2753 laboreaccep·
1012 2684 1085 2752 festi,
1122 2690 1151 2741 et
1175 2681 1296 2743 convivis
1322 2681 1380 2738 suis
1419 2681 1516 2748 beatis,
1559 2681 1606 2753 qui
1636 2681 1671 2737 ad
1701 2683 1809 2756 nuptias

161 2779 229 2842 tum,
244 2771 318 2827 illius
333 2772 385 2828 loci
394 2780 421 2828 ει
435 2770 566 2843 temporis
579 2770 677 2844 gaudia
694 2769 891 2844 significantur,
911 2771 958 2829 ubi
1010 2774 1082 2849 agni
1097 2772 1185 2831 vocati
1208 2779 1270 2830 sunt
1284 2778 1311 2826 et
1325 2769 1496 2842 perveniunt.
1514 2768 1584 2826 Bibit
1598 2769 1671 2826 enim
1698 2778 1727 2827 et
1754 2770 1811 2843 ipra

159 2859 377 2929 etqnandojarn
404 2873 456 2916 non
478 2857 530 2915 erit
540 2857 638 2924 luctus,
653 2874 745 2930 neque
771 2860 881 2928 clamor,
906 2858 956 2916 sed
971 2867 993 2957 g
1009 2863 1133 2932 Sponsus
1160 2860 1251 2920 vinum
1280 2858 1423 2932 proprium
1454 2857 1488 2914 da
1515 2858 1573 2915 vite
1597 2874 1649 2915 soa
1675 2868 1704 2915 et
1730 2859 1808 2917 vines

159 2961 212 3003 neo
227 2946 394 3019 ullusdolor,
409 2945 537 3020 quoniam
551 2948 609 3003 baec
623 2948 713 3004 omnia
723 2947 897 3005 transierunt.
919 2948 956 3006 ιιι
1011 2964 1071 3021 sua,
1085 2947 1207 3007 Ecclesm
1221 2946 1333 3013 seilicet,
1349 2945 1431 3015 eujus
1449 2956 1477 3002 et
1500 2944 1560 3017 ipae
1575 2954 1657 3016 caput
1671 2953 1726 3002 est.
1742 2946 1808 3004 uiuit

158 3033 218 3106 ipse
233 3035 266 3090 ab
292 3041 394 3090 aeterno
422 3033 535 3107 stabilis,
558 3035 606 3107 qui
633 3035 793 3107 pronubis,
821 3051 856 3092 ne
880 3036 955 3095 velut
1008 3038 1108 3110 etipse
1139 3035 1301 3109 sangninem
1319 3051 1433 3093 uvarum
1458 3033 1685 3103 meracissimum,
1706 3035 1806 3094 εειιιεει

159 3123 253 3179 umbra
280 3123 466 3191 transiremus,
492 3123 627 3179 transiens
641 3121 729 3181 factus
743 3122 801 3192 fuit,
821 3123 955 3182 nainistra·

158 3212 200 3269 bit
217 3213 306 3269 nobis.
323 3212 461 3293 lbietiam
481 3220 545 3269 tunc
566 3213 625 3283 jam
648 3229 703 3268 non
722 3229 785 3270 cum
810 3214 901 3272 labore
919 3215 955 3272 ti·

158 3317 236 3360 more
250 3317 278 3360 et
292 3303 489 3376 impedimento
503 3303 626 3375 corporis
646 3303 742 3360 mortis
759 3303 841 3373 bajus
863 3319 956 3362 eome-

157 3393 256 3450 demus
272 3410 279 3446 t
294 3393 341 3448 sod
356 3407 419 3449 cum
434 3409 533 3468 magna
545 3392 714 3464 iucunditate
729 3392 851 3450 bibemus
863 3380 966 3452 rinom‘

159 3482 357 3555 redemptionis
370 3492 484 3550 nostrae,
501 3489 528 3539 et
544 3484 695 3539 secundam
711 3490 836 3538 usturam
863 3481 955 3538 nobile

160 3568 255 3628 vinum
265 3578 366 3645 quanto
380 3572 443 3643 plus
452 3572 614 3641 biberimus,
627 3573 690 3628 licet
705 3581 868 3640 saturemur,
883 3580 955 3627 tanto

157 3661 220 3730 plns
242 3660 376 3729 sitiemus,
390 3661 555 3716 admirantes
568 3668 596 3715 et
608 3659 752 3717 laudantes
766 3660 825 3717 sine
840 3661 955 3717 termino

158 3744 247 3803 500
259 3754 286 3802 ει
300 3747 360 3802 sine
379 3746 579 3804 intermissione
593 3747 742 3804 bonitatam
769 3748 955 3805 admirabilem

157 3834 346 3906 Redemptoris
359 3835 456 3904 nostri,
478 3849 560 3907 quam
575 3833 737 3892 infractum
760 3835 955 3909 redemptionis

156 3930 258 3978 nostra
271 3923 342 3979 circa
352 3938 403 3981 nos
416 3922 504 3981 voluit
513 3923 655 3980 exhibere.

195 4012 261 4068 tre.
275 4011 309 4066 ιιι
323 4012 395 4079 ride,
410 4013 435 4067 si
454 4026 511 4069 non
524 4010 576 4066 ists
600 4010 752 4069 differentia
765 4010 818 4069 eibi
832 4016 860 4068 st
873 4022 954 4086 potus

159 4098 276 4157 nobisin
291 4100 381 4159 verbis
399 4099 494 4172 sponsi
509 4100 537 4155 in
551 4099 661 4158 cantico
688 4101 787 4157 amoris
813 4116 954 4159 commen-

158 4192 246 4256 datur,
261 4205 323 4246 cum
336 4191 374 4246 ait
389 4207 396 4246 :
413 4189 564 4256 comedite,
574 4190 671 4259 amici,
686 4194 714 4248 ει
724 4188 834 4260 tium
851 4195 878 4248 ει
893 4193 955 4251 t'tse·
971 4147 996 4228 ὓ

158 4275 304 4346 emmane,
316 4279 480 4337 charisrimi
494 4279 618 4350 (Contra.
628 4295 658 4346 v,
674 4278 713 4351 l).
723 4278 876 4336 Proemonet
885 4279 956 4336 enim

156 4369 309 4440 comedere,
320 4369 395 4441 quod
408 4367 503 4440 utique
512 4369 546 4425 sd
556 4376 722 4440 presentem
731 4369 813 4427 vitam
826 4367 954 4440 pertinet,

156 4455 184 4514 in
204 4472 267 4530 qna,
283 4457 354 4515 sicut
365 4455 493 4525 diximus,
509 4457 701 4529 contemplatio
729 4456 815 4513 labori
842 4457 955 4515 actionis
993 4502 994 4506 ,

155 4546 274 4602 admixta
294 4555 346 4603 est.
361 4547 393 4602 ln
408 4545 499 4602 futura
513 4563 578 4605 vero
592 4548 658 4619 vita,
673 4562 736 4619 quaa
749 4546 824 4603 omni
850 4546 955 4605 actione

155 4644 241 4702 caret,
255 4635 356 4707 gaudio
371 4645 501 4708 tanquam
516 4637 612 4709 poculo
627 4637 808 4708 perfruemur.
823 4636 952 4694 Bibemns

155 4722 228 4778 enim
247 4730 275 4778 ει
289 4721 483 4781 inebriabimur
511 4726 545 4781 ab
565 4726 687 4783 ubertate
716 4725 814 4782 domus
840 4727 899 4800 Ilei,
927 4735 954 4784 ct

156 4820 275 4871 torrente
295 4811 442 4885 voluptatis
466 4812 527 4883 ejus
548 4814 713 4884 potabimur,
734 4815 792 4885 iarn
818 4830 870 4873 nos
888 4824 954 4872 tunc

156 4916 219 4959 esse
232 4900 317 4974 Regis
332 4909 359 4957 ει
378 4902 478 4975 Sponsi
496 4904 581 4959 nostri
596 4903 771 4961 charissimos
784 4903 888 4976 liquido
903 4920 953 4962 co·

155 4997 329 5066 gnosoentes,
343 5006 405 5047 cum
418 5006 487 5065 aqua
501 4992 590 5050 omnis
616 4992 716 5050 laboris
730 5001 757 5051 et
770 4994 884 5052 actionis
899 5001 950 5050 ter-

155 5095 228 5137 renae
243 5079 272 5135 in
290 5081 384 5136 viuum
399 5079 498 5139 diune
519 5081 753 5154 contemplationis
774 5081 951 5139 commutabi-

156 5176 211 5243 tur,
254 5168 494 5243 implebunturque
528 5186 621 5228 omnes
655 5169 759 5242 hydria
794 5187 880 5243 nsque
916 5171 951 5227 ad

155 5273 303 5320 summum.
318 5259 421 5317 Omnes
433 5261 505 5317 enirn
518 5259 702 5332 implebuntur
712 5260 740 5317 in
752 5260 833 5319 bonis
851 5259 951 5318 domus

154 5344 262 5404 Domini
277 5363 286 5414 ;
312 5363 375 5406 cum
393 5347 441 5406 ille
462 5349 656 5408 desiderabiles
678 5351 782 5424 nuptite
798 5348 907 5422 sponsi,
922 5349 951 5405 id

147 5434 317 5511 estcbristi,
336 5437 541 5513 stSponsae,in
564 5449 605 5499 εει
628 5439 787 5499 universalis
808 5437 949 5512 Ecclesia,

1008 3126 1123 3185 ainimas
1137 3134 1290 3182 sanctorum
1303 3139 1458 3196 expressas,
1473 3131 1500 3179 et
1515 3133 1652 3194 separatas
1670 3124 1707 3179 ab
1725 3123 1807 3182 acinis

1009 3214 1037 3272 iu
1051 3213 1178 3272 torculari
1201 3212 1301 3282 crucis,
1319 3213 1455 3269 inlabere
1474 3221 1501 3267 st
1516 3211 1571 3278 siti,
1599 3210 1629 3267 in
1653 3210 1755 3287 frigore
1780 3221 1807 3270 et

1009 3303 1138 3373 nuditate,
1159 3304 1186 3358 in
1204 3302 1305 3373 vigiliis
1318 3301 1421 3370 multis,
1442 3309 1469 3357 et
1487 3299 1546 3359 aliis
1560 3299 1699 3356 exercitiis
1725 3301 1805 3371 spiri·

1012 3393 1138 3449 tualibus.
1153 3392 1231 3448 Bibet
1244 3394 1304 3460 lias,
1320 3391 1348 3446 id
1363 3401 1415 3461 est,
1440 3391 1493 3447 sibi
1508 3390 1710 3447 delectabiliter
1724 3393 1810 3449 incor-

1010 3481 1126 3556 porabit,
1142 3482 1246 3538 faciens
1263 3491 1293 3537 ut
1308 3496 1378 3536 unus
1393 3480 1506 3552 spiritus
1525 3496 1618 3539 secum
1633 3478 1739 3551 effecti,
1750 3496 1808 3536 cnm

1011 3572 1070 3643 ipso
1085 3578 1112 3626 et
1126 3569 1154 3625 in
1170 3570 1231 3640 ipso
1246 3586 1262 3626 a
1280 3570 1384 3626 cunctis
1403 3569 1438 3624 de
1465 3576 1565 3625 caetero
1593 3568 1735 3625 laboribus
1764 3586 1807 3625 re·

1010 3660 1160 3731 quiescant.
1172 3657 1292 3715 Timsant
1305 3661 1333 3713 ει
1346 3663 1459 3712 caveant
1473 3656 1526 3712 sibi
1539 3657 1705 3728 ilfaputrida
1714 3673 1807 3732 grana,

1010 3747 1106 3803 fratres
1120 3746 1213 3814 falsos,
1230 3760 1369 3817 perversos
1383 3744 1545 3802 christianos
1569 3745 1640 3813 dico,
1660 3745 1712 3820 qui
1732 3747 1761 3802 in
1780 3762 1809 3802 sa

1009 3836 1101 3893 vinum
1115 3850 1170 3892 uon
1185 3834 1333 3907 continent,
1349 3835 1397 3890 sed
1424 3850 1562 3890 venenum
1576 3853 1584 3900 3
1602 3835 1651 3906 qui
1677 3835 1706 3891 in
1720 3844 1810 3892 toron-

1010 3925 1061 3982 lari
1074 3923 1162 3983 erucis
1175 3923 1261 3996 premi
1276 3925 1380 3993 nolunt,
1397 3932 1425 3979 ει
1434 3924 1462 3978 in
1481 3924 1574 3980 labore
1588 3923 1729 3982 bominum
1754 3939 1810 3983 nou

1008 4022 1083 4071 sunt.
1098 4014 1226 4081 caveant,
1253 4012 1363 4086 inquam
1387 4013 1451 4068 dum
1465 4019 1573 4084 tempus
1587 4018 1639 4079 εει,
1655 4028 1692 4068 ne
1707 4013 1807 4084 porcis,

1012 4104 1040 4160 id
1055 4112 1096 4161 est
1107 4102 1236 4175 diabolis,
1249 4101 1396 4159 devorandi
1415 4100 1594 4173 projiciantur
1617 4102 1682 4175 qnia
1696 4102 1726 4157 in
1753 4100 1808 4159 cel·

1013 4193 1078 4251 laria
1088 4192 1165 4268 regia
1179 4208 1233 4251 non
1248 4191 1304 4248 nisi
1318 4205 1366 4264 per
1381 4191 1502 4248 torcular
1515 4189 1605 4248 crucis
1620 4191 1672 4247 iter
1688 4201 1739 4249 est.

1047 4286 1110 4341 ιιι.
1124 4284 1252 4342 Restabat
1278 4283 1358 4339 nobis
1372 4282 1461 4338 dicere
1486 4281 1523 4336 de
1541 4279 1669 4337 secundis
1698 4279 1808 4337 floribus

1010 4375 1082 4434 vitis
1104 4384 1213 4438 nostrte,
1243 4380 1270 4430 et
1297 4372 1331 4428 de
1352 4369 1484 4427 fructibus
1510 4368 1629 4433 illorum,
1657 4369 1808 4426 secundum

1010 4467 1083 4538 quod
1092 4464 1222 4535 scriptum
1233 4468 1284 4528 ast,
1296 4464 1330 4518 nt
1341 4459 1545 4530 refloruitcoro
1555 4473 1620 4515 mco
1629 4457 1719 4530 (Ptol.
1730 4472 1809 4515 xatas

1008 4554 1038 4626 ’1)
1049 4553 1121 4625 quod
1131 4553 1165 4608 de
1180 4550 1379 4607 resurrectione
1393 4547 1446 4605 dici
1457 4549 1547 4603 nullus
1561 4554 1603 4602 est
1617 4547 1664 4620 qui
1678 4546 1808 4620 ambigat,

1008 4647 1088 4715 eujus
1111 4641 1214 4698 fruetus
1236 4642 1286 4697 erit
1309 4639 1398 4712 gloria
1422 4635 1626 4694 resurrectionis
1655 4638 1807 4693 secundm:

1010 4733 1059 4789 sed
1073 4746 1124 4789 nos
1147 4729 1233 4803 magis
1258 4728 1391 4800 legentem
1415 4726 1539 4786 volentes
1562 4725 1699 4783 sitientem
1725 4725 1808 4781 rafin-

1011 4837 1107 4895 qoere,
1130 4835 1211 4893 qnam
1226 4817 1420 4882 fastidientem,
1436 4814 1482 4872 bic
1496 4815 1561 4870 buic
1574 4813 1695 4870 sermoni
1718 4813 1809 4870 termi-

1009 4926 1076 4967 num
1099 4909 1277 4980 imponimus,
1295 4904 1379 4978 parati
1393 4905 1547 4970 emendare,
1563 4903 1683 4967 demere,
1702 4911 1731 4959 et
1745 4917 1808 4958 mu·

1009 5005 1075 5069 tare,
1090 4995 1176 5052 sicubi
1189 5003 1284 5051 contra
1298 4993 1389 5066 fidem,
1405 4999 1432 5049 et
1442 4999 1536 5049 contra
1551 5005 1642 5045 sacrm
1655 4988 1808 5061 Scripturas

1006 5084 1110 5158 aliquid
1124 5084 1260 5154 diximus,
1276 5084 1304 5140 in
1318 5083 1446 5140 omnibns
1459 5079 1560 5152 gratias
1575 5076 1713 5135 humiliter
1726 5092 1809 5151 agen·

1008 5182 1050 5232 tes
1063 5173 1090 5231 ei
1104 5171 1151 5246 qui
1164 5172 1282 5247 gratuita
1294 5172 1383 5247 gratia
1397 5185 1445 5227 sua
1460 5184 1511 5226 nos
1527 5166 1645 5235 edocuit,
1659 5165 1707 5240 qui
1721 5165 1810 5240 aperit

1007 5278 1039 5324 os
1053 5271 1201 5330 mutorum,
1217 5267 1244 5319 et
1258 5261 1365 5336 linguas
1378 5257 1519 5317 infantium
1531 5257 1649 5312 disertas
1665 5255 1747 5322 faeit;
1761 5270 1811 5311 no·

1008 5355 1075 5412 mini
1089 5353 1169 5425 cujus
1183 5367 1282 5408 novum
1296 5349 1459 5427 principium
1474 5344 1599 5420 opusculi
1613 5344 1697 5416 bajus
1710 5341 1811 5402 anen-

1009 5458 1264 5520 queconseoramua
1276 5441 1378 5516 optimo
1396 5452 1424 5499 et
1443 5435 1599 5498 dulcissimo
1619 5435 1697 5493 lesu.
1711 5433 1811 5495 Amen.
