3706 5962
151 222 205 290 itt

782 212 886 271 actm
904 180 1165 271 coronaturus.

1743 214 1795 274 tat

152 361 180 411 et
192 353 284 411 videat
298 347 490 420 imperfectum
498 352 620 401 nostrum
633 358 639 396 :
651 339 724 412 quod
736 337 795 409 lpse
811 337 892 392 docet
898 350 949 390 uos
962 345 985 423 fl
1005 349 1058 390 non
1074 349 1252 407 cognoscere,
1267 349 1347 405 quam
1363 340 1424 404 post
1437 332 1554 407 agnitam
1571 333 1694 392 retroire.
1709 331 1797 404 Quam

152 440 365 508 iaceredioeus,
375 430 682 505 pertranseuntis
692 427 820 502 quaerite,
831 430 859 482 ct
875 425 949 479 inoe-

152 531 259 599 nasim
276 528 445 602 puteolani
460 521 607 594 operietur
622 516 698 575 vohis
714 516 823 587 (liciti.
844 527 893 581 vu,
909 514 948 580 t).

153 619 233 674 Nunc
246 615 320 672 enim
335 628 449 685 regnum
464 609 594 666 coelorum
604 606 659 662 vim
673 605 785 678 patitur,
802 599 946 658 etviolenti

154 706 261 777 rapiunt
278 701 345 757 illud
368 699 419 757 ild.
436 714 473 770 at,
498 698 553 770 iu).
569 697 642 751 Ecce
666 709 700 749 ex
724 688 894 764 praesignatis
908 688 948 743 di-

155 782 344 851 stinctionibus
357 787 478 862 perspici
487 794 602 859 possunt
611 782 801 857 predictorum
816 777 949 851 graduum

155 881 346 955 proprietates,
362 876 500 950 quomodo
514 874 567 930 sibi
581 874 748 938 cohaereant,
764 879 791 925 et
809 867 873 940 quid
889 866 948 921 siu-

155 971 213 1046 guli
225 970 252 1025 in
268 968 349 1025 nobis
361 964 491 1022 alliciant.

154 1077 159 1086 ·
191 1061 236 1115 tt.
250 1057 350 1113 Beatus
362 1055 444 1111 homo
459 1053 537 1122 cujus
553 1051 669 1118 animus,
682 1065 698 1104 a
711 1046 820 1104 caeteris
835 1041 951 1115 negotiis

154 1162 264 1213 uacuus,
280 1144 308 1199 iu
323 1143 365 1198 his
379 1149 495 1214 quatuor
518 1140 648 1214 gradibus
661 1135 764 1194 versari
778 1149 888 1206 semper
902 1132 950 1188 de-

157 1235 277 1292 sitierat:
300 1233 356 1305 qui,
379 1229 497 1288 tenditis
519 1228 654 1284 universis
679 1242 739 1298 quae
762 1224 866 1305 habuit,
886 1222 952 1277 emit

157 1339 252 1396 agrum
276 1322 352 1377 illum
375 1318 404 1375 in
418 1333 471 1391 quo
494 1316 562 1372 latet
587 1317 729 1371 thesaurus
751 1311 949 1375 desiderabilis,

157 1412 261 1469 scilicet
274 1425 382 1478 vacare,
398 1415 425 1463 et
440 1406 534 1463 videre
549 1420 632 1476 quam
645 1403 735 1459 suavis
749 1410 791 1456 est
805 1401 950 1457 Dominus:

156 1499 205 1574 uni
218 1499 246 1554 in
259 1498 346 1569 primo
360 1493 445 1568 gradu
469 1492 641 1558 exercitatus,
652 1491 680 1546 in
700 1489 821 1546 secundo
836 1489 952 1544 circum·

1003 423 1096 494 utique
1107 422 1430 479 excusationemhabebit
1445 422 1496 477 isto
1506 420 1540 477 de
1552 433 1664 492 peccato
1674 423 1688 477 i
1698 423 1797 480 Nonne

1004 510 1029 566 ei
1044 512 1117 581 juste
1133 519 1221 582 potest
1240 512 1330 568 dicere
1352 510 1493 575 Dominus,
1513 511 1585 579 Quid
1600 509 1740 568 bonithi
1750 515 1795 583 sa·

1003 615 1075 669 cere,
1087 603 1117 655 ct
1125 616 1181 656 nou
1192 599 1267 671 teci?
1277 600 1357 668 (lani.
1367 614 1395 665 v,
1406 600 1446 670 i.)
1456 600 1518 655 Nou
1528 614 1601 666 eras,
1612 607 1640 654 et
1649 601 1740 656 creavi
1750 608 1793 656 te:

1003 688 1133 760 peccasti,
1149 694 1176 744 et
1191 688 1290 745 diaboli
1305 704 1414 746 servum
1429 697 1455 744 te
1470 689 1586 762 ieceras,
1602 696 1629 744 et
1641 689 1745 745 redemi
1760 697 1796 757 te,

1002 777 1031 832 in
1054 777 1146 832 mundi
1162 777 1273 834 circuitu
1289 793 1349 833 cum
1366 777 1454 849 impiis
1472 777 1611 845 currebas,
1630 786 1658 834 et
1672 777 1743 851 elegi
1759 786 1795 833 te.

1004 865 1140 921 Dederaru
1150 866 1200 922 tibi
1210 867 1325 938 gratiam
1339 867 1366 921 in
1380 875 1528 938 conspectu
1542 883 1614 935 meo,
1631 875 1658 922 et
1674 867 1799 923 volebam

1003 953 1094 1011 iacere
1109 955 1181 1027 apud
1201 962 1228 1012 te
1255 957 1439 1012 mansionem:
1457 965 1485 1011 tu
1500 973 1565 1012 vero
1579 956 1728 1028 despexisti
1738 972 1797 1025 tne;

1005 1051 1032 1098 et
1047 1058 1102 1099 non
1118 1042 1204 1098 solum
1220 1057 1363 1098 sermones
1371 1058 1460 1110 meos,
1475 1043 1524 1098 sed
1539 1059 1583 1098 mc
1598 1043 1685 1115 ipsum
1700 1045 1799 1115 proje-

1004 1129 1066 1185 cisti
1082 1136 1243 1197 retrorsum,
1268 1140 1295 1187 et
1324 1131 1468 1187 ambulasti
1489 1140 1552 1203 post
1565 1131 1802 1204 concupiscentias

1007 1224 1076 1274 tuas.
1093 1218 1158 1288 Sed,
1174 1235 1190 1275 o
1204 1220 1279 1276 Deus
1292 1221 1375 1288 boue,
1386 1220 1476 1276 suavis
1491 1229 1517 1277 et
1532 1220 1613 1286 mitis,
1629 1218 1799 1276 amicusdul·

1007 1309 1056 1378 cis,
1072 1309 1246 1366 consiliarius
1259 1311 1390 1382 prudens,
1406 1309 1515 1380 adJutor
1529 1311 1618 1378 sortis,
1635 1309 1800 1382 quaminhu-

1008 1415 1113 1467 manus,
1131 1417 1213 1472 quam
1230 1401 1391 1456 temerarius
1412 1400 1514 1471 estqui
1529 1407 1556 1456 te
1570 1399 1672 1469 abiicit,
1686 1399 1732 1473 qui
1746 1406 1800 1453 tarn

1009 1489 1149 1556 humilem,
1174 1496 1229 1544 tam
1258 1497 1430 1545 mansuetum
1452 1489 1586 1561 hospitem
1610 1507 1626 1544 a
1649 1504 1698 1544 suo
1719 1486 1801 1543 corde

158 1595 281 1661 spectus,
297 1586 325 1641 in
343 1584 425 1641 tertio
448 1582 573 1645 devotus,
590 1581 618 1636 ln
633 1587 729 1652 quarto
744 1594 826 1652 supra
840 1594 869 1633 se
884 1577 954 1634 lera·
1010 1576 1136 1647 repellit!
1159 1577 1278 1649 Oquam
1293 1576 1386 1634 infelix
1410 1587 1437 1633 et
1458 1578 1591 1634 damnosa
1609 1576 1799 1633 commutatio!

159 1684 212 1742 tus,
233 1691 282 1748 per
297 1676 346 1730 has
374 1672 558 1738 accendones,
580 1669 687 1741 quasin
702 1669 785 1724 corde
800 1682 849 1722 suo
864 1666 954 1737 dispo·
970 1645 992 1722 Β
1009 1667 1168 1722 Creatorem
1184 1684 1260 1723 suum
1277 1668 1405 1737 abjicere,
1419 1674 1446 1722 et
1460 1682 1560 1738 pravas
1574 1665 1720 1738 noxiasque
1730 1665 1803 1737 cogi·

158 1765 221 1832 suit,
238 1762 370 1819 ascendet
391 1761 425 1816 dc
449 1760 551 1816 uirtute
566 1759 594 1813 in
610 1757 747 1823 uirtutem,
763 1756 852 1811 donec
865 1756 955 1810 uideat
1011 1756 1126 1812 tationes
1143 1756 1280 1828 recipere!
1306 1756 1374 1811 illud
1394 1756 1473 1811 etiam
1489 1766 1623 1812 secretum
1638 1756 1726 1812 cubile
1741 1755 1801 1826 Spi-

159 1851 247 1906 Deum
261 1848 375 1904 deorum
394 1846 422 1901 iu
438 1845 513 1902 Sion.
537 1845 638 1901 Beatus
656 1843 698 1898 cui
712 1843 741 1897 in
754 1842 806 1898 boc
829 1855 956 1912 supremo
1010 1844 1079 1899 ritus
1100 1845 1196 1912 sancti,
1215 1851 1351 1900 secretum
1370 1843 1471 1911 cordis,
1486 1844 1559 1916 quod
1573 1843 1654 1916 paulo
1669 1838 1803 1900 ante'coe·

162 1939 252 2011 gradu
264 1935 307 1992 vel
315 1934 423 1990 modico
432 1940 555 2005 tempore
566 1932 727 1988 conceditur
740 1927 955 1996 marrere‚818
1011 1931 1125 1989 lestibns
1146 1933 1253 2006 gaudiis
1275 1933 1446 2001 intendebat,
1471 1940 1525 1988 um
1549 1933 1637 1989 subito
1660 1931 1808 1988 immundis

159 2027 207 2099 ¹qni
229 2040 295 2082 rere
316 2029 406 2095 potest
429 2022 545 2077 dicere:
570 2021 643 2077 Ecce
666 2020 754 2076 sentio
773 2019 889 2094 gratiam
903 2018 958 2074 Do·
1016 2022 1226 2097 cogitationibus
1250 2029 1278 2077 et
1299 2022 1420 2095 peccatis
1443 2023 1552 2078 tradere
1580 2021 1806 2078 conculcanduml

158 2110 246 2180 'mihis
269 2124 335 2169 eece
359 2122 420 2166 cum
436 2110 515 2166 Petro
539 2118 568 2165 et
587 2109 693 2165 loauue
716 2108 831 2182 gloriam
852 2107 913 2178 ejus
932 2106 960 2161 iu
1017 2112 1113 2167 Adhuc
1127 2112 1153 2166 in
1169 2112 1251 2167 rorde
1266 2111 1460 2182 calcutsponsi
1476 2111 1602 2186 vestigia3
1619 2113 1716 2181 etjam
1731 2109 1813 2164 intro

156 2207 254 2259 'moute
287 2198 472 2273 contemplor3
504 2213 572 2254 ecoe
600 2213 663 2253 eum
692 2195 776 2254 tacoh
803 2195 964 2268 plerumque
1016 2200 1326 2256 mittunturadulterina
1342 2198 1503 2257 desiderint
1521 2199 1588 2255 ldale
1603 2198 1770 2255 conveniens
1785 2205 1814 2252 et

111 2335 113 2338 .
158 2289 287 2349 llacbelis
309 2285 479 2361 amplexibus
502 2286 635 2344 delector.
655 2284 710 2342 Sed
728 2291 825 2342 caveat
844 2284 895 2339 sibi
909 2285 961 2338 iste
1016 2289 1177 2346 indecorum
1193 2297 1242 2354 est,
1274 2305 1356 2345 aures
1379 2305 1439 2362 quae
1463 2288 1544 2345 modo
1567 2287 1712 2344 audierunt
1727 2286 1812 2344 verba

160 2394 199 2435 ne
214 2386 276 2448 1³0⁵!
290 2374 552 2447 contemplationem
560 2374 654 2441 islam,
675 2389 729 2446 <1¹¹³
745 2375 868 2431 tlemus
883 2370 963 2428 luerit
1019 2395 1082 2450 quae
1101 2393 1156 2434 nou
1177 2378 1240 2434 licet
1268 2377 1370 2433 homini
1383 2377 1467 2449 loqui,
1484 2385 1536 2433 tam
1561 2378 1614 2433 cito
1637 2375 1758 2432 inebnari
1776 2374 1811 2431 ad

157 2482 249 2541 tuque
272 2466 305 2522 td
330 2465 425 2531 offilo&
446 2464 601 2522 inordinato
627 2480 690 2520 casu
699 2470 814 2520 'corruat
828 2477 914 2534 usque
928 2462 962 2515 ad
1019 2467 1124 2523 tabulas
1134 2477 1162 2524 et
1176 2466 1361 2523 detractiones
1374 2466 1537 2535 audiendas;
1552 2465 1655 2533 oculos,
1670 2464 1717 2537 qui
1729 2465 1813 2521 sacris

163 2556 286 2628 ibim,
312 2569 363 2611 nee
378 2560 442 2627 post
462 2553 513 2609 Dei
528 2553 664 2610 visionem
685 2553 719 2608 ad
739 2552 854 2608 lascivos
871 2549 965 2605 mundi
1018 2555 1146 2627 lacrymis
1160 2557 1242 2612 modo
1265 2555 1392 2628 baptisati
1406 2561 1493 2623 erant,
1513 2565 1626 2626 repente
1641 2554 1763 2612 converti
1777 2553 1812 2608 ad

164 2652 240 2712 actus
263 2650 292 2699 et
316 2642 406 2699 carnis
430 2641 576 2698 illecebras
600 2650 784 2697 convertatur.
810 2638 877 2694 Cum
899 2652 965 2695 vero
1019 2646 1150 2701 videndas
1173 2644 1321 2710 vanitates;
1344 2645 1475 2718 linguam,
1491 2660 1550 2716 qua
1566 2644 1646 2700 modo
1661 2643 1740 2700 dulce
1754 2642 1813 2716 epi-

165 2729 264 2787 mentis
287 2731 414 2786 humanae
438 2729 513 2784 acies
527 2727 635 2784 infirma
649 2730 706 2785 veri
722 2728 831 2784 luminis
845 2726 964 2781 illustra·
1020 2735 1176 2793 cummium
1191 2734 1394 2801 decantaverat,
1411 2750 1472 2807 quoe
1486 2733 1580 2806 ignitis
1591 2740 1619 2790 et
1634 2733 1814 2806 persuasoriis

166 2819 268 2875 donem
287 2818 389 2874 diutius
413 2818 550 2873 sustinere
577 2833 631 2874 non
659 2818 772 2889 poterit,
797 2815 831 2871 ad
846 2816 964 2888 aliquem
1019 2824 1135 2895 eloquiis
1149 2824 1205 2880 suis
1228 2839 1289 2879 curn
1308 2839 1410 2894 sponso
1433 2824 1655 2880 reconciliaverat
1671 2835 1809 2894 sponsam,

168 2906 249 2963 trium
264 2906 408 2981 graduum,
424 2922 475 2978 uer
489 2922 558 2978 quos
573 2906 744 2974 assederat
764 2905 903 2962 tertiaret
921 2919 965 2960 or·
1020 2921 1048 2968 et
1074 2913 1263 2968 innodarent
1288 2927 1348 2969 eam
1371 2912 1400 2967 in
1425 2912 1521 2969 edam
1545 2912 1688 2976 vinariam,
1711 2910 1813 2970 iterum

168 2994 261 3052 dinate
275 2995 423 3052 descendat
435 3012 445 3050 z*
454 3003 483 3051 et
496 2995 652 3052 alternatim
662 2998 743 3053 ruodo
757 2996 786 3052 in
797 3009 868 3064 uno,
882 2993 964 3048 modo
1020 3003 1144 3060 mavei-rt
1158 3004 1191 3058 ad
1206 3019 1276 3059 vana
1292 3002 1422 3078 eloquia
1435 3004 1468 3058 ad
1485 3001 1676 3072 scurrilitates,
1691 3000 1725 3056 ad
1743 3014 1813 3058 con-

92 3112 96 3121 ·
169 3084 198 3140 in
222 3083 319 3152 illem,
342 3080 493 3140 Secundum
508 3085 618 3142 modum
633 3083 714 3142 liberi
727 3085 842 3152 arbstfiia
856 3100 906 3157 1³¹0
918 3100 963 3138 fl·
1022 3092 1187 3147 cinnandum
1207 3090 1294 3157 dolos,
1321 3093 1354 3147 ad
1379 3092 1572 3149 detractiones.
1597 3089 1705 3146 absita
1723 3087 1812 3153 uobis,

167 3174 242 3230 tione
268 3171 321 3230 loci
345 3181 372 3230 et
388 3167 519 3246 temporis
543 3174 709 3241 demoretur,
735 3182 810 3231 tanto
827 3175 885 3244 jam
905 3174 964 3230 Deo
1019 3179 1150 3236 Domine!
1171 3180 1226 3236 Sed
1241 3180 1264 3236 si
1279 3179 1348 3236 torte
1364 3197 1397 3237 ex
1414 3183 1532 3236 humana
1546 3174 1816 3235 iuiirnuitatesdtal'ts

166 3261 291 3331 achior,
308 3270 409 3334 quanto
424 3274 441 3317 a
460 3262 547 3335 primo
560 3264 648 3337 gradu
663 3264 804 3321 remotior.
823 3262 879 3321 Sed
893 3261 960 3318 beul
1018 3269 1177 3336 dilabimur,
1200 3284 1256 3324 non
1278 3268 1340 3324 ideo
1355 3269 1544 3340 desperemus,
1555 3267 1604 3324 sad
1618 3267 1715 3324 iterum
1726 3281 1819 3322 recur-

166 3350 269 3425 lrtssilis
284 3360 312 3408 et
326 3348 492 3407 miserabilis
505 3353 626 3408 humant
639 3354 760 3410 conditio
772 3355 778 3408 l
795 3352 866 3409 Eece
882 3352 965 3408 ductu
1020 3376 1111 3415 ramus
1124 3358 1159 3413 ad
1175 3357 1342 3413 clementem
1357 3356 1503 3424 ttedicum,
1514 3357 1561 3428 qui
1574 3356 1685 3414 suscitat
1698 3354 1733 3411 de
1743 3362 1816 3411 terra

165 3441 278 3499 rationis
292 3449 321 3497 et
337 3440 532 3514 scripturarum
558 3440 719 3501 testimoniis
732 3451 828 3516 aperte
842 3443 966 3501 ridemus
1019 3448 1143 3520 inopem,
1159 3455 1186 3503 et
1201 3446 1284 3518 erigit
1300 3445 1334 3502 de
1348 3452 1470 3502 stercore
1485 3460 1633 3518 pauperem
1647 3443 1735 3516 (Ptol.
1746 3456 1814 3510 extr,

166 3531 195 3586 in
218 3529 261 3586 bis
285 3539 403 3604 quatuor
427 3531 557 3604 gradibus
579 3532 659 3591 bona
684 3533 746 3590 vitae
768 3533 966 3606 perlectionem
1019 3537 1059 3606 i),
1075 3545 1103 3593 et
1127 3536 1172 3608 qui
1190 3551 1244 3590 non
1266 3534 1322 3593 vult
1336 3542 1451 3590 mortem
1469 3533 1637 3606 peccatoris:
1652 3533 1750 3592 iterata
1768 3547 1816 3588 cu-

162 3618 312 3686 contineri,
332 3627 360 3675 et
383 3619 412 3675 in
436 3621 476 3677 eis
499 3620 647 3694 spiritualis
669 3622 787 3680 hominis
809 3622 967 3680 exercitium
1020 3625 1090 3681 rabit
1103 3633 1131 3682 et
1145 3624 1251 3680 sanabit
1265 3639 1326 3681 nos.

167 3709 271 3765 debere
283 3709 398 3764 versari.
424 3708 480 3764 Sed
504 3710 566 3782 quis
582 3712 684 3783 estqui
699 3712 772 3768 hunc
785 3712 894 3769 urendi
909 3721 966 3768 tra·
1058 3718 1102 3769 lh.
1122 3714 1183 3769 lam
1194 3721 1302 3784 tempus
1310 3721 1352 3768 est
1365 3721 1395 3768 ut
1410 3712 1531 3784 epistola
1541 3711 1623 3768 finem
1634 3710 1817 3783 imponamus.

167 3797 261 3852 mitem
289 3796 398 3852 teneat?
420 3795 487 3866 Quis
508 3806 550 3853 est
575 3798 637 3855 hio?
660 3806 688 3855 et
709 3800 877 3856 laudabimus
891 3818 964 3858 eum.
1024 3802 1142 3859 Oremus
1160 3818 1227 3873 ergo
1252 3804 1338 3858 Deum
1354 3810 1383 3857 ut
1408 3801 1611 3872 impedimenta,
1634 3816 1695 3872 quae
1718 3799 1818 3858 uoatb

111 3882 120 3896 ”
167 3883 245 3941 Velle
260 3882 351 3940 multis
363 3883 481 3956 adjacet,
497 3885 545 3941 sed
556 3885 803 3960 perticerepaucis.
819 3890 964 3947 Etutinam
1022 3894 1082 3963 ejus
1105 3890 1338 3962 contemplatione
1360 3890 1511 3960 retrahunt,
1535 3891 1562 3945 in
1581 3890 1710 3962 praeseuti
1738 3889 1820 3948 uobis

168 3973 203 4028 de
219 3973 278 4028 istis
291 3973 387 4043 paucis
401 3984 532 4031 ememus.
559 3973 561 3977 ’
1022 3980 1184 4053 mitigatio
1208 3983 1297 4036 t'uturo
1321 3980 1399 4037 uobis
1418 3981 1525 4051 penitus
1547 3978 1671 4036 auferat:
1696 3977 1743 4050 qui
1768 3993 1820 4051 per

466 4100 582 4159 CAPUT
595 4100 669 4160 xm·
1025 4071 1172 4142 praediotos
1186 4072 1287 4142 gradus
1306 4070 1341 4126 de
1356 4069 1455 4127 virtute
1469 4070 1497 4125 in
1514 4070 1641 4125 virtutem
1654 4082 1705 4125 uos
1718 4067 1821 4141 perdu-

613 4208 618 4222 ,
862 4213 867 4226 ,
1023 4167 1076 4227 cat,
1090 4160 1179 4215 donec
1207 4160 1352 4217 videamus
1373 4160 1461 4214 Deum
1484 4159 1598 4215 deorum
1622 4157 1649 4213 iu
1669 4156 1746 4213 Sion:
1771 4155 1819 4212 ubi

181 4308 185 4315 ,
220 4207 349 4275 (ΜΨ
365 4221 520 4265 ‘mmm
535 4208 569 4264 ab
589 4208 634 4265 Μ’
653 4211 920 4283 mmmmm
1024 4249 1108 4306 slecti
1133 4265 1188 4306 non
1215 4249 1351 4326 guttatim,
1384 4265 1438 4306 nou
1461 4247 1644 4319 interpolatim
1668 4245 1821 4318 percipient

471 4315 658 4372 'mamm
1025 4339 1124 4396 divinae
1147 4339 1385 4410 contemplationis
1412 4337 1592 4404 dulcedinem,
1621 4335 1670 4391 sed
1697 4345 1820 4393 torrente

206 4420 250 4472 lb.
277 4416 345 4473 Sunt
369 4423 462 4474 autern
481 4427 598 4492 quatuor
622 4438 721 4490 causae,
745 4439 807 4496 quae
826 4427 967 4483 retrabunt
1024 4429 1169 4501 voluptatis
1193 4428 1382 4484 indesinenter
1400 4427 1507 4499 repleti,
1534 4426 1674 4481 habebunt
1691 4422 1821 4498 gaudium

167 4520 219 4563 nos
241 4505 407 4580 plerumque
429 4508 463 4563 ab
482 4508 540 4565 istis
558 4511 704 4586 gradibus:
726 4512 828 4570 scilieet
850 4515 967 4572 inevita·
1022 4517 1096 4592 quod
1117 4533 1197 4574 nomo
1213 4517 1288 4573 tollet
1303 4517 1337 4571 ab
1353 4516 1402 4587 eis,
1418 4523 1445 4573 et
1456 4512 1819 4587 paeemincommutabilem,

169 4592 231 4650 bilis
254 4596 416 4663 necessitas,
442 4597 567 4655 honestae
589 4601 703 4658 actionis
720 4602 828 4674 utilitas,
850 4605 966 4662 humana
1027 4624 1124 4680 paoem
1140 4607 1167 4662 in
1183 4607 1210 4662 id
1225 4606 1324 4678 ipsum.
1339 4607 1379 4662 'lu
1397 4621 1474 4678 crgo,
1491 4602 1821 4676 iratermiGervasiffl),

168 4678 324 4751 infirmitas,
341 4684 489 4740 mundialis
503 4686 619 4745 sanitas.
630 4688 717 4745 Prima
732 4699 774 4747 est
789 4694 962 4764 excusabilis3
1021 4697 1044 4753 si
1068 4696 1177 4768 quando
1202 4697 1293 4751 datum
1309 4694 1358 4750 tibi
1382 4693 1463 4750 inerit
1485 4693 1605 4766 desuper
1629 4690 1821 4764 praedictorum

169 4769 301 4835 secunda
317 4768 486 4840 tolerabilis;
502 4773 591 4840 tertia,
608 4775 783 4846 miserabilis;
799 4789 895 4851 quarta
908 4782 966 4839 cul·
1025 4785 1165 4859 graduum
1180 4783 1368 4840 celsitudinem
1388 4781 1584 4847 conscendere,
1599 4788 1738 4837 memento
1747 4779 1819 4837 mei:

169 4855 279 4929 pabilis.
294 4855 349 4912 lllis
364 4859 437 4914 euim
465 4875 534 4931 quoa
548 4861 702 4933 hujusmodi
726 4866 871 4924 norissima
884 4888 965 4928 causa
1020 4884 1048 4931 et
1062 4891 1110 4932 ora
1128 4889 1178 4946 pro
1195 4889 1249 4940 me,
1270 4888 1332 4929 cum
1346 4873 1417 4928 bene
1441 4871 1522 4927 luerit
1536 4871 1597 4943 tibi;
1621 4878 1650 4925 ut
1665 4869 1704 4926 sie
1718 4869 1821 4926 cortina

171 4961 187 5002 a
206 4953 302 5003 sancto
314 4948 453 5020 proposito
468 4949 591 5018 retrahit,
607 4951 705 5008 melius
719 4963 777 5012 erat
790 4957 903 5031 gloriam
913 4962 964 5020 Dei
1019 4963 1152 5021 cortinam
1171 4963 1268 5028 trahat,
1284 4972 1311 5019 et
1325 4961 1372 5035 qui
1385 4960 1469 5032 audit,
1484 4961 1569 5018 dieat:
1588 4958 1665 5014 Veni.

207 5146 265 5217 (st)
284 5143 331 5200 Sic
349 5143 433 5202 habet
446 5146 663 5220 manuscriptus·
677 5163 733 5206 non
749 5152 872 5224 Gosrcdc,
889 5156 928 5212 uti
942 5158 1072 5215 hactenus
1084 5158 1194 5216 lectum.

889 5356 1097 5380 ἡ
