3706 5962
51 205 110 266 693

751 217 835 278 illlis
853 218 1001 280 histros.

1647 221 1700 285 ost

52 332 146 388 minus
161 334 256 391 haheat
271 337 357 394 tnerrti
372 337 399 395 in
414 345 522 397 corona.
546 341 682 415 Integram
698 359 762 401 tero
786 361 850 400 om·
868 360 891 440 g
906 363 970 404 vero
986 349 1069 419 bone,
1085 351 1178 425 gratiae
1198 351 1289 423 sponsi
1310 352 1348 408 tui
1372 359 1444 408 sunt.
1465 350 1607 409 Gratulare
1621 365 1698 422 ergo,

51 421 122 477 nino
141 438 270 479 coronam
285 427 389 483 aestimo
414 444 595 497 possessuras,
620 448 681 503 quae
710 449 725 488 a
757 433 852 505 primis
905 435 932 491 id
947 439 1104 504 est,laetare
1126 441 1204 498 simul
1219 441 1358 512 etgmtias
1380 457 1430 516 age
1451 442 1486 508 ei,
1510 457 1525 495 a
1547 455 1601 513 quo
1616 441 1701 496 hebes

53 511 134 566 anuis
161 513 217 567 suis
246 514 425 584 virginitatem
443 535 545 589 sponso
574 536 624 577 sno
649 521 765 578 Domine
788 523 851 578 lesu

52 612 156 655 vovere
170 610 197 656 ct
210 617 373 660 conseruere
389 608 562 666 studuerunt.

341 712 454 770 CAPUT
471 714 575 773 xlttx.

58 793 136 861 Qrsed
144 796 194 863 flos
203 799 259 854 lilii
269 801 427 929 inclinantis
438 803 482 929 ted
498 809 605 862 terram
619 804 718 864 doceat
729 807 851 864 bamili·

419 892 436 930 α
451 892 505 931 em.

907 539 979 591 esse,
1000 538 1027 583 et
1041 530 1111 586 bene
1125 547 1204 587 esse:
1220 542 1246 588 et
1269 539 1342 589 tanto
1362 531 1449 602 magis
1467 530 1549 601 dilige
1572 530 1701 584 dilectum

905 621 992 682 tuum,
1007 628 1106 690 quanto
1123 621 1245 691 pluribus
1258 629 1285 676 et
1299 620 1447 691 majoribus
1458 619 1538 675 bonis
1551 620 1608 673 suis
1622 632 1701 673 suam

907 709 1185 779 ergatecomprobat
1209 710 1392 766 dilectionem.
1417 711 1474 764 lmo
1494 714 1520 762 et
1544 708 1602 778 ipsa
1630 707 1702 760 done

906 793 1034 849 uirtutum
1060 798 1120 868 plus
1135 798 1229 872 dilige,
1249 797 1461 871 diligentiusque
1481 812 1619 861 conserva,
1639 793 1703 866 quie

906 881 957 936 boc
981 897 998 937 a
1021 895 1075 939 tam
1094 885 1190 944 dilecto
1209 895 1237 942 et
1261 895 1315 942 tam
1338 886 1477 960 diligendo
1500 885 1624 955 accipere
1647 899 1703 938 tne-

93 957 138 1009 98.
154 955 212 1010 Nec
233 963 461 1030 pretereundum,
484 967 556 1035 quod
580 966 638 1035 ipse
652 967 703 1023 ilos
724 967 772 1024 lilii
797 977 851 1024 tam
904 967 998 1032 ruisti,
1014 984 1094 1039 quam
1120 971 1143 1028 si
1170 973 1289 1044 propriis
1307 973 1411 1031 uiribus
1433 976 1485 1028 buc
1508 971 1656 1027 obtineres.
1672 972 1702 1027 lu

54 1040 139 1112 altus,
163 1051 215 1097 tana
243 1049 379 1115 candidus,
403 1063 458 1106 tam
479 1055 625 1122 jucundus,
646 1071 754 1126 semper
773 1057 852 1112 reoli·
905 1055 1043 1113 retinendo
1066 1059 1158 1116 datum
1170 1062 1323 1136 diligenter,
1338 1061 1427 1117 dantis
1445 1059 1536 1116 dilecti
1557 1059 1649 1131 sponsi
1675 1070 1703 1115 tu

55 1138 139 1185 natur
159 1132 241 1190 167
257 1138 290 1190 ed
311 1148 419 1194 terrem.
443 1142 513 1210 Quid
534 1144 610 1198 nobis
627 1160 674 1212 per
701 1146 752 1200 boc
779 1146 849 1200 aliud
905 1142 1078 1203 dilectionem
1093 1152 1218 1215 ostende;
1234 1129 1365 1222 quia'uon
1380 1150 1459 1207 debet
1473 1150 1541 1205 dure
1556 1148 1618 1204 vilia
1638 1164 1702 1203 mn·

56 1236 140 1290 quam
160 1225 296 1282 humilitas
317 1231 543 1287 commendaturi
565 1232 651 1303 Caput
678 1235 749 1289 enim
771 1233 852 1291 incli·
907 1237 1060 1292 neradator
1073 1245 1129 1294 tam
1142 1239 1286 1310 pretiosus.

56 1325 125 1365 nare
138 1312 171 1366 ad
186 1323 293 1381 terram,
307 1327 348 1372 est
363 1330 480 1374 mentem
501 1329 621 1376 nostram
635 1321 669 1376 ad
698 1324 852 1394 generatio·
943 1326 1004 1380 too.
1026 1326 1142 1383 Secundi
1157 1345 1234 1395 vero,
1248 1328 1295 1402 qui
1313 1329 1426 1385 credunt
1441 1346 1471 1384 se
1492 1328 1602 1401 quidem
1624 1340 1705 1382 acce·

58 1414 122 1454 nem
148 1409 282 1458 terrenam
305 1415 330 1461 et
348 1406 519 1478 fragilitatem
541 1408 576 1465 de
598 1419 670 1466 terra
687 1420 852 1468 contractam
907 1412 990 1483 pisse,
1007 1417 1079 1487 qued
1095 1432 1148 1470 nott
1162 1419 1270 1485 hebent,
1287 1432 1304 1472 tt
1322 1419 1389 1484 Deo,
1410 1419 1457 1474 sed
1481 1427 1568 1473 tamen
1595 1424 1706 1486 propter

57 1486 207 1556 inflectere,
223 1509 256 1548 ue
286 1495 319 1549 de
340 1497 417 1551 nobis
431 1497 533 1568 aliquid
553 1515 716 1569 praesumere
742 1501 852 1557 omniuo
911 1502 1087 1571 meritasua;
1105 1506 1359 1579 uoluntbenignum
1380 1507 1526 1563 Dominum
1544 1507 1639 1561 lesum
1657 1518 1707 1558 sua

57 1577 215 1644 audeamus,
232 1582 295 1636 dum
318 1598 368 1640 nos
381 1585 468 1642 lutum
482 1597 508 1643 et
523 1589 640 1644 cinerem
654 1605 714 1645 csse
728 1590 853 1646 couside-
908 1591 995 1662 gratia
1018 1593 1146 1662 spoliare.
1168 1594 1221 1650 Cur
1243 1601 1354 1666 propter
1376 1595 1471 1651 merita
1498 1604 1544 1651 tua
1568 1594 1708 1662 accepisse

58 1680 161 1722 ramus.
177 1671 250 1724 Nulli
266 1682 353 1728 autem
370 1676 426 1730 haee
449 1677 533 1732 uirtus
556 1683 609 1731 mm
629 1679 780 1734 necessaria
804 1686 854 1744 est,
870 1652 893 1731 Β
910 1690 936 1736 te
952 1689 1031 1752 putus
1044 1681 1192 1738 virtutem?
1208 1682 1352 1738 llicmibi:
1368 1682 1435 1752 Quis
1457 1683 1532 1739 dedit
1557 1681 1605 1737 tibi
1626 1695 1707 1754 posse

59 1771 141 1819 ouum
165 1758 324 1830 virginibus,
341 1766 416 1818 nain
434 1765 596 1830 profundum
619 1769 753 1838 superbiae
781 1768 852 1824 inci·
910 1772 1032 1828 mereri‘?
1050 1773 1122 1841 Quid
1130 1772 1203 1828 enim
1216 1773 1382 1846 badesqaod
1397 1791 1454 1830 non
1468 1772 1623 1846 accepisti?
1637 1772 1708 1840 Quid

59 1844 127 1898 deut
149 1847 212 1902 dum
233 1864 344 1905 suorum
369 1853 542 1911 considerant
560 1856 742 1911 excellentiam
770 1856 853 1911 meri·
906 1860 1052 1931 gloriaris,
1074 1864 1158 1933 paesi
1176 1879 1234 1918 noo
1257 1862 1464 1933 aaaauerisld
1477 1863 1538 1919 cor.
1555 1877 1593 1926 tv,
1612 1863 1652 1931 t).
1678 1861 1710 1915 Et

59 1936 300 2006 torumllirgiucs
315 1940 386 1996 enim
409 1943 507 1999 Christi
526 1944 607 1999 etiam
622 1944 711 2001 adbuc
734 1944 761 1999 in
786 1953 856 2001 terra
911 1956 1011 2017 lemen,
1029 1949 1052 2004 si
1066 1950 1107 2005 vis
1125 1950 1196 2004 scire
1214 1952 1351 2023 quomodo
1376 1951 1524 2020 acceperis,
1545 1949 1608 2005 audi
1627 1965 1707 2004 eum·

58 2030 197 2095 viventes,
211 2035 375 2105 Angelorum
398 2040 502 2095 ducunt
521 2041 613 2112 tilam,
633 2057 694 2097 cum
708 2043 778 2098 tales
791 2042 856 2106 sint,
910 2038 971 2093 dem
987 2038 1151 2109 apostolum:
1169 2041 1278 2109 Gratia,
1297 2041 1394 2112 iuquit,
1409 2042 1460 2097 Dei
1481 2041 1553 2097 solui
1569 2038 1643 2111 secli
1660 2054 1708 2094 stt·

62 2119 162 2188 qualcs
187 2122 251 2175 dixit
275 2124 406 2180 Dominus
421 2129 543 2182 homines
566 2131 671 2185 futuros
689 2138 751 2202 post
769 2145 858 2186 resur·
911 2144 984 2184 mus.
1000 2125 1078 2195 Quod
1089 2136 1180 2184 eutem
1195 2129 1330 2186 salvamur
1344 2128 1587 2200 seeundumopera
1602 2137 1706 2196 nostre,

60 2206 211 2262 rectionem
229 2227 234 2266 :
251 2212 315 2283 quia
331 2222 393 2268 tunc
412 2230 499 2287 neque
512 2216 630 2282 nubent,
648 2233 736 2289 neque
751 2218 859 2274 neban-
911 2232 966 2271 non
980 2232 1012 2273 ex
1024 2215 1264 2285 iustificationibus
1280 2217 1382 2273 nostris
1397 2216 1551 2282 salvamur;
1577 2217 1625 2270 sed
1646 2231 1710 2287 gra·

62 2298 128 2362 tur,
147 2298 194 2353 sed
204 2306 291 2356 erent
304 2304 412 2359 similes
427 2306 537 2377 Angelis
552 2307 602 2362 Dei
619 2306 650 2360 io
665 2307 734 2362 coelo
751 2304 857 2375 [Mollis.
913 2305 950 2361 tie
960 2304 1038 2360 datur
1052 2321 1102 2376 pre
1116 2305 1212 2378 gratia.
1227 2306 1324 2362 Gratia
1337 2306 1409 2361 euim
1423 2304 1473 2361 Dei
1485 2320 1580 2360 sumus
1595 2303 1622 2358 in
1636 2303 1710 2376 qued

60 2398 128 2450 xxlt,
146 2388 202 2450 30).
218 2389 276 2442 Non
294 2399 449 2460 exspectent
460 2401 549 2448 autem
565 2393 685 2467 uirgines
700 2394 798 2450 Christi
814 2409 860 2447 so-
913 2410 1017 2456 sumus.
1033 2396 1090 2449 sive
1104 2393 1132 2448 in
1146 2394 1275 2450 habendis
1290 2394 1444 2458 virtutibus,
1465 2393 1521 2450 siue
1540 2392 1567 2448 itt
1588 2391 1711 2448 eoelesti·

62 2475 200 2529 lummodo
215 2476 444 2547 incorruptionem
456 2482 670 2548 resurrectionis,
681 2483 727 2538 sed
745 2484 773 2537 in
784 2500 857 2553 prte-
913 2483 964 2537 bus
972 2481 1134 2538 obtinendis.

63 2563 132 2615 senti
155 2565 233 2617 ctiam
262 2567 355 2621 vivunt
382 2568 552 2639 incorruptae,
576 2573 658 2626 vitam
688 2572 746 2626 sina
774 2563 858 2627 dubio
951 2570 1112 2626 lbl.Tertii
1126 2585 1203 2638 vcro,
1219 2569 1265 2643 qui
1284 2586 1317 2623 ert
1337 2569 1471 2639 spirituali
1486 2568 1559 2624 donn
1573 2574 1667 2639 putant
1682 2584 1712 2626 so

63 2651 215 2722 angelicam
231 2654 397 2710 aemulantes.
410 2657 451 2712 Ne
465 2660 575 2728 igiture
598 2668 651 2714 tam
673 2659 781 2716 sublimi
795 2677 859 2733 gra·
915 2658 975 2714 aliis
984 2658 1121 2727 meliores,
1138 2659 1260 2729 aliosque
1277 2666 1454 2715 contemnunt
1478 2668 1607 2729 tanquam
1631 2655 1729 2713 vilio··

62 2739 111 2802 du,
126 2756 206 2809 quem
222 2757 277 2796 oon
291 2759 322 2797 ex
339 2754 475 2815 praecepto
490 2751 659 2818 cujusquam,
685 2749 733 2802 sed
749 2747 859 2819 proprie
915 2762 960 2802 res
974 2763 1013 2816 se,
1027 2753 1105 2818 peste
1119 2747 1192 2802 illius
1205 2747 1331 2802 Pharisaei
1356 2756 1529 2817 premuntur,
1545 2745 1592 2817 qui
1619 2744 1711 2807 etiam,

63 2828 201 2883 voluntate
221 2830 336 2885 viriliter
358 2833 543 2897 ascendemus,
568 2834 664 2903 viliter,
693 2852 740 2905 per
762 2853 858 2907 super-
916 2853 977 2892 cum
992 2838 1111 2907 acceptis
1123 2835 1266 2892 virtutibus
1276 2834 1378 2908 gratias
1388 2841 1492 2906 ageret,
1503 2833 1634 2906 peccauit,
1649 2832 1713 2905 quia

64 2916 139 2969 biam
154 2917 293 2987 decidant,
306 2919 629 2990 irtelincnturadterram,
646 2924 716 2980 sicut
730 2924 779 2978 llos
795 2924 856 2978 lilii:
876 2956 899 3035 c
917 2924 1092 2982 Publicanum
1114 2923 1277 2997 contempsit
1296 2925 1372 2995 (boc.
1393 2938 1470 2991 nutat,
1489 2923 1544 2990 lt).
1570 2921 1633 2987 Sed,
1650 2921 1714 2994 quia

64 3005 240 3059 recordentur
273 3008 402 3076 quoniam
430 3010 518 3078 pulvis
546 3019 618 3079 sunt,
645 3019 672 3067 et
698 3013 771 3084 quod
801 3014 860 3068 dies
917 3014 1027 3084 plurimi
1055 3015 1106 3069 hac
1131 3022 1207 3086 peste
1244 3013 1375 3078 laborant,
1401 3021 1536 3068 tentemus
1568 3011 1713 3075 adinvento

63 3107 156 3146 earum
172 3093 240 3149 sicut
255 3094 345 3149 fenum
363 3113 369 3149 :
385 3106 411 3152 et
425 3099 544 3154 noudum
558 3099 691 3155 aestiment
711 3118 740 3157 se
759 3102 792 3156 ad
808 3102 858 3157 im·
920 3103 1036 3159 Domino
1051 3102 1093 3157 bis
1114 3101 1226 3174 aliquod
1240 3101 1462 3156 medicamentum
1484 3100 1623 3156 adbibere.
1640 3098 1713 3153 Con-

64 3182 238 3236 mortelitatis
256 3185 451 3240 beatitudinem
475 3189 665 3258 resurrexisse,
694 3192 741 3244 sed
770 3193 858 3249 adbuc
920 3192 1092 3246 siderandum
1112 3199 1187 3262 puto.
1205 3188 1593 3262 [saliquevirtutcspirituali
1618 3196 1711 3242 cerel:

65 3268 114 3323 illo
142 3277 238 3324 carneo
266 3275 368 3340 pariete
395 3274 584 3341 circumdatas,
615 3277 660 3345 etri
687 3277 760 3334 iuter
784 3280 859 3348 ipsos

64 3356 162 3412 diuidit
183 3369 211 3414 et
233 3360 361 3414 dilectum
376 3363 478 3416 lesum.
495 3364 610 3421 caveant
638 3366 713 3421 illum
743 3377 861 3425 ast-itum

65 3457 219 3514 serpentem
235 3448 302 3518 ipsis
325 3451 510 3517 multipliciter
528 3453 710 3520 insidiantem,
730 3471 762 3510 ne
778 3458 862 3511 scdu-

63 3544 109 3590 cat
123 3551 170 3589 ees
184 3538 216 3591 ad
231 3541 450 3607 presumendum
465 3541 568 3612 aliquid
592 3542 625 3596 de
648 3559 678 3599 se
695 3559 701 3597 :
730 3553 862 3614 quatenus

64 3623 221 3681 existiment
235 3628 335 3681 bonnm
355 3631 426 3700 qtrod
447 3631 560 3692 habent,
590 3645 643 3685 non
669 3632 771 3686 babere.
793 3649 822 3687 se
846 3650 863 3688 a

64 3712 131 3777 Deo,
148 3715 195 3769 sed
211 3730 226 3769 a
244 3717 352 3788 propria
378 3718 488 3789 uirtute3
518 3720 561 3775 uel
588 3719 700 3775 credaut
728 3721 781 3777 sibi
813 3738 863 3792 pro

65 3802 165 3857 meritis
181 3804 236 3858 suis
252 3806 377 3862 traditum
389 3825 396 3872 ς
407 3809 449 3863 vel
472 3816 582 3880 propter
601 3810 652 3866 hoc
666 3811 738 3881 quod
759 3826 774 3865 a
802 3812 861 3867 Deo

917 3280 1028 3335 forsitan
1043 3278 1124 3334 habet
1142 3279 1220 3334 aliam
1239 3278 1354 3333 similem
1370 3276 1425 3340 isli,
1439 3277 1482 3333 vcl
1501 3277 1631 3347 majorem
1652 3277 1712 3338 heo,

916 3367 980 3422 idco
992 3366 1056 3420 dicit
1071 3366 1269 3436 Hieronymus:
1289 3385 1300 3416 t
1327 3363 1457 3419 Praeclnra
1473 3371 1513 3418 est
1531 3363 1672 3435 virginitas
1686 3369 1715 3416 et

915 3453 1052 3525 pudicitiae
1068 3449 1151 3508 468
1167 3452 1261 3522 virtus,
1277 3451 1299 3505 si
1322 3451 1404 3506 modo
1432 3466 1486 3505 non
1510 3451 1570 3505 aliis
1593 3448 1713 3504 toacula-

916 3556 976 3596 rum
990 3540 1112 3611 lapsibus
1129 3539 1288 3597 infirmatur.
1306 3559 1317 3590 s
1338 3539 1408 3594 Nam
1433 3549 1506 3592 tanto
1531 3537 1627 3608 majori
1652 3544 1712 3592 stu·

916 3629 962 3685 diu
984 3627 1110 3698 placendi
1133 3644 1203 3701 opus
1225 3635 1275 3692 est,
1301 3638 1402 3700 quanto
1424 3636 1466 3683 est
1488 3627 1577 3697 major
1599 3626 1645 3683 ille
1669 3625 1714 3682 cui

917 3719 1075 3788 placendum
1096 3727 1146 3772 est.
1167 3717 1196 3772 Si
1229 3717 1301 3772 enim
1329 3717 1407 3789 virge
1429 3732 1468 3783 es,
1484 3717 1573 3771 adbuc
1598 3714 1712 3770 dubium

917 3805 964 3863 tibi
975 3815 1016 3861 est
1029 3806 1063 3861 sd
1077 3822 1160 3879 quem
1174 3807 1287 3879 gradum
1303 3804 1444 3877 dignitatis
1458 3803 1600 3876 virginalis
1614 3817 1713 3861 ascen-

63 3901 236 3961 acceperunt,
259 3894 431 3967 singulariter
457 3899 569 3952 credant
592 3913 620 3952 se
648 3899 773 3954 ntettoraa
788 3899 860 3963 aliis,
916 3896 997 3951 deris.
1016 3895 1292 3965 Nouenimejusdem
1301 3893 1713 3961 meritisuutomnesvirgines.

63 3982 106 4034 uel
123 3990 151 4034 ut
174 3989 267 4048 putent
278 3999 306 4036 se
322 3985 429 4050 habere,
445 3987 517 4055 quod
535 4002 589 4042 uon
604 3989 712 4044 habent.
734 3991 781 4045 iiae
796 3997 860 4044 stant
915 3985 984 4054 Quis
999 3983 1073 4041 enim
1086 3991 1240 4041 sanctorum
1253 3985 1374 4041 virerum
1387 3983 1482 4039 similis
1494 3982 1532 4054 lin
1553 3981 1673 4040 castitate
1688 3990 1716 4037 ct

64 4073 183 4134 quatuor
197 4069 302 4134 species
319 4073 464 4139 jactantiae,
489 4075 591 4143 quibus
605 4076 651 4132 illc
678 4076 862 4149 nequissimus
919 4075 999 4129 laude
1011 4072 1109 4129 loanni
1123 4073 1196 4131 venit
1210 4074 1359 4140 tenuandus
1373 4073 1388 4129 ‘l
1401 4073 1468 4142 Quae
1487 4071 1623 4144 virginum
1639 4069 1715 4126 femi·

64 4170 178 4224 serpens
194 4155 273 4210 ctiam
289 4174 341 4213 non
367 4175 429 4215 rere
443 4160 531 4217 bonos
545 4164 653 4234 decipit.

918 4178 1011 4219 narum
1022 4163 1152 4233 usquead
1164 4163 1334 4218 altitudinem
1347 4161 1486 4233 dignitatis
1496 4161 1586 4216 hieriae
1596 4158 1715 4233 Virginis

104 4249 148 4301 99.
165 4245 196 4299 Et
213 4245 418 4319 primoquidem
438 4249 529 4320 spceic
542 4251 658 4322 decepti,
675 4255 721 4325 qui
738 4271 790 4311 non
805 4273 862 4329 pu·
879 4257 902 4336 n
917 4251 1056 4308 altissimae
1071 4253 1215 4323 pervenit?
1234 4253 1295 4307 Non
1311 4267 1375 4325 ergo
1396 4251 1500 4307 exaltes
1516 4263 1598 4320 super
1611 4263 1713 4319 quem-

66 4344 123 4393 taot
141 4335 214 4406 quod
230 4336 329 4391 habent
353 4354 368 4392 a
393 4337 451 4393 Deo
476 4340 623 4411 accepisse,
653 4341 783 4408 incidunt,
810 4360 863 4417 quo

68 4427 171 4480 nullum
186 4433 228 4479 est
251 4427 348 4495 majus,
364 4427 466 4483 crimen
480 4427 690 4501 ingratitudinis.
707 4431 776 4500 Quid
792 4436 864 4491 cuim

66 4516 158 4588 pejus,
185 4531 265 4587 quam
286 4532 338 4571 non
353 4531 548 4586 recognoscere
562 4518 646 4573 Deum
666 4535 727 4575 esse
751 4521 864 4591 largito-

66 4621 126 4661 rem
149 4605 237 4659 omnis
252 4604 336 4658 boni‘l
351 4604 427 4674 Quod
441 4606 487 4677 qui
503 4622 555 4662 nott
575 4617 712 4677 agnoscat,
727 4610 864 4680 quomodo

66 4692 269 4763 gratosdefcret
282 4695 317 4763 ci,
335 4710 352 4749 a
376 4711 432 4766 quo
447 4695 515 4752 nihil
534 4712 563 4751 sc
578 4696 693 4753 aestimet
706 4700 863 4764 accepisset

66 4786 102 4840 Et
131 4790 204 4838 certe
219 4798 273 4838 nou
302 4784 381 4853 pauci
406 4786 473 4839 tales
491 4793 564 4854 suut,
585 4802 656 4858 quos
680 4804 711 4841 ex
739 4787 863 4858 ipsorum

37 4939 42 4952 .
64 4872 159 4928 verbis
174 4879 251 4942 potes
268 4887 426 4943 agnoscere.
443 4874 515 4943 Quid
538 4877 609 4930 enim
633 4876 743 4931 dicuntl
761 4876 860 4946 Quare,

66 4961 204 5032 inquiunt,
229 4975 283 5015 non
304 4961 414 5015 servasti
429 4963 576 5018 castitatem
591 4965 685 5019 tuam?
708 4981 791 5034 quere
808 4981 861 5020 oon

67 5051 150 5105 habes
166 5050 363 5119 httntilitatiset¹
375 5051 510 5120 patientie
524 5055 672 5109 virtutem?
700 5071 783 5125 quiere
807 5072 860 5110 non

64 5141 151 5195 babes
163 5139 295 5195 orationis
307 5139 492 5206 devotionem,
501 5149 528 5196 et
542 5141 641 5198 fluenta
656 5145 833 5216 lacrymarum
847 5145 862 5200 i

66 5229 139 5296 Quid
156 5238 233 5299 pulos
250 5245 298 5285 eos
320 5228 439 5300 cogitare
455 5232 566 5301 quibos
593 5232 695 5297 dicunt,
715 5233 766 5288 nisi
791 5235 863 5306 quod

66 5319 120 5388 ipsi
137 5320 188 5373 hoc
203 5318 317 5373 babeant
336 5335 406 5389 asc,
435 5326 461 5373 et
482 5319 638 5390 quaelibeta
666 5337 695 5376 se
710 5322 762 5379 hoc
780 5325 865 5393 pessit

66 5407 190 5462 habere?
217 5408 276 5462 Non
302 5410 341 5465 ite
372 5408 462 5481 cogita
490 5416 529 5473 tu,
552 5423 569 5463 ο
591 5408 669 5484 virgo
682 5409 790 5476 Christi,
819 5409 865 5464 sed

66 5499 137 5554 scito
154 5508 179 5553 te
193 5513 207 5552 a
223 5505 249 5552 te
264 5499 324 5568 ipso
339 5498 403 5553 nihil
420 5499 529 5567 habere,
545 5498 596 5554 nisi
611 5507 743 5570 peccate:
768 5506 863 5556 caetera

917 4358 1007 4413 quarm
1034 4343 1113 4411 cujus
1144 4347 1260 4395 mentem
1285 4339 1405 4409 ignoras,
1435 4354 1469 4393 nc
1505 4335 1556 4391 sub
1589 4335 1715 4390 omnibus

918 4429 1007 4483 cadas.
1028 4427 1103 4496 item,
1121 4428 1144 4483 si
1167 4435 1194 4482 tu
1210 4425 1280 4480 forte
1294 4425 1426 4495 dignitate
1444 4422 1610 4496 virginitatis
1623 4422 1714 4478 locum

918 4525 993 4573 tenes
1010 4513 1152 4582 infimum,
1173 4513 1311 4585 quemodo
1334 4513 1445 4568 audebis
1461 4520 1486 4569 te
1506 4526 1664 4582 comparare
1676 4510 1713 4578 ci,

917 4605 964 4677 qui
980 4604 1007 4672 in
1020 4601 1170 4657 humilitate
1192 4600 1236 4659 uel
1254 4600 1396 4666 charitate,
1414 4601 1455 4657 tel
1475 4599 1628 4657 obedientia
1643 4599 1714 4656 forte

915 4694 993 4764 juxta
1006 4707 1142 4748 summum
1156 4690 1269 4764 gradum
1289 4688 1432 4746 ascendit?
1446 4689 1528 4760 Quid,
1548 4688 1571 4744 si
1595 4689 1650 4755 ille,
1670 4687 1715 4744 cui

918 4790 945 4839 te
958 4783 1042 4838 audes
1055 4779 1193 4851 preferre,
1205 4782 1238 4835 ad
1254 4786 1353 4836 mulam
1369 4781 1564 4852 perlectionem
1578 4778 1713 4853 pervenit,

917 4880 948 4929 ut
974 4887 1028 4927 non
1056 4869 1172 4940 dubitet,
1196 4869 1262 4940 imo,
1285 4871 1341 4926 Deo
1368 4877 1445 4938 teste,
1475 4871 1518 4927 eui
1546 4867 1715 4926 conscientie

916 4961 1002 5034 ipsius
1016 4967 1079 5014 nota
1093 4963 1142 5026 est,
1155 4966 1209 5015 tota
1223 4964 1314 5017 mente
1327 4958 1423 5033 flagret
1449 4959 1557 5017 calicem
1582 4954 1715 5031 passionis

916 5067 967 5124 pro
987 5051 1102 5105 Domino
1115 5048 1279 5105 exhaurire?
1293 5048 1344 5105 Sed
1360 5049 1402 5104 hic
1417 5048 1541 5106 fortassis
1556 5047 1634 5113 dicis,
1648 5044 1715 5117 quia

917 5152 945 5199 et
972 5149 1017 5197 tuo
1043 5140 1208 5196 conscientia
1236 5145 1364 5202 testante,
1389 5147 1500 5209 paratus
1522 5137 1560 5190 sis
1586 5135 1619 5190 ad
1643 5134 1715 5191 tole·

917 5231 1034 5287 rendam
1056 5228 1219 5299 passionem.
1241 5227 1281 5281 hd
1311 5226 1384 5298 quod
1407 5225 1613 5296 respondemus,
1642 5223 1715 5295 quod

918 5336 972 5377 non
995 5319 1030 5374 sit
1051 5320 1204 5389 quisquam,
1230 5315 1275 5385 qui
1300 5314 1382 5384 hujus
1407 5314 1515 5370 virtutis
1537 5313 1716 5371 constantiam

919 5410 947 5465 in
983 5423 1014 5464 se
1045 5405 1178 5461 veraciter
1204 5404 1290 5476 possit
1318 5418 1477 5476 egnesccre,
1508 5403 1560 5460 nisi
1596 5419 1625 5461 re
1656 5404 1716 5476 ipsa

919 5507 1000 5570 atque
1022 5493 1189 5566 experientia
1212 5491 1330 5549 doetnce
1350 5491 1484 5549 didicerit.
1497 5491 1619 5562 Quantos
1641 5493 1714 5551 enim
