3706 5962
102 106 171 182 tttt
722 113 822 181 HBRR
839 110 1106 186 ommutuit.
1672 112 1744 175 1112

98 234 192 293 olenus
218 231 547 302 mutaticum'cliaritas
571 235 696 308 videlicet
718 237 874 310 principalis
887 255 896 296 ι
911 253 1026 333 nmero
1039 238 1113 295 illius
1129 238 1262 297 destruxit
1275 244 1407 311 ιιοειηιε,
1422 235 1519 296 atrita
1532 238 1594 305 eius
1615 237 1744 296 imbnxit

102 339 165 396 quse
187 330 304 378 mentem
330 337 412 392 quam
426 324 577 394 repleverit,
593 325 697 395 ιιίιειει,
725 335 756 383 ut
784 335 897 402 gustans
951 337 1083 387 uastam.

103 426 183 482 quam
198 409 290 464 suavis
304 416 346 464 εει
362 409 504 476 Dominus,
519 410 547 466 in
562 413 660 469 verice
672 413 788 484 justitia
799 402 897 472 sedens
986 421 1031 474 32.
1041 417 1154 473 Eiectos
1164 415 1213 473 tria
1224 415 1253 470 in
1265 414 1355 472 futuro
1365 424 1484 472 manent.
1495 415 1604 471 laterna
1613 413 1742 480 satiatam

101 499 132 554 in
146 499 204 554 solo
222 499 279 555 Deo
287 498 416 570 glorietur
427 509 455 555 et
469 501 597 574 gaudeat.
950 518 1052 563 aeterna
1063 504 1218 575 jucunditas
1230 521 1238 573 3
1246 504 1368 574 jucunda
1382 503 1517 570 voluptas.
1532 504 1572 559 De
1581 503 1622 559 bis
1637 504 1742 570 dicitur,

140 587 185 641 il.
202 585 347 640 Christiani
377 601 393 641 a
418 587 527 644 Christo
555 603 654 646 nomen
668 598 832 663 acceperunt
847 608 854 648 :
869 597 897 646 ει
950 594 1107 652 decutiant
1118 596 1191 666 litati
1204 594 1291 666 (Psel.
1307 607 1393 659 txvu,
1406 592 1444 665 t),
1461 601 1512 650 eto.

103 674 324 747 operaepretium
343 684 384 732 est
404 683 432 731 ot
446 678 515 732 sicut
539 688 602 735 suut
628 679 751 736 haercdcs
769 679 896 745 nominis,
986 687 1031 742 33.
1056 684 1189 740 Triforme
1203 691 1244 739 εει
1266 681 1432 740 desiderium
1454 682 1611 738 electorum.
1637 682 1742 738 Unani-

102 762 140 819 ita
159 765 212 819 sint
232 763 384 820 imitatores
404 764 564 822 sanctitatis.
590 766 653 823 Tria
666 783 733 840 ergo
756 776 820 825 sunt
835 784 896 841 quae
950 771 1030 827 miter
1044 771 1163 828 babitare
1175 771 1202 826 iu
1214 771 1295 826 domo
1311 791 1318 828 :
1335 770 1466 837 undeest‚
1484 772 1573 829 Unam
1581 771 1656 844 petii
1667 774 1744 830 ollo-

97 862 127 916 in
146 861 253 918 Christo
276 861 354 919 nobis
377 877 514 934 expressa,
534 863 623 935 plenis
649 864 755 922 viribus
769 880 896 923 exercere
949 863 1028 919 mirso
1039 860 1127 932 (eset.
1141 875 1224 927 xxvi,
1239 861 1277 931 ι).
1289 859 1434 917 Victoriam
1449 858 1571 916 obtinere
1581 859 1614 914 de
1623 861 1740 926 mundo;

96 951 230 1008 dabamus
258 950 382 1008 videlicet
405 952 560 1023 improbare
583 952 711 1010 ricemer
732 954 824 1012 saculi
851 971 897 1011 ra·
950 949 1022 1005 unde
1036 957 1087 1017 etl,
1110 951 1176 1018 Qua
1189 964 1233 1005 mc
1248 948 1379 1006 liberabit
1393 947 1427 1005 de
1439 963 1556 1020 corpore
1569 949 1671 1006 mortis
1686 949 1743 1006 lta-

96 1038 226 1103 nitatcm;
244 1038 308 1111 quia
318 1039 433 1096 etlesns
448 1057 481 1096 ue
499 1056 546 1098 rex
557 1040 768 1099 constitueretur
790 1059 807 1098 a
836 1049 895 1097 tur·
944 1039 1018 1111 jos?
1032 1039 1122 1110 (Rom.
1138 1053 1190 1108 ιιιι,
1205 1037 1269 1109 ii.)
1283 1036 1492 1093 Praeseutialiter
1506 1034 1560 1093 frui
1574 1036 1632 1093 Dec
1648 1053 1655 1093 τ
1673 1038 1744 1092 uude

96 1123 152 1185 bis,
164 1123 277 1198 aufugit.
293 1127 426 1183 Exeruere
446 1128 558 1184 viriliter
573 1128 771 1201 poeuitentiam3
788 1129 853 1202 quia
868 1137 895 1186 et
949 1135 991 1184 cst
1004 1136 1031 1182 et
1051 1127 1129 1195 illud,
1154 1128 1240 1199 Cupio
1264 1125 1388 1192 disolvi,
1412 1129 1442 1183 et
1458 1140 1517 1184 csse
1540 1141 1610 1182 cam
1630 1123 1742 1183 cbristo

97 1211 256 1268 lesussicut
270 1231 358 1286 eguus
372 1214 478 1272 occisus
502 1223 550 1274 εει.
576 1217 610 1273 Ει
632 1218 735 1274 habere
764 1219 895 1274 veraciter
950 1216 1086 1290 (Philipp.
1103 1231 1122 1284 ι,
1138 1216 1194 1286 33).

97 1300 235 1372 geminam
248 1304 421 1374 charitatem
437 1304 500 1378 quia
513 1305 592 1363 iesus
608 1321 657 1376 pro
668 1305 783 1364 inimicis
795 1307 892 1365 oravit.
984 1307 1029 1362 id.
1043 1305 1173 1361 Trilarius
1193 1310 1235 1360 est
1255 1301 1430 1375 prelatorum
1451 1302 1542 1362 timor.
1566 1302 1606 1359 Ne
1626 1301 1742 1358 audien-

136 1392 179 1445 25.
206 1390 315 1463 Septem
329 1394 431 1465 gradus
451 1392 636 1451 descensionis
650 1395 733 1450 habet
745 1395 892 1451 humilitas
948 1395 1015 1450 tium
1038 1394 1145 1451 animos
1158 1392 1320 1466 exquisitior
1332 1401 1479 1463 apparatus
1499 1399 1670 1450 commoveat
1686 1409 1691 1446 :
1709 1406 1743 1447 ue

96 1477 301 1536 abdicationem
332 1497 422 1537 rerum
445 1483 570 1551 exemplo
598 1484 781 1552 apstolorum.
812 1483 894 1538 nodi·
948 1484 1046 1540 interni
1063 1483 1164 1555 judicis
1177 1482 1271 1539 oculos
1292 1480 1495 1537 immoderatior
1518 1480 1741 1537 ususollendat:

97 1568 231 1623 cntionem
250 1571 377 1639 vestium,
402 1571 471 1629 sicut
489 1572 562 1628 litias
577 1578 606 1628 et
626 1572 756 1628 loannes.
770 1572 896 1644 Corporis
910 1554 934 1633 fl
947 1589 982 1628 ne
993 1572 1107 1642 justitie
1121 1570 1263 1628 retributio
1277 1569 1306 1625 iu
1320 1568 1450 1642 presenti
1465 1569 1505 1625 eis
1518 1568 1579 1625 liat.

96 1632 266 1726 exercitium,
297 1669 326 1714 ut
348 1658 458 1717 Paulus.
477 1660 661 1717 Directiouem
688 1659 716 1715 iu
743 1661 893 1734 prosperis,
984 1665 1029 1718 35.
1049 1661 1189 1718 Triformis
1207 1671 1248 1717 est
1260 1667 1416 1716 sanctorum
1435 1658 1537 1714 dolor:
1559 1658 1622 1729 quia
1635 1655 1742 1714 cecide·

97 1745 182 1803 instar
192 1749 277 1807 Daud
295 1749 433 1821 pauperis,
448 1757 476 1806 et
490 1749 570 1822 regis.
586 1748 745 1806 Patientiam
758 1750 786 1804 iu
797 1749 893 1806 adver-

96 1834 145 1904 sis,
160 1835 230 1892 sicut
249 1838 302 1893 lob
322 1849 349 1896 et
366 1839 475 1896 Tobiae.
499 1838 640 1910 Proprium
662 1839 811 1897 abhorrere
824 1854 894 1897 cou-

96 1922 197 1986 silium‚
208 1930 236 1980 et
252 1926 366 1997 propria
385 1927 528 1983 voluntatis
543 1928 679 1987 allectum.

133 2014 178 2065 36.
193 2011 276 2070 Arma
290 2013 403 2082 virtutis,
423 2016 523 2087 quibus
542 2031 616 2074 arma
638 2018 765 2090 nequitia
783 2030 892 2088 expug-

98 2111 205 2166 nantur,
220 2111 284 2156 sunt
298 2103 355 2158 bac
370 2120 377 2159 ε
401 2105 483 2159 ΡΙειιε
495 2107 598 2177 peccati
612 2107 744 2179 cognitio,
765 2121 828 2178 quae
841 2120 892 2160 ex·

99 2187 172 2257 pellit
198 2189 322 2245 tenebras
359 2192 513 2265 voluptatis.
544 2196 738 2251 Poeniteotialis
777 2193 890 2263 silletio,

97 2282 192 2331 contra
205 2276 373 2335 dulcedinem
388 2281 562 2339 carnalitatis.
578 2283 693 2340 Humilis
705 2290 734 2340 et
747 2299 810 2341 vcra
824 2298 892 2340 con·

96 2363 189 2432 lessio,
222 2377 316 2424 contra
344 2384 479 2427 venenum
507 2372 665 2443 iniquitatis.
694 2371 837 2430 Sufficiens
865 2379 892 2427 et

97 2451 182 2525 digua
208 2457 339 2512 correctio
361 2457 390 2513 iu
413 2460 564 2516 mutatione
590 2461 713 2533 pristinae
736 2460 891 2525 uoluntatis.

97 2540 305 2600 Perseverantiae
320 2546 396 2616 plena
410 2550 558 2616 successio,
575 2556 605 2605 ut
627 2548 744 2623 perlecta
758 2550 893 2621 subroge-

97 2630 269 2688 turcustodia
288 2635 418 2691 sanitatis.

132 2737 176 2791 et.
192 2738 349 2797 Necessaria
361 2751 424 2798 sunt
446 2743 611 2815 poeniteutiae
627 2744 679 2802 tria
699 2745 769 2802 haec.
796 2744 893 2800 Absti-

98 2827 196 2892 nentia,
207 2843 257 2898 per
275 2845 358 2899 quain
374 2832 464 2887 carnis
479 2836 608 2905 superbia
621 2837 770 2893 edomatur.
790 2833 889 2905 laclia,

98 2929 178 2981 cutus
192 2914 280 2973 lructu
295 2918 482 2976 reformandus
506 2921 535 2976 iu
548 2922 669 2995 rigorem
684 2924 789 2979 animus
814 2922 891 2994 sogi-

98 3009 187 3059 nntur.
211 3003 318 3074 Oratio,
347 3009 427 3080 cujus
452 3010 600 3068 munimine
615 3020 643 3070 ει
657 3013 749 3079 ιιιιειε,
766 3011 894 3069 virtutum

97 3093 220 3149 examina
234 3095 426 3166 proteguntur.

131 3200 177 3252 38.
194 3197 357 3253 llumilitatis
377 3200 465 3258 virtus
486 3203 569 3259 babet
594 3205 652 3260 heac
673 3204 733 3261 tria.
754 3183 895 3275 Superiori

96 3286 185 3358 subdi,
201 3296 232 3343 ut
244 3288 277 3347 ad
297 3289 357 3359 ejus
375 3289 555 3362 equalitatem
579 3291 653 3348 nulla
676 3291 825 3348 ambitione
852 3292 893 3347 vel

94 3375 197 3431 invidia
220 3375 347 3446 rapiatur.
371 3377 477 3448 AEquali
501 3393 558 3436 nou
584 3379 719 3452 preferri,
749 3394 784 3434 ne
802 3377 894 3436 illicito

94 3465 216 3535 appetitu
233 3464 357 3535 superior
371 3466 438 3523 velle
458 3464 518 3524 ficri
536 3468 668 3525 videatur.
694 3467 789 3525 illumi
813 3466 893 3524 subdi

96 3551 186 3624 potius
200 3569 282 3626 qaam
296 3553 428 3627 praeponi,
449 3564 479 3613 ut
492 3573 524 3613 es
545 3558 597 3614 boc
615 3555 773 3614 humilitatis
793 3555 893 3613 veritas

94 3642 294 3713 comprobetur,

132 3751 176 3804 29.
188 3751 247 3807 Nou
267 3767 363 3808 omues
383 3751 554 3810 uniformiter
564 3752 725 3827 gradiuntur
743 3753 777 3809 ad
792 3754 893 3814 Deum·

94 3837 210 3905 Quidam
225 3852 319 3907 passu;
349 3839 421 3898 sicut
438 3841 477 3897 illi
495 3841 542 3914 qui
555 3849 729 3900 terrenorum
747 3843 821 3911 curis¹
835 3844 892 3900 im-

95 3925 188 3995 pliciti,
208 3925 250 3981 vix
274 3926 421 3998 aliquando
445 3930 590 4003 respirant,
611 3941 642 3988 ut
668 3931 778 3990 Domini
800 3949 892 3992 recor·

94 4014 203 4069 deutur.
217 4010 335 4080 Quidam
350 4016 472 4074 modesto
486 4017 614 4088 incessu;
630 4021 699 4079 sicut
715 4023 744 4079 hi
765 4025 811 4094 qui
829 4025 889 4082 Do·

96 4101 161 4158 ruini
176 4101 286 4159 servitio
301 4103 460 4175 mancipati,
475 4115 502 4162 et
514 4108 571 4162 Deo
589 4106 698 4179 quidem
712 4111 841 4179 serviunt,
861 4121 889 4170 et
905 4141 929 4220 n
946 4146 1001 4217 Η)1

95 4199 187 4248 tamen
206 4207 316 4266 argaeo
339 4192 415 4264 ipsos
437 4194 652 4270 indulgentiores
676 4197 805 4255 esistunt.
836 4202 890 4258 Alit

95 4280 194 4350 ueloci,
214 4280 241 4336 id
255 4289 296 4338 est
310 4282 406 4354 rapido
420 4299 502 4351 cursu
514 4304 521 4359 ;
532 4285 604 4342 sicut
613 4285 641 4341 hi
656 4287 703 4359 qui
714 4276 800 4361 super
810 4303 891 4346 carue

97 4386 148 4428 sua
166 4386 196 4428 se
211 4371 357 4442 intuentes,
374 4379 401 4428 et
421 4389 451 4430 se
466 4382 491 4430 et
505 4373 659 4432 transitoria
677 4385 889 4447 contemnentes,

95 4459 218 4516 celeriter
233 4459 440 4532 proficiscuntur
462 4462 496 4518 ad
520 4465 615 4530 Deum,
637 4464 690 4523 hoc
717 4463 890 4525 solummodo

94 4548 245 4622 cupientes,
259 4549 287 4605 ia
305 4567 373 4624 pace
388 4551 528 4627 quiescere
543 4552 727 4627 inidipsum.

948 1759 1010 1806 runt
1024 1750 1058 1807 de
1076 1747 1399 1820 respiraremus
1420 1754 1547 1802 tenentur
1571 1745 1599 1801 iu
1627 1745 1740 1817 exsili03

936 1838 1009 1912 ¹quia
1028 1837 1218 1895 diilemutura
1235 1849 1330 1909 regno.

983 1931 1028 1984 36.
1062 1928 1093 1984 ln
1125 1932 1216 1982 moute
1244 1924 1376 1980 montium
1402 1922 1509 1980 Christo
1538 1921 1650 1980 luerunt
1683 1923 1742 1978 hac

946 2012 1001 2070 duo
1032 2032 1040 2071 :
1074 2013 1219 2089 coagulum
1243 2011 1389 2084 passionis,
1416 2017 1444 2067 et
1475 2008 1613 2081 pinguedo
1640 2007 1742 2065 sancti-

945 2103 1017 2160 tatis.

982 2194 1027 2249 37.
1043 2189 1128 2249 vituli
1141 2203 1210 2263 quos
1234 2186 1350 2245 Domino
1364 2185 1505 2243 immolare
1528 2186 1670 2249 debemus,
1686 2192 1742 2241 tres

947 2287 1022 2338 sunt.
1037 2280 1120 2337 Norae
1135 2276 1322 2341 conversionis
1329 2275 1442 2333 allectus
1458 2293 1465 2332 :
1481 2275 1559 2347 quasi
1571 2275 1672 2331 vitulus
1690 2290 1741 2331 no-

947 2370 1033 2428 vellus
1048 2384 1149 2426 cornua
1173 2360 1324 2439 producens
1342 2373 1368 2421 ct
1382 2365 1509 2438 ungulas.
1525 2365 1616 2422 Sacrae
1630 2364 1744 2439 religio·

947 2459 990 2514 nis
1005 2455 1143 2530 proiectus
1154 2476 1161 2511 ι
1173 2456 1220 2527 qui
1229 2464 1271 2511 est
1278 2453 1380 2511 vitulus
1390 2452 1551 2510 tenerrimus
1560 2454 1595 2510 ds
1609 2459 1743 2508 armento.

948 2549 1149 2605 consummatae
1162 2543 1270 2603 virtutis
1287 2541 1401 2600 aflectus
1417 2559 1424 2598 :
1438 2542 1484 2615 qui
1498 2548 1540 2598 est
1554 2541 1654 2600 uitulus
1667 2541 1743 2614 sagi·

947 2644 1036 2693 uatus.

984 2729 1027 2781 38.
1049 2720 1247 2794 Quadriiormis
1261 2726 1301 2777 est
1319 2734 1448 2794 pressura
1471 2726 1572 2776 nostra.
1598 2718 1742 2789 Corrupti-

947 2813 1010 2870 bilis
1038 2812 1127 2870 caruis
1150 2809 1307 2882 angustia:
1331 2824 1393 2882 quae
1420 2816 1482 2864 suut
1509 2806 1618 2864 dolores
1636 2809 1742 2863 mortis.

947 2900 1148 2972 Temporalium
1166 2912 1354 2970 pressurarum
1368 2894 1501 2952 molestiae
1516 2908 1596 2966 :qua
1611 2900 1675 2949 sunt
1688 2900 1742 2950 tor·

947 2998 1039 3047 rentes
1058 2986 1219 3062 iniquitatis.
1239 2983 1344 3042 Occulti
1370 2984 1455 3040 hostis
1476 2983 1588 3040 latentes
1613 2982 1741 3039 insidia:

947 3095 1009 3150 quae
1023 3084 1087 3135 suut
1101 3077 1210 3133 dolores
1223 3072 1333 3131 inferni.
1348 3073 1516 3144 Deceptoriae
1530 3071 1615 3130 iacies
1626 3074 1743 3129 munda·

948 3184 990 3223 uae
1004 3166 1098 3238 gloriae
1114 3181 1121 3221 ι
1138 3180 1199 3236 quae
1213 3168 1278 3218 sunt
1297 3160 1388 3231 laquei
1403 3161 1510 3216 mortis.

984 3257 1029 3311 39.
1045 3254 1145 3310 tumus
1159 3260 1201 3307 est
1215 3250 1249 3304 ab
1261 3249 1301 3304 ira
1316 3248 1365 3305 Dei
1381 3267 1388 3304 s
1405 3248 1469 3321 quia
1483 3248 1511 3303 iu
1527 3247 1744 3305 consideratione

947 3344 995 3401 irae
1005 3344 1054 3399 Dei
1069 3339 1148 3397 electi
1160 3344 1391 3411 compunguntur.
1406 3336 1503 3410 lgnisa
1512 3335 1580 3392 iacie
1589 3338 1651 3407 ejus
1663 3349 1670 3391 ε
1680 3336 1743 3408 quia

947 3450 995 3504 par
1010 3430 1191 3505 cognitionem
1205 3435 1232 3484 ει
1255 3424 1424 3499 presentiam
1446 3425 1479 3481 ad
1503 3439 1622 3481 amorem
1647 3440 1742 3481 acceu-

946 3522 1057 3577 duntur.
1069 3516 1221 3591 Caligosob
1230 3514 1343 3587 pedibus
1353 3514 1414 3585 ejus
1429 3513 1515 3585 :quia
1529 3528 1579 3586 per
1588 3512 1741 3569 districtum

945 3608 1020 3666 illius
1033 3622 1147 3665 examen
1161 3604 1294 3677 reprobus
1307 3601 1505 3675 desperationis
1519 3599 1626 3659 nebulis
1639 3601 1742 3658 obscu-

946 3710 1031 3754 ratur.

981 3789 1027 3845 to.
1050 3783 1180 3855 ambulat
1195 3780 1327 3840 Dominus
1348 3796 1433 3853 super
1456 3795 1559 3851 pannas
1581 3787 1739 3848 uentorum,

945 3893 1006 3934 cunr
1022 3873 1102 3932 electi
1115 3873 1175 3944 ejus
1197 3871 1369 3929 dulcedinem
1388 3871 1430 3927 vel
1455 3869 1574 3926 tenuiter
1592 3870 1739 3943 attingunt.

946 3967 1037 4032 Volat,
1051 3979 1113 4020 cum
1128 3962 1163 4017 de
1180 3959 1413 4029 incircumscripta
1432 3959 1491 4030 ejus
1513 3957 1662 4014 substantia
1676 3958 1741 4014 niiiil

945 4054 1107 4128 percipiunt.
1122 4052 1199 4109 Unde
1211 4057 1252 4106 est
1263 4067 1270 4104 ε
1282 4052 1364 4120 Fcpc,
1380 4047 1531 4104 dilectemi
1545 4049 1669 4118 (dantia.
1680 4061 1740 4113 ιιιιι,

1027 4142 1105 4198 l’ouit
1119 4139 1254 4196 Dominus
1270 4136 1395 4192 tenebras
1421 4133 1610 4208 profunditatis
1640 4141 1667 4188 ct
1680 4134 1742 4190 alti-

946 4233 1047 4290 tudinis
1061 4227 1206 4285 latibulum
1229 4223 1376 4283 dirioitatis
1395 4238 1464 4291 suae,
1483 4223 1511 4278 iu
1534 4222 1595 4279 luce
1618 4221 1742 4294 puritatis

944 4332 972 4375 ct
982 4315 1166 4374 sarictimonise
1179 4313 1363 4373 babitaculum
1382 4310 1531 4367 mansionis
1544 4327 1612 4368 sua.

981 4408 1027 4462 ll.
1044 4407 1137 4461 Portas
1151 4419 1215 4459 suas
1228 4399 1347 4456 mundus
1360 4399 1441 4455 habet
1456 4397 1561 4471 quibus.
1572 4397 1741 4474 ingredimur

944 4497 977 4569 qd
993 4511 1067 4564 eam,
1082 4509 1144 4567 quar
1159 4500 1233 4563 suut,
1253 4498 1380 4560 corrupta
1400 4487 1574 4559 sensualitas,
1597 4499 1624 4547 et
1637 4489 1741 4547 incesta

944 4582 1096 4656 cupiditas:
1115 4579 1185 4637 unde
1199 4587 1249 4648 ast,
1267 4580 1576 4652 appropinquaverunt
1600 4592 1686 4652 usqae
1704 4579 1741 4637 od

131 4659 175 4712 ³⁰·
195 4656 335 4716 Tliflfflssl
359 4660 428 4732 ¹⁰0⁸,
456 4660 568 4733 ⁰⁰2le
593 4669 676 4734 itm,
697 4659 836 4732 infeffiffit
864 4669 892 4718 01
941 4667 1423 4747 portosmortis(1³rot.crr,18).
1451 4668 1536 4723 Porta
1559 4667 1649 4740 interi,
1669 4683 1745 4740 caca

96 4746 196 4802 liabent
210 4746 316 4818 singula
334 4750 496 4805 habitatores
510 4766 591 4806 suos:
612 4751 720 4823 coelum,
737 4752 811 4808 solos
837 4752 891 4808 bo·
945 4760 1109 4831 desperatio,
1124 4767 1151 4816 ει
1164 4759 1231 4816 dura
1245 4757 1388 4815 obstinatio
1406 4776 1413 4812 ι
1430 4756 1502 4812 uude
1514 4764 1565 4826 εει,
1582 4760 1677 4816 Portae
1690 4758 1748 4828 in-¹

94 4850 163 4905 uos;
179 4843 260 4906 terra,
276 4837 399 4906 mixtos3
418 4837 549 4911 internus,
564 4840 637 4898 solos
651 4841 747 4898 malos.

944 4851 1003 4925 seri
1010 4847 1272 4924 imprecabitur
1288 4847 1400 4916 (batti.
1416 4861 1482 4917 xvir,
1495 4846 1552 4916 ts).
1567 4845 1739 4915 Portaecoeli‚

131 4946 176 4999 dl.
191 4942 301 5016 Triplici
315 4944 412 5001 morbo
421 4944 525 5003 laborat
534 4962 621 5019 genus
630 4949 777 5005 humanum
793 4966 800 5005 :
816 4950 891 5023 prip·
944 4941 1055 4999 humilis
1073 4938 1212 5013 patientia,
1233 4951 1294 5010 quae
1309 4943 1351 5002 0⁸¹
1375 4943 1451 5008 Ρθιῑι
1477 4933 1566 4992 ferrea
1590 4936 1692 4991 ducens
1706 4935 1741 4989 ad

95 5030 292 5100 cipio,medio,
303 5037 328 5086 et
343 5029 407 5101 fine,
421 5031 503 5089 idest
518 5033 664 5104 sauvitate,
674 5036 740 5107 vita,
753 5045 781 5092 et
793 5049 890 5097 morte.
946 5031 1083 5089 ciuitatem
1096 5029 1171 5101 (Aet.
1186 5042 1237 5093 xit,
1260 5024 1326 5096 tol:
1347 5034 1375 5080 et
1396 5023 1497 5082 auroris
1511 5023 1665 5091 concordia,
1680 5040 1741 5097 quse
1839 5107 1844 5115 ι

97 5119 228 5175 Nativitss
252 5121 399 5188 immunda,
415 5119 471 5178 rita
483 5137 621 5196 perversa,
642 5139 716 5180 mors
729 5125 891 5196 periculosa.
945 5129 987 5178 eat
1002 5129 1079 5191 porta
1094 5115 1235 5175 orientatis
1250 5112 1361 5186 (becalt.
1376 5129 1442 5180 xcv·
1460 5113 1498 5184 t).

95 5207 175 5265 Venit
189 5207 321 5279 cbristus,
345 5218 373 5266 et
390 5216 485 5268 contra
506 5212 638 5284 triplicem
667 5216 739 5273 bunc
767 5217 891 5274 morbum
982 5213 1027 5267 tt.
1047 5209 1153 5265 Genera
1173 5203 1357 5262 retributionis
1381 5209 1585 5274 sunt'quatuor
1609 5202 1691 5259 :duo
1714 5205 1742 5259 in

96 5297 185 5354 attulit
200 5297 297 5368 triplex
331 5300 491 5358 remedium.
517 5303 603 5359 Natus
630 5313 672 5360 est
699 5305 783 5375 enim,
812 5305 889 5374 vixit,
945 5298 1120 5365 hoosaeculo,
1136 5294 1233 5352 etduo
1259 5293 1288 5348 in
1303 5292 1405 5348 lutuno.
1430 5291 1582 5349 ltetributio
1600 5293 1739 5365 prosperi·

96 5397 220 5452 irrortuus
233 5395 275 5444 est
289 5404 298 5448 ε
313 5397 394 5462 atque
408 5391 466 5461 ejus
476 5392 601 5452 nativitas
613 5394 741 5468 purgarit
759 5403 890 5467 nostram,
946 5390 1007 5462 tatis
1020 5397 1046 5446 et
1059 5382 1232 5444 abundantia
1246 5382 1401 5456 impiorum,
1416 5381 1551 5452 budecal,
1566 5383 1740 5456 acceperant
