3706 5962
522 242 715 308 titulatus
732 244 777 308 bb
794 245 872 310 issu
889 246 1067 309 abactam.
1201 250 1205 259 '
1571 242 1627 313 858

76 368 162 438 cabis,
189 372 292 441 quanto
314 368 417 428 cibabit
443 376 470 427 te
487 369 619 429 Dominus
643 387 712 442 pane
725 373 769 428 la·
786 385 810 465 g
826 372 954 447 mysteria
979 371 1115 430 Christum
1128 370 1273 445 aliquando
1291 372 1433 429 habebatis
1448 386 1456 429 z
1471 374 1521 431 sed
1543 390 1628 448 appa·

76 475 142 527 rum,
158 466 185 514 et
199 465 287 528 potum
314 458 388 514 dabit
401 459 428 514 in
444 459 569 532 lacrymis
593 459 620 515 ιιι
643 476 771 517 mensura
825 469 944 519 renteeo
956 476 1038 532 quem
1048 462 1274 533 prenuntiabant,
1286 462 1504 534 ipsapraenuntia
1519 463 1627 520 sublata

82 561 183 618 artata,
198 547 238 617 b).
253 546 298 603 Sic
312 554 341 603 tu
356 547 474 605 numeris
493 547 521 603 in
536 547 654 614 Christo,
682 548 721 606 sic
743 548 773 604 ιιι
825 557 899 616 suot,
918 549 1064 621 dequibus
1078 549 1177 606 frustra
1189 560 1252 623 post
1265 551 1325 621 ojus
1349 549 1496 607 adventurn
1517 568 1624 622 presu-

76 635 288 692 cituerristus.
304 636 577 707 Turbstnrllcrodss,
597 636 697 694 scilicet
711 637 772 693 dia·
826 637 953 694 mobatis.
967 638 991 694 0
1005 638 1074 693 mira
1098 637 1279 710 perversitasl
1294 655 1316 713 q
1327 638 1395 696 mira
1413 638 1536 696 caecitas!
1562 640 1626 699 llaec

84 724 157 797 quod
181 739 260 778 suum
274 723 395 780 Christus
415 725 513 780 invasit
528 725 672 796 imperium
692 743 700 785 ε
721 740 774 783 neo
826 726 917 783 omnis
943 741 999 783 nott
1013 729 1181 785 attendentes
1192 727 1296 798 mosei,
1313 728 1400 784 adbuc
1419 743 1481 784 eum
1510 744 1570 785 esse
1596 729 1626 785 in

77 811 172 883 aspicit
185 812 283 878 oculis,
297 829 379 868 sunm
395 813 558 870 domicilium
570 814 598 869 iu
612 814 709 871 Christi
723 815 773 870 ho-
827 828 879 872 suo
900 814 1033 872 aestimant
1056 816 1196 882 comitatu,
1210 825 1237 873 et
1251 816 1391 890 requirunt
1413 831 1475 872 eum
1491 816 1562 875 inter
1575 831 1625 874 co-

76 907 309 958 ucommutatum.
338 900 432 956 vibrat
457 900 587 975 gladium.
611 902 699 959 tendit
725 918 772 958 ar-
827 911 925 974 gnatos
947 909 975 959 at
996 904 1199 971 actaeonem
1227 903 1391 976 queritis,o
1412 903 1514 973 lutei,
1542 920 1626 977 quam

76 996 94 1045 st
107 989 135 1045 in
153 1004 186 1046 eo
198 998 273 1059 parat
292 1006 355 1046 rasa
378 989 483 1058 mortis,
498 998 528 1046 ut
542 990 650 1064 sagittet
676 991 705 1047 in
720 991 774 1046 ob·
827 988 967 1064 qoaeritisi
980 990 1040 1046 lam
1053 991 1123 1060 lapis
1143 991 1280 1048 abscissus
1293 994 1328 1050 de
1342 1000 1436 1049 moute
1461 992 1520 1049 sine
1534 994 1626 1049 mani-

76 1087 178 1135 rectum
193 1079 283 1135 corde.
307 1079 456 1134 Inflammat
474 1094 584 1136 carnem
608 1080 773 1137 naturalibus
826 1080 889 1145 bus,
904 1079 1059 1136 universam
1074 1078 1198 1151 implerit
1211 1078 1307 1137 iaciens
1322 1087 1404 1136 terre
1425 1083 1510 1153 (Dan.
1526 1096 1557 1149 ιι,
1573 1083 1623 1150 bl,

76 1165 134 1236 iris,
151 1167 239 1222 turbat
263 1174 380 1223 mentun
404 1167 613 1240 cogitationibus
633 1168 732 1238 noxiis,
746 1175 774 1224 et
827 1167 884 1239 35),
899 1173 928 1223 et
940 1167 1029 1223 adbuc
1050 1167 1197 1238 quaeritis?
1210 1168 1279 1225 Ecca
1301 1169 1402 1242 ubique
1427 1176 1560 1225 terrarum
1579 1169 1625 1224 di·

76 1269 154 1312 orum
189 1254 324 1327 cogitatus
361 1256 446 1328 priori
467 1255 596 1314 suavitate
632 1257 772 1324 lectamas,
827 1255 924 1327 sparsi,
939 1254 1039 1327 ubique
1060 1254 1199 1312 Christum
1212 1254 1493 1313 oiicnditisetsdhuc
1521 1257 1623 1328 quaeri-

76 1343 138 1398 srmi
163 1345 308 1399 tentatione
336 1343 467 1400 confodit.
495 1345 571 1400 Tunc
590 1343 696 1400 videtur
723 1344 774 1401 tibi
827 1345 887 1401 tis?
901 1344 1004 1419 Ubique
1018 1344 1088 1401 inter
1101 1352 1197 1420 gentes
1211 1344 1241 1399 in
1258 1344 1382 1403 laudibus
1395 1345 1494 1402 Christi
1503 1355 1623 1403 restrum

76 1428 245 1496 indoluisse,
259 1429 532 1501 donecllerode,non
547 1429 772 1498 tuisriribus,sed
827 1431 914 1488 Amen
936 1444 1054 1502 monet,
1073 1440 1191 1490 restrum
1210 1431 1326 1490 Alleluia
1347 1440 1480 1502 ceantur,
1503 1443 1622 1493 rastrum

78 1517 176 1574 dirioae
199 1519 379 1575 miserationis
403 1519 546 1584 exstincto,
561 1534 625 1576 carn
647 1521 774 1592 ampliori
827 1521 955 1577 llosanus
977 1520 1099 1587 resultat,
1114 1529 1141 1577 et
1155 1521 1244 1578 adhuc
1257 1521 1398 1596 quaeritis?
1413 1524 1442 1579 lu
1456 1522 1515 1578 sole
1535 1520 1624 1595 posuit

76 1606 168 1663 illitate
182 1607 283 1676 redeat,
310 1614 439 1679 tuumque
453 1608 480 1662 in
503 1609 634 1664 Nazareth
655 1618 772 1679 presto·
828 1609 1028 1667 tabernaculum
1047 1625 1138 1675 suurn,
1153 1610 1317 1682 uecestqui
1332 1612 1519 1668 scabscoodat
1541 1626 1623 1668 acs-

76 1710 216 1752 tccursum.
232 1695 297 1750 l’ost
324 1695 495 1751 tentationem
522 1712 640 1768 namque
664 1712 774 1754 neccsse
788 1657 811 1736 Β
825 1696 884 1753 lore
907 1698 968 1767 ejas
987 1698 1075 1769 (Psoi.
1098 1711 1175 1763 xmtt,
1202 1700 1230 1765 b,
1252 1700 1293 1768 7),
1317 1704 1345 1754 et
1368 1698 1458 1755 adhuc
1478 1698 1623 1771 quaeritis?

84 1783 119 1838 ad
141 1784 270 1840 virtutum
290 1783 390 1849 studia,
421 1784 623 1856 spiritualiaque
648 1785 774 1843 exercitis
827 1785 954 1855 Quaeritis
967 1801 1029 1842 eum
1044 1785 1115 1843 inter
1126 1794 1257 1857 cognatos
1270 1795 1298 1842 at
1312 1793 1402 1842 notos.
1417 1785 1544 1856 Quaeritis
1559 1802 1623 1843 enm

95 1872 231 1928 alsentate
245 1872 410 1928 conscendes
430 1873 508 1944 quasi
531 1874 565 1929 ad
583 1872 725 1941 Nazareth,
746 1875 773 1930 id
827 1874 899 1947 apud
923 1863 1037 1941 ιιιιιιιη
1051 1873 1112 1941 sed,
1127 1874 1196 1931 sicut
1210 1875 1270 1945 ipsa
1282 1873 1329 1943 sit,
1353 1875 1485 1947 cognouit
1499 1876 1545 1933 hos
1559 1891 1626 1948 pos·

76 1975 160 2015 trem:
176 1961 238 2033 quin
251 1959 321 2017 sicut
341 1960 392 2017 ilos
405 1977 458 2017 non
476 1961 586 2034 quidem
604 1959 707 2019 fructus
721 1970 772 2033 ast,
826 1978 959 2020 sessorem
967 1966 1100 2034 stromat
1111 1964 1210 2020 mnas
1219 1978 1345 2036 presepe
1351 1963 1461 2021 domim
1467 1963 1626 2020 soirlsracl

87 2061 120 2102 eo
135 2046 238 2103 fructus
252 2048 426 2117 producitur3
445 2048 482 2103 its
496 2050 624 2105 exercitis
634 2051 703 2119 haec,
718 2065 773 2107 non
826 2057 988 2109 autemnon
997 2051 1625 2124 coortouitmerpopolasmcrcsnonintcllccii

76 2151 177 2206 nporae
192 2135 305 2191 virtutes
318 2145 390 2203 sunt,
406 2136 529 2209 quamvis
542 2153 575 2193 ex
587 2137 626 2192 eis
637 2154 708 2194 terte
721 2139 775 2195 ιιι·
828 2140 903 2208 (lsai.
920 2140 969 2207 3);
984 2139 1045 2194 ideo
1070 2154 1127 2195 non
1150 2139 1290 2195 invenitis.
1316 2138 1444 2208 Quaeritis
1467 2155 1529 2195 eum
1553 2141 1624 2210 apud

79 2224 724 2293 lieooperantemasoautur.lndaasceudandum
732 2234 774 2282 est
827 2237 949 2285 amotum
970 2227 1068 2293 David,
1097 2228 1187 2285 sedet
1200 2228 1349 2284 secundum
1368 2228 1470 2299 ipsum,
1490 2227 1562 2283 iacta
1584 2235 1627 2284 cst

75 2312 184 2384 lymam,
201 2314 248 2368 sed
263 2314 346 2368 modo
358 2326 494 2385 congruo,
509 2322 663 2384 ettemporc
677 2329 775 2387 oppora
827 2332 919 2373 mensa
931 2326 1025 2373 restra
1037 2331 1130 2373 coram
1143 2315 1223 2372 vobis
1235 2315 1263 2371 in
1277 2316 1403 2390 laqueum
1418 2333 1426 2371 s
1442 2316 1505 2372 ideo
1519 2314 1626 2371 nonin-

827 2404 934 2463 reuitis.
948 2402 1091 2461 obscurari
1105 2411 1168 2459 aunt
1181 2404 1255 2459 euim
1269 2403 1343 2462 oculi
1355 2404 1442 2461 vestri
1456 2419 1492 2461 ne
1504 2403 1624 2473 rideant,

76 2485 160 2544 le.
177 2487 244 2544 Cum
264 2488 337 2544 enim
356 2488 442 2545 iactus
455 2496 526 2545 esset
541 2491 622 2546 lesus
639 2505 773 2547 annorum
827 2500 854 2549 et
866 2493 949 2548 dorsa
962 2500 1053 2548 vestra
1071 2491 1246 2549 incurrantur
1260 2493 1453 2563 (probamur,
1470 2492 1528 2564 il).
1542 2492 1625 2563 Quaa-

76 2576 135 2643 cim,
152 2577 270 2632 ascendit
278 2577 439 2634 Jerusalem.
464 2579 547 2635 Plane
569 2578 719 2635 secundum
733 2580 774 2634 le-
827 2581 886 2637 ritis
898 2596 960 2637 eum
973 2580 1045 2651 apud
1059 2580 1225 2650 dorensium
1242 2584 1301 2649 sed,
1317 2581 1379 2654 ipso
1392 2587 1474 2650 teste,
1490 2581 1624 2640 tisseretio·

76 2665 210 2739 egoricas,
224 2665 349 2721 Christus
362 2667 396 2720 de
409 2666 542 2723 Nazareth
557 2668 678 2723 ascendit
691 2665 775 2723 leru-
829 2675 869 2727 tea
881 2670 1124 2742 ignorantlcqcm,
1137 2671 1573 2740 ocsciaatvidssttamocrcmut,
1583 2667 1624 2740 8).

78 2771 86 2810 ε
102 2755 212 2824 quaudo
227 2754 317 2810 relicta
338 2755 493 2828 synagoga,
506 2755 636 2812 Ecclesiae
645 2755 774 2812 Gentittm
828 2758 890 2814 idco
900 2771 956 2814 noo
965 2756 1102 2815 invenitis.
1113 2757 1240 2828 Quaeritis
1250 2758 1323 2828 apud
1332 2758 1464 2829 hloyseu3
1480 2757 1528 2813 sad
1539 2771 1625 2830 usque

76 2842 218 2898 rtiamsuae
233 2842 339 2914 pietatis
362 2843 494 2900 exhibuit.
516 2844 612 2901 blerito
626 2845 774 2901 tuncduo·
807 2847 910 2903 hodic
927 2862 989 2903 cunt
1010 2845 1130 2918 legeritis
1153 2845 1276 2916 Moysen,
1301 2844 1426 2902 velamen
1448 2844 1565 2917 positum
1583 2854 1626 2900 est

89 2937 155 2996 mat,
172 2930 235 3002 quia
244 2932 292 3004 qui
303 2933 393 3006 legem
404 2946 459 2988 nort
474 2943 583 2989 venerat
596 2933 714 3002 solvere,
725 2933 774 2989 sad
789 2924 811 3003 B
826 2952 910 3007 super
922 2950 969 2991 cor
982 2941 1105 2990 vestrum
1119 2953 1127 2989 s
1144 2933 1207 2990 ideo
1221 2949 1277 2990 non
1291 2933 1429 2992 invenitis.

76 3017 137 3086 lere,
152 3021 292 3076 denarium
312 3020 382 3094 legis
395 3021 500 3078 binario
523 3027 637 3077 auxerat
651 3036 773 3094 evange·
863 3026 907 3081 to.
921 3025 1067 3082 amntem
1081 3022 1180 3096 itaque,
1191 3027 1341 3091 rcomicrc,
1353 3023 1521 3088 sunamitis,
1535 3034 1627 3078 rerer·

76 3106 219 3164 reiectionis
245 3126 252 3163 :
273 3110 388 3165 verbum
411 3109 608 3192 abbreviatum,
638 3109 686 3165 sed
709 3124 775 3167 cos·
828 3120 885 3170 tere
899 3112 1096 3182 inlcrusslem,
1110 3120 1138 3167 et
1156 3111 1286 3170 invenies.
1307 3111 1451 3169 Nuntiatur
1474 3118 1548 3167 carte
1561 3111 1625 3167 lesu

76 3211 130 3261 tus,
146 3205 173 3252 et
198 3202 412 3254 consummatum
435 3196 536 3255 iaciens
555 3213 638 3269 super
665 3205 772 3269 terram,
827 3200 901 3274 quod
920 3200 1004 3257 Natat
1027 3199 1099 3270 eins,
1118 3207 1145 3254 et
1168 3200 1264 3257 iratres
1284 3199 1352 3255 ioris
1376 3209 1450 3255 stant
1473 3205 1626 3269 querentes

76 3299 120 3341 em
135 3295 162 3340 et
176 3285 325 3356 Prophetas
339 3286 465 3357 bipartito
480 3286 617 3343 chantatis
635 3295 775 3359 praecepto
828 3304 891 3345 eum
907 3309 914 3346 z
930 3288 1051 3360 nunquid
1077 3286 1237 3361 egreditur?
1252 3287 1306 3342 llos
1327 3286 1418 3357 potius
1440 3284 1623 3357 ingredimini,

76 3373 153 3428 dens·
827 3384 855 3432 et
864 3375 1017 3432 invenietis.
1028 3374 1265 3446 cenomannenses,
1273 3375 1371 3446 iuquit,
1379 3374 1550 3431 invenerant
1560 3389 1626 3429 cam

81 3459 229 3518 liemonsit
241 3460 332 3531 itaque
338 3475 410 3534 paca
424 3461 504 3518 lesos
517 3461 730 3526 insensatam,
745 3465 775 3520 ct
824 3469 890 3536 post
903 3463 1069 3522 triduamin
1082 3462 1197 3534 templo.
1213 3461 1243 3517 Si
1258 3461 1341 3517 fuerit
1354 3475 1486 3517 numerus
1508 3459 1626 3516 filiorum

76 3554 235 3623 meaverunt
243 3548 775 3620 parcntcscjos.EstadbucinEoclesia
827 3553 909 3608 lsrael
921 3551 991 3608 sicam
1004 3566 1085 3607 arena
1111 3551 1201 3618 maris,
1226 3549 1345 3620 reliquie
1360 3556 1557 3615 consertentur,
1576 3563 1624 3604 re·

76 3655 101 3694 ts
116 3655 125 3697 ι
140 3647 167 3695 et
181 3638 279 3705 Judaei,
296 3647 419 3708 parentes
434 3637 535 3695 scilicet
552 3639 612 3709 eius
626 3637 775 3695 meandum
827 3639 928 3713 liquiae,
954 3640 1074 3712 inquam,
1087 3637 1173 3695 Jacob
1194 3636 1229 3693 ad
1250 3639 1337 3693 Deum
1358 3636 1463 3695 iorwm.
1489 3636 1626 3707 Quando?

76 3743 97 3795 t,
113 3727 249 3800 ignorant.
265 3729 314 3783 Est
338 3728 426 3785 adhuc
443 3727 471 3782 io
484 3727 603 3799 AEgypto
616 3727 728 3800 loseph,
748 3735 776 3783 ct
829 3728 927 3800 Utique
940 3738 1003 3800 post
1014 3726 1146 3783 triduum.
1161 3725 1305 3798 0tempus
1314 3724 1503 3788 desiderabile,
1515 3724 1625 3797 quando

99 3817 255 3890 Aigyptiaca
282 3831 337 3872 uon
370 3817 480 3887 judaica
515 3816 613 3872 dicitur
650 3816 776 3871 Salvator
828 3824 976 3890 cognoscet
991 3817 1074 3873 lsrael
1088 3813 1629 3886 Deumsuum,etparebitsdDavidre·

76 3913 124 3973 ,et
137 3906 196 3974 ipso
211 3906 343 3962 frumenta
365 3906 503 3979 sapientiae
517 3921 574 3962 suae
587 3905 731 3978 AEgyptiis,
747 3904 776 3960 id
829 3923 890 3979 garn
904 3920 984 3962 suum
998 3904 1077 3978 (Osce
1090 3919 1134 3970 ιιι,
1149 3903 1188 3976 b),
1204 3901 1313 3975 quando
1337 3909 1452 3974 utraque
1465 3916 1535 3976 gans
1549 3900 1629 3959 iaciat

76 3994 179 4047 entibus
205 3992 350 4061 dividente,
371 3994 467 4050 iratres
489 3996 548 4062 eius
572 3992 643 4049 inter
665 3994 775 4050 Chana-
829 3993 881 4049 sibi
894 4000 976 4065 caput
989 4008 1083 4060 uuum,
1098 3999 1126 4048 et
1139 3991 1285 4048 ascendent
1300 3990 1333 4046 dc
1347 3987 1566 4058 terraiQusndo
1577 3989 1630 4046 hoc

80 4078 236 4133 immundos
248 4079 371 4134 videlicet
398 4081 517 4152 spiritus,
544 4079 618 4137 verbi
639 4079 689 4136 Dei
703 4080 774 4138 inme
790 4085 813 4162 n
829 4082 889 4153 erit,
902 4083 964 4139 lesu
979 4082 1076 4140 bonci
1090 4080 1199 4153 quando
1213 4080 1342 4151 respicies
1356 4094 1465 4136 carnem
1479 4085 1564 4146 tuam,
1575 4078 1626 4134 do-

76 4165 772 4239 unt.Ecistimonles,inquit,cumesseineomitota.
828 4169 953 4227 mesticos
966 4169 1108 4242 sanguinis
1118 4168 1166 4234 tui,
1181 4185 1243 4224 cum
1256 4181 1337 4223 nemo
1352 4181 1458 4224 caruem
1472 4181 1550 4222 suam
1563 4165 1626 4223 odio

76 4255 108 4309 st
121 4251 192 4308 hocl
206 4252 312 4318 Adhuc,
333 4254 460 4321 oJudaei,
482 4254 620 4309 Christum
638 4255 666 4311 in
685 4264 775 4314 restro
827 4258 1073 4329 babeatttuunge,
1087 4256 1214 4325 Domine,
1229 4254 1411 4313 esurientibus
1419 4269 1517 4325 panem
1531 4259 1622 4320 tunm,

77 4349 106 4398 tu
122 4341 284 4413 presumitis
294 4357 380 4406 ;,curn
392 4344 449 4413 jam
464 4342 612 4398 secundum
627 4342 774 4400 ieremiam
827 4353 854 4402 et
867 4361 968 4418 egenos
981 4361 1121 4419 vagosque
1136 4345 1216 4400 induc
1229 4345 1256 4400 in
1273 4343 1384 4400 domum
1398 4350 1482 4398 tuam.
1498 4339 1625 4410 Quandiu

76 4447 106 4503 rt,
130 4430 270 4503 reliquerit
293 4432 404 4487 domum
428 4446 515 4498 suam,
541 4430 674 4485 dimiserit
686 4430 772 4489 haera·
826 4435 909 4489 miser
932 4433 1000 4490 Cain
1027 4448 1114 4505 vagus
1128 4439 1156 4489 ct
1180 4431 1313 4503 profugus
1340 4430 1393 4487 erit
1419 4444 1501 4500 super
1528 4436 1627 4485 terram

76 4537 87 4575 ι
116 4536 202 4586 suam,
227 4520 353 4591 quoniam
384 4522 455 4576 lacta
483 4527 524 4577 est
548 4518 692 4576 hereditas
718 4521 779 4591 ejus
832 4527 923 4589 tuam;
939 4534 1000 4591 quae
1016 4518 1120 4591 aperuit
1131 4533 1164 4573 os
1178 4533 1269 4586 suum,
1284 4526 1311 4573 ct
1332 4515 1454 4588 suscepit
1467 4515 1627 4591 sanguinem

76 4607 192 4680 spelunca
207 4608 325 4665 leaeuaei
341 4610 454 4679 (larem.
470 4610 555 4678 mni,
568 4606 608 4678 8.)
618 4605 722 4676 Quibus
731 4608 776 4663 in·
832 4616 916 4675 tuum,
932 4622 949 4663 o
964 4614 1058 4662 uostm
1071 4605 1150 4673 Abel,
1176 4606 1211 4661 da
1225 4620 1307 4660 manu
1331 4605 1414 4674 ejus?
1428 4604 1525 4661 Nonne
1540 4605 1630 4662 adhuc

79 4696 178 4768 quibus
193 4696 337 4766 mysteriis,
362 4698 461 4768 quibus
474 4695 660 4766 sacramentis,
680 4695 707 4751 in
730 4713 777 4756 ve-
830 4693 971 4752 reddidisti
984 4694 1009 4751 ei
1024 4693 1178 4766 septuplum
1197 4692 1225 4748 in
1254 4693 1344 4749 sinum
1359 4693 1433 4763 ejus,
1448 4707 1511 4750 cum
1527 4692 1626 4766 ubique

76 4784 244 4840 tcomitetui
259 4784 308 4840 Ubi
329 4787 468 4858 templum¹
499 4785 546 4842 ubi
578 4787 645 4859 juge
673 4785 777 4843 sacrifi·
831 4785 917 4855 major
931 4784 1030 4841 serviat
1045 4781 1143 4840 minori
1159 4799 1167 4855 ;
1181 4799 1242 4840 cum
1265 4782 1367 4855 ubique
1382 4780 1626 4856 hsssssitJugum

76 4873 119 4929 ubi
144 4873 336 4941 sacerdotium,
359 4874 406 4930 uhi
430 4876 513 4931 altare
539 4875 616 4942 illud,
641 4877 713 4950 quod
728 4890 776 4931 so·
830 4888 969 4946 premens,
990 4882 1016 4930 ct
1038 4871 1144 4946 gladius
1164 4884 1287 4931 terrens:
1302 4886 1352 4929 noc
1375 4870 1410 4927 sit
1429 4871 1476 4944 qui
1498 4871 1624 4937 redimat,

76 4961 121 5017 »bis
144 4960 171 5015 in
188 4960 245 5018 sola
264 4963 436 5036 ierosolyma
464 4978 623 5021 concessum
638 4975 679 5023 est
693 4968 707 5021 i
723 4964 775 5021 Ubi
830 4978 917 5034 neque
930 4960 978 5036 qui
990 4962 1094 5019 salvum
1114 4959 1218 5017 iaciat?
1232 4959 1293 5017 Scio
1305 4958 1368 5032 quis
1387 4959 1494 5015 undem
1507 4972 1624 5015 couver-

76 5050 99 5104 ls
113 5057 270 5121 perpetuus,
281 5066 336 5121 quo
350 5051 481 5106 exstincto
502 5051 593 5108 omnia
607 5055 707 5124 pariter
720 5055 774 5110 ho·
829 5058 927 5119 tentus,
948 5059 977 5107 et
997 5049 1096 5105 famem
1110 5048 1247 5121 patientur
1262 5059 1290 5107 ut
1304 5063 1396 5116 canes,
1416 5047 1465 5103 sed
1479 5050 1512 5103 sd
1528 5060 1625 5118 vespe·

77 5148 167 5195 omata
192 5139 346 5209 perierunt,
371 5156 432 5212 quae
456 5156 511 5196 nou
535 5150 651 5212 possunt
683 5142 773 5200 aliano
828 5157 895 5197 rum.
910 5140 974 5199 Post
987 5140 1189 5196 triduumenim
1214 5138 1376 5197 invenerunt
1390 5153 1453 5195 eum
1467 5139 1495 5194 in
1511 5137 1623 5208 templo.

76 5227 194 5283 insumi?
212 5227 286 5298 Ergo
308 5236 354 5283 aut
381 5227 447 5282 nihil
461 5228 560 5282 horum
574 5227 705 5286 habetis:
726 5240 773 5285 aut
864 5231 907 5286 to.
924 5230 1014 5287 Prima
1027 5229 1096 5297 dies,
1115 5243 1171 5301 qna
1185 5227 1325 5303 ingressus
1337 5234 1460 5283 nostram
1472 5225 1624 5282 Jerusalem

76 5335 80 5369 t
105 5331 156 5373 ros
170 5331 203 5371 ea
219 5316 320 5373 hebere
344 5315 516 5387 presumitis,
544 5332 601 5372 uon
623 5316 773 5374 secandum
826 5317 960 5377 Dominus
971 5318 1064 5388 lesus,
1076 5314 1258 5373 absconditae
1272 5330 1288 5370 s
1300 5322 1386 5371 matre
1401 5329 1452 5370 sua
1463 5314 1622 5388 synagoga,

76 5411 204 5475 eceptum
229 5405 343 5474 bebetis,
368 5419 400 5460 ac
424 5404 539 5475 proinde
565 5420 616 5462 nec
637 5405 772 5464 Christum
825 5414 852 5463 et
864 5406 994 5465 iratribus
1006 5406 1063 5463 suis
1080 5404 1191 5472 ludaeis,
1206 5404 1354 5477 apostolica
1369 5401 1422 5460 luit
1434 5402 1463 5459 in
1486 5403 1622 5461 Gentibus

77 5531 86 5549 .
114 5493 143 5548 ln
157 5490 201 5548 bis
214 5491 287 5549 cuim
302 5492 429 5549 omnibus
446 5493 597 5549 secundum
612 5492 772 5567 prophetica
824 5493 991 5567 preciosis,
1007 5490 1153 5565 ιιιιιιιριιι
1164 5491 1269 5550 iudeis
1281 5489 1384 5551 Paulus
1395 5488 1620 5564 loquiturmodo
