3706 5962
105 160 178 225 arra
662 163 767 226 varra
787 162 829 222 aa
847 158 970 222 aasvrn
991 156 1199 221 conbustus.
1679 142 1749 218 irai
1815 192 1820 212 .

48 290 71 338 'l
103 291 180 364 quod
194 309 223 349 se
244 293 346 366 prabet
362 293 391 348 in
406 293 506 358 cibum,
521 299 548 349 et
566 291 593 347 in
614 291 707 348 futuro
721 306 752 347 se
767 288 900 362 praebebit
914 301 938 381 fl
957 285 995 341 illi
1005 285 1194 354 compatiatur,
1210 299 1244 340 ac
1257 283 1281 339 si
1293 283 1383 343 omnia
1399 283 1512 340 vulnera
1526 281 1626 339 Christi
1650 282 1678 338 in
1698 298 1749 340 suo

48 388 65 429 Ι
106 381 133 436 in
154 381 303 451 praemium.
323 382 356 437 Et
369 381 433 454 qnia
447 381 568 437 nondum
581 391 721 436 assecutus
734 387 774 435 est
787 379 815 434 in
832 391 900 447 prae-
954 389 1069 446 corpore
1089 374 1255 429 sustineret:
1271 378 1299 429 et
1323 373 1357 429 de
1371 374 1423 428 boc
1445 371 1582 443 praecipue
1598 372 1679 427 debet
1694 373 1748 427 do·

48 478 64 519 Ι
104 471 203 545 mium,
213 471 240 527 in
251 472 296 528 via
311 482 397 526 tamen
408 468 518 542 aspidas
532 484 593 528 eum
606 470 637 528 in
649 467 791 542 petibu103
806 464 899 539 sieque
953 463 1021 529 lere,
1037 461 1100 534 qtiie
1114 468 1154 517 tot
1167 462 1239 518 videt
1252 461 1377 519 frustrari
1391 459 1524 518 beneficio
1540 463 1590 516 boc
1603 459 1749 517 immenso.

48 654 60 697 [t

48 748 57 879 ζ
307 766 428 831 varaia
448 768 496 831 aa
519 766 664 833 annua
683 718 922 831 uoaunavr'a
943 758 1007 824 aas
1030 757 1104 824 sau
1127 756 1332 823 aanrsrosa
1356 756 1527 821 uvarum.

48 916 52 969 l

140 1106 166 1157 l.
182 1101 212 1156 Si
236 1100 317 1172 plene
329 1100 375 1158 vis<
397 1099 507 1172 assequi
528 1099 601 1171 quod
624 1096 750 1164 mtendia,
764 1098 819 1153 duo
834 1101 897 1151 sunt
950 1089 1238 1163 habeasquidinisti,
1254 1089 1417 1160 quiesset
1439 1089 1582 1162 quideris.
1599 1090 1667 1160 Quid
1688 1090 1746 1147 iui-

103 1189 152 1245 tibi
168 1189 327 1245 necesaria.
347 1189 467 1245 Panum
482 1195 533 1256 est,
550 1197 578 1243 nr
591 1188 732 1242 subtrahas
746 1193 773 1241 re
787 1185 821 1239 ab
834 1198 896 1239 nm·
950 1179 995 1245 sti.
1009 1179 1073 1251 quia
1086 1195 1192 1246 sperma
1213 1178 1346 1244 relidunt
1364 1178 1429 1250 quid
1443 1194 1484 1245 es.
1500 1179 1562 1250 auia
1579 1195 1626 1235 vas
1639 1190 1745 1235 sterm-

102 1278 183 1333 nibus
207 1277 371 1334 transitoriis
386 1279 466 1333 rebus
480 1284 508 1331 et
523 1279 644 1341 terrenis,
671 1283 700 1330 ut
721 1273 786 1328 nibil
803 1274 836 1328 de
855 1273 897 1328 eis
950 1284 1011 1323 rum
1026 1285 1033 1337 ;
1054 1267 1198 1340 quiderm,
1215 1265 1279 1338 quia
1293 1282 1355 1321 esca
1369 1265 1512 1323 vermium.
1526 1266 1658 1323 Similiter
1673 1267 1745 1323 ima·

101 1382 191 1432 cures,
209 1382 239 1422 ac
264 1364 286 1419 si
303 1381 357 1420 non
385 1376 485 1422 esoni.
501 1363 667 1429 Secundum,
687 1370 715 1418 ut
739 1362 775 1417 aa
803 1370 828 1417 te
848 1361 897 1416 des
949 1355 1052 1428 pneris
1065 1369 1159 1410 eorum
1176 1370 1281 1427 poenas,
1296 1354 1342 1427 qai
1361 1363 1424 1410 sunt
1439 1355 1465 1410 iu
1479 1355 1605 1423 infernos
1630 1365 1659 1413 aa
1672 1356 1745 1429 qnod

101 1453 169 1520 Deo,
186 1460 214 1509 ut
228 1453 295 1508 nibil
319 1453 404 1522 dicas,
419 1453 460 1510 vel
485 1453 576 1521 iacias,
593 1452 643 1508 nisi
663 1450 736 1521 qnod
751 1448 898 1506 credideris
950 1460 1088 1516 nunquam
1098 1442 1233 1511 finientur,
1248 1451 1276 1498 et
1290 1458 1338 1514 pro
1352 1458 1432 1514 qnam
1447 1444 1556 1499 modica
1571 1444 1746 1502 delectatione

102 1538 216 1594 tirmiter
231 1539 336 1607 placere
354 1537 420 1592 Deo.
441 1536 556 1592 Primum
571 1546 661 1592 autem
676 1535 831 1606 assequeris
845 1534 897 1589 boc
951 1540 1023 1587 taum
1041 1532 1114 1589 mala
1134 1533 1284 1605 patiuntur.
1302 1532 1429 1587 Similiter
1452 1532 1613 1606 imagineris
1627 1533 1745 1607 gloriam

101 1626 196 1680 modo.
220 1625 353 1682 Omnibus
379 1625 467 1681 modis
481 1625 583 1696 quibus
596 1631 682 1695 potes,
699 1632 725 1679 te
747 1621 853 1689 vilifica,
871 1629 896 1678 te
911 1640 933 1718 Β
949 1620 1076 1692 paradisi,
1092 1633 1118 1679 et
1132 1623 1205 1694 quod
1229 1636 1367 1693 nunqnam
1385 1621 1502 1687 linietur,
1517 1630 1545 1678 et
1558 1638 1638 1694 qnam
1653 1622 1744 1680 brevi·

102 1713 168 1769 uibil
197 1714 345 1784 reputando
373 1730 443 1779 esse,
463 1715 511 1769 sed
532 1713 624 1768 credas
647 1728 742 1769 omnes
769 1710 895 1768 bomines
949 1717 1031 1766 teret
1047 1710 1271 1783 eitoacquiritur,
1288 1720 1315 1765 et
1329 1722 1447 1781 quantus
1463 1711 1550 1767 luctus
1565 1720 1591 1768 et
1605 1711 1683 1768 dolor
1698 1726 1745 1785 po-

101 1802 271 1867 essebouos,
287 1812 312 1858 et
338 1803 463 1858 meliores
477 1811 513 1872 te,
532 1803 675 1874 magisque
698 1800 801 1873 placere
825 1800 891 1855 Deo.
947 1799 1080 1856 teritesse
1095 1799 1148 1855 illis
1166 1800 1210 1869 qui
1225 1814 1272 1869 pro
1287 1815 1369 1870 parra
1387 1815 1416 1854 re
1431 1801 1658 1875 tantamgloriam
1673 1801 1744 1857 ami-

100 1888 282 1963 Quaecumque
297 1892 374 1945 audis
388 1890 431 1947 vel
445 1891 521 1947 vides
536 1890 562 1944 in
579 1889 715 1961 religiosis
734 1886 816 1945 298
830 1903 893 1959 per·
947 1887 1124 1942 sermidam
1143 1887 1225 1941 babes
1239 1886 1341 1957 aliquid
1356 1887 1492 1956 quadrini
1507 1887 1642 1956 displicet,
1657 1889 1696 1943 sel
1712 1888 1744 1944 ti-

100 1979 188 2046 sonis,
202 1987 268 2049 puta
288 1979 359 2033 bona
386 1979 537 2035 intentione
561 1979 615 2034 dici
634 1977 678 2034 vel
695 1977 763 2043 lieri,
788 1975 894 2032 etiamsi
947 1991 1004 2030 mes
1019 1975 1131 2042 babere;
1153 1975 1243 2046 cogita
1266 1973 1338 2046 quod
1358 1974 1382 2028 si
1405 1982 1434 2029 tu
1451 1989 1525 2031 essee
1539 1974 1567 2031 in
1582 1974 1700 2042 inferno,
1716 1974 1744 2031 el

100 2067 233 2123 contraria
255 2065 407 2121 videantur.
433 2067 504 2121 Nam
521 2067 641 2121 hnmana
669 2066 788 2137 suspicio
814 2065 892 2120 facile
946 2061 1011 2117 illud
1026 2069 1054 2117 et
1067 2058 1198 2133 quidquid
1217 2061 1313 2129 nolles,
1329 2060 1452 2116 haberes.
1469 2063 1574 2118 Etcum
1594 2064 1679 2118 habes
1693 2062 1744 2119 ali·

99 2154 210 2210 fallitur.
224 2155 295 2210 Nulli
305 2155 455 2224 displiceas.
469 2155 539 2211 Nihil
552 2170 668 2226 unquam
684 2157 717 2209 de
732 2161 758 2208 te
773 2152 893 2224 loquaris
946 2150 1092 2222 quidquod
1108 2150 1155 2206 tibi
1170 2150 1267 2222 placet,
1280 2150 1321 2204 vel
1336 2157 1414 2218 optas
1427 2149 1527 2204 babere
1544 2167 1552 2214 ς
1568 2153 1656 2223 cogita
1671 2151 1744 2223 quod

100 2244 174 2315 qnod
189 2244 295 2301 laudem
319 2243 456 2314 importet,
475 2254 711 2316 quantumcunque
725 2242 760 2297 sit
775 2239 891 2296 familia·
946 2239 971 2293 si
990 2247 1019 2293 tu
1042 2254 1118 2293 esses
1140 2237 1167 2292 in
1188 2237 1323 2309 paradiso,
1340 2238 1453 2292 haberes
1475 2238 1552 2304 illud,
1568 2246 1596 2293 et
1612 2238 1744 2312 quidquid

99 2332 137 2387 ris
155 2331 200 2387 ille
223 2347 284 2386 cum
306 2349 360 2405 quo
378 2331 521 2402 loqueris:
538 2331 667 2404 imoplus
690 2329 783 2387 labora
804 2329 892 2385 celare
944 2327 1036 2382 velles.
1052 2326 1080 2382 Si
1094 2335 1183 2381 nutem
1196 2324 1224 2378 iu
1237 2324 1344 2379 inferno
1364 2338 1451 2391 esses,
1469 2339 1518 2380 nec
1539 2325 1606 2381 illud
1625 2342 1676 2382 nec
1688 2326 1742 2382 ali-

99 2420 213 2476 virtutes
227 2437 308 2491 quam
318 2420 392 2478 vitis.
407 2420 446 2475 De
460 2421 534 2476 nullo
551 2435 663 2490 prorsus
677 2421 787 2475 sinistre
802 2418 894 2490 loqna·
946 2414 1012 2486 quid
1026 2412 1100 2486 quod
1114 2413 1197 2469 velles
1211 2412 1336 2470 haberes·
1353 2412 1577 2485 Q¹⁸¹¹d⁰⁰¹1¹¹q¹¹e
1592 2420 1632 2469 Ν
1644 2412 1743 2470 f0⁸²¹¹¹¹¹

100 2509 149 2577 rig,
165 2517 404 2580 quantumcunque
428 2510 464 2565 211
477 2525 570 2568 pamm
587 2509 629 2564 vel
644 2507 825 2573 manifestum,
841 2506 893 2562 nisi
946 2500 1061 2567 alicujus
1075 2501 1171 2568 sancti,
1193 2500 1332 2571 cogitndo
1354 2501 1402 2555 illo
1418 2510 1518 2573 quanta
1539 2501 1669 2558 sustinuit
1682 2516 1744 2574 pro·

98 2596 127 2651 in
141 2595 320 2667 confessione,
336 2606 363 2652 et
378 2598 430 2652 hoc
452 2598 500 2653 ubi
523 2613 577 2656 nou
593 2604 679 2669 potest
701 2595 777 2652 aliter
805 2597 892 2651 mani·
946 2597 1008 2660 pler
1021 2590 1117 2655 Deum,
1133 2589 1196 2660 (luia
1209 2589 1300 2644 brevia
1316 2606 1323 2646 ἰ
1340 2596 1367 2644 θῑ
1380 2589 1472 2661 simlia
1485 2589 1601 2663 ⁸d0P¹¹¹⁸
1615 2602 1666 2660 0⁵¹2
1681 2591 1743 2663 (luia

96 2683 197 2740 lentare
211 2693 351 2754 peccatum
366 2695 452 2742 tunm.
461 2685 599 2741 libentius
609 2683 786 2740 accommoda
800 2699 892 2739 aurem
947 2686 1055 2733 aterna.
1066 2677 1195 2734 Similiter
1209 2677 1300 2751 cogita
1313 2678 1377 2749 quia
1389 2687 1529 2734 transeunt
1540 2680 1673 2735 bonorum
1685 2688 1742 2736 tor-

97 2782 181 2841 tuam,
197 2789 257 2829 cum
273 2774 375 2846 aliquis
389 2774 519 2838 laudatur,
533 2789 614 2845 quam
633 2789 694 2829 cum
714 2772 891 2844 vituperatur.
946 2774 1047 2836 menta,
1065 2765 1197 2823 malorum
1212 2767 1319 2838 gaudia.
1336 2766 1368 2821 lli
1383 2781 1443 2821 cum
1452 2765 1511 2823 istis
1521 2769 1662 2823 tormentis
1677 2768 1742 2825 ade·

97 2859 165 2915 Cum
179 2861 306 2935 loqueris,
322 2863 404 2917 verba
426 2871 471 2917 tua
485 2861 538 2916 sint
552 2876 622 2929 rara,
639 2877 713 2927 vera,
728 2861 889 2932 ponderosa,
947 2855 986 2928 pti
1000 2861 1063 2910 sunt
1079 2854 1194 2927 gloriam
1208 2864 1359 2911 aternam:
1376 2862 1402 2910 et
1415 2855 1460 2910 isti
1476 2870 1509 2911 ex
1524 2856 1651 2912 indebitis
1671 2873 1742 2928 gan·

97 2957 123 3003 et
137 2947 171 3003 de
181 2949 248 3005 Deo.
265 2948 293 3004 Si
308 2950 443 3005 saecularis
457 2949 577 3021 loquitur
590 2956 690 3017 tecum,
704 2956 731 3004 et
744 2963 812 3004 vana
829 2963 892 3018 pro·
907 2907 928 2986 Β
944 2943 1006 3010 diis,
1018 2952 1145 3000 aetcrnam
1160 2959 1281 3015 poeuem.
1295 2942 1517 3017 Quandocunqne
1532 2955 1557 3001 te
1573 2945 1654 3000 vincit
1674 2960 1741 3002 ace-

96 3037 174 3107 ponit
187 3053 267 3109 quam
282 3040 363 3095 citius
377 3051 456 3110 potes
470 3039 577 3095 suceide
587 3053 751 3106 sermonem,
767 3044 793 3093 et
808 3047 892 3094 nans
944 3032 997 3097 dia,
1013 3032 1129 3103 accipias
1144 3034 1196 3088 lroc
1207 3033 1349 3105 scriptum,
1363 3040 1393 3087 et
1406 3032 1562 3105 imagineris
1578 3033 1745 3091 haecomnia

96 3124 168 3179 ieras
181 3131 207 3180 te
225 3126 258 3181 ad
273 3141 305 3180 ea
319 3143 379 3197 quae
393 3127 441 3183 Dei
456 3136 527 3183 sunt.
543 3126 681 3198 Quidquid
689 3127 828 3200 contingat
843 3126 889 3183 tibi
943 3129 1099 3200 diligenter.
1116 3128 1149 3182 Et
1164 3129 1255 3204 cogita
1270 3128 1304 3183 de
1332 3137 1454 3200 tempore
1480 3130 1555 3202 quod
1578 3131 1619 3187 sic
1637 3130 1739 3202 perdis,

96 3214 139 3267 vel
163 3211 209 3267 alii
231 3222 472 3286 quantumcunque
494 3216 649 3284 conjuncto,
676 3230 730 3271 uon
749 3231 847 3272 cures:
864 3220 890 3270 et
941 3215 1013 3286 quod
1027 3216 1065 3271 illi
1078 3216 1125 3286 qui
1140 3216 1167 3271 in
1181 3217 1370 3283 inieruosunt,
1382 3217 1479 3272 darent
1490 3226 1577 3272 totum
1597 3219 1737 3286 mundum,

95 3300 118 3354 si
146 3308 185 3355 est
206 3300 361 3370 adversum,
377 3316 432 3355 non
456 3301 581 3371 tristeris3
598 3303 621 3358 si
650 3310 691 3357 est
716 3317 888 3374 prosperum,
943 3303 966 3358 si
980 3302 1118 3370 haberent,
1140 3318 1189 3374 pro
1203 3321 1245 3360 eo.
1270 3303 1338 3359 Cum
1361 3305 1445 3359 habes
1466 3303 1571 3377 aliquas
1591 3307 1739 3364 tribulatio-

96 3404 149 3444 non
163 3388 262 3444 laeteris
278 3404 285 3441 :
300 3389 347 3445 sed
363 3394 449 3444 totum
468 3388 533 3445 nibil
554 3400 627 3460 puta,
645 3396 672 3442 et
694 3390 771 3445 lauda
790 3391 888 3447 Deum.
942 3407 1001 3459 nes,
1016 3392 1106 3465 cogita
1118 3393 1191 3463 qnod
1206 3392 1244 3448 illi
1259 3392 1303 3463 qui
1318 3401 1382 3448 sunt
1395 3394 1423 3448 in
1435 3393 1569 3463 paradiso,
1584 3397 1738 3455 carenteis.

95 3476 307 3532 Sollicitudinem
323 3476 419 3532 adhibe
443 3485 569 3546 quantam
591 3476 732 3532 maximam
756 3486 843 3549 potes,
860 3484 890 3534 ut
942 3479 1070 3536 Similiter
1090 3496 1154 3535 curn
1174 3481 1260 3537 habes
1284 3480 1387 3552 aliquas
1415 3482 1629 3550 consolationes,
1650 3486 1740 3560 cogita

95 3565 187 3620 vilitati
212 3564 323 3621 sedulas
344 3565 474 3623 intendas.
497 3565 572 3638 Fuge
592 3565 732 3636 locutoria,
760 3575 890 3636 quantum
941 3569 1001 3625 illos
1012 3568 1046 3624 de
1059 3567 1166 3625 inieruo
1185 3585 1276 3626 carere
1291 3568 1341 3624 eis.
1358 3566 1438 3624 Omni
1458 3568 1502 3624 die
1517 3585 1580 3626 cum
1603 3571 1677 3628 vadis
1690 3589 1738 3628 en-

94 3662 181 3726 potes.
197 3654 295 3710 llelius
311 3662 352 3711 est
362 3655 431 3709 enim
447 3653 526 3711 silere
542 3671 624 3726 quam
635 3655 719 3726 loqui.
736 3655 799 3710 Post
811 3656 890 3711 Com·
942 3657 1035 3723 bitum,
1049 3657 1173 3713 examina
1186 3657 1331 3729 diligenter
1344 3657 1408 3728 qaid
1427 3657 1553 3732 cogitasti
1567 3667 1594 3715 ot
1616 3660 1679 3732 quid
1694 3661 1737 3717 di·

93 3743 236 3815 pletorium
252 3759 305 3800 non
321 3743 449 3817 loquaris,
464 3761 609 3817 quousque
623 3744 698 3799 linita
713 3744 747 3799 sit
760 3744 840 3800 llissa
850 3761 890 3800 se·
941 3746 1004 3802 xisti
1018 3747 1045 3801 in
1059 3745 1113 3814 die,
1128 3755 1155 3802 et
1180 3747 1315 3819 qranmodo
1331 3745 1429 3802 utiliter
1444 3756 1550 3817 tempus
1569 3756 1596 3804 et
1610 3753 1736 3819 spatium,

93 3832 201 3905 quentis
215 3834 279 3898 diei,
306 3833 358 3889 uisi
385 3848 466 3890 causa
488 3834 604 3889 maxima
623 3832 804 3891 intervenerit.
822 3834 887 3889 Cum
942 3835 1015 3906 quod
1029 3833 1515 3906 datumestadacquirendumvitam
1531 3845 1671 3906 aeternam,
1684 3839 1739 3894 dis·

92 3920 170 3976 vides
192 3921 294 3991 aliquid
313 3921 385 3992 quod
402 3921 449 3977 tibi
463 3923 594 3991 displicet,
610 3922 673 3977 vide
695 3923 718 3977 si
740 3923 791 3978 hoc
807 3924 888 3977 estin
942 3924 1070 3994 pensasti.
1082 3925 1115 3980 Et
1125 3923 1148 3979 si
1162 3926 1232 3980 bene
1247 3924 1402 3992 transivisti,
1419 3924 1498 3980 lauda
1511 3926 1597 3981 Deam
1610 3946 1618 3997 ;
1629 3927 1653 3983 si
1668 3927 1737 3984 male

95 4017 130 4074 te,
148 4014 175 4062 et
189 4007 334 4064 abscinde:
356 4008 379 4062 si
393 4023 458 4064 vero
470 4009 549 4067 rides
564 4011 667 4082 aliquid
681 4013 754 4084 qnod
768 4011 818 4067 tibi
834 4011 889 4083 pla·
941 4013 983 4069 vel
999 4013 1178 4086 negligenter,
1199 4012 1302 4086 lugeas,
1318 4020 1345 4069 et
1357 4013 1478 4086 sequenti
1495 4013 1538 4070 die
1552 4030 1605 4071 non
1625 4014 1736 4074 difleras

95 4102 149 4158 net,
165 4094 226 4153 vide
242 4094 266 4149 si
280 4096 332 4149 boe
345 4102 386 4150 est
400 4096 428 4150 in
444 4105 480 4160 te,
501 4105 527 4152 et
541 4105 621 4171 teue;
637 4101 660 4154 si
674 4117 728 4155 uon
744 4108 794 4166 est,
808 4117 887 4156 essu·
941 4101 1074 4159 confiteri.
1097 4101 1126 4157 Si
1147 4101 1249 4175 aliquid
1278 4101 1412 4175 cogitasti,
1441 4103 1545 4170 dixisti,
1574 4104 1616 4159 vel
1648 4103 1742 4162 iecisti

95 4198 155 4239 me:
173 4191 199 4238 et
214 4182 254 4239 sic
269 4189 349 4239 erunt
364 4183 411 4237 tibi
431 4183 521 4239 omnia
535 4184 562 4239 in
576 4187 698 4256 speculo.
719 4189 758 4244 De
772 4189 845 4244 nulla
859 4204 888 4245 re
903 4179 926 4256 ὓ
941 4193 1012 4265 qnod
1029 4190 1303 4246 tuameonsoiemiarn
1316 4190 1431 4247 multum
1445 4191 1608 4257 remordeat,
1624 4206 1679 4248 non
1693 4210 1738 4249 co·

94 4289 248 4330 murmures
277 4289 339 4327 cum
367 4272 468 4345 aliquo,
498 4275 551 4330 nisi
576 4274 720 4330 credideris
747 4279 886 4346 prodesse,
942 4282 1189 4349 medasantequam
1217 4278 1382 4334 confitearis.
1402 4279 1515 4334 lstudin
1538 4279 1688 4352 linepono,
1705 4290 1736 4338 ut

93 4366 330 4436 quantumcunque
354 4360 389 4416 sit
417 4376 501 4434 grave
534 4362 607 4431 quod
631 4362 723 4418 babes.
744 4364 887 4435 Nunquam
941 4365 1096 4437 imagineris
1114 4364 1339 4436 dnescivitates3
1367 4383 1449 4421 unam
1477 4365 1583 4438 plenam
1610 4369 1736 4426 omnibus

93 4451 267 4525 pertinaciter
281 4448 381 4520 aliquid
396 4448 513 4505 nlfirmes
528 4450 568 4505 vel
583 4464 680 4522 neges,
694 4451 742 4505 sed
762 4450 815 4506 siut
837 4459 888 4506 tuae
942 4453 1094 4521 tormentis,
1109 4467 1169 4524 qua
1188 4464 1230 4508 est
1250 4446 1386 4521 inlern'us3
1413 4454 1527 4509 alteram
1541 4455 1647 4527 plenam
1661 4458 1736 4514 omni

93 4535 287 4594 affirmationes
298 4543 326 4592 el
339 4539 496 4610 negationes
507 4538 681 4594 dubitationis
695 4540 751 4594 sale
761 4539 887 4595 conditae.
941 4541 1133 4610 consolatione,
1148 4548 1264 4613 quaeest
1280 4541 1427 4609 paradisus.
1444 4542 1476 4599 lit
1488 4542 1522 4597 ad
1536 4559 1616 4599 unam
1630 4545 1736 4603 illarum

93 4627 117 4682 Α
132 4627 272 4682 cachinnis
287 4642 394 4698 semper
409 4628 545 4684 abstineas
560 4641 566 4682 ε
588 4627 676 4682 rideas
694 4643 758 4683 vero
773 4643 846 4694 raro,
861 4635 889 4685 et
942 4637 1047 4699 oportet
1059 4638 1085 4685 te
1108 4644 1227 4685 currere.
1251 4629 1317 4685 tine
1334 4630 1398 4702 quid
1422 4639 1446 4687 te
1470 4632 1556 4703 possit
1570 4634 1677 4688 trabere
1702 4634 1737 4690 ad

93 4729 157 4770 cum
172 4712 265 4785 paucis
280 4721 393 4783 praestes
416 4730 447 4771 os
472 4723 558 4772 tuum.
574 4715 703 4781 Breviter,
719 4714 747 4770 in
762 4716 889 4772 omnibus
945 4717 1030 4776 199
1045 4718 1154 4783 malum,
1168 4719 1212 4775 vel
1226 4717 1358 4790 impedire
1372 4738 1387 4775 a
1402 4721 1484 4777 bono.
1502 4721 1589 4777 Credo
1602 4724 1675 4796 qnod
1691 4723 1737 4779 ni-

93 4803 172 4859 dictis
184 4803 238 4859 tuis
252 4801 291 4858 sin
307 4813 332 4858 te
346 4803 454 4874 babeas,
468 4814 498 4860 ut
513 4806 567 4860 sint
581 4805 617 4860 ita
631 4820 692 4877 quae
706 4804 789 4861 dubia
802 4805 890 4860 dimit·
942 4808 979 4863 hil
993 4806 1124 4863 invenies.
1140 4809 1238 4863 Certus
1253 4824 1313 4864 snm
1328 4808 1402 4879 quod
1416 4809 1440 4864 si
1454 4809 1525 4865 bene
1540 4810 1690 4868 servaveris
1705 4825 1738 4865 ea

94 4902 193 4948 tantur.
941 4914 1001 4969 quae
1012 4905 1074 4952 sunt
1089 4897 1141 4964 hic,
1154 4895 1271 4968 Spiritus
1285 4906 1395 4953 sanctus
1406 4898 1534 4954 habitabit
1546 4899 1573 4954 in
1589 4907 1626 4967 te,
1637 4910 1664 4955 et
1679 4914 1741 4970 per·

129 4983 156 5034 2.
181 4979 336 5037 secundnm
361 4980 515 5057 assequeris
539 4983 592 5038 boc
606 4981 697 5039 modo.
712 4982 889 5041 Orationibus
942 4987 1013 5042 lecte
1026 4986 1132 5042 docebit
1143 4996 1168 5043 te
1183 4986 1271 5044 iacere
1284 4988 1385 5044 omnia.
1402 4989 1473 5061 Ergo
1488 4990 1558 5047 bene
1572 4989 1736 5060 servesista,

93 5084 156 5125 curn
170 5085 267 5142 magna
281 5068 425 5125 devotione
441 5070 574 5137 intendas,
590 5079 617 5126 et
630 5087 676 5127 eas
691 5073 781 5129 dicere
795 5073 889 5130 labora
942 5082 968 5132 et
985 5075 1048 5131 nihil
1064 5075 1198 5151 negligas.
1214 5077 1246 5133 Et
1260 5076 1319 5150 lege
1334 5094 1366 5134 ea
1377 5077 1404 5134 in
1425 5080 1577 5151 septimana
1592 5081 1645 5145 bis,
1661 5081 1738 5136 scili-

94 5157 168 5212 bnris
181 5156 280 5215 debitis
295 5175 303 5213 τ
319 5164 346 5212 et
361 5155 435 5228 quod
445 5156 530 5214 offers
543 5158 572 5214 in
587 5160 719 5226 oratione,
735 5161 890 5218 reminisca-
942 5172 985 5222 cet
1001 5164 1027 5220 in
1042 5164 1086 5221 die
1100 5164 1234 5230 blercnrii,
1252 5176 1279 5220 et
1289 5166 1316 5221 in
1331 5165 1375 5221 die
1391 5166 1503 5222 Sabbati
1520 5185 1526 5222 :
1543 5180 1569 5224 et
1583 5176 1613 5224 ut
1627 5171 1740 5226 invene-

95 5246 132 5302 ris
146 5247 173 5302 in
188 5247 279 5303 corde.
294 5249 337 5318 lit,
352 5256 383 5303 nt
398 5263 430 5304 ea
443 5264 503 5322 qnae
518 5250 587 5324 legis
600 5249 754 5321 confirmes,
770 5252 888 5325 diligen·
943 5255 981 5311 ris
996 5261 1022 5310 te
1037 5254 1131 5310 iecisse
1140 5253 1215 5326 quod
1228 5253 1418 5324 scriptumest,
1436 5257 1516 5313 lauda
1531 5259 1628 5327 Deum,
1641 5260 1688 5332 qui
1698 5266 1741 5318 est

95 5343 135 5391 ter
150 5335 279 5407 recogita,
304 5346 331 5393 et
351 5352 447 5393 eorum
466 5339 624 5413 imagineris
645 5347 754 5406 emtum,
773 5340 801 5397 in
823 5357 891 5414 quo
943 5344 1005 5417 pius
1020 5349 1047 5401 et
1060 5343 1213 5400 misericors
1228 5345 1255 5400 in
1268 5345 1367 5402 werria
1380 5347 1553 5405 saeculorum.
1569 5347 1668 5406 Arnen.

92 5438 154 5483 rum
168 5424 300 5485 memoria
313 5428 371 5485 bac
384 5425 495 5486 dixeris.
509 5427 563 5486 lsta
576 5427 627 5485 tria
636 5443 745 5502 semper
758 5429 787 5488 in
800 5439 891 5490 mente
