3706 5962
53 230 109 290 757
446 224 628 289 nutritio
641 225 676 289 ld
691 224 869 288 simiolus
887 223 929 286 ltu
947 221 1148 286 ulsuulbtt.
1163 219 1292 284 [mliii.
1646 216 1700 278 iit

52 352 155 413 vestita
169 356 228 409 erat
241 350 338 409 decore
351 349 853 424 meretricio,etpinxeratoculossuoa
866 362 891 444 Α
904 356 1008 406 secreto
1022 345 1141 406 cubiculi
1158 346 1204 404 tui.
1219 345 1258 402 lbi
1275 353 1300 402 ta
1313 343 1436 401 ambiunt
1450 343 1591 417 sexaginta
1614 345 1701 403 fortes

54 443 151 500 stibio.
166 441 331 498 Decalvatus
340 448 381 497 est
390 441 527 511 superbie
541 448 653 510 renen
669 455 724 498 non
747 441 850 510 estqui
905 453 938 497 ex
952 436 1109 495 fortissimis
1122 435 1215 504 lsrael,
1245 434 1273 490 in
1300 433 1399 506 quibus
1423 447 1506 504 opera
1520 448 1569 490 sex
1583 434 1698 502 diemrn,

53 533 111 604 jam
128 530 258 605 dignetur
271 530 405 598 aspicere,
429 529 481 586 nisi
497 529 545 602 qui
562 530 678 588 voluerit
691 529 767 588 naias
793 529 853 598 ejus
906 542 992 603 opera
1005 528 1077 585 bena
1089 525 1166 582 ualde
1180 523 1296 596 perlecta
1310 529 1383 588 sant,
1399 528 1429 579 ut
1442 521 1470 577 in
1484 522 1591 579 senario
1609 531 1637 580 et
1650 525 1699 582 de·

55 622 214 687 abhorrere,
231 625 262 676 ut
279 617 351 676 lavet
365 633 462 675 manus
483 634 547 676 suae
560 619 589 675 in
601 619 735 693 sanguine
760 626 854 691 pecca·
906 619 984 676 namo
997 618 1066 693 lagia
1093 616 1248 689 imagimem
1270 621 1297 672 et
1316 612 1521 672 similitudinem
1540 621 1614 671 tuane
1634 629 1700 673 con·

57 711 134 776 toris,
145 717 173 764 et
186 707 262 765 velut
275 722 361 780 equus
375 706 451 764 lortis
463 717 490 765 et
503 708 594 776 velox,
607 708 775 767 meretricem
790 722 854 780 pro·
907 715 1027 767 seruent.
1366 723 1368 726 ·

51 797 332 870 jectamnngulasne
345 795 489 869 confodiat,
520 806 548 854 et
572 800 723 866 conculcet,
741 804 768 855 et
781 811 852 870 pra·
1220 792 1331 851 CAPUT
1349 794 1387 850 X.

55 893 151 945 tereat.
168 885 282 957 Propter
295 885 348 943 hoo
366 893 393 941 et
407 885 497 957 paries
510 886 544 943 ad
553 888 614 945 bac
627 887 794 961 sanguineus
807 902 853 943 re·
960 888 999 945 be
1012 885 1144 944 militum
1156 884 1285 942 custodie
1297 885 1335 941 od
1349 883 1514 958 sepulerum
1529 883 1645 942 Christi.

55 975 134 1032 lictus
158 982 211 1041 est,
236 979 266 1028 ut
290 979 389 1029 terreat
402 973 475 1030 droa
496 976 658 1049 sanguinum
684 983 712 1033 et
733 975 852 1041 dolosos,
942 973 1167 1032 aitsanctus
1189 982 1216 1031 te
1241 974 1399 1032 custodiunt
1411 987 1492 1045 qnam
1506 972 1586 1029 fallax
1601 970 1702 1046 impio·

56 1063 105 1138 qui
118 1070 230 1135 propter
244 1062 385 1118 avaritiam
400 1078 476 1119 suam
498 1064 618 1138 lapidant
643 1063 772 1123 bannilem
795 1063 853 1120 Na·
908 1081 968 1124 rum
982 1064 1116 1133 custodia,
1131 1062 1193 1134 quia
1217 1071 1280 1119 aunt
1294 1063 1328 1119 ad
1342 1063 1414 1119 bella
1428 1062 1576 1118 doctissimi
1590 1077 1644 1119 aon
1659 1078 1702 1119 so·

56 1150 135 1207 both.
151 1149 207 1207 Sed
224 1165 305 1206 canes
318 1150 557 1223 impudentissimi,
578 1161 712 1210 amntmes
738 1153 855 1209 cadave-
908 1155 964 1212 lum
978 1155 1069 1212 carnis
1082 1152 1235 1219 illecebras,
1249 1157 1298 1210 sed
1322 1151 1403 1209 etiam
1430 1158 1579 1224 potestates
1601 1151 1700 1218 aerias,

58 1253 133 1307 rnen,
147 1253 242 1295 carnes
269 1239 320 1295 sibi
342 1239 499 1298 lemioarias
525 1242 706 1314 incorporent,
730 1243 801 1298 unde
828 1249 857 1296 et
909 1249 1109 1314 uoctnmosque
1123 1240 1237 1297 timores
1250 1239 1368 1313 abigere.
1385 1237 1426 1294 llli
1452 1238 1498 1311 qui
1527 1245 1606 1295 nocte
1632 1237 1702 1295 sicut

56 1328 218 1402 sauguinem
236 1328 296 1398 ejus
320 1337 520 1402 consequenter
547 1331 686 1402 lambunt3
711 1330 774 1402 quia
787 1329 857 1387 aaut
909 1333 976 1391 ebrii
991 1332 1145 1404 sepulcrum
1159 1338 1235 1387 tuum
1263 1329 1398 1396 obsident,
1423 1326 1478 1384 illic
1503 1327 1703 1399 trepidaverunt

56 1415 191 1483 libidinis,
207 1417 244 1472 ita
257 1426 283 1472 et
295 1416 405 1473 ultionis
426 1419 570 1491 participes
593 1427 684 1477 amnt.
711 1419 765 1476 alii
791 1433 856 1476 varo
910 1424 1007 1480 timore
1019 1421 1065 1478 ubi
1080 1435 1136 1477 nen
1149 1427 1207 1476 erat
1223 1418 1312 1486 timer,
1338 1416 1467 1491 qnoniam
1493 1423 1609 1487 potestas
1631 1424 1703 1472 tene·

56 1513 124 1563 sunt
144 1520 236 1574 canes,
252 1506 299 1578 qui
326 1504 395 1562 liunt
422 1523 459 1564 aa
482 1509 609 1567 inimicia
627 1509 661 1567 ob
678 1511 740 1584 ipse
762 1506 852 1579 (Prot.
908 1515 1019 1570 brorum
1033 1510 1124 1568 lucem
1143 1525 1197 1566 nen
1210 1507 1357 1576 sustineas,
1373 1507 1408 1563 ad
1421 1505 1547 1563 nuntium
1563 1504 1625 1564 vitre
1640 1503 1703 1562 iacti

57 1608 149 1665 axvrr,
169 1595 224 1664 et),
240 1594 394 1666 quiiamem
406 1595 520 1666 justitiae
536 1597 686 1670 patiuntur,
698 1606 726 1654 et
739 1597 856 1655 droam·
908 1610 968 1658 sunt
984 1600 1056 1659 uelut
1070 1598 1180 1654 mortui.
1199 1597 1261 1653 Non
1283 1609 1351 1668 ergo
1370 1602 1396 1651 te
1414 1594 1570 1652 custodiunt
1592 1591 1639 1648 dlii
1652 1607 1704 1648 no·

56 1692 125 1742 eunt
151 1684 297 1750 civitatem,
325 1700 379 1741 non
402 1684 566 1758 Babyloniae,
590 1690 638 1746 aed
664 1687 802 1754 Ecclesiae,
829 1693 857 1744 et
871 1639 894 1718 B
909 1690 969 1758 ctis,
985 1688 1033 1745 sed
1048 1686 1095 1743 dlii
1109 1685 1163 1742 diei
1176 1703 1184 1743 ε
1198 1684 1252 1741 illis
1262 1684 1334 1740 enim
1348 1686 1489 1740 herrorem
1503 1681 1599 1739 incutit
1611 1681 1703 1755 splen·

58 1772 133 1844 quod
145 1783 280 1828 mortuum
299 1771 402 1829 avitiis
416 1773 515 1831 ibidem
533 1775 681 1849 reperiunt,
697 1776 853 1842 comedunt,
909 1779 960 1837 dor
975 1786 1049 1844 urna,
1060 1781 1090 1831 ut
1103 1773 1209 1848 logiam
1223 1788 1239 1828 a
1254 1782 1297 1844 te;
1323 1772 1383 1828 istis
1401 1778 1492 1827 antem
1515 1769 1655 1843 gaudium,
1674 1776 1704 1825 ut

56 1868 86 1918 et
100 1862 153 1917 sibi
167 1860 369 1932 eorreepeliunt.
385 1862 433 1919 Vae
446 1870 537 1921 autem
549 1865 593 1922 luis
606 1879 675 1939 quoa
688 1871 765 1924 extra
786 1863 855 1922 aivi·
908 1865 1098 1940 approximent
1110 1864 1145 1919 ad
1160 1871 1198 1920 te.
1213 1860 1395 1931 llobtsmiunt,
1405 1859 1609 1918 dormientibus
1618 1871 1703 1915 oenc-

57 1957 141 2007 tatem
178 1958 298 2006 mortuos
320 1951 456 2024 volueres,
483 1952 535 2010 boc
561 1964 604 2012 eat
630 1957 778 2023 demones,
807 1967 857 2026 per
910 1950 1701 2032 rectdiscipcliejus,etsurotirarrteumiluttbmxsru,

56 2039 142 2095 inane
156 2038 279 2095 velamen
293 2039 449 2110 comedunt,
471 2043 565 2115 quales
589 2043 698 2102 iuemnt
723 2043 856 2100 Aehitbo·
911 2046 967 2118 la).
977 2045 1001 2103 0
1010 2041 1165 2100 mendaceal
1178 2057 1273 2099 verum
1285 2040 1453 2107 dixistis,sed
1467 2039 1580 2096 mentita
1593 2047 1635 2095 ast
1648 2037 1703 2094 ini·

56 2128 122 2200 pbcl
138 2133 165 2182 et
179 2127 309 2196 Absalon,
324 2135 352 2185 et
364 2128 471 2186 Jmabel
485 2138 513 2188 et
524 2132 619 2204 ludas,
635 2133 682 2206 qui
695 2131 858 2204 accipientes
909 2134 1000 2209 quites
1013 2132 1076 2190 sibi.
1103 2131 1276 2188 Dormientee
1303 2129 1374 2187 enini
1403 2128 1540 2185 Christum
1568 2126 1704 2186 custodire

57 2215 88 2272 in
104 2230 173 2272 rano
193 2214 311 2271 animam
333 2231 421 2283 suana,
445 2217 474 2274 in
501 2233 572 2278 uano
592 2219 674 2278 etiam
697 2220 859 2279 efflaverunt
911 2237 966 2280 non
981 2231 1105 2294 possum,
1119 2219 1169 2277 sed
1183 2221 1228 2291 qui
1243 2233 1322 2274 mana
1346 2215 1517 2290 vigilaverint
1541 2216 1575 2273 ad
1594 2233 1646 2282 aaa,
1663 2216 1704 2270 in·

57 2302 138 2360 ΜΗ
912 2311 1021 2369 venient
1034 2324 1088 2366 me.
1114 2308 1199 2366 Vobis
1220 2322 1326 2381 quoqne
1353 2305 1551 2362 dormientibus
1563 2304 1628 2378 quid
1651 2302 1704 2359 nisi

97 2394 141 2449 23.
158 2390 212 2447 Sed
228 2392 370 2448 redeamus
398 2393 432 2449 ad
461 2409 558 2471 agrum
580 2396 807 2465 liaclreldemaalr,
830 2405 860 2455 ut
912 2398 1020 2456 somnia
1032 2397 1183 2471 apparenti
1198 2396 1266 2454 lioee
1281 2394 1388 2451 babetie
1408 2393 1545 2466 copiosam
1570 2392 1598 2449 in
1616 2391 1704 2449 maui-

57 2481 229 2538 admiremur
245 2487 272 2536 et
293 2482 452 2540 emulemur
469 2485 562 2558 potius
580 2487 721 2544 maurum
738 2486 859 2544 mansio·
912 2485 1115 2558 buspecuniam
1132 2484 1226 2540 :illam
1240 2485 1264 2539 si
1279 2481 1393 2553 potestis
1407 2480 1549 2549 custodite,
1569 2496 1604 2537 ne
1630 2480 1705 2538 lorea

59 2587 126 2628 num
146 2569 270 2643 glorians,
285 2571 413 2642 quoniam
433 2573 564 2632 memoria
592 2575 736 2649 impiomm
764 2575 861 2648 peribit
913 2574 1053 2641 elladiant,
1068 2572 1258 2633 vellerentur.
1272 2571 1341 2628 Nam
1355 2569 1480 2641 discipuli
1502 2567 1601 2627 Christi
1623 2584 1706 2626 sunm

59 2675 122 2718 cum
137 2657 245 2725 sonitu;
263 2660 392 2716 memoria
405 2675 471 2719 vero
496 2663 633 2733 iustorum
657 2665 729 2722 rivet
753 2663 782 2721 in
805 2679 859 2721 ae-
913 2666 1074 2721 thcsaurum
1086 2662 1249 2719 custodient.
1265 2660 1459 2732 Unusquisque
1471 2659 1544 2732 quod
1557 2665 1640 2728 arnat,
1656 2658 1708 2715 boo

57 2750 121 2807 cula
151 2747 321 2820 saeculorum,
347 2750 442 2821 quales
460 2749 569 2808 luemnt
595 2753 698 2824 losepb
723 2752 771 2827 qui
802 2760 861 2811 erat
912 2747 1707 2822 seruarestudet.Certellicbolamabatltavidmagisquam

60 2835 183 2902 decurio,
208 2834 251 2893 uir
271 2836 362 2904 justus
375 2843 401 2892 et
422 2837 533 2913 bouus;
560 2847 588 2897 et
614 2839 789 2910 Nicodamus,
814 2841 861 2913 qui
912 2851 1019 2915 patrem
1033 2858 1112 2899 suurn
1128 2841 1200 2907 Saul,
1212 2840 1332 2910 ideopea
1342 2836 1669 2896 fenestramdimisiteum
1682 2845 1709 2894 et

60 2924 199 2999 quendam
214 2923 312 2991 noctis,
328 2925 376 2981 sed
388 2925 447 2995 jam
465 2927 519 2984 diei
541 2928 673 2998 minister,
701 2930 735 2986 ad
763 2945 859 3002 parun-
911 2932 1038 2990 serravit.
1047 2930 1117 3001 Quid
1127 2939 1170 2989 est
1178 2929 1249 2987 linei
1259 2928 1357 2987 llicbol
1366 2926 1423 2984 lilia
1432 2926 1506 2994 Saul,
1514 2925 1709 3000 filiaquondam

61 3013 184 3088 gendum
211 3027 312 3084 eorpus
339 3014 461 3086 Domini,
490 3032 553 3075 aum
574 3017 679 3076 larebat
713 3018 857 3076 mixtumm
871 3035 893 3116 c
907 3022 1051 3095 snperbia,
1071 3031 1216 3095 postquam
1229 3019 1351 3091 nupserit
1373 3016 1500 3090 spacioso
1524 3013 1622 3083 David,
1637 3012 1707 3071 inci·

64 3102 183 3175 myrrha
205 3111 231 3158 et
255 3100 331 3158 aloes
344 3103 421 3176 quasi
436 3103 519 3162 libras
535 3115 653 3166 cantum.
669 3108 748 3166 Tales
766 3107 859 3180 aepul-
910 3113 951 3187 pit
963 3111 1055 3171 edisse
1082 3122 1189 3185 petrern
1213 3124 1305 3178 suum,
1321 3107 1365 3166 cni
1391 3106 1490 3164 dicitur
1514 3105 1544 3161 in
1572 3103 1706 3161 Psalmo:

63 3195 134 3252 tura
156 3207 214 3248 suae
235 3191 375 3249 ministros
396 3202 469 3250 amat
485 3195 573 3263 iesus,
598 3197 646 3270 qui
674 3213 775 3268 corpus
797 3198 859 3268 ejus
912 3204 994 3270 Audi,
1009 3203 1082 3273 filio,
1093 3199 1203 3269 cipido,
1218 3204 1247 3256 et
1261 3199 1482 3256 inclinatiorem
1497 3200 1587 3259 tuem,
1599 3199 1628 3251 tt
1643 3192 1708 3252 obli·

63 3282 193 3338 indm?
207 3280 370 3353 ‘filliauido
397 3288 530 3354 Ρθῑθθῑθῑό
547 3286 731 3353 ‘emblemate
753 3292 781 3343 θῑ
807 3284 860 3341 tibi
910 3283 1710 3362 oircacdomampatrioticieteonccptrcctrecimerem

62 3371 211 3438 vindicent,
227 3378 257 3425 ut
270 3373 336 3428 sciat
360 3372 548 3447 unusquisque
563 3389 611 3431 vas
625 3389 706 3433 suum
719 3374 860 3448 possidere
913 3386 995 3439 tuam
1016 3379 1105 3452 (Prot.
1120 3391 1196 3445 auru,
1220 3379 1264 3444 ll,
1281 3375 1337 3446 li).
1354 3372 1432 3431 Unde
1445 3388 1494 3445 per
1507 3372 1653 3428 fenestram
1667 3371 1709 3427 di.

64 3466 92 3523 in
108 3461 317 3519 sanctificatione
332 3472 359 3518 et
375 3466 488 3531 bonore,
503 3463 622 3535 ligantes
648 3462 713 3518 illud
731 3461 861 3521 amentis
913 3468 994 3525 mittit
1007 3467 1101 3525 Dauid.
1121 3466 1195 3522 lllaro
1211 3464 1352 3535 intelligite
1371 3463 1527 3531 fenestram,
1557 3475 1608 3531 per
1625 3473 1708 3532 qnam

63 3551 181 3625 letibus,
197 3559 225 3608 ⁰¹
237 3549 385 3622 disciplinae
405 3551 503 3621 linteis,
518 3558 544 3608 et
566 3565 584 3607 t
610 3550 745 3610 vermium
764 3556 860 3622 putre·
914 3558 1026 3616 dilectus
1042 3554 1121 3612 mittit
1136 3569 1245 3610 manum
1273 3566 1361 3611 suam.
1390 3552 1440 3608 Per
1470 3551 1541 3606 banc
1562 3548 1707 3606 fenestram

62 3641 127 3702 dina
142 3648 336 3701 conservantes
369 3657 416 3712 per
430 3641 574 3698 mixturam
587 3640 706 3714 myrrha
728 3648 755 3697 et
772 3638 858 3696 aloes·
914 3645 1057 3704 dimittitur
1078 3642 1279 3701 abamiaasua
1302 3640 1463 3696 adamicata
1482 3638 1640 3704 suam,boa
1669 3644 1711 3693 est

64 3737 135 3795 Sunt
147 3735 220 3791 enim
234 3733 277 3789 bae
295 3732 400 3804 species
423 3747 521 3790 amara
539 3730 659 3806 quidem,
688 3728 736 3786 sed
758 3742 858 3786 meru·
913 3735 949 3793 ad
963 3750 993 3791 se
1005 3733 1111 3806 ipsam3
1138 3739 1165 3789 et
1182 3729 1358 3789 absconditur
1380 3729 1408 3785 iu
1435 3728 1563 3786 interiore
1587 3727 1708 3792 bomine,

66 3824 169 3900 ptolam
184 3830 356 3881 removentes
371 3841 378 3880 ι
395 3821 525 3896 quonism
538 3821 675 3878 laboriose
696 3816 806 3892 quidem
819 3822 861 3872 ⁰⁵⁸
914 3825 961 3883 ubi
984 3830 1012 3882 et
1025 3838 1137 3881 securus
1158 3821 1242 3891 sicat,
1258 3831 1285 3879 et
1311 3819 1420 3893 iniquos
1441 3817 1532 3874 lateat.
1560 3814 1711 3874 bbsoondit

64 3913 208 3987 castigatio
223 3912 323 3983 carnis,
338 3912 385 3968 sad
400 3913 477 3970 aliter
491 3926 578 3982 neque
594 3924 680 3974 meus.
690 3909 790 3981 :aeque
802 3906 861 3976 ill!
914 3914 989 3971 euim
1007 3928 1047 3980 se,
1058 3919 1084 3971 et
1096 3911 1149 3970 exit
1164 3913 1197 3968 de
1212 3909 1314 3983 templo
1329 3908 1448 3983 pertidia
1468 3925 1475 3966 :
1491 3906 1619 3980 quoniam
1646 3907 1710 3963 dum

63 4019 130 4063 caro
156 4011 277 4061 servatur
299 4000 483 4074 imputribilis.
517 4000 602 4071 Quasi
629 3997 717 4056 libret
742 3997 861 4054 emtum
913 4002 1057 4063 citharizat
1069 4016 1159 4060 oetam
1172 4001 1247 4068 Saul,
1272 4010 1302 4059 ut
1321 3998 1446 4071 spiritum
1477 3997 1586 4055 Domini
1610 3995 1710 4052 malum

64 4096 160 4166 (toan.
177 4107 235 4158 ¹1¹.
250 4093 307 4161 ³⁹l·
323 4088 346 4147 0
359 4104 516 4147 mensumn
529 4091 628 4148 bonam
651 4093 680 4143 02
693 4080 857 4144 musenim!
914 4093 994 4150 iaciat
1006 4093 1041 4149 ab
1063 4105 1097 4151 eo
1112 4090 1250 4160 recedere,
1277 4090 1353 4146 illum
1366 4088 1468 4161 impius
1480 4087 1559 4144 hasta
1583 4102 1644 4144 cum
1662 4100 1711 4158 pa·

63 4181 232 4239 Libsafldssffl
245 4195 309 4237 ΜΘ
324 4187 364 4238 0⁸²
377 4179 446 4236 inter
460 4192 558 4250 ⁰01l>¹¹⁸
569 4188 597 4235 0¹
616 4175 734 4232 mimam
754 4173 859 4230 dim·
913 4183 982 4240 riete
995 4187 1080 4239 tentat
1106 4179 1255 4254 conligere.
1281 4178 1336 4236 Sed
1359 4177 1512 4236 declinante
1535 4174 1629 4242 Dauid,
1645 4174 1710 4247 quid

62 4273 140 4333 ⁰0⁰0
153 4269 338 4339 subiffissimb
353 4277 383 4326 1¹²
396 4265 615 4340 ¹¹¹¹⁸¹¹¹¹tll¹⁰dsll¹0
642 4264 752 4337 Plenum
780 4276 859 4319 suum
913 4270 1044 4346 estquod
1058 4269 1153 4342 parieti
1167 4267 1386 4342 bastaindgitur,
1403 4266 1455 4325 nisi
1473 4266 1547 4341 quod
1567 4264 1711 4322 recedente

62 4377 97 4420 se
116 4362 217 4419 habre
231 4360 360 4435 caudeae.
382 4365 410 4414 et
437 4356 485 4413 fiet
513 4370 564 4428 pta
578 4361 605 4411 a
630 4352 769 4425 masuras
792 4350 862 4407 inter
915 4362 1014 4420 caree
1033 4359 1131 4435 graec
1148 4373 1225 4415 meas
1239 4356 1364 4414 incana
1377 4372 1436 4413 sue
1450 4353 1559 4411 marisia
1580 4351 1632 4409 eto
1648 4366 1712 4410 eon.

65 4467 177 4511 carnem
191 4458 219 4507 et
232 4451 367 4524 spiritum,
391 4456 529 4521 quatenus
543 4451 572 4502 et
585 4458 713 4502 mensura
725 4450 860 4509 teneatur,
914 4447 1036 4509 fodienti
1051 4445 1121 4519 Quid
1135 4454 1224 4503 sarem
1251 4445 1290 4501 ita
1317 4444 1451 4515 hodieque
1478 4457 1605 4516 perosum
1628 4441 1712 4499 babet

66 4551 96 4600 et
109 4557 164 4597 oon
177 4540 315 4597 deseratur
328 4536 472 4611 perfectio.
488 4537 608 4594 fluerunt
621 4530 786 4606 quasilibra
799 4545 863 4589 ean·
916 4555 964 4597 m
978 4537 1148 4596 umbrarum
1173 4533 1248 4602 seui,
1262 4547 1343 4606 qnam
1357 4531 1442 4589 David
1467 4546 1597 4603 generum
1612 4528 1711 4586 suomi

66 4640 137 4704 tum,
153 4647 213 4704 quae
226 4644 328 4702 corpus
340 4629 407 4686 lesu
420 4628 449 4685 in
476 4625 602 4699 sepulcro
629 4622 761 4689 fidelium,
790 4620 863 4678 inle-
916 4628 1030 4700 Propter
1042 4625 1116 4700 qued
1125 4623 1234 4680 absente
1248 4620 1519 4679 munitissimam
1534 4618 1612 4688 tollit,
1624 4629 1652 4676 et
1667 4617 1713 4674 dat

67 4737 149 4798 grum
163 4719 251 4779 5¹8
263 4730 289 4779 et
304 4735 401 4778 aeuum
419 4717 585 4777 custodiant.
600 4716 642 4773 iia
664 4711 800 4780 termium,
817 4710 864 4767 Sa
916 4718 995 4777 alten
1009 4715 1106 4775 maria
1119 4711 1248 4788 ignobili:
1264 4711 1312 4768 sed
1326 4727 1408 4767 manu
1428 4709 1505 4768 toreis
1517 4726 1581 4768 eam
1602 4707 1713 4767 redimit

67 4811 184 4870 lemonia
194 4811 335 4883 sexaginta
349 4809 436 4866 lertes
457 4807 590 4873 ambiunt,
620 4819 716 4862 ornnes
743 4810 866 4859 tenentes
917 4816 945 4867 ee
967 4805 1101 4878 acceperit
1133 4817 1259 4878 regnum,
1280 4817 1376 4859 eureus
1393 4799 1457 4877 sihi
1479 4800 1599 4859 vindicat
1624 4815 1711 4866 suam,

68 4899 185 4975 gladios,
202 4899 236 4955 ad
260 4898 330 4955 bellu
354 4895 515 4954 doctissimi.
540 4895 664 4952 Lectulus
695 4899 769 4959 tuus,
799 4891 865 4947 Jeau
918 4897 1047 4970 quoniam
1060 4894 1272 4967 desponsaverat
1292 4889 1345 4948 sibi
1359 4905 1419 4947 eam
1437 4889 1559 4948 doceatis
1573 4885 1714 4961 praeputiis

67 4989 186 5056 christe.
203 4989 264 5059 prus
287 5005 368 5061 quam
383 4986 525 5054 atomon,
539 4984 682 5056 sepultura
695 4989 741 5039 ma
759 4987 809 5050 es,
838 4980 865 5036 n
919 4985 1515 5056 rusticanorum(rue9.1vrn‚xa,1xv‚er
1531 4980 1630 5049 traci.
1656 4975 1712 5044 lli),

68 5097 124 5153 qua
144 5079 256 5135 sabbato
269 5062 399 5151 requiesti
420 5077 455 5133 ab
469 5074 544 5132 omni
557 5088 640 5146 opere
652 5073 724 5147 quod
739 5069 865 5145 patrasti.
918 5092 1004 5152 aqua
1017 5089 1073 5133 nou
1088 5074 1175 5133 solunt
1189 5071 1295 5137 carnis,
1311 5070 1361 5126 sed
1376 5077 1405 5126 et
1419 5070 1517 5126 mentis
1531 5062 1714 5123 immunditias

72 5169 123 5226 Est
137 5176 229 5224 aulem
240 5174 445 5224 monumentum
458 5173 536 5222 tuum
549 5162 576 5218 in
590 5162 670 5221 burte
684 5177 783 5219 novum
797 5168 825 5217 et
838 5158 866 5215 in
919 5164 1049 5224 abscidat

69 5267 147 5333 petra
161 5257 282 5316 excisum
298 5277 306 5313 :
321 5256 385 5331 quia
399 5256 485 5312 amica
499 5261 547 5311 tna
561 5252 649 5310 fidelia
667 5250 867 5309 animabortns
957 5258 1001 5315 ii.
1025 5253 1072 5311 va
1093 5248 1287 5325 peccatoribus,
1313 5245 1439 5312 Domine,
1470 5243 1624 5318 sepulcrum
1638 5250 1715 5301 taum

68 5349 217 5407 conclusus
236 5355 278 5406 est
294 5348 391 5420 (dunt.
408 5362 449 5414 ru,
465 5345 520 5416 lt),
536 5352 564 5402 et
591 5349 734 5402 renouatur
746 5337 867 5413 quotidie
920 5341 1116 5411 obsidentibus,
1131 5335 1257 5412 quoniam
1271 5349 1333 5393 uere
1351 5332 1471 5391 declinas
1491 5333 1527 5389 ab
1540 5330 1592 5400 eis,
1613 5339 1641 5390 et
1659 5347 1715 5390 non

69 5439 99 5497 in
113 5438 254 5512 agnitione
271 5444 327 5507 tna,
344 5442 372 5496 et
385 5435 515 5494 solidatur
541 5435 570 5492 in
597 5436 675 5508 petra
697 5428 800 5489 amoris
813 5428 865 5492 tui,
920 5431 1060 5493 inveniunt
1073 5438 1100 5487 te
1118 5428 1147 5486 in
1160 5426 1261 5486 lectolo
1284 5433 1331 5482 tuo
1346 5423 1422 5482 suavi
1441 5432 1469 5482 et
1482 5422 1716 5496 llorido,'sadpo·

69 5527 262 5602 consepeliens
279 5543 310 5586 se
329 5526 416 5600 ipsam
439 5525 487 5582 tibi
515 5524 543 5582 iu
557 5520 679 5582 interiori
700 5518 820 5587 bonnm,
839 5517 868 5577 in
921 5520 978 5582 iias
994 5518 1137 5581 attendunt
1153 5514 1182 5575 in
1195 5519 1310 5572 statum
1329 5510 1419 5572 cordia
1437 5509 1480 5597 rui
1493 5509 1612 5570 tenebris
1638 5510 1715 5568 invu-
