3706 5962
166 197 234 257 urs
638 156 641 161 ’
797 191 894 254 arran
912 189 1173 258 sautnuuuruu.
1743 197 1803 257 ιιι

92 373 95 377 ,
158 334 186 380 tu
201 318 356 376 illibanum
380 312 479 385 reddis,
494 312 581 373 malus
596 330 652 373 non
670 331 711 376 es.
726 316 812 374 Siille
827 317 874 374 tibi
894 334 954 375 ma·
969 336 994 420 Α
1012 321 1112 379 bonum
1131 323 1205 397 quod
1228 323 1298 397 agis,
1313 337 1366 380 uon
1381 336 1414 380 ex
1437 320 1543 394 timore,
1571 323 1621 380 sed
1640 339 1678 380 ex
1709 338 1804 382 amore.

157 413 214 467 lum
229 407 304 476 iacit,
320 415 347 463 et
364 414 391 462 tu
407 404 446 460 illi
466 407 566 462 malum
580 405 679 477 reddis,
695 407 784 463 bonus
799 423 851 465 non
867 424 904 465 es.
924 408 953 465 Si
1006 417 1159 482 Postremo,
1175 413 1322 472 sollicitum
1332 412 1469 480 incedere,
1485 427 1521 468 ne
1545 410 1589 468 rel
1613 412 1723 469 bouum
1739 415 1805 487 quot

155 501 202 557 illa
217 497 266 556 tibi
278 498 379 553 bonum
399 493 473 562 lacit,
490 505 518 551 et
536 502 565 551 tu
579 493 619 550 illi
635 495 736 551 malum
751 497 852 564 reddis,
868 497 966 553 malus
1006 504 1124 561 necdum
1140 505 1223 560 babes
1241 517 1296 559 non
1310 501 1441 557 merearis
1466 501 1603 574 accipere,
1628 501 1677 559 vel
1705 504 1805 562 bouum

155 606 196 667 ea.
211 589 241 646 Si
265 586 310 643 ille
325 586 372 641 tibi
392 585 493 641 malum
509 583 581 652 sicil,
597 591 623 640 el
640 591 668 640 21¹
683 584 835 642 illib⁰11um
851 584 951 654 reddis,
1008 594 1078 665 quod
1095 593 1179 649 habes
1193 594 1309 650 amittas.
1324 592 1408 649 Porro
1427 590 1456 645 in
1469 591 1513 647 his
1526 590 1615 649 tribus
1630 591 1763 650 Trinitati
1780 593 1804 650 in

154 678 242 735 b'onus
256 692 296 732 es.
312 675 351 732 De
366 673 487 745 proximo
501 679 546 730 tua
560 673 612 730 hoc
626 672 838 744 modojunieare
856 676 951 732 debes.
1007 689 1033 738 te
1054 681 1176 753 operanti
1198 680 1365 752 cooperaris.
1391 679 1526 750 Sapientia
1545 681 1618 736 anim
1633 687 1663 736 te
1677 681 1716 736 ad
1729 682 1804 754 ugni-

154 767 223 826 viae
247 764 310 838 quid
335 763 408 820 tacit.
430 762 458 818 Si
483 772 589 818 certum
603 763 716 828 bonum,
732 763 755 818 si
771 763 883 821 dubium
898 764 951 820 bo·
1006 771 1105 827 tionem
1119 767 1237 826 veritatis
1254 768 1400 834 illumiuat;
1416 768 1534 825 charitas
1546 776 1572 823 te
1586 769 1622 824 ad
1637 769 1804 827 desiderium

156 871 240 922 num;
258 855 281 908 si
300 854 403 909 eertum
418 852 530 921 malum,
545 851 568 905 si
583 850 696 907 dubium
720 852 829 908 malum.
846 853 875 908 Si
889 869 950 909 cer·
1006 857 1133 915 bonitatis
1148 857 1311 922 inilammat;
1332 857 1480 929 paternitas
1493 856 1522 912 in
1548 864 1574 912 ta
1595 859 1722 915 custodit
1734 861 1803 932 qnod

157 954 211 1002 tum
226 945 327 1001 bonum
342 950 383 997 est
405 955 527 1013 parvum,
541 942 631 1011 majus
649 940 783 997 existima.
804 942 832 997 Si
846 951 949 999 certum
1005 947 1115 1014 crearit,
1131 962 1165 1002 na
1180 953 1282 1018 pereat.
1297 946 1552 1002 Perilluminantam
1562 961 1631 1020 ergo
1641 947 1804 1017 sapientiam

155 1028 257 1090 malum
275 1039 318 1088 est
340 1046 479 1104 magnum,
496 1045 604 1099 pervum
626 1037 708 1101 puta,
723 1044 840 1102 parvum
863 1032 951 1086 minus
1004 1043 1103 1093 etcum
1119 1034 1227 1092 lucente
1242 1041 1344 1099 rectum
1358 1034 1510 1106 discernis3
1527 1036 1576 1106 per
1590 1034 1805 1095 inflammantem

153 1122 256 1194 judica.
279 1119 308 1176 Si
323 1120 436 1176 dubium
457 1126 498 1175 est
522 1119 635 1192 bonum,
651 1137 742 1177 rerum
758 1129 819 1191 puta
835 1139 843 1178 z
860 1120 883 1178 si
897 1122 950 1177 du·
1004 1125 1160 1182 charitatem
1175 1134 1276 1180 etcum
1290 1123 1401 1180 ardente
1420 1123 1574 1196 misereria3
1588 1139 1640 1198 per
1655 1127 1805 1196 prociden-

155 1213 230 1269 bium
251 1217 295 1268 est
316 1210 428 1278 malurn,
447 1208 548 1264 bonum
571 1216 647 1278 puta.
671 1208 728 1267 Hoc
754 1216 797 1266 est
817 1210 949 1281 judicium
973 1213 977 1221 '
1004 1221 1056 1271 tem
1073 1228 1138 1269 vero
1163 1213 1362 1284 patemitatam,
1377 1221 1406 1269 et
1425 1228 1487 1268 cunr
1514 1220 1611 1270 tuente
1631 1215 1805 1286 temetipsum

152 1317 257 1372 rerum,
279 1297 414 1370 judiciam
438 1297 553 1367 bouum,
581 1297 711 1368 judicium
731 1301 786 1355 Deo
808 1299 949 1373 placitum.
1004 1302 1141 1369 eustodis;
1159 1318 1208 1374 per
1220 1301 1381 1358 Trinitatem
1394 1301 1551 1373 cooperanti
1565 1302 1697 1360 trinitati
1713 1304 1804 1360 'l'riui-

154 1387 234 1460 Quod
254 1387 278 1448 si
300 1396 329 1445 tu
351 1388 392 1445 illi
414 1404 469 1444 uon
484 1386 572 1444 solum
587 1387 776 1457 discernendo,
796 1390 845 1445 sad
867 1391 949 1446 etiam
1004 1398 1065 1448 tatis
1079 1392 1169 1464 imago
1185 1389 1312 1459 efficeris,
1328 1406 1481 1462 varumque
1509 1389 1680 1449 sacrificium
1705 1402 1768 1451 tunc
1781 1403 1805 1451 te

153 1479 278 1538 iaciendo
301 1480 329 1534 in
352 1476 512 1535 sacrificium
533 1476 674 1545 obtuleris,
690 1477 808 1550 placabis
823 1479 899 1546 iram,
924 1488 950 1536 et
1004 1479 1095 1551 ipsum
1108 1481 1168 1535 Deo
1180 1477 1275 1547 oileus,
1290 1493 1353 1548 cum
1366 1478 1401 1535 ed
1415 1479 1475 1549 ejtts
1488 1479 1705 1538 similitudinem
1720 1481 1804 1540 reior-

153 1569 267 1644 ffratiom
285 1566 468 1641 consequeris.
1004 1570 1097 1624 uraris.
1114 1573 1213 1626 Amen.

189 1662 217 1716 3.
246 1655 350 1713 Deinde
375 1656 509 1730 sequitur,
539 1655 653 1729 diligere
672 1655 897 1725 misericordiam,
921 1665 951 1713 ut

676 2088 821 2169 LIBER
849 2087 1248 2172 SENTENTIARUM·

158 2458 310 2530 Seqaeates
326 2454 500 2518 Sententiae,
516 2467 578 2524 paee
593 2448 773 2510 sermonibus
788 2450 821 2507 de
836 2452 958 2510 Diversis
975 2451 1007 2509 ta
1020 2449 1164 2526 prioribus
1181 2451 1274 2508 battis
1287 2451 1521 2523 subjiciebantur,
1536 2453 1679 2522 llorstites,
1699 2456 1808 2514 battar-

296 2524 374 2582 mini
387 2525 541 2583 consiliam
555 2528 682 2594 secatus,
693 2525 724 2580 ira
736 2522 885 2581 dubiorum
896 2540 1013 2598 operam
1023 2525 1142 2582 edessem
1155 2522 1187 2581 ob
1200 2524 1268 2596 styli
1282 2523 1480 2582 diversitatem
1494 2523 1639 2597 relepnoit.

188 2817 215 2868 l.
230 2809 380 2868 Rationalis
390 2816 513 2866 ereatura
526 2806 555 2864 in
569 2807 623 2863 lroe
637 2822 667 2864 se
687 2805 768 2862 debet
779 2804 903 2878 diligere,
919 2815 948 2864 ut
964 2821 986 2899 B
1002 2821 1104 2882 seeurae
1122 2804 1293 2864 salutationis
1319 2808 1450 2881 gaudium
1478 2807 1634 2866 offeramus.
1665 2808 1750 2866 Unde
1781 2817 1809 2867 et

150 2901 230 2958 beata
256 2901 309 2972 sit3
339 2910 367 2956 et
385 2900 481 2964 Deum,
512 2914 560 2968 per
578 2913 658 2969 quem
684 2897 772 2953 solum
800 2894 947 2952 beatificari
1002 2895 1030 2949 in
1059 2894 1208 2966 Evangelio
1235 2896 1286 2952 tria
1314 2897 1484 2955 salutationis
1508 2913 1610 2971 genera
1634 2898 1809 2957 invenimus.

152 2990 237 3060 possit
253 3005 260 3042 r
279 2990 357 3058 cujus
371 2988 508 3043 insecutor
522 2995 548 3041 et
563 2987 677 3042 aemulus
692 2986 726 3040 ad
741 2986 793 3041 hoc
813 2985 946 3054 elaborat,
1004 2984 1085 3056 Virgo
1104 2985 1238 3055 siquidem
1253 2986 1477 3043 llariasalutavit
1504 2987 1637 3043 Elisabetb
1669 2988 1755 3056 (Lae.
1785 3004 1807 3055 t,

151 3084 180 3132 ut
194 3092 253 3133 eam
276 3075 431 3146 inutraque
451 3074 492 3128 sui
520 3073 649 3144 qualitate
664 3081 827 3143 corrumpat.
845 3072 947 3143 Corpo-
1001 3073 1058 3143 lb),
1074 3074 1188 3146 angelus
1203 3089 1268 3130 vero
1282 3076 1393 3132 illariam
1407 3076 1501 3148 (ibid,
1523 3078 1578 3146 28),
1594 3073 1735 3131 Dominus
1750 3093 1808 3134 an-

151 3183 223 3223 ream
245 3162 328 3237 igitur
341 3161 498 3235 qualitatem
512 3162 631 3233 appetitu
647 3160 719 3234 gulae
734 3171 761 3216 et
775 3159 849 3215 lluxu
864 3160 947 3216 luru-
1001 3167 1055 3216 tem
1068 3161 1147 3215 lasus
1172 3162 1321 3231 discipulos
1344 3164 1468 3220 salutauit
1483 3171 1544 3235 post
1566 3164 1804 3221 resurrectionem

150 3254 198 3310 rire
221 3253 347 3325 depravat
370 3251 478 3322 penitus
503 3260 529 3306 et
548 3251 699 3320 corrumpit
720 3250 947 3320 :jumentumque
1001 3249 1093 3318 (lonc.
1111 3266 1161 3317 xx,
1175 3249 1233 3319 rb).
1247 3251 1312 3307 Cum
1326 3269 1393 3324 ergo
1407 3253 1534 3309 videmus
1548 3253 1657 3325 eosqui
1673 3253 1703 3308 in
1717 3256 1804 3310 steri·

149 3344 238 3400 carnis
261 3342 303 3396 his
332 3343 439 3398 duobus
466 3340 567 3398 aculeis
594 3339 723 3411 agitatum
742 3339 770 3393 in
799 3339 948 3410 praecipitia
1002 3337 1076 3393 litate
1092 3339 1151 3394 vitae
1178 3341 1260 3409 hujus
1282 3341 1441 3406 servierunt,
1457 3348 1588 3398 montana
1616 3342 1805 3400 confessionis

56 3501 58 3511 k
151 3433 248 3491 mortis
262 3431 389 3504 impellit.
405 3429 573 3489 invisibilem
597 3445 664 3485 vero
679 3428 803 3483 bumanae
818 3430 948 3482 substan·
1000 3429 1188 3495 ascendendo,
1216 3429 1352 3484 terrorem
1391 3429 1555 3501 poenitentiae
1589 3435 1667 3502 quasi
1712 3431 1804 3488 filiunt

151 3521 193 3578 ria
209 3522 362 3593 portionem
385 3519 570 3592 spiritualibus
594 3517 749 3590 aggreditur
764 3517 856 3586 armis,
872 3531 947 3571 eam·
1001 3516 1145 3586 quemdem
1159 3517 1316 3590 conciperc;
1334 3518 1386 3574 illis
1408 3534 1506 3575 rocem
1534 3519 1720 3586 salutationis,
1748 3521 1804 3576 illis

148 3628 203 3683 que
224 3611 331 3684 gemina
360 3619 433 3680 peste
462 3608 594 3673 inliciens,
620 3613 726 3662 tumore
754 3604 896 3676 superbiae,
922 3612 948 3660 et
1001 3602 1029 3657 in
1044 3604 1126 3660 verbo
1141 3596 1249 3661 Domini
1269 3607 1435 3663 remissionis
1450 3607 1586 3680 etgratiae
1601 3617 1627 3664 et
1643 3609 1802 3666 reniaelar·

150 3698 269 3754 avaritiae
286 3698 346 3753 labe
371 3696 568 3762 commaculat;
600 3694 692 3766 sieque
722 3701 803 3750 totam
830 3709 968 3749 massam·
990 3693 1113 3762 *gitatam
1127 3693 1257 3750 debemus
1271 3695 1382 3753 olierre.
1398 3696 1474 3765 Quos
1487 3712 1552 3754 vero
1572 3697 1600 3752 in
1616 3699 1763 3755 sanctitate
1777 3708 1803 3755 et

149 3787 274 3845 fermenti
305 3786 387 3857 hujus
426 3785 579 3842 colluvione
614 3798 801 3854 corrumpens,
844 3781 947 3837 bomini
1001 3782 1159 3837 castimonia
1182 3783 1299 3839 Domino
1322 3785 1632 3853 seruireeonspieimus,
1654 3788 1795 3844 inritando

148 3874 270 3948 praeripit
284 3873 490 3941 beatitudinem,
504 3887 585 3945 quam
599 3862 701 3926 amisit.
1001 3870 1034 3924 ad
1050 3869 1170 3940 meliora,
1198 3872 1415 3930 benedictionem
1433 3882 1460 3930 et
1486 3877 1583 3947 gratita
1607 3874 1802 3933 secunditatem

185 3966 212 4018 2.
228 3962 351 4031 Quatuor
375 3968 450 4029 suut,
476 3975 590 4029 quorum
610 3958 638 4012 in
663 3957 783 4012 haesita
810 3956 949 4029 obsequiis
963 3990 985 4069 c
1001 3956 1040 4015 eis
1056 3960 1207 4015 necessario
1223 3961 1420 4030 promittamus.
1447 3962 1521 4032 Quos
1540 3980 1606 4020 sane
1631 3965 1661 4020 in
1682 3965 1802 4022 conclaui

148 4049 318 4108 deservimus
333 4066 339 4107 :
356 4063 430 4120 caro,
455 4049 579 4114 mundus,
606 4044 741 4113 diabolus,
768 4046 850 4101 Deus.
867 4046 947 4100 Carni
1002 4047 1159 4105 remotionis
1174 4050 1333 4121 apostolieae
1354 4050 1491 4125 fastigium
1508 4055 1618 4109 tendere
1632 4055 1801 4121 videbimus,

148 4138 305 4204 militamus,
321 4137 391 4209 gulae
406 4135 539 4192 illecebris
554 4132 706 4199 serviendo,
724 4134 839 4189 luxuriae
853 4133 950 4190 stimu·
1002 4137 1054 4192 illis
1077 4138 1176 4209 quietis
1197 4150 1225 4194 et
1253 4140 1327 4211 pacis
1360 4141 1497 4213 geminam
1523 4140 1704 4216 soliditatem,
1724 4144 1805 4214 cujas

147 4228 181 4283 lis
203 4228 372 4301 obsquendo.
397 4224 496 4281 blundo
518 4223 674 4291 militamus,
698 4221 814 4278 avaritiae
837 4222 949 4279 testibus
1002 4227 1084 4282 etiam
1095 4226 1122 4282 in
1137 4243 1187 4284 suo
1203 4242 1317 4300 corpore
1331 4231 1456 4302 quaedam
1470 4230 1602 4302 praeludia
1616 4233 1753 4305 sentiunt,
1763 4233 1806 4289 ri·

147 4316 311 4385 anhelando,
327 4314 439 4372 honoris
463 4312 630 4370 altitudinem
655 4310 818 4368 illectando.
832 4309 948 4368 Diabolo
1002 4331 1042 4372 rar
1056 4316 1130 4371 vocis
1145 4317 1293 4374 ministerio
1308 4321 1499 4390 spondeamus.

147 4406 307 4475 militemus,
328 4406 463 4461 bonorum
476 4402 645 4474 profectibus
667 4400 825 4468 invidendo,
841 4410 867 4455 et
880 4416 948 4456 con·
1038 4406 1065 4460 l.
1096 4405 1241 4462 Dominum
1269 4407 1361 4463 lesum
1388 4408 1524 4465 Christum
1553 4409 1647 4465 subire
1675 4409 1805 4469 cruciaci

147 4501 188 4550 tra
215 4495 300 4549 Deum
321 4492 455 4564 superbire
475 4490 571 4562 spiritu
587 4488 804 4548 intumescendo.
824 4490 880 4544 Deo
895 4488 948 4543 mi·
1003 4493 1097 4549 mortis
1133 4492 1317 4567 ignominiam,
1347 4495 1397 4551 tria
1426 4497 1551 4568 quaedem
1583 4499 1728 4574 praeeipua
1755 4517 1805 4559 eo·

148 4582 269 4652 litamus,
292 4581 399 4653 pietatis
409 4581 535 4652 operibus
550 4579 689 4636 humiliter
699 4578 858 4644 insistendo,
873 4586 950 4649 pote·
992 4583 1107 4639 ,actione
1123 4584 1275 4641 voluntaria
1289 4585 1485 4654 compulerunt.
1497 4585 1600 4641 Filialis
1608 4595 1637 4642 et
1653 4604 1724 4659 pura
1741 4590 1807 4646 obe·

147 4680 230 4726 statas
255 4671 343 4726 aemes
370 4669 465 4725 rirtute
489 4668 601 4739 spirutus
625 4667 818 4741 oppugnando.
843 4667 949 4723 liabent
1003 4671 1113 4737 dinatio,
1128 4687 1182 4744 qua
1197 4671 1296 4743 prioris
1312 4674 1502 4730 inobedientiae
1524 4674 1665 4747 piaculum
1680 4677 1805 4735 solvere-

146 4767 173 4816 et
191 4759 291 4834 singuli
305 4757 442 4830 principes
465 4756 512 4813 isti
533 4756 660 4812 donativa
679 4772 728 4812 sua
743 4758 861 4827 propria.
879 4756 947 4813 Caro
1004 4769 1055 4817 tur.
1072 4759 1275 4829 compassibilis
1298 4769 1327 4818 et
1340 4763 1493 4819 communis
1516 4763 1634 4834 miseria,
1653 4780 1718 4838 quse
1734 4767 1805 4824 illius

147 4848 205 4907 suis
224 4847 356 4904 tironibus
376 4845 505 4917 elargitur
520 4857 736 4900 momentaneam
757 4844 947 4917 voluptatem:
1000 4849 1133 4918 justitiam
1149 4849 1334 4920 inllexibilem,
1356 4852 1458 4925 virgam
1473 4852 1601 4919 ierraam,
1620 4862 1652 4910 et
1665 4856 1701 4911 ad
1718 4856 1804 4912 mise

147 4939 276 5011 mundus,
296 4935 479 4993 transitoriam
501 4935 693 4991 sublimitatem
710 4953 718 4990 ι
733 4934 869 5004 diabolus,
889 4950 949 5005 per·
1003 4937 1146 4994 rieordiam
1160 4938 1329 4997 hortabatur.
1361 4941 1424 4996 Erat
1451 4941 1560 4996 miseria
1590 4941 1636 4997 illa
1651 4952 1680 4998 et
1694 4945 1803 5015 ponde·

149 5036 258 5101 petuam
283 5026 467 5099 captivitatem
489 5039 496 5079 :
516 5024 601 5090 Deus,
622 5022 849 5082 interminabilem
863 5022 949 5081 leliei·
1003 5042 1066 5082 rosa
1078 5035 1105 5081 et
1118 5026 1218 5098 gravis,
1236 5037 1262 5083 et
1276 5027 1397 5084 cervices
1410 5029 1551 5086 hominum
1566 5032 1727 5088 eommunis
1736 5048 1804 5106 pee-

149 5125 241 5174 tatem.
262 5117 326 5174 llaec
339 5117 394 5172 sola
410 5114 610 5186 preponderat.
1004 5117 1055 5173 cati
1068 5125 1095 5172 et
1109 5116 1206 5172 mortis
1234 5117 1392 5176 conditione
1410 5121 1572 5191 premebat:
1591 5121 1701 5193 publica
1712 5135 1743 5180 et
1755 5141 1805 5200 ge·

187 5204 272 5264 778
288 5211 315 5263 3.
335 5205 498 5278 Euangeliou
511 5204 651 5260 sanctione
670 5209 833 5274 praecaptum
852 5211 905 5268 est,
919 5209 949 5258 ut
964 5179 989 5258 D
1005 5205 1112 5273 neralis,
1140 5220 1201 5279 quae
1227 5206 1316 5275 iustos
1335 5217 1363 5265 et
1389 5208 1508 5279 injustos
1521 5210 1603 5265 simili
1618 5210 1805 5271 damnationis

147 5295 176 5350 in
196 5296 420 5354 viamortalitatis
434 5295 515 5364 huius
530 5293 642 5350 terrenis
656 5291 801 5349 aflectibus
816 5289 949 5348 inhaeren-
1004 5294 1137 5352 sententia
1159 5294 1258 5365 pariter
1278 5296 1419 5368 obligabat
1443 5314 1451 5355 :
1470 5298 1599 5354 continua
1618 5306 1646 5353 at
1659 5304 1802 5373 perennis,

150 5388 203 5439 tem
224 5385 360 5442 neminem
386 5383 537 5442 salutemus
563 5382 641 5456 (dae.
670 5400 698 5450 x,
722 5383 748 5449 l,
770 5393 796 5438 et
824 5396 866 5452 ιιι,
890 5382 945 5451 ta).
1000 5385 1125 5456 quaenisi
1154 5399 1202 5455 per
1215 5383 1353 5442 Christum
1383 5386 1579 5461 redemptionis
1606 5389 1696 5462 gratia
1712 5391 1802 5461 tieret,

147 5469 329 5543 Quassatam
349 5473 385 5530 ab
407 5475 459 5531 bec
479 5473 534 5532 rite
547 5487 697 5544 suspensos
719 5471 878 5542 viderimus,
891 5469 946 5530 illis
999 5471 1207 5532 irremediabilis
1217 5473 1379 5547 captivitatis
1402 5490 1487 5545 nexa,
1502 5491 1582 5534 onrne
1595 5491 1688 5549 neam
1702 5480 1803 5538 sdan.
