<?xml version="1.0" encoding="UTF-8"?>
<!DOCTYPE html PUBLIC "-//W3C//DTD XHTML 1.0 Transitional//EN"
    "http://www.w3.org/TR/xhtml1/DTD/xhtml1-transitional.dtd">
<html xmlns="http://www.w3.org/1999/xhtml" xml:lang="en" lang="en">
 <head>
  <title>
</title>
<meta http-equiv="Content-Type" content="text/html;charset=utf-8" />
  <meta name='ocr-system' content='tesseract 3.04.00' />
  <meta name='ocr-capabilities' content='ocr_page ocr_carea ocr_par ocr_line ocrx_word'/>
</head>
<body>
  <div class='ocr_page' id='page_1' title='image "./patrologiaecurs00unkngoog_0551.png"; bbox 0 0 3706 5962; ppageno 0'>
   <div class='ocr_carea' id='block_1_1' title="bbox 97 206 1748 285">
    <p class='ocr_par' dir='ltr' id='par_1_1' title="bbox 97 206 1748 285">
     <span class='ocr_line' id='line_1_1' title="bbox 97 206 1748 285; baseline -0.005 -2"><span class='ocrx_word' id='word_1_1' title='bbox 97 221 169 284; x_wconf 82' lang='lat' dir='ltr'>toas</span> <span class='ocrx_word' id='word_1_2' title='bbox 688 209 796 272; x_wconf 75' lang='lat' dir='ltr'>stulto</span> <span class='ocrx_word' id='word_1_3' title='bbox 813 206 953 271; x_wconf 72' lang='lat' dir='ltr'>monus</span> <span class='ocrx_word' id='word_1_4' title='bbox 972 208 1008 271; x_wconf 83' lang='lat' dir='ltr'>tlt</span> <span class='ocrx_word' id='word_1_5' title='bbox 1025 208 1161 271; x_wconf 80' lang='lat' dir='ltr'>stltobo.</span> <span class='ocrx_word' id='word_1_6' title='bbox 1380 206 1383 212; x_wconf 76' lang='grc'><strong>’</strong></span> <span class='ocrx_word' id='word_1_7' title='bbox 1680 219 1748 285; x_wconf 80' lang='grc'><strong>1090</strong></span> 
     </span>
    </p>
   </div>
   <div class='ocr_carea' id='block_1_2' title="bbox 96 335 1747 510">
    <p class='ocr_par' dir='ltr' id='par_1_2' title="bbox 96 335 1747 510">
     <span class='ocr_line' id='line_1_2' title="bbox 96 335 1747 432; baseline -0.008 -27"><span class='ocrx_word' id='word_1_8' title='bbox 96 345 246 425; x_wconf 87' lang='lat' dir='ltr'>incendunt</span> <span class='ocrx_word' id='word_1_9' title='bbox 267 340 408 406; x_wconf 90' lang='lat' dir='ltr'>eeclesias,</span> <span class='ocrx_word' id='word_1_10' title='bbox 433 343 538 395; x_wconf 88' lang='lat' dir='ltr'>vastant</span> <span class='ocrx_word' id='word_1_11' title='bbox 556 335 636 395; x_wconf 89' lang='lat' dir='ltr'>olivis</span> <span class='ocrx_word' id='word_1_12' title='bbox 649 336 757 404; x_wconf 86' lang='lat' dir='ltr'>Christi,</span> <span class='ocrx_word' id='word_1_13' title='bbox 775 336 928 432; x_wconf 62' lang='lat' dir='ltr'>spoliantg</span> <span class='ocrx_word' id='word_1_14' title='bbox 945 336 1083 404; x_wconf 79' lang='lat' dir='ltr'><strong>facientes,</strong></span> <span class='ocrx_word' id='word_1_15' title='bbox 1098 337 1217 394; x_wconf 90' lang='lat' dir='ltr'>lructnm</span> <span class='ocrx_word' id='word_1_16' title='bbox 1238 352 1300 394; x_wconf 92' lang='lat' dir='ltr'>euru</span> <span class='ocrx_word' id='word_1_17' title='bbox 1324 337 1423 413; x_wconf 91' lang='lat' dir='ltr'>gaudio</span> <span class='ocrx_word' id='word_1_18' title='bbox 1437 346 1619 409; x_wconf 86' lang='lat' dir='ltr'>reportemus.</span> <span class='ocrx_word' id='word_1_19' title='bbox 1635 341 1747 404; x_wconf 86' lang='lat' dir='ltr'>Tolera.</span> 
     </span>
     <span class='ocr_line' id='line_1_3' title="bbox 97 427 1746 510; baseline -0.001 -20"><span class='ocrx_word' id='word_1_20' title='bbox 97 435 215 510; x_wconf 91' lang='lat' dir='ltr'>pupillos</span> <span class='ocrx_word' id='word_1_21' title='bbox 229 438 256 489; x_wconf 90' lang='lat' dir='ltr'>et</span> <span class='ocrx_word' id='word_1_22' title='bbox 270 430 375 495; x_wconf 89' lang='lat' dir='ltr'>viduas,</span> <span class='ocrx_word' id='word_1_23' title='bbox 397 428 620 500; x_wconf 87' lang='lat' dir='ltr'>proscriptionem</span> <span class='ocrx_word' id='word_1_24' title='bbox 635 427 764 483; x_wconf 90' lang='lat' dir='ltr'>inducunt</span> <span class='ocrx_word' id='word_1_25' title='bbox 787 443 890 499; x_wconf 89' lang='lat' dir='ltr'>paupe·</span> <span class='ocrx_word' id='word_1_26' title='bbox 949 428 981 482; x_wconf 89' lang='lat' dir='ltr'>tis</span> <span class='ocrx_word' id='word_1_27' title='bbox 995 427 1063 493; x_wconf 83' lang='lat' dir='ltr'>haee,</span> <span class='ocrx_word' id='word_1_28' title='bbox 1079 433 1108 481; x_wconf 92' lang='lat' dir='ltr'>ut</span> <span class='ocrx_word' id='word_1_29' title='bbox 1118 428 1282 483; x_wconf 90' lang='lat' dir='ltr'>voluntatem</span> <span class='ocrx_word' id='word_1_30' title='bbox 1297 427 1481 484; x_wconf 80' lang='lat' dir='ltr'>Deilaciatisi</span> <span class='ocrx_word' id='word_1_31' title='bbox 1496 430 1556 484; x_wconf 92' lang='lat' dir='ltr'>Non</span> <span class='ocrx_word' id='word_1_32' title='bbox 1571 433 1684 507; x_wconf 87' lang='lat' dir='ltr'>utiquc;</span> <span class='ocrx_word' id='word_1_33' title='bbox 1700 437 1746 493; x_wconf 87' lang='lat' dir='ltr'>ssd</span> 
     </span>
    </p>
   </div>
   <div class='ocr_carea' id='block_1_3' title="bbox 92 516 1764 5576">
    <p class='ocr_par' dir='ltr' id='par_1_3' title="bbox 92 516 1764 5576">
     <span class='ocr_line' id='line_1_4' title="bbox 97 516 1747 591; baseline -0.001 -10"><span class='ocrx_word' id='word_1_34' title='bbox 97 525 181 591; x_wconf 89' lang='lat' dir='ltr'>ribus,</span> <span class='ocrx_word' id='word_1_35' title='bbox 193 525 279 578; x_wconf 87' lang='lat' dir='ltr'>Deum</span> <span class='ocrx_word' id='word_1_36' title='bbox 303 518 524 590; x_wconf 85' lang='lat' dir='ltr'>blaspbemantia</span> <span class='ocrx_word' id='word_1_37' title='bbox 540 517 595 573; x_wconf 90' lang='lat' dir='ltr'>suis</span> <span class='ocrx_word' id='word_1_38' title='bbox 614 516 752 588; x_wconf 88' lang='lat' dir='ltr'>operibus.</span> <span class='ocrx_word' id='word_1_39' title='bbox 769 516 801 572; x_wconf 91' lang='lat' dir='ltr'>lli</span> <span class='ocrx_word' id='word_1_40' title='bbox 816 516 895 572; x_wconf 85' lang='lat' dir='ltr'>lactis</span> <span class='ocrx_word' id='word_1_41' title='bbox 947 527 976 572; x_wconf 94' lang='grc' dir='ltr'>υι</span> <span class='ocrx_word' id='word_1_42' title='bbox 990 523 1106 572; x_wconf 83' lang='lat' dir='ltr'>vestram</span> <span class='ocrx_word' id='word_1_43' title='bbox 1121 517 1288 573; x_wconf 87' lang='lat' dir='ltr'>voluntatem</span> <span class='ocrx_word' id='word_1_44' title='bbox 1302 517 1446 590; x_wconf 86' lang='lat' dir='ltr'>propriam</span> <span class='ocrx_word' id='word_1_45' title='bbox 1461 517 1604 588; x_wconf 87' lang='lat' dir='ltr'>impleatis,</span> <span class='ocrx_word' id='word_1_46' title='bbox 1621 529 1652 578; x_wconf 92' lang='lat' dir='ltr'>ut</span> <span class='ocrx_word' id='word_1_47' title='bbox 1681 539 1747 580; x_wconf 87' lang='lat' dir='ltr'>ear·</span> 
     </span>
     <span class='ocr_line' id='line_1_5' title="bbox 96 603 1745 686; baseline 0.001 -18"><span class='ocrx_word' id='word_1_48' title='bbox 96 612 208 686; x_wconf 88' lang='lat' dir='ltr'>rapinis,</span> <span class='ocrx_word' id='word_1_49' title='bbox 234 608 381 680; x_wconf 83' lang='lat' dir='ltr'>fractisque</span> <span class='ocrx_word' id='word_1_50' title='bbox 392 605 524 671; x_wconf 87' lang='lat' dir='ltr'>ecclesiis,</span> <span class='ocrx_word' id='word_1_51' title='bbox 541 621 604 662; x_wconf 92' lang='lat' dir='ltr'>eum</span> <span class='ocrx_word' id='word_1_52' title='bbox 620 605 727 680; x_wconf 77' lang='lat' dir='ltr'>gladius</span> <span class='ocrx_word' id='word_1_53' title='bbox 744 604 853 661; x_wconf 90' lang='lat' dir='ltr'>ultionis</span> <span class='ocrx_word' id='word_1_54' title='bbox 867 604 895 658; x_wconf 93' lang='lat' dir='ltr'>in</span> <span class='ocrx_word' id='word_1_55' title='bbox 948 604 1097 660; x_wconf 83' lang='lat' dir='ltr'>nisvestrte</span> <span class='ocrx_word' id='word_1_56' title='bbox 1112 603 1236 662; x_wconf 91' lang='lat' dir='ltr'>licentius</span> <span class='ocrx_word' id='word_1_57' title='bbox 1249 623 1339 662; x_wconf 86' lang='lat' dir='ltr'>euram</span> <span class='ocrx_word' id='word_1_58' title='bbox 1350 607 1458 679; x_wconf 88' lang='lat' dir='ltr'>geratis,</span> <span class='ocrx_word' id='word_1_59' title='bbox 1483 615 1513 663; x_wconf 92' lang='lat' dir='ltr'>ut</span> <span class='ocrx_word' id='word_1_60' title='bbox 1528 610 1619 676; x_wconf 87' lang='lat' dir='ltr'>pueris</span> <span class='ocrx_word' id='word_1_61' title='bbox 1649 614 1745 671; x_wconf 88' lang='lat' dir='ltr'>vestris</span> 
     </span>
     <span class='ocr_line' id='line_1_6' title="bbox 96 692 1749 774; baseline 0.002 -16"><span class='ocrx_word' id='word_1_62' title='bbox 96 702 136 758; x_wconf 87' lang='lat' dir='ltr'>eis</span> <span class='ocrx_word' id='word_1_63' title='bbox 158 698 301 764; x_wconf 79' lang='lat' dir='ltr'>exseritur,</span> <span class='ocrx_word' id='word_1_64' title='bbox 326 695 439 753; x_wconf 88' lang='lat' dir='ltr'>veniunt</span> <span class='ocrx_word' id='word_1_65' title='bbox 453 695 496 752; x_wconf 91' lang='lat' dir='ltr'>vel</span> <span class='ocrx_word' id='word_1_66' title='bbox 519 694 693 759; x_wconf 89' lang='lat' dir='ltr'>blandiendo,</span> <span class='ocrx_word' id='word_1_67' title='bbox 720 693 762 751; x_wconf 88' lang='lat' dir='ltr'>vel</span> <span class='ocrx_word' id='word_1_68' title='bbox 778 692 895 750; x_wconf 90' lang='lat' dir='ltr'>commi·</span> <span class='ocrx_word' id='word_1_69' title='bbox 948 704 975 752; x_wconf 88' lang='lat' dir='ltr'>et</span> <span class='ocrx_word' id='word_1_70' title='bbox 985 696 1143 767; x_wconf 88' lang='lat' dir='ltr'>parentibus</span> <span class='ocrx_word' id='word_1_71' title='bbox 1158 698 1329 754; x_wconf 81' lang='lat' dir='ltr'>commodius</span> <span class='ocrx_word' id='word_1_72' title='bbox 1342 698 1515 772; x_wconf 73' lang='lat' dir='ltr'>provideatis,</span> <span class='ocrx_word' id='word_1_73' title='bbox 1533 700 1646 757; x_wconf 89' lang='lat' dir='ltr'>etvillas</span> <span class='ocrx_word' id='word_1_74' title='bbox 1662 712 1749 774; x_wconf 82' lang='lat' dir='ltr'>tyran·</span> 
     </span>
     <span class='ocr_line' id='line_1_7' title="bbox 95 783 1749 859; baseline 0.004 -13"><span class='ocrx_word' id='word_1_75' title='bbox 95 791 197 846; x_wconf 90' lang='lat' dir='ltr'>nando.</span> <span class='ocrx_word' id='word_1_76' title='bbox 209 787 289 859; x_wconf 85' lang='lat' dir='ltr'>Fugit</span> <span class='ocrx_word' id='word_1_77' title='bbox 300 802 352 858; x_wconf 88' lang='lat' dir='ltr'>qne</span> <span class='ocrx_word' id='word_1_78' title='bbox 362 785 555 849; x_wconf 76' lang='lat' dir='ltr'><strong>mercenarius,</strong></span> <span class='ocrx_word' id='word_1_79' title='bbox 567 784 609 840; x_wconf 91' lang='lat' dir='ltr'>vel</span> <span class='ocrx_word' id='word_1_80' title='bbox 618 799 712 841; x_wconf 89' lang='lat' dir='ltr'>amore</span> <span class='ocrx_word' id='word_1_81' title='bbox 723 783 893 848; x_wconf 87' lang='lat' dir='ltr'>blandientis,</span> <span class='ocrx_word' id='word_1_82' title='bbox 948 799 1044 840; x_wconf 90' lang='lat' dir='ltr'>norum</span> <span class='ocrx_word' id='word_1_83' title='bbox 1057 784 1085 840; x_wconf 93' lang='lat' dir='ltr'>in</span> <span class='ocrx_word' id='word_1_84' title='bbox 1099 799 1166 856; x_wconf 87' lang='lat' dir='ltr'>paee</span> <span class='ocrx_word' id='word_1_85' title='bbox 1175 801 1269 844; x_wconf 89' lang='lat' dir='ltr'>eorum</span> <span class='ocrx_word' id='word_1_86' title='bbox 1280 787 1446 855; x_wconf 85' lang='lat' dir='ltr'>inhabitetis,</span> <span class='ocrx_word' id='word_1_87' title='bbox 1463 795 1571 844; x_wconf 89' lang='lat' dir='ltr'>utentes</span> <span class='ocrx_word' id='word_1_88' title='bbox 1592 793 1749 852; x_wconf 84' lang='lat' dir='ltr'>nemoribus</span> 
     </span>
     <span class='ocr_line' id='line_1_8' title="bbox 95 872 1749 951; baseline 0.004 -17"><span class='ocrx_word' id='word_1_89' title='bbox 95 880 136 934; x_wconf 85' lang='lat' dir='ltr'>vel</span> <span class='ocrx_word' id='word_1_90' title='bbox 160 878 256 934; x_wconf 91' lang='lat' dir='ltr'>timore</span> <span class='ocrx_word' id='word_1_91' title='bbox 280 874 475 947; x_wconf 89' lang='lat' dir='ltr'>persequentis.</span> <span class='ocrx_word' id='word_1_92' title='bbox 500 874 576 930; x_wconf 87' lang='lat' dir='ltr'>Unde</span> <span class='ocrx_word' id='word_1_93' title='bbox 589 872 682 947; x_wconf 82' lang='lat' dir='ltr'>legit?</span> <span class='ocrx_word' id='word_1_94' title='bbox 696 875 719 928; x_wconf 85' lang='lat' dir='ltr'><strong>A</strong></span> <span class='ocrx_word' id='word_1_95' title='bbox 732 872 896 928; x_wconf 70' lang='lat' dir='ltr'>rectitudine</span> <span class='ocrx_word' id='word_1_96' title='bbox 948 881 975 929; x_wconf 92' lang='grc' dir='ltr'>ει</span> <span class='ocrx_word' id='word_1_97' title='bbox 983 889 1064 945; x_wconf 87' lang='lat' dir='ltr'>agros</span> <span class='ocrx_word' id='word_1_98' title='bbox 1078 875 1206 933; x_wconf 75' lang='lat' dir='ltr'>colentes.</span> <span class='ocrx_word' id='word_1_99' title='bbox 1222 877 1337 948; x_wconf 84' lang='lat' dir='ltr'>Propter</span> <span class='ocrx_word' id='word_1_100' title='bbox 1350 878 1403 934; x_wconf 92' lang='lat' dir='ltr'>hoc</span> <span class='ocrx_word' id='word_1_101' title='bbox 1417 877 1533 949; x_wconf 86' lang='lat' dir='ltr'>palpatis</span> <span class='ocrx_word' id='word_1_102' title='bbox 1547 878 1695 951; x_wconf 85' lang='lat' dir='ltr'>principes,</span> <span class='ocrx_word' id='word_1_103' title='bbox 1721 889 1749 940; x_wconf 88' lang='lat' dir='ltr'>et</span> 
     </span>
     <span class='ocr_line' id='line_1_9' title="bbox 92 961 1748 1044; baseline 0.004 -23"><span class='ocrx_word' id='word_1_104' title='bbox 92 967 216 1037; x_wconf 73' lang='lat' dir='ltr'>justitia,</span> <span class='ocrx_word' id='word_1_105' title='bbox 233 964 419 1020; x_wconf 89' lang='lat' dir='ltr'>adelensione</span> <span class='ocrx_word' id='word_1_106' title='bbox 436 962 573 1030; x_wconf 78' lang='lat' dir='ltr'>Ecclesia,</span> <span class='ocrx_word' id='word_1_107' title='bbox 587 979 602 1017; x_wconf 88' lang='lat' dir='ltr'>a</span> <span class='ocrx_word' id='word_1_108' title='bbox 617 962 775 1018; x_wconf 80' lang='lat' dir='ltr'>liberatione</span> <span class='ocrx_word' id='word_1_109' title='bbox 788 961 893 1034; x_wconf 78' lang='lat' dir='ltr'>patriae,</span> <span class='ocrx_word' id='word_1_110' title='bbox 947 970 1095 1033; x_wconf 87' lang='lat' dir='ltr'>potestates</span> <span class='ocrx_word' id='word_1_111' title='bbox 1107 965 1279 1022; x_wconf 87' lang='lat' dir='ltr'>tenebrarum</span> <span class='ocrx_word' id='word_1_112' title='bbox 1294 967 1399 1034; x_wconf 90' lang='lat' dir='ltr'>harum,</span> <span class='ocrx_word' id='word_1_113' title='bbox 1431 976 1483 1023; x_wconf 92' lang='lat' dir='ltr'>tam</span> <span class='ocrx_word' id='word_1_114' title='bbox 1506 968 1631 1026; x_wconf 88' lang='lat' dir='ltr'>homiues</span> <span class='ocrx_word' id='word_1_115' title='bbox 1667 987 1748 1044; x_wconf 88' lang='lat' dir='ltr'>quam</span> 
     </span>
     <span class='ocr_line' id='line_1_10' title="bbox 95 1050 1746 1131; baseline 0.004 -20"><span class='ocrx_word' id='word_1_116' title='bbox 95 1056 129 1111; x_wconf 93' lang='lat' dir='ltr'>ad</span> <span class='ocrx_word' id='word_1_117' title='bbox 143 1055 245 1110; x_wconf 91' lang='lat' dir='ltr'>ultione</span> <span class='ocrx_word' id='word_1_118' title='bbox 259 1054 424 1126; x_wconf 91' lang='lat' dir='ltr'>pupillorum</span> <span class='ocrx_word' id='word_1_119' title='bbox 443 1060 470 1109; x_wconf 87' lang='lat' dir='ltr'>et</span> <span class='ocrx_word' id='word_1_120' title='bbox 484 1053 639 1110; x_wconf 87' lang='lat' dir='ltr'>viduarum.</span> <span class='ocrx_word' id='word_1_121' title='bbox 655 1051 717 1121; x_wconf 84' lang='lat' dir='ltr'>Quo</span> <span class='ocrx_word' id='word_1_122' title='bbox 726 1050 785 1106; x_wconf 80' lang='lat' dir='ltr'>illd</span> <span class='ocrx_word' id='word_1_123' title='bbox 801 1060 895 1107; x_wconf 90' lang='lat' dir='ltr'>custo·</span> <span class='ocrx_word' id='word_1_124' title='bbox 947 1051 1093 1109; x_wconf 85' lang='lat' dir='ltr'>daemones.</span> <span class='ocrx_word' id='word_1_125' title='bbox 1111 1051 1249 1119; x_wconf 78' lang='lat' dir='ltr'>Homines,</span> <span class='ocrx_word' id='word_1_126' title='bbox 1267 1055 1331 1127; x_wconf 89' lang='lat' dir='ltr'>quia</span> <span class='ocrx_word' id='word_1_127' title='bbox 1346 1056 1381 1110; x_wconf 89' lang='lat' dir='ltr'>ad</span> <span class='ocrx_word' id='word_1_128' title='bbox 1395 1056 1463 1113; x_wconf 89' lang='lat' dir='ltr'>velle</span> <span class='ocrx_word' id='word_1_129' title='bbox 1478 1072 1571 1115; x_wconf 89' lang='lat' dir='ltr'>eorum</span> <span class='ocrx_word' id='word_1_130' title='bbox 1591 1059 1746 1131; x_wconf 86' lang='lat' dir='ltr'>loquimini,</span> 
     </span>
     <span class='ocr_line' id='line_1_11' title="bbox 96 1138 1764 1220; baseline 0.005 -19"><span class='ocrx_word' id='word_1_131' title='bbox 96 1145 195 1201; x_wconf 79' lang='lat' dir='ltr'>diendo</span> <span class='ocrx_word' id='word_1_132' title='bbox 212 1160 273 1216; x_wconf 85' lang='lat' dir='ltr'>quae</span> <span class='ocrx_word' id='word_1_133' title='bbox 288 1144 420 1215; x_wconf 84' lang='lat' dir='ltr'>possidet,</span> <span class='ocrx_word' id='word_1_134' title='bbox 444 1143 500 1199; x_wconf 92' lang='lat' dir='ltr'>imo</span> <span class='ocrx_word' id='word_1_135' title='bbox 514 1159 530 1197; x_wconf 88' lang='lat' dir='ltr'>a</span> <span class='ocrx_word' id='word_1_136' title='bbox 544 1142 642 1213; x_wconf 89' lang='lat' dir='ltr'>quibus</span> <span class='ocrx_word' id='word_1_137' title='bbox 661 1141 831 1215; x_wconf 78' lang='lat' dir='ltr'>possidetur3</span> <span class='ocrx_word' id='word_1_138' title='bbox 852 1140 893 1197; x_wconf 94' lang='lat' dir='ltr'>vi·</span> <span class='ocrx_word' id='word_1_139' title='bbox 951 1138 1035 1196; x_wconf 76' lang='lat' dir='ltr'>m</span> <span class='ocrx_word' id='word_1_140' title='bbox 1050 1141 1083 1195; x_wconf 90' lang='lat' dir='ltr'>ad</span> <span class='ocrx_word' id='word_1_141' title='bbox 1110 1141 1180 1198; x_wconf 89' lang='lat' dir='ltr'>velle</span> <span class='ocrx_word' id='word_1_142' title='bbox 1193 1158 1287 1198; x_wconf 90' lang='lat' dir='ltr'>eorum</span> <span class='ocrx_word' id='word_1_143' title='bbox 1316 1143 1406 1216; x_wconf 87' lang='lat' dir='ltr'>ligatis</span> <span class='ocrx_word' id='word_1_144' title='bbox 1420 1153 1448 1200; x_wconf 91' lang='grc' dir='ltr'>ει</span> <span class='ocrx_word' id='word_1_145' title='bbox 1465 1145 1580 1203; x_wconf 89' lang='lat' dir='ltr'>solvitis.</span> <span class='ocrx_word' id='word_1_146' title='bbox 1603 1149 1657 1220; x_wconf 88' lang='lat' dir='ltr'>lpsi</span> <span class='ocrx_word' id='word_1_147' title='bbox 1685 1167 1736 1206; x_wconf 89' lang='lat' dir='ltr'>sun</span> <span class='ocrx_word' id='word_1_148' title='bbox 1754 1160 1764 1210; x_wconf 91' lang='lat' dir='ltr'>t</span> 
     </span>
     <span class='ocr_line' id='line_1_12' title="bbox 95 1229 1749 1306; baseline 0.004 -17"><span class='ocrx_word' id='word_1_149' title='bbox 95 1233 202 1301; x_wconf 85' lang='lat' dir='ltr'>delicet,</span> <span class='ocrx_word' id='word_1_150' title='bbox 218 1231 364 1303; x_wconf 86' lang='lat' dir='ltr'>marsupia,</span> <span class='ocrx_word' id='word_1_151' title='bbox 378 1232 626 1300; x_wconf 88' lang='lat' dir='ltr'>horrea,cellaria;</span> <span class='ocrx_word' id='word_1_152' title='bbox 641 1247 696 1288; x_wconf 94' lang='lat' dir='ltr'>non</span> <span class='ocrx_word' id='word_1_153' title='bbox 711 1229 804 1301; x_wconf 91' lang='lat' dir='ltr'>utique</span> <span class='ocrx_word' id='word_1_154' title='bbox 825 1245 894 1301; x_wconf 92' lang='lat' dir='ltr'>pau·</span> <span class='ocrx_word' id='word_1_155' title='bbox 949 1229 1146 1302; x_wconf 78' lang='lat' dir='ltr'>semiepiscopi,</span> <span class='ocrx_word' id='word_1_156' title='bbox 1189 1232 1455 1306; x_wconf 83' lang='lat' dir='ltr'>semiarchidiaconi3</span> <span class='ocrx_word' id='word_1_157' title='bbox 1486 1235 1552 1301; x_wconf 89' lang='lat' dir='ltr'>ime,</span> <span class='ocrx_word' id='word_1_158' title='bbox 1597 1245 1627 1294; x_wconf 89' lang='lat' dir='ltr'>ut</span> <span class='ocrx_word' id='word_1_159' title='bbox 1655 1253 1749 1295; x_wconf 88' lang='lat' dir='ltr'>verum</span> 
     </span>
     <span class='ocr_line' id='line_1_13' title="bbox 97 1318 1750 1400; baseline 0.005 -22"><span class='ocrx_word' id='word_1_160' title='bbox 97 1323 206 1394; x_wconf 89' lang='lat' dir='ltr'>peribus</span> <span class='ocrx_word' id='word_1_161' title='bbox 233 1322 415 1388; x_wconf 87' lang='lat' dir='ltr'>reservanda,</span> <span class='ocrx_word' id='word_1_162' title='bbox 445 1321 492 1376; x_wconf 88' lang='lat' dir='ltr'>sed</span> <span class='ocrx_word' id='word_1_163' title='bbox 522 1322 677 1378; x_wconf 88' lang='lat' dir='ltr'>evacuanda</span> <span class='ocrx_word' id='word_1_164' title='bbox 703 1319 818 1386; x_wconf 88' lang='lat' dir='ltr'>furibus,</span> <span class='ocrx_word' id='word_1_165' title='bbox 848 1328 895 1376; x_wconf 92' lang='lat' dir='ltr'>ant</span> <span class='ocrx_word' id='word_1_166' title='bbox 949 1318 1034 1376; x_wconf 78' lang='lat' dir='ltr'>tatem</span> <span class='ocrx_word' id='word_1_167' title='bbox 1065 1320 1140 1377; x_wconf 91' lang='lat' dir='ltr'>salva</span> <span class='ocrx_word' id='word_1_168' title='bbox 1162 1337 1228 1392; x_wconf 89' lang='lat' dir='ltr'>paee</span> <span class='ocrx_word' id='word_1_169' title='bbox 1256 1323 1386 1390; x_wconf 89' lang='lat' dir='ltr'>omnium,</span> <span class='ocrx_word' id='word_1_170' title='bbox 1401 1323 1455 1395; x_wconf 90' lang='lat' dir='ltr'>ipsi</span> <span class='ocrx_word' id='word_1_171' title='bbox 1469 1331 1533 1380; x_wconf 90' lang='lat' dir='ltr'>sunt</span> <span class='ocrx_word' id='word_1_172' title='bbox 1546 1341 1630 1398; x_wconf 89' lang='lat' dir='ltr'>supra</span> <span class='ocrx_word' id='word_1_173' title='bbox 1645 1328 1750 1400; x_wconf 85' lang='lat' dir='ltr'>episeo-</span> 
     </span>
     <span class='ocr_line' id='line_1_14' title="bbox 98 1408 1749 1486; baseline 0.005 -21"><span class='ocrx_word' id='word_1_174' title='bbox 98 1411 209 1484; x_wconf 91' lang='lat' dir='ltr'>ignibus</span> <span class='ocrx_word' id='word_1_175' title='bbox 232 1411 424 1468; x_wconf 90' lang='lat' dir='ltr'>consumenda.</span> <span class='ocrx_word' id='word_1_176' title='bbox 441 1410 526 1465; x_wconf 84' lang='lat' dir='ltr'>llobet</span> <span class='ocrx_word' id='word_1_177' title='bbox 539 1410 611 1465; x_wconf 92' lang='lat' dir='ltr'>enim</span> <span class='ocrx_word' id='word_1_178' title='bbox 630 1408 727 1480; x_wconf 87' lang='lat' dir='ltr'>aliquis</span> <span class='ocrx_word' id='word_1_179' title='bbox 748 1409 817 1464; x_wconf 87' lang='lat' dir='ltr'>intra</span> <span class='ocrx_word' id='word_1_180' title='bbox 832 1423 895 1481; x_wconf 93' lang='lat' dir='ltr'>pro·</span> <span class='ocrx_word' id='word_1_181' title='bbox 948 1423 1007 1480; x_wconf 88' lang='lat' dir='ltr'>pos,</span> <span class='ocrx_word' id='word_1_182' title='bbox 1032 1424 1115 1481; x_wconf 88' lang='lat' dir='ltr'>supra</span> <span class='ocrx_word' id='word_1_183' title='bbox 1142 1410 1356 1479; x_wconf 77' lang='lat' dir='ltr'>archidiaconos,</span> <span class='ocrx_word' id='word_1_184' title='bbox 1383 1427 1466 1482; x_wconf 89' lang='lat' dir='ltr'>supra</span> <span class='ocrx_word' id='word_1_185' title='bbox 1497 1414 1697 1486; x_wconf 82' lang='lat' dir='ltr'>presbyteros:</span> <span class='ocrx_word' id='word_1_186' title='bbox 1722 1424 1749 1474; x_wconf 93' lang='lat' dir='ltr'>et</span> 
     </span>
     <span class='ocr_line' id='line_1_15' title="bbox 97 1498 1749 1571; baseline 0.004 -15"><span class='ocrx_word' id='word_1_187' title='bbox 97 1499 210 1557; x_wconf 88' lang='lat' dir='ltr'>vinciam</span> <span class='ocrx_word' id='word_1_188' title='bbox 226 1508 403 1571; x_wconf 85' lang='lat' dir='ltr'>tyrannorum</span> <span class='ocrx_word' id='word_1_189' title='bbox 427 1498 532 1570; x_wconf 89' lang='lat' dir='ltr'>positos</span> <span class='ocrx_word' id='word_1_190' title='bbox 547 1508 674 1566; x_wconf 85' lang='lat' dir='ltr'>parentes</span> <span class='ocrx_word' id='word_1_191' title='bbox 687 1513 761 1564; x_wconf 92' lang='lat' dir='ltr'>suos,</span> <span class='ocrx_word' id='word_1_192' title='bbox 778 1506 806 1554; x_wconf 95' lang='lat' dir='ltr'>et</span> <span class='ocrx_word' id='word_1_193' title='bbox 820 1498 896 1552; x_wconf 89' lang='lat' dir='ltr'>blan·</span> <span class='ocrx_word' id='word_1_194' title='bbox 952 1513 1016 1553; x_wconf 89' lang='lat' dir='ltr'>vere</span> <span class='ocrx_word' id='word_1_195' title='bbox 1031 1499 1077 1568; x_wconf 85' lang='lat' dir='ltr'>qui</span> <span class='ocrx_word' id='word_1_196' title='bbox 1092 1507 1249 1569; x_wconf 90' lang='lat' dir='ltr'>potestatem</span> <span class='ocrx_word' id='word_1_197' title='bbox 1263 1502 1372 1568; x_wconf 87' lang='lat' dir='ltr'>babent,</span> <span class='ocrx_word' id='word_1_198' title='bbox 1384 1501 1465 1557; x_wconf 87' lang='lat' dir='ltr'>hodie</span> <span class='ocrx_word' id='word_1_199' title='bbox 1484 1503 1601 1560; x_wconf 81' lang='lat' dir='ltr'>benefici</span> <span class='ocrx_word' id='word_1_200' title='bbox 1619 1515 1749 1563; x_wconf 88' lang='lat' dir='ltr'>vocantur</span> 
     </span>
     <span class='ocr_line' id='line_1_16' title="bbox 96 1587 1750 1666; baseline 0.005 -23"><span class='ocrx_word' id='word_1_201' title='bbox 96 1589 170 1644; x_wconf 90' lang='lat' dir='ltr'>ditur</span> <span class='ocrx_word' id='word_1_202' title='bbox 191 1588 305 1660; x_wconf 87' lang='lat' dir='ltr'>proinde</span> <span class='ocrx_word' id='word_1_203' title='bbox 320 1587 459 1644; x_wconf 84' lang='lat' dir='ltr'>multoties</span> <span class='ocrx_word' id='word_1_204' title='bbox 486 1588 658 1658; x_wconf 85' lang='lat' dir='ltr'>raptoribus,</span> <span class='ocrx_word' id='word_1_205' title='bbox 681 1595 712 1644; x_wconf 92' lang='grc' dir='ltr'>υι</span> <span class='ocrx_word' id='word_1_206' title='bbox 739 1587 897 1658; x_wconf 88' lang='lat' dir='ltr'>paventibus</span> <span class='ocrx_word' id='word_1_207' title='bbox 952 1587 1031 1658; x_wconf 81' lang='lat' dir='ltr'>(lue.</span> <span class='ocrx_word' id='word_1_208' title='bbox 1046 1603 1118 1653; x_wconf 79' lang='lat' dir='ltr'>xxti,</span> <span class='ocrx_word' id='word_1_209' title='bbox 1135 1590 1191 1660; x_wconf 81' lang='lat' dir='ltr'>to).</span> <span class='ocrx_word' id='word_1_210' title='bbox 1205 1589 1323 1660; x_wconf 91' lang='lat' dir='ltr'>Palpatis</span> <span class='ocrx_word' id='word_1_211' title='bbox 1338 1590 1486 1657; x_wconf 77' lang='lat' dir='ltr'>daemones,</span> <span class='ocrx_word' id='word_1_212' title='bbox 1511 1592 1575 1666; x_wconf 92' lang='lat' dir='ltr'>quia</span> <span class='ocrx_word' id='word_1_213' title='bbox 1590 1592 1677 1650; x_wconf 85' lang='lat' dir='ltr'>lenitis</span> <span class='ocrx_word' id='word_1_214' title='bbox 1701 1610 1750 1652; x_wconf 82' lang='lat' dir='ltr'>eoa</span> 
     </span>
     <span class='ocr_line' id='line_1_17' title="bbox 97 1633 1747 1753; baseline 0.005 -20"><span class='ocrx_word' id='word_1_215' title='bbox 97 1677 240 1733; x_wconf 91' lang='lat' dir='ltr'>consulat:</span> <span class='ocrx_word' id='word_1_216' title='bbox 262 1677 307 1748; x_wconf 91' lang='lat' dir='ltr'>qui</span> <span class='ocrx_word' id='word_1_217' title='bbox 327 1686 357 1731; x_wconf 91' lang='grc' dir='ltr'>υι</span> <span class='ocrx_word' id='word_1_218' title='bbox 379 1691 475 1747; x_wconf 90' lang='lat' dir='ltr'>pacem</span> <span class='ocrx_word' id='word_1_219' title='bbox 491 1678 616 1742; x_wconf 88' lang='lat' dir='ltr'>babeant,</span> <span class='ocrx_word' id='word_1_220' title='bbox 637 1685 663 1733; x_wconf 90' lang='lat' dir='ltr'>et</span> <span class='ocrx_word' id='word_1_221' title='bbox 684 1676 754 1732; x_wconf 85' lang='lat' dir='ltr'>inter</span> <span class='ocrx_word' id='word_1_222' title='bbox 767 1686 898 1749; x_wconf 83' lang='lat' dir='ltr'>tyrannos</span> <span class='ocrx_word' id='word_1_223' title='bbox 913 1633 935 1712; x_wconf 68' lang='grc' dir='ltr'><strong><em>Β</em></strong></span> <span class='ocrx_word' id='word_1_224' title='bbox 952 1675 978 1730; x_wconf 94' lang='lat' dir='ltr'>in</span> <span class='ocrx_word' id='word_1_225' title='bbox 997 1677 1074 1732; x_wconf 90' lang='lat' dir='ltr'>vobis</span> <span class='ocrx_word' id='word_1_226' title='bbox 1094 1677 1197 1732; x_wconf 87' lang='lat' dir='ltr'>similes</span> <span class='ocrx_word' id='word_1_227' title='bbox 1213 1678 1361 1736; x_wconf 84' lang='lat' dir='ltr'>Altissimo.</span> <span class='ocrx_word' id='word_1_228' title='bbox 1393 1683 1513 1746; x_wconf 83' lang='lat' dir='ltr'>Ponam,</span> <span class='ocrx_word' id='word_1_229' title='bbox 1536 1680 1633 1753; x_wconf 86' lang='lat' dir='ltr'>inquit,</span> <span class='ocrx_word' id='word_1_230' title='bbox 1653 1683 1747 1742; x_wconf 83' lang='lat' dir='ltr'>aedem</span> 
     </span>
     <span class='ocr_line' id='line_1_18' title="bbox 97 1763 1746 1845; baseline 0.006 -25"><span class='ocrx_word' id='word_1_231' title='bbox 97 1764 222 1832; x_wconf 85' lang='lat' dir='ltr'>floreant,</span> <span class='ocrx_word' id='word_1_232' title='bbox 233 1764 320 1840; x_wconf 80' lang='lat' dir='ltr'>afiligi</span> <span class='ocrx_word' id='word_1_233' title='bbox 330 1772 423 1823; x_wconf 89' lang='lat' dir='ltr'>sancta</span> <span class='ocrx_word' id='word_1_234' title='bbox 439 1766 599 1837; x_wconf 89' lang='lat' dir='ltr'>permittitur</span> <span class='ocrx_word' id='word_1_235' title='bbox 609 1765 739 1831; x_wconf 83' lang='lat' dir='ltr'>Ecclesia,</span> <span class='ocrx_word' id='word_1_236' title='bbox 751 1772 778 1821; x_wconf 89' lang='grc' dir='ltr'>ει</span> <span class='ocrx_word' id='word_1_237' title='bbox 794 1763 899 1838; x_wconf 88' lang='lat' dir='ltr'>justitia</span> <span class='ocrx_word' id='word_1_238' title='bbox 951 1781 1045 1820; x_wconf 84' lang='lat' dir='ltr'>meum</span> <span class='ocrx_word' id='word_1_239' title='bbox 1058 1766 1095 1821; x_wconf 86' lang='lat' dir='ltr'>ud</span> <span class='ocrx_word' id='word_1_240' title='bbox 1109 1767 1276 1838; x_wconf 73' lang='lat' dir='ltr'>optationem,</span> <span class='ocrx_word' id='word_1_241' title='bbox 1289 1771 1318 1822; x_wconf 87' lang='lat' dir='ltr'>et</span> <span class='ocrx_word' id='word_1_242' title='bbox 1328 1767 1435 1824; x_wconf 84' lang='lat' dir='ltr'>similis</span> <span class='ocrx_word' id='word_1_243' title='bbox 1448 1783 1494 1825; x_wconf 85' lang='lat' dir='ltr'>ero</span> <span class='ocrx_word' id='word_1_244' title='bbox 1508 1770 1653 1828; x_wconf 76' lang='lat' dir='ltr'>ditissimo</span> <span class='ocrx_word' id='word_1_245' title='bbox 1666 1772 1746 1845; x_wconf 76' lang='lat' dir='ltr'>(leot.</span> 
     </span>
     <span class='ocr_line' id='line_1_19' title="bbox 98 1853 1749 1928; baseline 0.003 -16"><span class='ocrx_word' id='word_1_246' title='bbox 98 1855 281 1912; x_wconf 89' lang='lat' dir='ltr'>conculcatur.</span> <span class='ocrx_word' id='word_1_247' title='bbox 951 1868 1005 1921; x_wconf 81' lang='lat' dir='ltr'>xlv,</span> <span class='ocrx_word' id='word_1_248' title='bbox 1019 1853 1074 1922; x_wconf 83' lang='lat' dir='ltr'>ll).</span> <span class='ocrx_word' id='word_1_249' title='bbox 1095 1854 1129 1908; x_wconf 81' lang='lat' dir='ltr'>lb</span> <span class='ocrx_word' id='word_1_250' title='bbox 1142 1853 1200 1924; x_wconf 89' lang='lat' dir='ltr'>ipse</span> <span class='ocrx_word' id='word_1_251' title='bbox 1214 1855 1258 1925; x_wconf 88' lang='lat' dir='ltr'>qui</span> <span class='ocrx_word' id='word_1_252' title='bbox 1278 1863 1329 1928; x_wconf 87' lang='grc' dir='ltr'>εει,</span> <span class='ocrx_word' id='word_1_253' title='bbox 1349 1873 1398 1913; x_wconf 88' lang='lat' dir='ltr'>rex</span> <span class='ocrx_word' id='word_1_254' title='bbox 1415 1871 1497 1928; x_wconf 88' lang='lat' dir='ltr'>super</span> <span class='ocrx_word' id='word_1_255' title='bbox 1511 1873 1605 1915; x_wconf 87' lang='lat' dir='ltr'>omnes</span> <span class='ocrx_word' id='word_1_256' title='bbox 1620 1859 1688 1916; x_wconf 89' lang='lat' dir='ltr'>lilios</span> <span class='ocrx_word' id='word_1_257' title='bbox 1702 1877 1749 1918; x_wconf 91' lang='lat' dir='ltr'>su·</span> 
     </span>
     <span class='ocr_line' id='line_1_20' title="bbox 133 1942 1747 2018; baseline 0.004 -21"><span class='ocrx_word' id='word_1_258' title='bbox 133 1946 159 1997; x_wconf 84' lang='lat'>6.</span> <span class='ocrx_word' id='word_1_259' title='bbox 176 1945 210 1999; x_wconf 87' lang='lat' dir='ltr'>Et</span> <span class='ocrx_word' id='word_1_260' title='bbox 223 1943 288 2015; x_wconf 90' lang='lat' dir='ltr'>quid</span> <span class='ocrx_word' id='word_1_261' title='bbox 304 1944 390 1999; x_wconf 87' lang='lat' dir='ltr'>dicam</span> <span class='ocrx_word' id='word_1_262' title='bbox 415 1943 448 1999; x_wconf 90' lang='lat' dir='ltr'>de</span> <span class='ocrx_word' id='word_1_263' title='bbox 462 1942 591 1999; x_wconf 77' lang='lat' dir='ltr'>iuribus?</span> <span class='ocrx_word' id='word_1_264' title='bbox 614 1943 701 2000; x_wconf 80' lang='lat' dir='ltr'>Fures</span> <span class='ocrx_word' id='word_1_265' title='bbox 725 1952 789 2000; x_wconf 90' lang='lat' dir='ltr'>sunt</span> <span class='ocrx_word' id='word_1_266' title='bbox 810 1944 899 1999; x_wconf 75' lang='lat' dir='ltr'>hare·</span> <span class='ocrx_word' id='word_1_267' title='bbox 952 1942 1061 2012; x_wconf 74' lang='lat' dir='ltr'>perbis,</span> <span class='ocrx_word' id='word_1_268' title='bbox 1076 1942 1177 2017; x_wconf 90' lang='lat' dir='ltr'>lrigore</span> <span class='ocrx_word' id='word_1_269' title='bbox 1204 1943 1354 2016; x_wconf 89' lang='lat' dir='ltr'>iniquitatis</span> <span class='ocrx_word' id='word_1_270' title='bbox 1377 1960 1436 2001; x_wconf 83' lang='lat' dir='ltr'>suae</span> <span class='ocrx_word' id='word_1_271' title='bbox 1449 1947 1600 2018; x_wconf 72' lang='lat' dir='ltr'>congelavit</span> <span class='ocrx_word' id='word_1_272' title='bbox 1621 1947 1747 2006; x_wconf 78' lang='lat' dir='ltr'>intenora</span> 
     </span>
     <span class='ocr_line' id='line_1_21' title="bbox 97 2030 1748 2105; baseline 0.005 -18"><span class='ocrx_word' id='word_1_273' title='bbox 97 2030 153 2088; x_wconf 89' lang='lat' dir='ltr'>tici.</span> <span class='ocrx_word' id='word_1_274' title='bbox 170 2031 202 2086; x_wconf 88' lang='lat' dir='ltr'>lli</span> <span class='ocrx_word' id='word_1_275' title='bbox 216 2038 279 2086; x_wconf 92' lang='lat' dir='ltr'>sunt</span> <span class='ocrx_word' id='word_1_276' title='bbox 295 2030 369 2088; x_wconf 88' lang='lat' dir='ltr'>iures</span> <span class='ocrx_word' id='word_1_277' title='bbox 382 2040 409 2088; x_wconf 92' lang='lat' dir='ltr'>et</span> <span class='ocrx_word' id='word_1_278' title='bbox 422 2032 552 2097; x_wconf 88' lang='lat' dir='ltr'>latrones,</span> <span class='ocrx_word' id='word_1_279' title='bbox 569 2033 614 2105; x_wconf 87' lang='lat' dir='ltr'>qui</span> <span class='ocrx_word' id='word_1_280' title='bbox 634 2033 745 2088; x_wconf 92' lang='lat' dir='ltr'>veniunt</span> <span class='ocrx_word' id='word_1_281' title='bbox 763 2032 791 2087; x_wconf 93' lang='lat' dir='ltr'>in</span> <span class='ocrx_word' id='word_1_282' title='bbox 814 2032 900 2088; x_wconf 85' lang='lat' dir='ltr'>vosti-</span> <span class='ocrx_word' id='word_1_283' title='bbox 951 2038 1054 2098; x_wconf 74' lang='lat' dir='ltr'>vestra,</span> <span class='ocrx_word' id='word_1_284' title='bbox 1079 2040 1115 2097; x_wconf 94' lang='lat' dir='ltr'>et,</span> <span class='ocrx_word' id='word_1_285' title='bbox 1154 2041 1184 2088; x_wconf 92' lang='lat' dir='ltr'>ut</span> <span class='ocrx_word' id='word_1_286' title='bbox 1203 2031 1281 2088; x_wconf 84' lang='lat' dir='ltr'>tortis</span> <span class='ocrx_word' id='word_1_287' title='bbox 1313 2043 1432 2090; x_wconf 85' lang='lat' dir='ltr'>armatus</span> <span class='ocrx_word' id='word_1_288' title='bbox 1459 2036 1614 2091; x_wconf 86' lang='lat' dir='ltr'>custodiens</span> <span class='ocrx_word' id='word_1_289' title='bbox 1650 2037 1748 2096; x_wconf 87' lang='lat' dir='ltr'>atrium</span> 
     </span>
     <span class='ocr_line' id='line_1_22' title="bbox 97 2118 1746 2194; baseline 0.004 -19"><span class='ocrx_word' id='word_1_290' title='bbox 97 2121 198 2175; x_wconf 88' lang='lat' dir='ltr'>mentis</span> <span class='ocrx_word' id='word_1_291' title='bbox 222 2119 325 2186; x_wconf 90' lang='lat' dir='ltr'>ovium,</span> <span class='ocrx_word' id='word_1_292' title='bbox 352 2119 514 2176; x_wconf 89' lang='lat' dir='ltr'>intrinsecus</span> <span class='ocrx_word' id='word_1_293' title='bbox 535 2129 623 2176; x_wconf 88' lang='lat' dir='ltr'>autem</span> <span class='ocrx_word' id='word_1_294' title='bbox 641 2131 705 2176; x_wconf 91' lang='lat' dir='ltr'>sunt</span> <span class='ocrx_word' id='word_1_295' title='bbox 719 2121 776 2192; x_wconf 90' lang='lat' dir='ltr'>lupi</span> <span class='ocrx_word' id='word_1_296' title='bbox 789 2136 900 2191; x_wconf 85' lang='lat' dir='ltr'>rapaces</span> <span class='ocrx_word' id='word_1_297' title='bbox 951 2134 1040 2188; x_wconf 88' lang='lat' dir='ltr'>suum,</span> <span class='ocrx_word' id='word_1_298' title='bbox 1056 2118 1083 2173; x_wconf 92' lang='lat' dir='ltr'>in</span> <span class='ocrx_word' id='word_1_299' title='bbox 1098 2134 1162 2191; x_wconf 89' lang='lat' dir='ltr'>pace</span> <span class='ocrx_word' id='word_1_300' title='bbox 1176 2119 1280 2175; x_wconf 90' lang='lat' dir='ltr'>obtinet</span> <span class='ocrx_word' id='word_1_301' title='bbox 1298 2121 1454 2177; x_wconf 87' lang='lat' dir='ltr'>cathedram</span> <span class='ocrx_word' id='word_1_302' title='bbox 1473 2123 1621 2179; x_wconf 88' lang='lat' dir='ltr'>voluntatis</span> <span class='ocrx_word' id='word_1_303' title='bbox 1637 2133 1746 2194; x_wconf 80' lang='lat' dir='ltr'>vestras,</span> 
     </span>
     <span class='ocr_line' id='line_1_23' title="bbox 97 2199 1747 2286; baseline 0.004 -22"><span class='ocrx_word' id='word_1_304' title='bbox 97 2207 210 2279; x_wconf 77' lang='lat' dir='ltr'>(datto.</span> <span class='ocrx_word' id='word_1_305' title='bbox 243 2225 292 2275; x_wconf 90' lang='lat' dir='ltr'>vu,</span> <span class='ocrx_word' id='word_1_306' title='bbox 309 2210 364 2280; x_wconf 80' lang='lat' dir='ltr'>lb).</span> <span class='ocrx_word' id='word_1_307' title='bbox 397 2210 534 2281; x_wconf 77' lang='lat' dir='ltr'>Quotquot</span> <span class='ocrx_word' id='word_1_308' title='bbox 548 2215 637 2265; x_wconf 88' lang='lat' dir='ltr'>autem</span> <span class='ocrx_word' id='word_1_309' title='bbox 651 2199 803 2281; x_wconf 79' lang='lat' dir='ltr'>venerunt,</span> <span class='ocrx_word' id='word_1_310' title='bbox 823 2212 900 2281; x_wconf 80' lang='lat' dir='ltr'>fures</span> <span class='ocrx_word' id='word_1_311' title='bbox 951 2207 978 2261; x_wconf 89' lang='lat' dir='ltr'>in</span> <span class='ocrx_word' id='word_1_312' title='bbox 995 2223 1048 2280; x_wconf 90' lang='lat' dir='ltr'>qna</span> <span class='ocrx_word' id='word_1_313' title='bbox 1057 2207 1168 2264; x_wconf 87' lang='lat' dir='ltr'>deberet</span> <span class='ocrx_word' id='word_1_314' title='bbox 1181 2208 1336 2264; x_wconf 78' lang='lat' dir='ltr'>altissimus</span> <span class='ocrx_word' id='word_1_315' title='bbox 1350 2210 1479 2266; x_wconf 89' lang='lat' dir='ltr'>residere.</span> <span class='ocrx_word' id='word_1_316' title='bbox 1497 2213 1530 2266; x_wconf 81' lang='lat' dir='ltr'>la</span> <span class='ocrx_word' id='word_1_317' title='bbox 1553 2216 1631 2269; x_wconf 76' lang='lat' dir='ltr'>temo</span> <span class='ocrx_word' id='word_1_318' title='bbox 1650 2213 1747 2286; x_wconf 90' lang='lat' dir='ltr'>inquit,</span> 
     </span>
     <span class='ocr_line' id='line_1_24' title="bbox 97 2295 1750 2375; baseline 0.001 -19"><span class='ocrx_word' id='word_1_319' title='bbox 97 2303 167 2356; x_wconf 80' lang='lat' dir='ltr'>arent</span> <span class='ocrx_word' id='word_1_320' title='bbox 181 2303 210 2354; x_wconf 87' lang='lat' dir='ltr'>et</span> <span class='ocrx_word' id='word_1_321' title='bbox 221 2298 357 2354; x_wconf 81' lang='lat' dir='ltr'>latrones.</span> <span class='ocrx_word' id='word_1_322' title='bbox 373 2299 467 2367; x_wconf 82' lang='lat' dir='ltr'>Fures,</span> <span class='ocrx_word' id='word_1_323' title='bbox 478 2298 592 2354; x_wconf 91' lang='lat' dir='ltr'>latenter</span> <span class='ocrx_word' id='word_1_324' title='bbox 604 2299 727 2355; x_wconf 89' lang='lat' dir='ltr'>nocendo</span> <span class='ocrx_word' id='word_1_325' title='bbox 744 2314 750 2353; x_wconf 93' lang='lat'><strong>:</strong></span> <span class='ocrx_word' id='word_1_326' title='bbox 770 2299 898 2367; x_wconf 86' lang='lat' dir='ltr'>latrones,</span> <span class='ocrx_word' id='word_1_327' title='bbox 949 2314 1010 2368; x_wconf 80' lang='lat' dir='ltr'>poc</span> <span class='ocrx_word' id='word_1_328' title='bbox 1022 2295 1192 2354; x_wconf 81' lang='lat' dir='ltr'>bominibus.</span> <span class='ocrx_word' id='word_1_329' title='bbox 1208 2297 1335 2368; x_wconf 81' lang='lat' dir='ltr'>Quibus?</span> <span class='ocrx_word' id='word_1_330' title='bbox 1353 2300 1458 2370; x_wconf 80' lang='lat' dir='ltr'>llagnoe</span> <span class='ocrx_word' id='word_1_331' title='bbox 1485 2299 1626 2358; x_wconf 83' lang='lat' dir='ltr'>scientiae?</span> <span class='ocrx_word' id='word_1_332' title='bbox 1644 2317 1750 2375; x_wconf 82' lang='lat' dir='ltr'>magnae</span> 
     </span>
     <span class='ocr_line' id='line_1_25' title="bbox 98 2384 1752 2462; baseline 0.002 -20"><span class='ocrx_word' id='word_1_333' title='bbox 98 2394 193 2458; x_wconf 90' lang='lat' dir='ltr'>aperte</span> <span class='ocrx_word' id='word_1_334' title='bbox 216 2387 365 2444; x_wconf 75' lang='lat' dir='ltr'>sariendo.</span> <span class='ocrx_word' id='word_1_335' title='bbox 392 2387 517 2443; x_wconf 89' lang='lat' dir='ltr'>llaeretici</span> <span class='ocrx_word' id='word_1_336' title='bbox 532 2403 613 2459; x_wconf 89' lang='lat' dir='ltr'>prava</span> <span class='ocrx_word' id='word_1_337' title='bbox 629 2388 757 2460; x_wconf 78' lang='lat' dir='ltr'>dogmata</span> <span class='ocrx_word' id='word_1_338' title='bbox 770 2386 899 2442; x_wconf 88' lang='lat' dir='ltr'>dissemi-</span> <span class='ocrx_word' id='word_1_339' title='bbox 952 2384 1121 2441; x_wconf 76' lang='lat' dir='ltr'>nobilitatis?</span> <span class='ocrx_word' id='word_1_340' title='bbox 1140 2386 1213 2456; x_wconf 86' lang='lat' dir='ltr'>Non,</span> <span class='ocrx_word' id='word_1_341' title='bbox 1229 2386 1278 2442; x_wconf 90' lang='lat' dir='ltr'>sed</span> <span class='ocrx_word' id='word_1_342' title='bbox 1298 2386 1377 2443; x_wconf 79' lang='lat' dir='ltr'>doute</span> <span class='ocrx_word' id='word_1_343' title='bbox 1391 2389 1548 2444; x_wconf 84' lang='lat' dir='ltr'>uoluntatis</span> <span class='ocrx_word' id='word_1_344' title='bbox 1563 2391 1638 2461; x_wconf 76' lang='lat' dir='ltr'>llue.</span> <span class='ocrx_word' id='word_1_345' title='bbox 1654 2406 1683 2458; x_wconf 90' lang='lat' dir='ltr'>u,</span> <span class='ocrx_word' id='word_1_346' title='bbox 1696 2390 1752 2462; x_wconf 79' lang='lat' dir='ltr'>ll).</span> 
     </span>
     <span class='ocr_line' id='line_1_26' title="bbox 98 2474 1754 2549; baseline 0.002 -18"><span class='ocrx_word' id='word_1_347' title='bbox 98 2477 197 2531; x_wconf 85' lang='lat' dir='ltr'>cabant</span> <span class='ocrx_word' id='word_1_348' title='bbox 222 2477 248 2530; x_wconf 91' lang='lat' dir='ltr'>iu</span> <span class='ocrx_word' id='word_1_349' title='bbox 278 2475 400 2549; x_wconf 86' lang='lat' dir='ltr'>populo,</span> <span class='ocrx_word' id='word_1_350' title='bbox 428 2486 454 2531; x_wconf 90' lang='lat' dir='ltr'>et</span> <span class='ocrx_word' id='word_1_351' title='bbox 480 2479 658 2548; x_wconf 85' lang='lat' dir='ltr'>perversitate</span> <span class='ocrx_word' id='word_1_352' title='bbox 687 2476 816 2534; x_wconf 89' lang='lat' dir='ltr'>doctrinae</span> <span class='ocrx_word' id='word_1_353' title='bbox 842 2491 900 2532; x_wconf 84' lang='lat' dir='ltr'>suaa</span> <span class='ocrx_word' id='word_1_354' title='bbox 951 2474 1043 2530; x_wconf 86' lang='lat' dir='ltr'>Etubi</span> <span class='ocrx_word' id='word_1_355' title='bbox 1058 2490 1119 2545; x_wconf 85' lang='lat' dir='ltr'>pax,</span> <span class='ocrx_word' id='word_1_356' title='bbox 1140 2475 1177 2529; x_wconf 91' lang='lat' dir='ltr'>lbi</span> <span class='ocrx_word' id='word_1_357' title='bbox 1198 2475 1287 2543; x_wconf 86' lang='lat' dir='ltr'>Deus;</span> <span class='ocrx_word' id='word_1_358' title='bbox 1307 2475 1370 2546; x_wconf 86' lang='lat' dir='ltr'>qnia</span> <span class='ocrx_word' id='word_1_359' title='bbox 1387 2475 1415 2530; x_wconf 92' lang='lat' dir='ltr'>in</span> <span class='ocrx_word' id='word_1_360' title='bbox 1432 2491 1497 2548; x_wconf 87' lang='lat' dir='ltr'>pace</span> <span class='ocrx_word' id='word_1_361' title='bbox 1516 2477 1602 2533; x_wconf 88' lang='lat' dir='ltr'>laetus</span> <span class='ocrx_word' id='word_1_362' title='bbox 1620 2479 1754 2536; x_wconf 87' lang='lat' dir='ltr'>estlocus</span> 
     </span>
     <span class='ocr_line' id='line_1_27' title="bbox 98 2564 1756 2643; baseline 0.002 -24"><span class='ocrx_word' id='word_1_363' title='bbox 98 2564 347 2621; x_wconf 88' lang='lat' dir='ltr'>lidemcatholicam</span> <span class='ocrx_word' id='word_1_364' title='bbox 371 2564 581 2633; x_wconf 89' lang='lat' dir='ltr'>obnubilabant,</span> <span class='ocrx_word' id='word_1_365' title='bbox 606 2574 633 2623; x_wconf 93' lang='lat' dir='ltr'>et</span> <span class='ocrx_word' id='word_1_366' title='bbox 642 2566 807 2622; x_wconf 87' lang='lat' dir='ltr'>inducebant</span> <span class='ocrx_word' id='word_1_367' title='bbox 830 2565 899 2620; x_wconf 90' lang='lat' dir='ltr'>sim·</span> <span class='ocrx_word' id='word_1_368' title='bbox 951 2565 1011 2634; x_wconf 89' lang='lat' dir='ltr'>ejus</span> <span class='ocrx_word' id='word_1_369' title='bbox 1025 2565 1113 2634; x_wconf 85' lang='lat' dir='ltr'>(Psoi.</span> <span class='ocrx_word' id='word_1_370' title='bbox 1131 2579 1217 2629; x_wconf 79' lang='lat' dir='ltr'>cxxv,</span> <span class='ocrx_word' id='word_1_371' title='bbox 1235 2564 1274 2632; x_wconf 73' lang='lat' dir='ltr'>bl.</span> <span class='ocrx_word' id='word_1_372' title='bbox 1290 2564 1370 2620; x_wconf 89' lang='lat' dir='ltr'>Unde</span> <span class='ocrx_word' id='word_1_373' title='bbox 1393 2572 1471 2636; x_wconf 87' lang='lat' dir='ltr'>patet</span> <span class='ocrx_word' id='word_1_374' title='bbox 1494 2566 1567 2638; x_wconf 90' lang='lat' dir='ltr'>qnod</span> <span class='ocrx_word' id='word_1_375' title='bbox 1584 2567 1665 2623; x_wconf 87' lang='lat' dir='ltr'>sedes</span> <span class='ocrx_word' id='word_1_376' title='bbox 1692 2569 1756 2643; x_wconf 64' lang='lat' dir='ltr'>eju„</span> 
     </span>
     <span class='ocr_line' id='line_1_28' title="bbox 98 2651 1755 2726; baseline 0.003 -18"><span class='ocrx_word' id='word_1_377' title='bbox 98 2653 181 2725; x_wconf 90' lang='lat' dir='ltr'>plices</span> <span class='ocrx_word' id='word_1_378' title='bbox 202 2655 229 2709; x_wconf 93' lang='lat' dir='ltr'>in</span> <span class='ocrx_word' id='word_1_379' title='bbox 252 2671 381 2712; x_wconf 90' lang='lat' dir='ltr'>errorem.</span> <span class='ocrx_word' id='word_1_380' title='bbox 414 2655 558 2712; x_wconf 88' lang='lat' dir='ltr'>Neminem</span> <span class='ocrx_word' id='word_1_381' title='bbox 585 2662 707 2712; x_wconf 85' lang='lat' dir='ltr'>vestrum</span> <span class='ocrx_word' id='word_1_382' title='bbox 731 2656 812 2713; x_wconf 89' lang='lat' dir='ltr'>credo</span> <span class='ocrx_word' id='word_1_383' title='bbox 839 2671 899 2712; x_wconf 87' lang='lat' dir='ltr'>esse</span> <span class='ocrx_word' id='word_1_384' title='bbox 950 2651 1304 2721; x_wconf 58' lang='lat' dir='ltr'>benevolentissimi</span> <span class='ocrx_word' id='word_1_385' title='bbox 1325 2667 1394 2726; x_wconf 86' lang='lat' dir='ltr'>ergo</span> <span class='ocrx_word' id='word_1_386' title='bbox 1409 2669 1463 2710; x_wconf 92' lang='lat' dir='ltr'>non</span> <span class='ocrx_word' id='word_1_387' title='bbox 1478 2655 1578 2721; x_wconf 86' lang='lat' dir='ltr'>Deum,</span> <span class='ocrx_word' id='word_1_388' title='bbox 1599 2656 1755 2715; x_wconf 88' lang='lat' dir='ltr'>seddiabo-</span> 
     </span>
     <span class='ocr_line' id='line_1_29' title="bbox 97 2740 1756 2819; baseline 0.004 -22"><span class='ocrx_word' id='word_1_389' title='bbox 97 2743 267 2801; x_wconf 74' lang='lat' dir='ltr'>haereticum.</span> <span class='ocrx_word' id='word_1_390' title='bbox 296 2743 400 2801; x_wconf 88' lang='lat' dir='ltr'>Omnes</span> <span class='ocrx_word' id='word_1_391' title='bbox 428 2745 542 2801; x_wconf 91' lang='lat' dir='ltr'>creditis</span> <span class='ocrx_word' id='word_1_392' title='bbox 572 2745 600 2800; x_wconf 92' lang='lat' dir='ltr'>in</span> <span class='ocrx_word' id='word_1_393' title='bbox 626 2748 714 2802; x_wconf 88' lang='lat' dir='ltr'>Deum</span> <span class='ocrx_word' id='word_1_394' title='bbox 743 2745 841 2802; x_wconf 88' lang='lat' dir='ltr'>trinum</span> <span class='ocrx_word' id='word_1_395' title='bbox 870 2751 898 2800; x_wconf 93' lang='lat' dir='ltr'>et</span> <span class='ocrx_word' id='word_1_396' title='bbox 950 2740 1008 2796; x_wconf 92' lang='lat' dir='ltr'>lum</span> <span class='ocrx_word' id='word_1_397' title='bbox 1022 2742 1103 2797; x_wconf 89' lang='lat' dir='ltr'>habet</span> <span class='ocrx_word' id='word_1_398' title='bbox 1117 2741 1312 2797; x_wconf 89' lang='lat' dir='ltr'>inhabitantem</span> <span class='ocrx_word' id='word_1_399' title='bbox 1336 2742 1457 2810; x_wconf 89' lang='lat' dir='ltr'>interius,</span> <span class='ocrx_word' id='word_1_400' title='bbox 1478 2750 1506 2798; x_wconf 91' lang='lat' dir='ltr'>et</span> <span class='ocrx_word' id='word_1_401' title='bbox 1534 2747 1657 2816; x_wconf 84' lang='lat' dir='ltr'>tyrannis</span> <span class='ocrx_word' id='word_1_402' title='bbox 1672 2755 1756 2819; x_wconf 84' lang='lat' dir='ltr'>utque</span> 
     </span>
     <span class='ocr_line' id='line_1_30' title="bbox 97 2828 1755 2908; baseline 0.002 -20"><span class='ocrx_word' id='word_1_403' title='bbox 97 2849 192 2900; x_wconf 88' lang='lat' dir='ltr'>unum,</span> <span class='ocrx_word' id='word_1_404' title='bbox 218 2833 281 2906; x_wconf 90' lang='lat' dir='ltr'>quia</span> <span class='ocrx_word' id='word_1_405' title='bbox 305 2850 399 2901; x_wconf 88' lang='lat' dir='ltr'>passus</span> <span class='ocrx_word' id='word_1_406' title='bbox 422 2834 457 2889; x_wconf 93' lang='lat' dir='ltr'>sit</span> <span class='ocrx_word' id='word_1_407' title='bbox 472 2842 499 2890; x_wconf 91' lang='lat' dir='ltr'>et</span> <span class='ocrx_word' id='word_1_408' title='bbox 513 2835 648 2906; x_wconf 86' lang='lat' dir='ltr'>sepultus,</span> <span class='ocrx_word' id='word_1_409' title='bbox 673 2835 735 2908; x_wconf 89' lang='lat' dir='ltr'>quia</span> <span class='ocrx_word' id='word_1_410' title='bbox 759 2834 898 2890; x_wconf 87' lang='lat' dir='ltr'>descendit</span> <span class='ocrx_word' id='word_1_411' title='bbox 952 2828 1109 2901; x_wconf 90' lang='lat' dir='ltr'>raptoribus</span> <span class='ocrx_word' id='word_1_412' title='bbox 1134 2829 1252 2888; x_wconf 89' lang='lat' dir='ltr'>deservit</span> <span class='ocrx_word' id='word_1_413' title='bbox 1288 2830 1415 2897; x_wconf 84' lang='lat' dir='ltr'>exterius,</span> <span class='ocrx_word' id='word_1_414' title='bbox 1459 2831 1578 2889; x_wconf 87' lang='lat' dir='ltr'>vincitne</span> <span class='ocrx_word' id='word_1_415' title='bbox 1602 2832 1755 2892; x_wconf 77' lang='lat' dir='ltr'>mundum?</span> 
     </span>
     <span class='ocr_line' id='line_1_31' title="bbox 98 2909 1753 2992; baseline 0.001 -14"><span class='ocrx_word' id='word_1_416' title='bbox 98 2930 126 2978; x_wconf 87' lang='lat' dir='ltr'>et</span> <span class='ocrx_word' id='word_1_417' title='bbox 139 2923 269 2978; x_wconf 85' lang='lat' dir='ltr'>ascendit.</span> <span class='ocrx_word' id='word_1_418' title='bbox 290 2923 367 2979; x_wconf 80' lang='lat' dir='ltr'>Facit</span> <span class='ocrx_word' id='word_1_419' title='bbox 385 2932 473 2979; x_wconf 85' lang='lat' dir='ltr'>umen</span> <span class='ocrx_word' id='word_1_420' title='bbox 483 2925 546 2980; x_wconf 84' lang='lat' dir='ltr'>naec</span> <span class='ocrx_word' id='word_1_421' title='bbox 560 2924 627 2981; x_wconf 84' lang='lat' dir='ltr'>fides</span> <span class='ocrx_word' id='word_1_422' title='bbox 639 2924 826 2980; x_wconf 74' lang='lat' dir='ltr'>catholicum?</span> <span class='ocrx_word' id='word_1_423' title='bbox 842 2909 1008 2988; x_wconf 75' lang='lat' dir='ltr'>bacclmo</span> <span class='ocrx_word' id='word_1_424' title='bbox 1035 2917 1123 2974; x_wconf 86' lang='lat' dir='ltr'>vietus</span> <span class='ocrx_word' id='word_1_425' title='bbox 1148 2927 1190 2974; x_wconf 83' lang='lat' dir='ltr'>est</span> <span class='ocrx_word' id='word_1_426' title='bbox 1215 2935 1230 2973; x_wconf 83' lang='lat' dir='ltr'>a</span> <span class='ocrx_word' id='word_1_427' title='bbox 1255 2919 1368 2988; x_wconf 86' lang='lat' dir='ltr'>mundo,</span> <span class='ocrx_word' id='word_1_428' title='bbox 1398 2919 1487 2976; x_wconf 86' lang='lat' dir='ltr'>victus</span> <span class='ocrx_word' id='word_1_429' title='bbox 1516 2929 1558 2976; x_wconf 88' lang='lat' dir='ltr'>est</span> <span class='ocrx_word' id='word_1_430' title='bbox 1589 2937 1605 2976; x_wconf 87' lang='lat' dir='ltr'>a</span> <span class='ocrx_word' id='word_1_431' title='bbox 1634 2922 1753 2992; x_wconf 88' lang='lat' dir='ltr'>diabolo,</span> 
     </span>
     <span class='ocr_line' id='line_1_32' title="bbox 97 3007 1753 3085; baseline 0.001 -20"><span class='ocrx_word' id='word_1_432' title='bbox 97 3009 150 3068; x_wconf 85' lang='lat' dir='ltr'>tide</span> <span class='ocrx_word' id='word_1_433' title='bbox 164 3012 406 3084; x_wconf 84' lang='lat' dir='ltr'>utiquedaemones</span> <span class='ocrx_word' id='word_1_434' title='bbox 427 3022 518 3069; x_wconf 86' lang='lat' dir='ltr'>essent</span> <span class='ocrx_word' id='word_1_435' title='bbox 537 3013 678 3081; x_wconf 79' lang='lat' dir='ltr'>catholici3</span> <span class='ocrx_word' id='word_1_436' title='bbox 694 3013 766 3085; x_wconf 91' lang='lat' dir='ltr'>quia,</span> <span class='ocrx_word' id='word_1_437' title='bbox 782 3024 812 3069; x_wconf 94' lang='lat' dir='ltr'>ut</span> <span class='ocrx_word' id='word_1_438' title='bbox 830 3012 897 3069; x_wconf 90' lang='lat' dir='ltr'>dicit</span> <span class='ocrx_word' id='word_1_439' title='bbox 951 3007 1038 3063; x_wconf 89' lang='lat' dir='ltr'>victus</span> <span class='ocrx_word' id='word_1_440' title='bbox 1061 3015 1104 3062; x_wconf 88' lang='grc' dir='ltr'>εει</span> <span class='ocrx_word' id='word_1_441' title='bbox 1131 3024 1147 3063; x_wconf 89' lang='lat' dir='ltr'>a</span> <span class='ocrx_word' id='word_1_442' title='bbox 1174 3022 1256 3064; x_wconf 86' lang='lat' dir='ltr'>carne</span> <span class='ocrx_word' id='word_1_443' title='bbox 1276 3023 1337 3064; x_wconf 89' lang='lat' dir='ltr'>sua.</span> <span class='ocrx_word' id='word_1_444' title='bbox 1362 3007 1462 3065; x_wconf 85' lang='lat' dir='ltr'>lulixus</span> <span class='ocrx_word' id='word_1_445' title='bbox 1482 3017 1524 3064; x_wconf 95' lang='grc' dir='ltr'>εει</span> <span class='ocrx_word' id='word_1_446' title='bbox 1552 3009 1580 3064; x_wconf 86' lang='grc' dir='ltr'>ἰυ</span> <span class='ocrx_word' id='word_1_447' title='bbox 1608 3010 1674 3067; x_wconf 92' lang='lat' dir='ltr'>limo</span> <span class='ocrx_word' id='word_1_448' title='bbox 1688 3027 1753 3082; x_wconf 90' lang='lat' dir='ltr'>pro-</span> 
     </span>
     <span class='ocr_line' id='line_1_33' title="bbox 96 3095 1753 3174; baseline 0.005 -20"><span class='ocrx_word' id='word_1_449' title='bbox 96 3100 224 3168; x_wconf 87' lang='lat' dir='ltr'>laeobus,</span> <span class='ocrx_word' id='word_1_450' title='bbox 239 3104 370 3169; x_wconf 85' lang='lat' dir='ltr'>creduut,</span> <span class='ocrx_word' id='word_1_451' title='bbox 387 3105 414 3159; x_wconf 86' lang='lat' dir='ltr'>et</span> <span class='ocrx_word' id='word_1_452' title='bbox 430 3103 655 3161; x_wconf 81' lang='lat' dir='ltr'>contremiseunt</span> <span class='ocrx_word' id='word_1_453' title='bbox 674 3101 781 3174; x_wconf 80' lang='lat' dir='ltr'>(tacott</span> <span class='ocrx_word' id='word_1_454' title='bbox 794 3118 826 3169; x_wconf 90' lang='grc' dir='ltr'>υ,</span> <span class='ocrx_word' id='word_1_455' title='bbox 838 3103 894 3174; x_wconf 80' lang='lat' dir='ltr'>ts).</span> <span class='ocrx_word' id='word_1_456' title='bbox 949 3095 1038 3164; x_wconf 82' lang='lat' dir='ltr'>fundi,</span> <span class='ocrx_word' id='word_1_457' title='bbox 1054 3103 1081 3153; x_wconf 90' lang='lat' dir='ltr'>et</span> <span class='ocrx_word' id='word_1_458' title='bbox 1095 3111 1148 3154; x_wconf 89' lang='lat' dir='ltr'>non</span> <span class='ocrx_word' id='word_1_459' title='bbox 1161 3105 1202 3153; x_wconf 88' lang='grc' dir='ltr'>εει</span> <span class='ocrx_word' id='word_1_460' title='bbox 1219 3099 1244 3153; x_wconf 88' lang='lat' dir='ltr'>ei</span> <span class='ocrx_word' id='word_1_461' title='bbox 1264 3096 1411 3152; x_wconf 86' lang='lat' dir='ltr'>substantia</span> <span class='ocrx_word' id='word_1_462' title='bbox 1426 3097 1514 3170; x_wconf 81' lang='lat' dir='ltr'>(Psoi.</span> <span class='ocrx_word' id='word_1_463' title='bbox 1530 3113 1627 3172; x_wconf 81' lang='lat' dir='ltr'>uxvvtt,</span> <span class='ocrx_word' id='word_1_464' title='bbox 1644 3100 1684 3174; x_wconf 87' lang='grc'>3),</span> <span class='ocrx_word' id='word_1_465' title='bbox 1710 3103 1753 3160; x_wconf 77' lang='lat' dir='ltr'>tel</span> 
     </span>
     <span class='ocr_line' id='line_1_34' title="bbox 96 3185 1259 3260; baseline -0.007 -13"><span class='ocrx_word' id='word_1_466' title='bbox 96 3189 195 3247; x_wconf 82' lang='lat' dir='ltr'>Verum</span> <span class='ocrx_word' id='word_1_467' title='bbox 224 3189 316 3260; x_wconf 89' lang='lat' dir='ltr'>utique</span> <span class='ocrx_word' id='word_1_468' title='bbox 340 3191 506 3246; x_wconf 87' lang='lat' dir='ltr'>catholicum</span> <span class='ocrx_word' id='word_1_469' title='bbox 521 3194 594 3256; x_wconf 89' lang='lat' dir='ltr'>lacit,</span> <span class='ocrx_word' id='word_1_470' title='bbox 616 3206 670 3248; x_wconf 90' lang='lat' dir='ltr'>non</span> <span class='ocrx_word' id='word_1_471' title='bbox 686 3190 753 3248; x_wconf 78' lang='lat' dir='ltr'>tides</span> <span class='ocrx_word' id='word_1_472' title='bbox 769 3206 894 3247; x_wconf 87' lang='lat' dir='ltr'>commu·</span> <span class='ocrx_word' id='word_1_473' title='bbox 951 3185 1069 3258; x_wconf 86' lang='lat' dir='ltr'>potentia</span> <span class='ocrx_word' id='word_1_474' title='bbox 1083 3185 1259 3259; x_wconf 86' lang='lat' dir='ltr'>resurgendi.</span> 
     </span>
     <span class='ocr_line' id='line_1_35' title="bbox 97 3273 1753 3351; baseline 0.002 -18"><span class='ocrx_word' id='word_1_475' title='bbox 97 3278 140 3333; x_wconf 91' lang='lat' dir='ltr'>nis</span> <span class='ocrx_word' id='word_1_476' title='bbox 162 3277 330 3334; x_wconf 76' lang='lat' dir='ltr'>damonibus</span> <span class='ocrx_word' id='word_1_477' title='bbox 356 3287 383 3332; x_wconf 94' lang='lat' dir='ltr'>et</span> <span class='ocrx_word' id='word_1_478' title='bbox 404 3279 568 3349; x_wconf 89' lang='lat' dir='ltr'>hominibus,</span> <span class='ocrx_word' id='word_1_479' title='bbox 585 3281 633 3335; x_wconf 90' lang='lat' dir='ltr'>sed</span> <span class='ocrx_word' id='word_1_480' title='bbox 662 3296 693 3335; x_wconf 92' lang='lat' dir='ltr'>ea</span> <span class='ocrx_word' id='word_1_481' title='bbox 712 3290 812 3336; x_wconf 91' lang='lat' dir='ltr'>tantum</span> <span class='ocrx_word' id='word_1_482' title='bbox 835 3295 896 3351; x_wconf 86' lang='lat' dir='ltr'>quae</span> <span class='ocrx_word' id='word_1_483' title='bbox 985 3277 1013 3328; x_wconf 70' lang='grc' dir='ltr'>Ἰ·</span> <span class='ocrx_word' id='word_1_484' title='bbox 1030 3274 1142 3329; x_wconf 76' lang='lat' dir='ltr'>Domine</span> <span class='ocrx_word' id='word_1_485' title='bbox 1157 3275 1228 3328; x_wconf 72' lang='lat' dir='ltr'>Deus</span> <span class='ocrx_word' id='word_1_486' title='bbox 1243 3273 1384 3343; x_wconf 68' lang='lat' dir='ltr'>virtulum,</span> <span class='ocrx_word' id='word_1_487' title='bbox 1411 3275 1498 3329; x_wconf 64' lang='lat' dir='ltr'>excita</span> <span class='ocrx_word' id='word_1_488' title='bbox 1520 3276 1665 3344; x_wconf 81' lang='lat' dir='ltr'>potentiam</span> <span class='ocrx_word' id='word_1_489' title='bbox 1682 3286 1753 3334; x_wconf 84' lang='lat' dir='ltr'>tuam</span> 
     </span>
     <span class='ocr_line' id='line_1_36' title="bbox 98 3361 1753 3440; baseline 0.001 -18"><span class='ocrx_word' id='word_1_490' title='bbox 98 3367 310 3423; x_wconf 83' lang='lat' dir='ltr'>communisset</span> <span class='ocrx_word' id='word_1_491' title='bbox 342 3366 508 3434; x_wconf 88' lang='lat' dir='ltr'>bominibus,</span> <span class='ocrx_word' id='word_1_492' title='bbox 533 3374 560 3421; x_wconf 92' lang='grc' dir='ltr'>ει</span> <span class='ocrx_word' id='word_1_493' title='bbox 584 3367 715 3440; x_wconf 77' lang='lat' dir='ltr'>angelicis</span> <span class='ocrx_word' id='word_1_494' title='bbox 745 3367 894 3438; x_wconf 88' lang='lat' dir='ltr'>spiritibus.</span> <span class='ocrx_word' id='word_1_495' title='bbox 951 3362 1286 3428; x_wconf 84' lang='lat' dir='ltr'>etveni,uteducasnos</span> <span class='ocrx_word' id='word_1_496' title='bbox 1310 3365 1344 3416; x_wconf 91' lang='lat' dir='ltr'>de</span> <span class='ocrx_word' id='word_1_497' title='bbox 1372 3361 1431 3416; x_wconf 89' lang='lat' dir='ltr'>lacu</span> <span class='ocrx_word' id='word_1_498' title='bbox 1451 3362 1579 3427; x_wconf 74' lang='lat' dir='ltr'>miserias,</span> <span class='ocrx_word' id='word_1_499' title='bbox 1596 3374 1623 3420; x_wconf 91' lang='lat' dir='ltr'>et</span> <span class='ocrx_word' id='word_1_500' title='bbox 1643 3365 1678 3421; x_wconf 90' lang='lat' dir='ltr'>de</span> <span class='ocrx_word' id='word_1_501' title='bbox 1698 3367 1753 3425; x_wconf 91' lang='lat' dir='ltr'>luto</span> 
     </span>
     <span class='ocr_line' id='line_1_37' title="bbox 98 3448 1752 3526; baseline 0 -15"><span class='ocrx_word' id='word_1_502' title='bbox 98 3453 166 3524; x_wconf 86' lang='lat' dir='ltr'>Quae</span> <span class='ocrx_word' id='word_1_503' title='bbox 181 3461 224 3512; x_wconf 91' lang='lat' dir='ltr'>est</span> <span class='ocrx_word' id='word_1_504' title='bbox 246 3455 317 3511; x_wconf 79' lang='lat' dir='ltr'>illa?</span> <span class='ocrx_word' id='word_1_505' title='bbox 333 3454 400 3522; x_wconf 80' lang='lat' dir='ltr'>Quae</span> <span class='ocrx_word' id='word_1_506' title='bbox 424 3472 472 3526; x_wconf 92' lang='lat' dir='ltr'>per</span> <span class='ocrx_word' id='word_1_507' title='bbox 496 3455 669 3512; x_wconf 88' lang='lat' dir='ltr'>dilectionem</span> <span class='ocrx_word' id='word_1_508' title='bbox 693 3462 842 3525; x_wconf 86' lang='lat' dir='ltr'>operatur:</span> <span class='ocrx_word' id='word_1_509' title='bbox 863 3457 897 3513; x_wconf 91' lang='lat' dir='ltr'>de</span> <span class='ocrx_word' id='word_1_510' title='bbox 951 3451 1037 3506; x_wconf 86' lang='lat' dir='ltr'>laecis.</span> <span class='ocrx_word' id='word_1_511' title='bbox 1059 3448 1143 3520; x_wconf 88' lang='lat' dir='ltr'>Operi</span> <span class='ocrx_word' id='word_1_512' title='bbox 1171 3463 1300 3503; x_wconf 90' lang='lat' dir='ltr'>manuum</span> <span class='ocrx_word' id='word_1_513' title='bbox 1320 3455 1426 3504; x_wconf 87' lang='lat' dir='ltr'>tuarum</span> <span class='ocrx_word' id='word_1_514' title='bbox 1455 3449 1569 3521; x_wconf 84' lang='lat' dir='ltr'>porrige</span> <span class='ocrx_word' id='word_1_515' title='bbox 1602 3451 1752 3512; x_wconf 83' lang='lat' dir='ltr'>dexteram.</span> 
     </span>
     <span class='ocr_line' id='line_1_38' title="bbox 97 3536 1755 3618; baseline 0 -19"><span class='ocrx_word' id='word_1_516' title='bbox 97 3546 301 3616; x_wconf 82' lang='lat' dir='ltr'>quaApostolns</span> <span class='ocrx_word' id='word_1_517' title='bbox 311 3545 384 3612; x_wconf 90' lang='lat' dir='ltr'>dicit,</span> <span class='ocrx_word' id='word_1_518' title='bbox 397 3546 488 3618; x_wconf 84' lang='lat' dir='ltr'>Neque</span> <span class='ocrx_word' id='word_1_519' title='bbox 497 3545 675 3601; x_wconf 83' lang='lat' dir='ltr'>circumcisio</span> <span class='ocrx_word' id='word_1_520' title='bbox 685 3543 797 3616; x_wconf 78' lang='lat' dir='ltr'>aliquid</span> <span class='ocrx_word' id='word_1_521' title='bbox 810 3545 896 3615; x_wconf 85' lang='lat' dir='ltr'>uolet,</span> <span class='ocrx_word' id='word_1_522' title='bbox 950 3539 1025 3595; x_wconf 82' lang='lat' dir='ltr'>Educ</span> <span class='ocrx_word' id='word_1_523' title='bbox 1057 3539 1091 3593; x_wconf 78' lang='lat' dir='ltr'>de</span> <span class='ocrx_word' id='word_1_524' title='bbox 1116 3552 1222 3594; x_wconf 78' lang='lat' dir='ltr'>carcere</span> <span class='ocrx_word' id='word_1_525' title='bbox 1237 3536 1341 3591; x_wconf 79' lang='lat' dir='ltr'>animas</span> <span class='ocrx_word' id='word_1_526' title='bbox 1368 3547 1485 3606; x_wconf 88' lang='lat' dir='ltr'>nostras,</span> <span class='ocrx_word' id='word_1_527' title='bbox 1501 3547 1530 3594; x_wconf 87' lang='lat' dir='ltr'>ut</span> <span class='ocrx_word' id='word_1_528' title='bbox 1541 3538 1599 3608; x_wconf 83' lang='lat' dir='ltr'>jnm</span> <span class='ocrx_word' id='word_1_529' title='bbox 1614 3557 1668 3597; x_wconf 91' lang='lat' dir='ltr'>non</span> <span class='ocrx_word' id='word_1_530' title='bbox 1691 3543 1755 3599; x_wconf 87' lang='lat' dir='ltr'>obe·</span> 
     </span>
     <span class='ocr_line' id='line_1_39' title="bbox 98 3625 1754 3707; baseline -0.002 -16"><span class='ocrx_word' id='word_1_531' title='bbox 98 3648 189 3705; x_wconf 71' lang='lat' dir='ltr'>nepote</span> <span class='ocrx_word' id='word_1_532' title='bbox 207 3634 392 3707; x_wconf 77' lang='lat' dir='ltr'>praeputium,</span> <span class='ocrx_word' id='word_1_533' title='bbox 410 3634 457 3691; x_wconf 86' lang='lat' dir='ltr'>sed</span> <span class='ocrx_word' id='word_1_534' title='bbox 480 3634 548 3704; x_wconf 77' lang='lat' dir='ltr'>fides</span> <span class='ocrx_word' id='word_1_535' title='bbox 563 3650 626 3705; x_wconf 78' lang='lat' dir='ltr'>quse</span> <span class='ocrx_word' id='word_1_536' title='bbox 645 3649 699 3705; x_wconf 86' lang='lat' dir='ltr'>per</span> <span class='ocrx_word' id='word_1_537' title='bbox 718 3631 897 3691; x_wconf 78' lang='lat' dir='ltr'>dilectionem</span> <span class='ocrx_word' id='word_1_538' title='bbox 952 3628 1027 3682; x_wconf 88' lang='lat' dir='ltr'>dlant</span> <span class='ocrx_word' id='word_1_539' title='bbox 1041 3626 1154 3693; x_wconf 89' lang='lat' dir='ltr'>mundo,</span> <span class='ocrx_word' id='word_1_540' title='bbox 1175 3625 1224 3681; x_wconf 89' lang='lat' dir='ltr'>sed</span> <span class='ocrx_word' id='word_1_541' title='bbox 1243 3626 1424 3682; x_wconf 74' lang='lat' dir='ltr'>confioeantur</span> <span class='ocrx_word' id='word_1_542' title='bbox 1441 3627 1612 3685; x_wconf 89' lang='lat' dir='ltr'>nominituo.</span> <span class='ocrx_word' id='word_1_543' title='bbox 1629 3629 1754 3688; x_wconf 84' lang='lat' dir='ltr'>Placebi-</span> 
     </span>
     <span class='ocr_line' id='line_1_40' title="bbox 99 3713 1753 3794; baseline -0.001 -15"><span class='ocrx_word' id='word_1_544' title='bbox 99 3726 235 3794; x_wconf 86' lang='lat' dir='ltr'>opevotur</span> <span class='ocrx_word' id='word_1_545' title='bbox 248 3721 356 3794; x_wconf 78' lang='lat' dir='ltr'>(uetat.</span> <span class='ocrx_word' id='word_1_546' title='bbox 375 3739 400 3791; x_wconf 93' lang='lat' dir='ltr'>v,</span> <span class='ocrx_word' id='word_1_547' title='bbox 418 3723 456 3794; x_wconf 86' lang='lat' dir='ltr'>d).</span> <span class='ocrx_word' id='word_1_548' title='bbox 473 3723 527 3777; x_wconf 88' lang='lat' dir='ltr'>llac</span> <span class='ocrx_word' id='word_1_549' title='bbox 544 3720 666 3792; x_wconf 84' lang='lat' dir='ltr'>fideipsc</span> <span class='ocrx_word' id='word_1_550' title='bbox 680 3720 811 3791; x_wconf 84' lang='lat' dir='ltr'>praeditus</span> <span class='ocrx_word' id='word_1_551' title='bbox 829 3729 895 3789; x_wconf 88' lang='lat' dir='ltr'>erat,</span> <span class='ocrx_word' id='word_1_552' title='bbox 953 3717 987 3772; x_wconf 90' lang='lat' dir='ltr'>lis</span> <span class='ocrx_word' id='word_1_553' title='bbox 1001 3724 1059 3773; x_wconf 92' lang='lat' dir='ltr'>esto</span> <span class='ocrx_word' id='word_1_554' title='bbox 1083 3731 1164 3786; x_wconf 81' lang='lat' dir='ltr'>super</span> <span class='ocrx_word' id='word_1_555' title='bbox 1191 3713 1354 3771; x_wconf 79' lang='lat' dir='ltr'>officialibus</span> <span class='ocrx_word' id='word_1_556' title='bbox 1382 3715 1445 3781; x_wconf 77' lang='lat' dir='ltr'>luit,</span> <span class='ocrx_word' id='word_1_557' title='bbox 1472 3715 1519 3786; x_wconf 82' lang='lat' dir='ltr'>qut</span> <span class='ocrx_word' id='word_1_558' title='bbox 1548 3715 1596 3771; x_wconf 90' lang='lat' dir='ltr'>tibi</span> <span class='ocrx_word' id='word_1_559' title='bbox 1622 3718 1753 3777; x_wconf 85' lang='lat' dir='ltr'>rationem</span> 
     </span>
     <span class='ocr_line' id='line_1_41' title="bbox 98 3805 1752 3885; baseline 0.001 -18"><span class='ocrx_word' id='word_1_560' title='bbox 98 3827 159 3867; x_wconf 91' lang='lat' dir='ltr'>cum</span> <span class='ocrx_word' id='word_1_561' title='bbox 172 3815 274 3869; x_wconf 87' lang='lat' dir='ltr'>diceret</span> <span class='ocrx_word' id='word_1_562' title='bbox 290 3831 296 3867; x_wconf 97' lang='lat'><strong>:</strong></span> <span class='ocrx_word' id='word_1_563' title='bbox 312 3815 387 3869; x_wconf 82' lang='lat' dir='ltr'>Dum</span> <span class='ocrx_word' id='word_1_564' title='bbox 404 3818 516 3885; x_wconf 86' lang='lat' dir='ltr'>tempus</span> <span class='ocrx_word' id='word_1_565' title='bbox 527 3809 671 3877; x_wconf 79' lang='lat' dir='ltr'>tutemus,</span> <span class='ocrx_word' id='word_1_566' title='bbox 682 3826 833 3883; x_wconf 82' lang='lat' dir='ltr'>operemur</span> <span class='ocrx_word' id='word_1_567' title='bbox 848 3808 896 3868; x_wconf 83' lang='lat' dir='ltr'>do·</span> <span class='ocrx_word' id='word_1_568' title='bbox 951 3806 1082 3862; x_wconf 85' lang='lat' dir='ltr'>reddituri</span> <span class='ocrx_word' id='word_1_569' title='bbox 1100 3812 1163 3861; x_wconf 85' lang='lat' dir='ltr'>sunt</span> <span class='ocrx_word' id='word_1_570' title='bbox 1176 3807 1210 3861; x_wconf 92' lang='lat' dir='ltr'>de</span> <span class='ocrx_word' id='word_1_571' title='bbox 1223 3805 1320 3861; x_wconf 90' lang='lat' dir='ltr'>ovibus</span> <span class='ocrx_word' id='word_1_572' title='bbox 1335 3806 1398 3862; x_wconf 91' lang='lat' dir='ltr'>tuis.</span> <span class='ocrx_word' id='word_1_573' title='bbox 1417 3805 1494 3872; x_wconf 84' lang='lat' dir='ltr'>Veni,</span> <span class='ocrx_word' id='word_1_574' title='bbox 1511 3806 1637 3875; x_wconf 89' lang='lat' dir='ltr'>Domine,</span> <span class='ocrx_word' id='word_1_575' title='bbox 1654 3819 1682 3866; x_wconf 91' lang='lat' dir='ltr'>et</span> <span class='ocrx_word' id='word_1_576' title='bbox 1697 3810 1752 3868; x_wconf 91' lang='lat' dir='ltr'>noli</span> 
     </span>
     <span class='ocr_line' id='line_1_42' title="bbox 99 3894 1755 3973; baseline 0.005 -24"><span class='ocrx_word' id='word_1_577' title='bbox 99 3918 170 3957; x_wconf 77' lang='lat' dir='ltr'>num</span> <span class='ocrx_word' id='word_1_578' title='bbox 184 3902 220 3957; x_wconf 82' lang='lat' dir='ltr'>ad</span> <span class='ocrx_word' id='word_1_579' title='bbox 236 3916 349 3970; x_wconf 49' lang='lat' dir='ltr'>omne&amp;</span> <span class='ocrx_word' id='word_1_580' title='bbox 365 3906 492 3959; x_wconf 62' lang='lat' dir='ltr'>mameae</span> <span class='ocrx_word' id='word_1_581' title='bbox 502 3905 598 3958; x_wconf 73' lang='lat' dir='ltr'>autem</span> <span class='ocrx_word' id='word_1_582' title='bbox 609 3901 645 3957; x_wconf 82' lang='lat' dir='ltr'>ad</span> <span class='ocrx_word' id='word_1_583' title='bbox 655 3901 820 3958; x_wconf 71' lang='lat' dir='ltr'>domesticos</span> <span class='ocrx_word' id='word_1_584' title='bbox 830 3900 898 3970; x_wconf 80' lang='lat' dir='ltr'>fidei</span> <span class='ocrx_word' id='word_1_585' title='bbox 952 3897 1070 3952; x_wconf 72' lang='lat' dir='ltr'>tardare.</span> <span class='ocrx_word' id='word_1_586' title='bbox 1086 3897 1190 3952; x_wconf 75' lang='lat' dir='ltr'>Insanit</span> <span class='ocrx_word' id='word_1_587' title='bbox 1204 3895 1339 3967; x_wconf 77' lang='lat' dir='ltr'>diabolus,</span> <span class='ocrx_word' id='word_1_588' title='bbox 1356 3895 1457 3951; x_wconf 74' lang='lat' dir='ltr'>institit</span> <span class='ocrx_word' id='word_1_589' title='bbox 1472 3894 1557 3951; x_wconf 75' lang='lat' dir='ltr'>hostis</span> <span class='ocrx_word' id='word_1_590' title='bbox 1579 3897 1690 3954; x_wconf 83' lang='lat' dir='ltr'>humani</span> <span class='ocrx_word' id='word_1_591' title='bbox 1703 3917 1755 3973; x_wconf 72' lang='lat' dir='ltr'>ge·</span> 
     </span>
     <span class='ocr_line' id='line_1_43' title="bbox 99 3984 1752 4058; baseline 0.001 -14"><span class='ocrx_word' id='word_1_592' title='bbox 99 3987 349 4058; x_wconf 77' lang='lat' dir='ltr'>(lae.v1,l0),non</span> <span class='ocrx_word' id='word_1_593' title='bbox 370 3991 471 4045; x_wconf 84' lang='lat' dir='ltr'>saecnli.</span> <span class='ocrx_word' id='word_1_594' title='bbox 491 3990 600 4047; x_wconf 85' lang='lat' dir='ltr'>Habetis</span> <span class='ocrx_word' id='word_1_595' title='bbox 624 3992 694 4046; x_wconf 82' lang='lat' dir='ltr'>lianc</span> <span class='ocrx_word' id='word_1_596' title='bbox 712 3988 820 4045; x_wconf 75' lang='lat' dir='ltr'>fidem?</span> <span class='ocrx_word' id='word_1_597' title='bbox 834 3990 896 4045; x_wconf 90' lang='lat' dir='ltr'>Uti·</span> <span class='ocrx_word' id='word_1_598' title='bbox 952 3985 1035 4057; x_wconf 87' lang='lat' dir='ltr'>neris,</span> <span class='ocrx_word' id='word_1_599' title='bbox 1052 3987 1142 4042; x_wconf 87' lang='lat' dir='ltr'>sciens</span> <span class='ocrx_word' id='word_1_600' title='bbox 1157 3986 1229 4057; x_wconf 90' lang='lat' dir='ltr'>quod</span> <span class='ocrx_word' id='word_1_601' title='bbox 1245 3984 1384 4041; x_wconf 89' lang='lat' dir='ltr'>modicum</span> <span class='ocrx_word' id='word_1_602' title='bbox 1407 3992 1514 4056; x_wconf 89' lang='lat' dir='ltr'>tempus</span> <span class='ocrx_word' id='word_1_603' title='bbox 1538 3985 1630 4043; x_wconf 89' lang='lat' dir='ltr'>habet.</span> <span class='ocrx_word' id='word_1_604' title='bbox 1657 3988 1752 4046; x_wconf 83' lang='lat' dir='ltr'>Fidem</span> 
     </span>
     <span class='ocr_line' id='line_1_44' title="bbox 100 4074 1752 4150; baseline 0.005 -23"><span class='ocrx_word' id='word_1_605' title='bbox 100 4074 180 4130; x_wconf 88' lang='lat' dir='ltr'>nam!</span> <span class='ocrx_word' id='word_1_606' title='bbox 198 4075 251 4129; x_wconf 90' lang='lat' dir='ltr'>Sed</span> <span class='ocrx_word' id='word_1_607' title='bbox 267 4077 323 4132; x_wconf 79' lang='lat' dir='ltr'>baec</span> <span class='ocrx_word' id='word_1_608' title='bbox 346 4084 388 4132; x_wconf 90' lang='lat' dir='ltr'>est</span> <span class='ocrx_word' id='word_1_609' title='bbox 403 4077 468 4133; x_wconf 87' lang='lat' dir='ltr'>fides</span> <span class='ocrx_word' id='word_1_610' title='bbox 491 4094 552 4150; x_wconf 83' lang='lat' dir='ltr'>quae</span> <span class='ocrx_word' id='word_1_611' title='bbox 566 4079 649 4134; x_wconf 91' lang='lat' dir='ltr'>vincit</span> <span class='ocrx_word' id='word_1_612' title='bbox 663 4079 793 4135; x_wconf 93' lang='lat' dir='ltr'>mundum</span> <span class='ocrx_word' id='word_1_613' title='bbox 808 4097 815 4146; x_wconf 89' lang='lat'>;</span> <span class='ocrx_word' id='word_1_614' title='bbox 832 4077 896 4149; x_wconf 85' lang='lat' dir='ltr'>qnia</span> <span class='ocrx_word' id='word_1_615' title='bbox 952 4077 1083 4134; x_wconf 86' lang='lat' dir='ltr'>babemus</span> <span class='ocrx_word' id='word_1_616' title='bbox 1098 4095 1105 4132; x_wconf 78' lang='grc' dir='ltr'>ε</span> <span class='ocrx_word' id='word_1_617' title='bbox 1122 4077 1169 4132; x_wconf 90' lang='lat' dir='ltr'>sed</span> <span class='ocrx_word' id='word_1_618' title='bbox 1184 4075 1243 4131; x_wconf 89' lang='lat' dir='ltr'>sine</span> <span class='ocrx_word' id='word_1_619' title='bbox 1253 4075 1498 4146; x_wconf 89' lang='lat' dir='ltr'>operibusmortua</span> <span class='ocrx_word' id='word_1_620' title='bbox 1511 4082 1563 4147; x_wconf 83' lang='lat' dir='ltr'>est,</span> <span class='ocrx_word' id='word_1_621' title='bbox 1578 4084 1605 4133; x_wconf 87' lang='lat' dir='ltr'>et</span> <span class='ocrx_word' id='word_1_622' title='bbox 1619 4092 1752 4136; x_wconf 89' lang='lat' dir='ltr'>nosmor·</span> 
     </span>
     <span class='ocr_line' id='line_1_45' title="bbox 101 4158 1753 4238; baseline 0.007 -23"><span class='ocrx_word' id='word_1_623' title='bbox 101 4161 160 4217; x_wconf 72' lang='lat' dir='ltr'>haec</span> <span class='ocrx_word' id='word_1_624' title='bbox 175 4173 215 4218; x_wconf 87' lang='lat' dir='ltr'>est</span> <span class='ocrx_word' id='word_1_625' title='bbox 229 4162 341 4219; x_wconf 86' lang='lat' dir='ltr'>victorie</span> <span class='ocrx_word' id='word_1_626' title='bbox 365 4181 426 4236; x_wconf 84' lang='lat' dir='ltr'>qnae</span> <span class='ocrx_word' id='word_1_627' title='bbox 447 4167 532 4221; x_wconf 92' lang='lat' dir='ltr'>vincit</span> <span class='ocrx_word' id='word_1_628' title='bbox 545 4167 686 4234; x_wconf 91' lang='lat' dir='ltr'>mundum,</span> <span class='ocrx_word' id='word_1_629' title='bbox 712 4165 779 4223; x_wconf 85' lang='lat' dir='ltr'>fides</span> <span class='ocrx_word' id='word_1_630' title='bbox 798 4158 898 4222; x_wconf 77' lang='lat' dir='ltr'>‘nostra</span> <span class='ocrx_word' id='word_1_631' title='bbox 954 4166 992 4222; x_wconf 92' lang='lat' dir='ltr'>tui</span> <span class='ocrx_word' id='word_1_632' title='bbox 1012 4182 1077 4223; x_wconf 89' lang='lat' dir='ltr'>eum</span> <span class='ocrx_word' id='word_1_633' title='bbox 1091 4167 1160 4238; x_wconf 87' lang='lat' dir='ltr'>ipsa.</span> <span class='ocrx_word' id='word_1_634' title='bbox 1172 4167 1249 4236; x_wconf 80' lang='lat' dir='ltr'>auge</span> <span class='ocrx_word' id='word_1_635' title='bbox 1264 4164 1343 4220; x_wconf 91' lang='lat' dir='ltr'>nobis</span> <span class='ocrx_word' id='word_1_636' title='bbox 1357 4163 1448 4232; x_wconf 88' lang='lat' dir='ltr'>fidem,</span> <span class='ocrx_word' id='word_1_637' title='bbox 1472 4174 1501 4218; x_wconf 93' lang='lat' dir='ltr'>ut</span> <span class='ocrx_word' id='word_1_638' title='bbox 1529 4165 1556 4219; x_wconf 95' lang='lat' dir='ltr'>in</span> <span class='ocrx_word' id='word_1_639' title='bbox 1579 4165 1686 4222; x_wconf 81' lang='lat' dir='ltr'>sicariis</span> <span class='ocrx_word' id='word_1_640' title='bbox 1699 4169 1753 4226; x_wconf 85' lang='lat' dir='ltr'>tuis</span> 
     </span>
     <span class='ocr_line' id='line_1_46' title="bbox 100 4250 1753 4328; baseline 0.003 -21"><span class='ocrx_word' id='word_1_641' title='bbox 100 4251 217 4322; x_wconf 75' lang='lat' dir='ltr'>(lloan.</span> <span class='ocrx_word' id='word_1_642' title='bbox 243 4267 271 4318; x_wconf 89' lang='lat' dir='ltr'>v,</span> <span class='ocrx_word' id='word_1_643' title='bbox 299 4252 336 4324; x_wconf 83' lang='lat' dir='ltr'>l).</span> <span class='ocrx_word' id='word_1_644' title='bbox 357 4253 477 4309; x_wconf 85' lang='lat' dir='ltr'>Dixerim</span> <span class='ocrx_word' id='word_1_645' title='bbox 499 4270 548 4310; x_wconf 89' lang='lat' dir='ltr'>vos</span> <span class='ocrx_word' id='word_1_646' title='bbox 577 4256 684 4311; x_wconf 87' lang='lat' dir='ltr'>vincere</span> <span class='ocrx_word' id='word_1_647' title='bbox 704 4256 843 4323; x_wconf 90' lang='lat' dir='ltr'>mundum,</span> <span class='ocrx_word' id='word_1_648' title='bbox 863 4271 897 4311; x_wconf 91' lang='lat' dir='ltr'>an</span> <span class='ocrx_word' id='word_1_649' title='bbox 953 4271 1004 4328; x_wconf 90' lang='lat' dir='ltr'>per</span> <span class='ocrx_word' id='word_1_650' title='bbox 1032 4255 1207 4309; x_wconf 86' lang='lat' dir='ltr'>dilectionem</span> <span class='ocrx_word' id='word_1_651' title='bbox 1230 4260 1377 4323; x_wconf 88' lang='lat' dir='ltr'>operetur:</span> <span class='ocrx_word' id='word_1_652' title='bbox 1393 4261 1527 4324; x_wconf 79' lang='lat' dir='ltr'>qnatenus</span> <span class='ocrx_word' id='word_1_653' title='bbox 1542 4250 1577 4305; x_wconf 89' lang='lat' dir='ltr'>ad</span> <span class='ocrx_word' id='word_1_654' title='bbox 1608 4253 1753 4325; x_wconf 88' lang='lat' dir='ltr'>imperium</span> 
     </span>
     <span class='ocr_line' id='line_1_47' title="bbox 99 4337 1751 4410; baseline -0.001 -11"><span class='ocrx_word' id='word_1_655' title='bbox 99 4341 170 4399; x_wconf 89' lang='lat' dir='ltr'>vinci</span> <span class='ocrx_word' id='word_1_656' title='bbox 185 4359 200 4397; x_wconf 91' lang='lat' dir='ltr'>a</span> <span class='ocrx_word' id='word_1_657' title='bbox 216 4341 317 4397; x_wconf 90' lang='lat' dir='ltr'>mundo</span> <span class='ocrx_word' id='word_1_658' title='bbox 329 4342 343 4395; x_wconf 76' lang='lat' dir='ltr'>l</span> <span class='ocrx_word' id='word_1_659' title='bbox 356 4341 578 4398; x_wconf 84' lang='lat' dir='ltr'>Videnecelnsias</span> <span class='ocrx_word' id='word_1_660' title='bbox 596 4351 699 4400; x_wconf 85' lang='lat' dir='ltr'>vestras</span> <span class='ocrx_word' id='word_1_661' title='bbox 711 4345 783 4398; x_wconf 89' lang='lat' dir='ltr'>male</span> <span class='ocrx_word' id='word_1_662' title='bbox 797 4352 898 4399; x_wconf 88' lang='lat' dir='ltr'>tracta·</span> <span class='ocrx_word' id='word_1_663' title='bbox 954 4358 1047 4398; x_wconf 92' lang='lat' dir='ltr'>eorum</span> <span class='ocrx_word' id='word_1_664' title='bbox 1063 4346 1169 4395; x_wconf 88' lang='lat' dir='ltr'>montes</span> <span class='ocrx_word' id='word_1_665' title='bbox 1185 4339 1391 4410; x_wconf 79' lang='lat' dir='ltr'>transferantur,</span> <span class='ocrx_word' id='word_1_666' title='bbox 1407 4347 1433 4394; x_wconf 90' lang='lat' dir='ltr'>et</span> <span class='ocrx_word' id='word_1_667' title='bbox 1452 4337 1485 4393; x_wconf 90' lang='lat' dir='ltr'>de</span> <span class='ocrx_word' id='word_1_668' title='bbox 1515 4339 1633 4394; x_wconf 86' lang='lat' dir='ltr'>obsessis</span> <span class='ocrx_word' id='word_1_669' title='bbox 1648 4342 1751 4399; x_wconf 86' lang='lat' dir='ltr'>anima·</span> 
     </span>
     <span class='ocr_line' id='line_1_48' title="bbox 100 4425 1738 4503; baseline -0.002 -16"><span class='ocrx_word' id='word_1_670' title='bbox 100 4440 158 4500; x_wconf 87' lang='lat' dir='ltr'>tas;</span> <span class='ocrx_word' id='word_1_671' title='bbox 186 4432 266 4489; x_wconf 88' lang='lat' dir='ltr'>video</span> <span class='ocrx_word' id='word_1_672' title='bbox 289 4432 421 4503; x_wconf 85' lang='lat' dir='ltr'>quasdam</span> <span class='ocrx_word' id='word_1_673' title='bbox 449 4433 604 4502; x_wconf 88' lang='lat' dir='ltr'>semirutas,</span> <span class='ocrx_word' id='word_1_674' title='bbox 632 4431 763 4502; x_wconf 89' lang='lat' dir='ltr'>quasdam</span> <span class='ocrx_word' id='word_1_675' title='bbox 787 4433 898 4489; x_wconf 91' lang='lat' dir='ltr'>omniuo</span> <span class='ocrx_word' id='word_1_676' title='bbox 952 4431 1005 4484; x_wconf 88' lang='lat' dir='ltr'>bus</span> <span class='ocrx_word' id='word_1_677' title='bbox 1019 4430 1157 4484; x_wconf 83' lang='lat' dir='ltr'>daemones</span> <span class='ocrx_word' id='word_1_678' title='bbox 1172 4427 1328 4491; x_wconf 87' lang='lat' dir='ltr'>allevantur,</span> <span class='ocrx_word' id='word_1_679' title='bbox 1352 4437 1381 4483; x_wconf 92' lang='lat' dir='ltr'>ut</span> <span class='ocrx_word' id='word_1_680' title='bbox 1396 4427 1430 4481; x_wconf 88' lang='lat' dir='ltr'>de</span> <span class='ocrx_word' id='word_1_681' title='bbox 1455 4425 1522 4496; x_wconf 90' lang='lat' dir='ltr'>ipsis</span> <span class='ocrx_word' id='word_1_682' title='bbox 1551 4427 1738 4499; x_wconf 83' lang='lat' dir='ltr'>priusejieiun</span> 
     </span>
     <span class='ocr_line' id='line_1_49' title="bbox 100 4514 1749 4595; baseline 0 -17"><span class='ocrx_word' id='word_1_683' title='bbox 100 4522 233 4578; x_wconf 91' lang='lat' dir='ltr'>obrutas:</span> <span class='ocrx_word' id='word_1_684' title='bbox 250 4521 329 4577; x_wconf 90' lang='lat' dir='ltr'>video</span> <span class='ocrx_word' id='word_1_685' title='bbox 350 4523 378 4576; x_wconf 93' lang='lat' dir='ltr'>in</span> <span class='ocrx_word' id='word_1_686' title='bbox 392 4524 463 4578; x_wconf 88' lang='lat' dir='ltr'>villis</span> <span class='ocrx_word' id='word_1_687' title='bbox 477 4521 661 4589; x_wconf 87' lang='lat' dir='ltr'>solitudinem,</span> <span class='ocrx_word' id='word_1_688' title='bbox 675 4521 702 4575; x_wconf 90' lang='lat' dir='ltr'>in</span> <span class='ocrx_word' id='word_1_689' title='bbox 718 4521 789 4595; x_wconf 90' lang='lat' dir='ltr'>agris</span> <span class='ocrx_word' id='word_1_690' title='bbox 812 4521 899 4575; x_wconf 84' lang='lat' dir='ltr'>silen-</span> <span class='ocrx_word' id='word_1_691' title='bbox 953 4525 1007 4586; x_wconf 89' lang='lat' dir='ltr'>tur,</span> <span class='ocrx_word' id='word_1_692' title='bbox 1023 4533 1103 4591; x_wconf 88' lang='lat' dir='ltr'>quam</span> <span class='ocrx_word' id='word_1_693' title='bbox 1117 4532 1178 4572; x_wconf 90' lang='lat' dir='ltr'>cum</span> <span class='ocrx_word' id='word_1_694' title='bbox 1188 4516 1256 4587; x_wconf 89' lang='lat' dir='ltr'>ipsis</span> <span class='ocrx_word' id='word_1_695' title='bbox 1269 4514 1449 4587; x_wconf 87' lang='lat' dir='ltr'>projiciantur</span> <span class='ocrx_word' id='word_1_696' title='bbox 1464 4514 1491 4569; x_wconf 88' lang='lat' dir='ltr'>in</span> <span class='ocrx_word' id='word_1_697' title='bbox 1508 4516 1598 4587; x_wconf 85' lang='lat' dir='ltr'>ignem</span> <span class='ocrx_word' id='word_1_698' title='bbox 1608 4527 1749 4578; x_wconf 81' lang='lat' dir='ltr'>aeternum.</span> 
     </span>
     <span class='ocr_line' id='line_1_50' title="bbox 101 4603 1749 4683; baseline 0.002 -19"><span class='ocrx_word' id='word_1_699' title='bbox 101 4611 183 4679; x_wconf 91' lang='lat' dir='ltr'>tium,</span> <span class='ocrx_word' id='word_1_700' title='bbox 205 4619 231 4665; x_wconf 89' lang='grc' dir='ltr'>ει</span> <span class='ocrx_word' id='word_1_701' title='bbox 255 4611 357 4681; x_wconf 89' lang='lat' dir='ltr'>ubique</span> <span class='ocrx_word' id='word_1_702' title='bbox 376 4609 589 4666; x_wconf 83' lang='lat' dir='ltr'>exterminium:</span> <span class='ocrx_word' id='word_1_703' title='bbox 613 4609 692 4665; x_wconf 88' lang='lat' dir='ltr'>video</span> <span class='ocrx_word' id='word_1_704' title='bbox 716 4610 744 4664; x_wconf 93' lang='lat' dir='ltr'>in</span> <span class='ocrx_word' id='word_1_705' title='bbox 771 4608 898 4664; x_wconf 83' lang='lat' dir='ltr'>militibus</span> <span class='ocrx_word' id='word_1_706' title='bbox 952 4613 1040 4683; x_wconf 81' lang='lat' dir='ltr'>Auge,</span> <span class='ocrx_word' id='word_1_707' title='bbox 1056 4609 1175 4680; x_wconf 89' lang='lat' dir='ltr'>inquam,</span> <span class='ocrx_word' id='word_1_708' title='bbox 1191 4606 1268 4661; x_wconf 90' lang='lat' dir='ltr'>nobis</span> <span class='ocrx_word' id='word_1_709' title='bbox 1282 4606 1381 4676; x_wconf 79' lang='lat' dir='ltr'>lidem3</span> <span class='ocrx_word' id='word_1_710' title='bbox 1412 4603 1476 4675; x_wconf 87' lang='lat' dir='ltr'>quia</span> <span class='ocrx_word' id='word_1_711' title='bbox 1490 4603 1548 4662; x_wconf 83' lang='lat' dir='ltr'>ltaee</span> <span class='ocrx_word' id='word_1_712' title='bbox 1571 4616 1613 4664; x_wconf 91' lang='lat' dir='ltr'>est</span> <span class='ocrx_word' id='word_1_713' title='bbox 1625 4608 1749 4680; x_wconf 87' lang='lat' dir='ltr'>victoria,</span> 
     </span>
     <span class='ocr_line' id='line_1_51' title="bbox 101 4692 1749 4772; baseline 0.002 -19"><span class='ocrx_word' id='word_1_714' title='bbox 101 4699 269 4754; x_wconf 86' lang='lat' dir='ltr'>insolentiam</span> <span class='ocrx_word' id='word_1_715' title='bbox 289 4699 317 4753; x_wconf 92' lang='lat' dir='ltr'>in</span> <span class='ocrx_word' id='word_1_716' title='bbox 335 4701 491 4755; x_wconf 90' lang='lat' dir='ltr'>homiuibus</span> <span class='ocrx_word' id='word_1_717' title='bbox 505 4699 726 4767; x_wconf 89' lang='lat' dir='ltr'>inobedientiam,</span> <span class='ocrx_word' id='word_1_718' title='bbox 742 4708 768 4754; x_wconf 91' lang='grc' dir='ltr'>ει</span> <span class='ocrx_word' id='word_1_719' title='bbox 790 4698 818 4753; x_wconf 93' lang='lat' dir='ltr'>in</span> <span class='ocrx_word' id='word_1_720' title='bbox 833 4713 897 4753; x_wconf 87' lang='lat' dir='ltr'>om·</span> <span class='ocrx_word' id='word_1_721' title='bbox 953 4715 1015 4770; x_wconf 82' lang='lat' dir='ltr'>quae</span> <span class='ocrx_word' id='word_1_722' title='bbox 1038 4697 1122 4754; x_wconf 88' lang='lat' dir='ltr'>vincit</span> <span class='ocrx_word' id='word_1_723' title='bbox 1146 4694 1285 4760; x_wconf 89' lang='lat' dir='ltr'>mundum,</span> <span class='ocrx_word' id='word_1_724' title='bbox 1316 4692 1384 4750; x_wconf 85' lang='lat' dir='ltr'>fides</span> <span class='ocrx_word' id='word_1_725' title='bbox 1416 4694 1547 4766; x_wconf 89' lang='lat' dir='ltr'>nostra(l</span> <span class='ocrx_word' id='word_1_726' title='bbox 1567 4696 1648 4753; x_wconf 73' lang='lat' dir='ltr'>loun.</span> <span class='ocrx_word' id='word_1_727' title='bbox 1665 4715 1693 4766; x_wconf 95' lang='lat' dir='ltr'>v,</span> <span class='ocrx_word' id='word_1_728' title='bbox 1710 4702 1749 4772; x_wconf 80' lang='lat' dir='ltr'>l).</span> 
     </span>
     <span class='ocr_line' id='line_1_52' title="bbox 100 4784 1750 4859; baseline 0.001 -15"><span class='ocrx_word' id='word_1_729' title='bbox 100 4788 180 4845; x_wconf 78' lang='lat' dir='ltr'>niltus</span> <span class='ocrx_word' id='word_1_730' title='bbox 199 4788 388 4859; x_wconf 88' lang='lat' dir='ltr'>insipientiam.</span> <span class='ocrx_word' id='word_1_731' title='bbox 413 4790 542 4846; x_wconf 80' lang='lat' dir='ltr'>libenter</span> <span class='ocrx_word' id='word_1_732' title='bbox 565 4799 653 4846; x_wconf 76' lang='lat' dir='ltr'>minen</span> <span class='ocrx_word' id='word_1_733' title='bbox 670 4788 789 4846; x_wconf 87' lang='lat' dir='ltr'>suilertis</span> <span class='ocrx_word' id='word_1_734' title='bbox 803 4789 899 4858; x_wconf 89' lang='lat' dir='ltr'>hujus·</span> <span class='ocrx_word' id='word_1_735' title='bbox 953 4789 1010 4845; x_wconf 84' lang='lat' dir='ltr'>liae</span> <span class='ocrx_word' id='word_1_736' title='bbox 1025 4787 1078 4842; x_wconf 88' lang='lat' dir='ltr'>tide</span> <span class='ocrx_word' id='word_1_737' title='bbox 1093 4785 1176 4842; x_wconf 84' lang='lat' dir='ltr'>sancti</span> <span class='ocrx_word' id='word_1_738' title='bbox 1209 4784 1440 4856; x_wconf 88' lang='lat' dir='ltr'>viceruntregna,</span> <span class='ocrx_word' id='word_1_739' title='bbox 1455 4784 1559 4855; x_wconf 90' lang='lat' dir='ltr'>operati</span> <span class='ocrx_word' id='word_1_740' title='bbox 1593 4789 1750 4857; x_wconf 59' lang='lat' dir='ltr'>sentinat}-</span> 
     </span>
     <span class='ocr_line' id='line_1_53' title="bbox 101 4872 1750 4950; baseline 0 -17"><span class='ocrx_word' id='word_1_741' title='bbox 101 4879 173 4934; x_wconf 88' lang='lat' dir='ltr'>modi</span> <span class='ocrx_word' id='word_1_742' title='bbox 189 4878 358 4950; x_wconf 86' lang='lat' dir='ltr'>insipientes,</span> <span class='ocrx_word' id='word_1_743' title='bbox 373 4896 434 4935; x_wconf 89' lang='lat' dir='ltr'>cum</span> <span class='ocrx_word' id='word_1_744' title='bbox 460 4879 519 4935; x_wconf 90' lang='lat' dir='ltr'>sitis</span> <span class='ocrx_word' id='word_1_745' title='bbox 541 4879 593 4950; x_wconf 90' lang='lat' dir='ltr'>ipsi</span> <span class='ocrx_word' id='word_1_746' title='bbox 618 4879 729 4935; x_wconf 83' lang='lat' dir='ltr'>forsitan</span> <span class='ocrx_word' id='word_1_747' title='bbox 750 4881 896 4949; x_wconf 88' lang='lat' dir='ltr'>sapientes.</span> <span class='ocrx_word' id='word_1_748' title='bbox 955 4881 1029 4943; x_wconf 90' lang='lat' dir='ltr'>tiam,</span> <span class='ocrx_word' id='word_1_749' title='bbox 1040 4876 1227 4933; x_wconf 78' lang='lat' dir='ltr'>exstinxerunt</span> <span class='ocrx_word' id='word_1_750' title='bbox 1240 4873 1370 4945; x_wconf 87' lang='lat' dir='ltr'>impetum</span> <span class='ocrx_word' id='word_1_751' title='bbox 1385 4872 1467 4943; x_wconf 86' lang='lat' dir='ltr'>ignis,</span> <span class='ocrx_word' id='word_1_752' title='bbox 1491 4872 1647 4945; x_wconf 87' lang='lat' dir='ltr'>ellegerunt</span> <span class='ocrx_word' id='word_1_753' title='bbox 1661 4878 1750 4934; x_wconf 86' lang='lat' dir='ltr'>aciem</span> 
     </span>
     <span class='ocr_line' id='line_1_54' title="bbox 101 4959 1750 5040; baseline -0.002 -17"><span class='ocrx_word' id='word_1_754' title='bbox 101 4966 248 5026; x_wconf 75' lang='lat' dir='ltr'>Sustinetis,</span> <span class='ocrx_word' id='word_1_755' title='bbox 265 4968 337 5024; x_wconf 91' lang='lat' dir='ltr'>enim</span> <span class='ocrx_word' id='word_1_756' title='bbox 358 4972 432 5040; x_wconf 88' lang='lat' dir='ltr'>quod</span> <span class='ocrx_word' id='word_1_757' title='bbox 455 4984 504 5025; x_wconf 88' lang='lat' dir='ltr'>vos</span> <span class='ocrx_word' id='word_1_758' title='bbox 531 4969 559 5023; x_wconf 92' lang='lat' dir='ltr'>in</span> <span class='ocrx_word' id='word_1_759' title='bbox 581 4969 738 5025; x_wconf 88' lang='lat' dir='ltr'>servitutem</span> <span class='ocrx_word' id='word_1_760' title='bbox 762 4968 897 5038; x_wconf 87' lang='lat' dir='ltr'>redigant,</span> <span class='ocrx_word' id='word_1_761' title='bbox 954 4966 1048 5038; x_wconf 82' lang='lat' dir='ltr'>gladii,</span> <span class='ocrx_word' id='word_1_762' title='bbox 1065 4963 1259 5021; x_wconf 86' lang='lat' dir='ltr'>convaluerunt</span> <span class='ocrx_word' id='word_1_763' title='bbox 1268 4962 1301 5017; x_wconf 91' lang='lat' dir='ltr'>de</span> <span class='ocrx_word' id='word_1_764' title='bbox 1316 4959 1517 5016; x_wconf 87' lang='lat' dir='ltr'>infirmitatibus</span> <span class='ocrx_word' id='word_1_765' title='bbox 1532 4963 1589 5016; x_wconf 87' lang='lat' dir='ltr'>suis</span> <span class='ocrx_word' id='word_1_766' title='bbox 1605 4964 1696 5032; x_wconf 80' lang='lat' dir='ltr'>(liedr.</span> <span class='ocrx_word' id='word_1_767' title='bbox 1712 4979 1750 5036; x_wconf 75' lang='grc' dir='ltr'>ει,</span> 
     </span>
     <span class='ocr_line' id='line_1_55' title="bbox 100 5048 1753 5130; baseline 0.001 -18"><span class='ocrx_word' id='word_1_768' title='bbox 100 5057 172 5129; x_wconf 88' lang='lat' dir='ltr'>quod</span> <span class='ocrx_word' id='word_1_769' title='bbox 192 5058 330 5129; x_wconf 88' lang='lat' dir='ltr'>devorent,</span> <span class='ocrx_word' id='word_1_770' title='bbox 345 5060 417 5128; x_wconf 91' lang='lat' dir='ltr'>quod</span> <span class='ocrx_word' id='word_1_771' title='bbox 439 5057 580 5128; x_wconf 89' lang='lat' dir='ltr'>accipiant,</span> <span class='ocrx_word' id='word_1_772' title='bbox 596 5060 667 5130; x_wconf 90' lang='lat' dir='ltr'>quod</span> <span class='ocrx_word' id='word_1_773' title='bbox 688 5075 772 5128; x_wconf 85' lang='lat' dir='ltr'>super</span> <span class='ocrx_word' id='word_1_774' title='bbox 785 5073 834 5115; x_wconf 89' lang='lat' dir='ltr'>vos</span> <span class='ocrx_word' id='word_1_775' title='bbox 848 5072 900 5112; x_wconf 83' lang='lat' dir='ltr'>cx·</span> <span class='ocrx_word' id='word_1_776' title='bbox 956 5060 1001 5128; x_wconf 78' lang='lat'>3³,</span> <span class='ocrx_word' id='word_1_777' title='bbox 1023 5057 1078 5126; x_wconf 72' lang='grc'><strong>34).</strong></span> <span class='ocrx_word' id='word_1_778' title='bbox 1094 5055 1124 5108; x_wconf 91' lang='lat' dir='ltr'>ln</span> <span class='ocrx_word' id='word_1_779' title='bbox 1142 5052 1262 5126; x_wconf 86' lang='lat' dir='ltr'>partibus</span> <span class='ocrx_word' id='word_1_780' title='bbox 1278 5050 1379 5106; x_wconf 88' lang='lat' dir='ltr'>nostris</span> <span class='ocrx_word' id='word_1_781' title='bbox 1402 5049 1504 5121; x_wconf 88' lang='lat' dir='ltr'>ubique</span> <span class='ocrx_word' id='word_1_782' title='bbox 1527 5048 1609 5122; x_wconf 88' lang='lat' dir='ltr'>ignis,</span> <span class='ocrx_word' id='word_1_783' title='bbox 1634 5055 1753 5128; x_wconf 83' lang='lat' dir='ltr'>trudique</span> 
     </span>
     <span class='ocr_line' id='line_1_56' title="bbox 100 5137 1754 5220; baseline -0.001 -21"><span class='ocrx_word' id='word_1_784' title='bbox 100 5146 239 5216; x_wconf 89' lang='lat' dir='ltr'>tollantur,</span> <span class='ocrx_word' id='word_1_785' title='bbox 251 5145 416 5217; x_wconf 90' lang='lat' dir='ltr'>quodetiam</span> <span class='ocrx_word' id='word_1_786' title='bbox 429 5147 457 5202; x_wconf 93' lang='lat' dir='ltr'>in</span> <span class='ocrx_word' id='word_1_787' title='bbox 477 5146 573 5204; x_wconf 81' lang='lat' dir='ltr'>taciem</span> <span class='ocrx_word' id='word_1_788' title='bbox 597 5148 763 5219; x_wconf 88' lang='lat' dir='ltr'>quandoque</span> <span class='ocrx_word' id='word_1_789' title='bbox 784 5162 833 5203; x_wconf 91' lang='lat' dir='ltr'>vos</span> <span class='ocrx_word' id='word_1_790' title='bbox 847 5161 899 5203; x_wconf 73' lang='grc' dir='ltr'>εε-</span> <span class='ocrx_word' id='word_1_791' title='bbox 956 5144 1073 5220; x_wconf 88' lang='lat' dir='ltr'>gladius.</span> <span class='ocrx_word' id='word_1_792' title='bbox 1090 5143 1180 5212; x_wconf 85' lang='lat' dir='ltr'>Quare</span> <span class='ocrx_word' id='word_1_793' title='bbox 1194 5156 1248 5197; x_wconf 92' lang='lat' dir='ltr'>non</span> <span class='ocrx_word' id='word_1_794' title='bbox 1263 5138 1411 5212; x_wconf 89' lang='lat' dir='ltr'>operamini</span> <span class='ocrx_word' id='word_1_795' title='bbox 1434 5137 1589 5209; x_wconf 83' lang='lat' dir='ltr'>justitiam?</span> <span class='ocrx_word' id='word_1_796' title='bbox 1603 5157 1686 5213; x_wconf 87' lang='lat' dir='ltr'>quare</span> <span class='ocrx_word' id='word_1_797' title='bbox 1699 5161 1754 5204; x_wconf 88' lang='lat' dir='ltr'>nou</span> 
     </span>
     <span class='ocr_line' id='line_1_57' title="bbox 100 5227 1757 5311; baseline 0.003 -22"><span class='ocrx_word' id='word_1_798' title='bbox 100 5234 164 5289; x_wconf 89' lang='lat' dir='ltr'>dant</span> <span class='ocrx_word' id='word_1_799' title='bbox 178 5234 204 5306; x_wconf 87' lang='lat' dir='ltr'>(l</span> <span class='ocrx_word' id='word_1_800' title='bbox 218 5235 279 5293; x_wconf 86' lang='lat' dir='ltr'>Cor.</span> <span class='ocrx_word' id='word_1_801' title='bbox 296 5248 336 5302; x_wconf 80' lang='lat' dir='ltr'>xv,</span> <span class='ocrx_word' id='word_1_802' title='bbox 364 5239 407 5303; x_wconf 88' lang='lat' dir='ltr'>l9,</span> <span class='ocrx_word' id='word_1_803' title='bbox 424 5237 480 5311; x_wconf 78' lang='grc' dir='ltr'>ιο),</span> <span class='ocrx_word' id='word_1_804' title='bbox 497 5248 543 5292; x_wconf 92' lang='lat' dir='ltr'>aut</span> <span class='ocrx_word' id='word_1_805' title='bbox 558 5237 639 5294; x_wconf 90' lang='lat' dir='ltr'>etiam</span> <span class='ocrx_word' id='word_1_806' title='bbox 653 5236 776 5294; x_wconf 87' lang='lat' dir='ltr'>reclusos</span> <span class='ocrx_word' id='word_1_807' title='bbox 790 5236 818 5291; x_wconf 93' lang='lat' dir='ltr'>in</span> <span class='ocrx_word' id='word_1_808' title='bbox 837 5251 900 5292; x_wconf 86' lang='lat' dir='ltr'>eav-</span> <span class='ocrx_word' id='word_1_809' title='bbox 956 5231 1329 5307; x_wconf 78' lang='lat' dir='ltr'>exstinguitisigneslquare</span> <span class='ocrx_word' id='word_1_810' title='bbox 1343 5244 1396 5285; x_wconf 92' lang='lat' dir='ltr'>non</span> <span class='ocrx_word' id='word_1_811' title='bbox 1408 5227 1536 5303; x_wconf 79' lang='lat' dir='ltr'>allegatis</span> <span class='ocrx_word' id='word_1_812' title='bbox 1555 5228 1641 5286; x_wconf 90' lang='lat' dir='ltr'>aciem</span> <span class='ocrx_word' id='word_1_813' title='bbox 1655 5233 1757 5308; x_wconf 74' lang='lat' dir='ltr'>gladii?</span> 
     </span>
     <span class='ocr_line' id='line_1_58' title="bbox 101 5314 1758 5399; baseline -0.008 -18"><span class='ocrx_word' id='word_1_814' title='bbox 101 5339 162 5381; x_wconf 86' lang='lat' dir='ltr'>cere</span> <span class='ocrx_word' id='word_1_815' title='bbox 189 5335 335 5396; x_wconf 86' lang='lat' dir='ltr'>emungant</span> <span class='ocrx_word' id='word_1_816' title='bbox 360 5336 484 5399; x_wconf 88' lang='lat' dir='ltr'>argento.</span> <span class='ocrx_word' id='word_1_817' title='bbox 515 5328 558 5384; x_wconf 78' lang='lat' dir='ltr'>An</span> <span class='ocrx_word' id='word_1_818' title='bbox 583 5328 641 5384; x_wconf 86' lang='lat' dir='ltr'>haee</span> <span class='ocrx_word' id='word_1_819' title='bbox 669 5326 801 5398; x_wconf 91' lang='lat' dir='ltr'>patimini,</span> <span class='ocrx_word' id='word_1_820' title='bbox 822 5326 898 5381; x_wconf 93' lang='lat' dir='ltr'>utin</span> <span class='ocrx_word' id='word_1_821' title='bbox 956 5319 1193 5395; x_wconf 81' lang='lat' dir='ltr'>Quaretttaootn</span> <span class='ocrx_word' id='word_1_822' title='bbox 1206 5324 1335 5389; x_wconf 89' lang='lat' dir='ltr'>promptu</span> <span class='ocrx_word' id='word_1_823' title='bbox 1350 5328 1393 5374; x_wconf 87' lang='lat' dir='ltr'>est</span> <span class='ocrx_word' id='word_1_824' title='bbox 1406 5333 1414 5374; x_wconf 75' lang='grc' dir='ltr'>ε</span> <span class='ocrx_word' id='word_1_825' title='bbox 1429 5314 1558 5386; x_wconf 80' lang='lat' dir='ltr'>quianon</span> <span class='ocrx_word' id='word_1_826' title='bbox 1572 5319 1639 5388; x_wconf 87' lang='lat' dir='ltr'>Deo,</span> <span class='ocrx_word' id='word_1_827' title='bbox 1652 5323 1758 5382; x_wconf 69' lang='lat' dir='ltr'>sartho.</span> 
     </span>
     <span class='ocr_line' id='line_1_59' title="bbox 101 5404 1758 5489; baseline -0.002 -19"><span class='ocrx_word' id='word_1_828' title='bbox 101 5413 229 5488; x_wconf 88' lang='lat' dir='ltr'>patientia</span> <span class='ocrx_word' id='word_1_829' title='bbox 243 5421 331 5472; x_wconf 88' lang='lat' dir='ltr'>vestra</span> <span class='ocrx_word' id='word_1_830' title='bbox 341 5415 503 5489; x_wconf 88' lang='lat' dir='ltr'>possideatis</span> <span class='ocrx_word' id='word_1_831' title='bbox 522 5418 628 5473; x_wconf 82' lang='lat' dir='ltr'>enimus</span> <span class='ocrx_word' id='word_1_832' title='bbox 646 5416 775 5476; x_wconf 71' lang='lat' dir='ltr'>vestras?</span> <span class='ocrx_word' id='word_1_833' title='bbox 794 5417 902 5473; x_wconf 87' lang='lat' dir='ltr'>Patien·</span> <span class='ocrx_word' id='word_1_834' title='bbox 956 5413 1080 5469; x_wconf 91' lang='lat' dir='ltr'>minibus</span> <span class='ocrx_word' id='word_1_835' title='bbox 1090 5407 1210 5482; x_wconf 81' lang='lat' dir='ltr'>querius</span> <span class='ocrx_word' id='word_1_836' title='bbox 1219 5407 1335 5479; x_wconf 87' lang='lat' dir='ltr'>placere.</span> <span class='ocrx_word' id='word_1_837' title='bbox 1347 5405 1425 5462; x_wconf 88' lang='lat' dir='ltr'>Unde</span> <span class='ocrx_word' id='word_1_838' title='bbox 1434 5404 1553 5462; x_wconf 87' lang='lat' dir='ltr'>Paulus:</span> <span class='ocrx_word' id='word_1_839' title='bbox 1569 5408 1701 5471; x_wconf 69' lang='lat' dir='ltr'>¹liuditum</span> <span class='ocrx_word' id='word_1_840' title='bbox 1712 5415 1758 5473; x_wconf 76' lang='lat' dir='ltr'>do·</span> 
     </span>
     <span class='ocr_line' id='line_1_60' title="bbox 102 5497 1754 5576; baseline -0.001 -14"><span class='ocrx_word' id='word_1_841' title='bbox 102 5505 225 5562; x_wconf 86' lang='lat' dir='ltr'>ticenim</span> <span class='ocrx_word' id='word_1_842' title='bbox 253 5505 332 5563; x_wconf 90' lang='lat' dir='ltr'>nobis</span> <span class='ocrx_word' id='word_1_843' title='bbox 358 5508 513 5564; x_wconf 89' lang='lat' dir='ltr'>necessaria</span> <span class='ocrx_word' id='word_1_844' title='bbox 540 5520 591 5576; x_wconf 89' lang='lat' dir='ltr'>est,</span> <span class='ocrx_word' id='word_1_845' title='bbox 618 5521 647 5565; x_wconf 93' lang='lat' dir='ltr'>ut</span> <span class='ocrx_word' id='word_1_846' title='bbox 671 5508 837 5565; x_wconf 87' lang='lat' dir='ltr'>voluntatem</span> <span class='ocrx_word' id='word_1_847' title='bbox 852 5505 902 5562; x_wconf 88' lang='lat' dir='ltr'>Dei</span> <span class='ocrx_word' id='word_1_848' title='bbox 956 5503 1243 5576; x_wconf 79' lang='lat' dir='ltr'>mtuttusptncerem,</span> <span class='ocrx_word' id='word_1_849' title='bbox 1253 5497 1361 5554; x_wconf 73' lang='lat' dir='ltr'>Christi</span> <span class='ocrx_word' id='word_1_850' title='bbox 1372 5511 1470 5555; x_wconf 70' lang='lat' dir='ltr'>amous</span> <span class='ocrx_word' id='word_1_851' title='bbox 1481 5511 1540 5554; x_wconf 82' lang='lat' dir='ltr'>noo</span> <span class='ocrx_word' id='word_1_852' title='bbox 1549 5503 1754 5574; x_wconf 66' lang='lat' dir='ltr'>eaeemfflolot.</span> 
     </span>
    </p>
   </div>
   <div class='ocr_carea' id='block_1_4' title="bbox 0 0 1864 5962">
    <p class='ocr_par' dir='ltr' id='par_1_4' title="bbox 0 0 1864 5962">
     <span class='ocr_line' id='line_1_61' title="bbox 0 0 1864 5962; baseline 0 0"><span class='ocrx_word' id='word_1_853' title='bbox 0 0 1864 5962; x_wconf 95' lang='lat' dir='ltr'> </span> 
     </span>
    </p>
   </div>
  </div>
 </body>
</html>
