3706 5962
166 228 218 287 107
809 227 1005 291 Glhhllllllllll
1025 222 1161 285 casalis
1757 212 1809 273 tua

162 350 328 418 innomine,
341 350 396 408 imo
410 350 450 407 sic
462 349 551 423 capite
565 350 723 409 Dominum.
737 352 867 409 Sublimis
881 354 958 411 loeus
1015 347 1156 420 discipulis
1176 339 1351 416 desponsavit
1368 337 1529 396 Ecclesiam.
1545 335 1725 408 Desponsavit
1747 351 1811 392 eana

161 446 213 507 εει,
228 439 295 493 ιιιιιιι
309 439 375 495 illuc
390 437 491 496 vilioris
504 439 601 496 ειιειιε
615 441 746 500 materiae.
767 441 863 498 Videte
877 457 958 499 voca·
1014 439 1043 494 in
1057 437 1120 503 fide,
1140 432 1314 506 deSP0¹1⁵²Vil
1333 445 1394 485 ΕΜ]
1413 427 1504 483 (1811ᾱο
1526 425 1555 480 ῙΠ
1569 423 1698 482 ⁰⁰rffi¹¹⁰⁸
1712 441 1810 481 0⁰¹⁰¹¹¹

162 526 262 582 tionem
281 535 409 594 vestram,
440 527 533 584 videte
558 544 641 602 quem
664 529 729 585 estis
751 530 778 584 in
803 547 882 586 usum
910 546 956 586 as·
1012 526 1122 581 arrham
1137 530 1164 580 et
1178 522 1286 594 pignus,
1303 527 1330 574 et
1350 516 1483 588 primitias
1498 513 1624 587 Spiritus.
1639 513 1675 567 Et
1688 513 1810 584 despon-

161 614 270 685 sumpti.
295 614 368 669 Nihil
392 615 456 683 leni,
472 616 538 672 nihil
561 617 637 688 ligni,
663 618 730 673 nihil
754 618 915 689 stipularum
929 619 956 674 in
1011 615 1080 670 satio
1095 611 1193 669 dicitur
1208 601 1381 681 participatio
1400 604 1526 677 Spiritus,
1543 603 1651 675 quando
1665 602 1810 658 adhaerens

160 701 268 757 Domini
278 703 367 759 velitis
380 703 534 760 diademate
551 711 652 763 texere.
664 706 735 761 Nihil
750 706 868 779 denique
883 706 956 779 quad
1009 701 1068 758 Deo
1088 703 1146 772 jam
1168 713 1225 754 non
1248 697 1313 764 duo,
1339 694 1388 750 sed
1410 708 1481 748 unus
1505 691 1616 763 spiritus
1635 700 1676 746 est
1700 693 1727 760 (l
1745 693 1807 748 Cor.

160 789 253 862 ignem
267 792 458 848 mereaturvel
472 801 609 849 vereatur.
622 793 712 865 Spinae
728 795 877 866 complexae
891 795 956 868 igne
1010 808 1051 859 vr,
1067 793 1122 859 ll).
1134 786 1259 858 Denique
1269 793 1297 840 et
1308 786 1365 855 ipse
1375 790 1416 838 est
1427 784 1507 836 homo
1522 779 1569 851 qui
1580 779 1688 851 reliquit
1701 787 1808 850 patrem

161 879 367 933 comburantur.
382 879 442 934 Noli
455 880 576 935 aemulari
586 881 613 935 in
628 882 848 956 mahgnantihus,
865 898 955 955 neque
1010 887 1036 934 et
1060 886 1184 942 matrem,
1202 883 1228 930 et
1241 865 1448 929 adhaesit'uxori
1462 884 1528 936 suae,
1545 877 1572 923 et
1595 868 1659 922 lacti
1673 875 1737 923 sunt
1752 868 1808 923 duo

160 965 289 1021 zelaveris
299 981 347 1021 eos
366 966 413 1040 qui
428 967 552 1038 spineam
566 969 648 1040 capiti
664 970 746 1045 Regis
760 971 847 1026 nostri
860 971 953 1041 impa-
1009 967 1133 1023 incarne
1154 979 1209 1020 una
1232 962 1343 1034 (Ephes.
1367 977 1395 1025 v,
1415 963 1461 1023 31,
1478 958 1533 1028 ιιι).
1559 956 1583 1012 0
1608 957 1716 1011 beatum
1732 973 1808 1012 com·

159 1069 240 1109 suere
259 1069 399 1110 eoronam.
425 1056 491 1111 Tale
516 1056 642 1111 diadema
666 1074 721 1113 non
746 1060 887 1123 honorem,
908 1058 955 1113 sed
1009 1055 1145 1112 mercium
1161 1051 1167 1106 l
1184 1052 1255 1106 lacta
1279 1066 1310 1105 εε
1331 1063 1393 1104 cum
1416 1061 1517 1118 sponsa
1540 1045 1671 1100 incarne
1695 1061 1758 1113 una,
1779 1052 1809 1100 et

160 1140 300 1197 horrorem
315 1141 432 1198 adducit.
448 1143 546 1198 Horret
565 1144 690 1199 Christus
712 1145 800 1216 magis
819 1145 954 1216 asperita-
1008 1143 1068 1214 ipsa
1078 1157 1141 1197 cum
1155 1153 1256 1212 sponso
1271 1138 1298 1191 in
1314 1150 1368 1191 una
1391 1135 1497 1207 spiritu.

159 1236 214 1284 tem
231 1245 349 1300 morum,
368 1231 470 1304 linguae
485 1231 620 1298 stimulos,
637 1248 720 1305 quam
735 1233 847 1289 aculeos
862 1233 954 1304 spina·
1044 1236 1071 1286 9.
1092 1229 1234 1298 Quomodo
1255 1232 1414 1298 oportuerat
1428 1222 1462 1277 de
1482 1222 1530 1276 tali
1553 1229 1579 1276 te
1599 1220 1720 1293 gaudere
1735 1234 1806 1275 con-

160 1332 221 1372 rum
242 1318 293 1370 :io
313 1316 353 1372 liis
375 1318 527 1388 praesertim
548 1319 594 1390 qui
617 1318 645 1372 in
666 1320 767 1374 silentii
787 1319 873 1376 vocati
891 1326 954 1374 sunt
1007 1320 1095 1393 jugia,
1107 1318 1195 1374 tidelis
1209 1311 1466 1385 animalquomodo
1475 1311 1570 1376 laetari,
1582 1319 1609 1366 et
1623 1311 1696 1366 diem
1705 1310 1807 1365 festum

159 1405 368 1477 simplicitatem,
380 1408 407 1460 in
416 1408 553 1463 charitatis
565 1408 713 1480 negotium,
726 1409 754 1462 in
765 1408 812 1464 otii
822 1409 951 1481 quietem,
1007 1409 1114 1480 agere?
1137 1407 1262 1469 Induere,
1292 1403 1406 1457 induere
1428 1399 1596 1456 vestimentis
1619 1398 1715 1471 gloriae
1741 1405 1805 1466 tuae,

159 1491 187 1547 in
211 1493 367 1548 humilitatis
391 1495 522 1560 scholam,
547 1495 576 1549 in
599 1497 777 1566 subjectionis
799 1505 900 1562 votum,
926 1504 954 1552 ει
1008 1496 1102 1553 civitas
1126 1503 1219 1550 sancta
1243 1494 1320 1564 (lsai.
1345 1505 1391 1555 ι.ιι,
1418 1491 1456 1558 l),
1485 1485 1546 1544 Μ
1573 1502 1674 1558 sponsa
1701 1486 1766 1558 agni
1798 1500 1805 1538 :

158 1580 296 1637 duculum
319 1581 439 1635 unitatis.
465 1582 519 1637 Sed
543 1598 599 1637 non
623 1591 663 1637 est
683 1584 785 1638 bonum
803 1583 950 1649 vinculum,
1007 1584 1096 1660 gaude
1111 1592 1138 1639 ει
1159 1584 1261 1649 laetare,
1283 1580 1358 1646 Sion,
1381 1577 1511 1644 adjuncta
1524 1575 1641 1630 Christo.
1662 1571 1806 1641 Quomodo

159 1668 268 1741 quando
284 1669 335 1722 sihi
349 1678 443 1748 mutuo
457 1670 680 1736 confederantur,
695 1679 721 1725 ει
736 1671 763 1725 in
779 1672 894 1727 aliorum
908 1672 954 1726 oh
1007 1680 1036 1728 tu
1051 1687 1105 1727 non
1115 1671 1257 1742 gaudebis,
1273 1684 1336 1724 cum
1350 1665 1468 1738 gaudeat
1478 1664 1560 1735 ipse?
1573 1661 1711 1719 Gaudebit
1724 1678 1806 1733 spea-

159 1756 349 1813 treatationem
370 1755 495 1812 dexteras
518 1766 674 1823 conserunt,
698 1759 854 1813 Judaeorum
877 1773 952 1814 more
969 1709 991 1788 Β
1006 1759 1169 1832 sus,inquit,
1177 1774 1261 1831 super
1270 1770 1412 1828 sponsam,
1422 1750 1588 1825 etpaudcbit
1598 1765 1682 1822 super
1694 1753 1721 1804 te
1731 1751 1804 1806 Deus

159 1843 301 1898 dicentes:
317 1843 454 1900 Toliamus
463 1848 588 1915 justum,
599 1845 667 1918 quia
678 1845 798 1901 inutilis
808 1849 851 1902 est
861 1845 951 1910 nobis,
1008 1853 1075 1905 tuus
1090 1849 1154 1920 (isa.
1171 1863 1236 1914 ιιιι,
1251 1848 1292 1916 a).
1316 1844 1369 1899 Sed
1384 1849 1487 1914 quanto
1501 1839 1626 1911 gaudio?
1643 1840 1674 1895 ln
1688 1838 1744 1904 die,
1762 1837 1804 1891 in-

159 1935 188 1989 st
211 1934 374 1987 contrarius
397 1931 526 2003 operibus
542 1934 649 1989 nostris
673 1935 748 2005 (Sap.
773 1949 805 2002 ιι,
827 1937 881 2004 ιι).
901 1934 953 1989 Vos
1007 1937 1075 2010 quit,
1088 1933 1315 2008 desponsationis
1329 1934 1400 2004 ejus,
1422 1934 1450 1985 et
1465 1932 1497 1985 in
1512 1927 1558 1982 die
1582 1927 1696 1984 ioetitioe
1710 1928 1804 1983 cordis

156 2026 248 2075 autem
270 2018 434 2074 aemulamini
458 2019 533 2091 pacis
557 2021 660 2074 honum
682 2021 710 2074 in
735 2022 806 2077 bono
831 2037 950 2092 semper.
1007 2027 1075 2097 ejus.
1091 2025 1152 2080 Non
1167 2025 1252 2080 levem
1264 2020 1338 2077 dedit
1351 2017 1467 2090 intelligi
1481 2017 1581 2071 laetitiae
1595 2022 1804 2086 motum,quem

194 2112 221 2162 8.
249 2105 373 2177 Denique
407 2107 512 2179 species
540 2122 649 2163 coronae
681 2108 819 2180 quoddam
844 2108 953 2163 unitatis
1006 2129 1067 2169 esse
1082 2113 1173 2169 cordis
1197 2110 1339 2182 expressit.
1357 2106 1487 2162 Laetitiam
1503 2104 1588 2160 dico?
1611 2103 1714 2159 delicia
1729 2110 1801 2157 sunt.

156 2194 419 2268 praelertindicium.
441 2196 503 2251 Non
527 2197 585 2251 sola
606 2211 716 2252 coronae
740 2206 782 2252 est
795 2197 953 2253 aestimanda
1006 2202 1130 2269 Deliaioe,
1157 2201 1256 2271 inquit,
1284 2214 1354 2253 meoe
1379 2210 1439 2251 esse
1466 2210 1533 2250 cum
1561 2192 1631 2262 filiis
1652 2191 1803 2247 homiaem

156 2282 294 2352 materies,
315 2282 365 2338 sed
388 2292 416 2338 et
438 2283 526 2338 forma
541 2286 602 2354 ejus
623 2285 745 2355 pulchrae
765 2285 953 2358 intelligentia
1006 2291 1098 2361 (Prou.
1110 2304 1172 2355 ιιιι,
1185 2291 1240 2357 31).
1257 2286 1345 2356 Quam
1355 2299 1420 2340 care
1431 2283 1490 2351 tibi,
1505 2284 1569 2337 Jesu
1584 2283 1665 2351 hone,
1677 2288 1803 2336 constant

155 2371 276 2426 rationes
298 2370 478 2426 administrat.
493 2373 533 2426 Ea
557 2372 630 2427 enim
648 2381 691 2427 est
711 2388 820 2429 coronae
835 2374 950 2445 species,
1006 2375 1058 2432 illae
1082 2374 1203 2431 laetitiael
1226 2374 1288 2429 Non
1302 2371 1388 2444 gratis
1407 2386 1455 2427 eas
1469 2369 1603 2441 possides,
1622 2382 1689 2440 quas
1711 2368 1802 2423 carnis

108 2454 112 2463 “
155 2474 217 2532 quae
232 2466 260 2514 et
274 2459 302 2512 in
324 2460 418 2514 orbem
442 2460 560 2515 cohaeret
573 2467 600 2514 et
616 2460 643 2514 in
658 2461 740 2516 altum
756 2477 785 2518 se
800 2462 890 2536 erigit.
906 2462 953 2517 Vis
1005 2464 1131 2537 passione
1145 2462 1318 2534 comparasti.
1334 2461 1399 2516 ldeo
1423 2458 1513 2515 cordis
1528 2464 1632 2512 tantum
1651 2458 1722 2513 hana
1737 2455 1803 2512 dicit

154 2546 256 2604 hahere
280 2547 472 2604 cohaerentiam
496 2550 641 2621 quamdam
669 2566 842 2607 communem
869 2559 895 2607 et
924 2552 952 2607 id
1006 2551 1140 2609 laetitiam.
1167 2551 1269 2623 lnjuria
1283 2557 1326 2605 est
1347 2547 1452 2619 sponsi,
1468 2546 1491 2600 si
1514 2546 1573 2616 ipse
1592 2545 1706 2613 laetatur,
1733 2551 1761 2600 et
1774 2551 1803 2599 tu

154 2635 954 2707 ipsum?credentium,nquit,eretcorunam,etanima
1006 2656 1062 2697 non
1086 2657 1120 2698 ex
1141 2640 1224 2696 eorde
1244 2637 1395 2708 applaudis,
1424 2649 1480 2690 non
1508 2632 1716 2706 congratularis,
1747 2647 1802 2688 non

154 2740 214 2780 una
227 2724 301 2794 (Act.
318 2737 354 2789 ιι,
372 2726 426 2791 32).
437 2722 505 2789 Quis
521 2724 601 2794 hujus
615 2725 725 2780 unitatis
741 2725 827 2781 finis?
841 2730 954 2800 Propter
1007 2729 1173 2801 congaudes.
1194 2726 1242 2782 Vel
1258 2724 1369 2794 fastidii,
1384 2723 1427 2780 sel
1447 2722 1629 2794 despectionis
1648 2721 1733 2776 instar
1749 2729 1801 2786 est,

155 2827 233 2884 spem
246 2811 349 2883 utique,
371 2826 432 2883 quae
453 2812 572 2882 reposita
594 2819 636 2867 est
658 2813 687 2868 in
710 2814 877 2873 ooelestibus.
894 2819 952 2872 lam
1006 2832 1068 2873 cum
1084 2815 1219 2890 gaudente
1234 2830 1289 2868 non
1303 2812 1435 2886 gaudere,
1454 2818 1482 2866 et
1495 2813 1549 2866 hoa
1567 2811 1595 2865 in
1611 2809 1802 2881 desponsatio-

155 2915 222 2971 srgo
241 2899 326 2954 habes
349 2899 541 2954 cohaerentiam
555 2899 583 2955 in
597 2901 701 2958 unitate
719 2920 726 2957 :
742 2903 911 2959 erectionem
926 2906 953 2959 in
1006 2905 1049 2960 nis
1067 2905 1121 2959 die.
1149 2904 1286 2960 allectum
1311 2910 1386 2956 tuum
1410 2901 1488 2970 cujus
1511 2899 1612 2954 alliciat
1634 2898 1751 2969 species,
1780 2899 1803 2953 si

155 3003 216 3060 ape.
230 2987 266 3042 Et
274 2986 435 3059 Apostolus:
454 2989 577 3058 Galeam,
589 2988 684 3062 inquit,
695 2992 803 3048 salutis
818 2996 952 3050 assumite
1007 3008 1061 3048 non
1086 2995 1146 3062 ejus
1166 2992 1213 3064 qui
1233 2991 1372 3062 speciosus
1393 2997 1437 3045 cst
1459 2988 1547 3044 lorma
1560 3002 1617 3058 prae
1639 2986 1701 3041 liliis
1720 2986 1805 3042 homi·

155 3075 266 3148 (Spiret.
289 3089 326 3142 vr,
352 3078 408 3149 ιι).
429 3076 462 3130 Ει
484 3078 555 3133 bene
575 3077 609 3132 de
633 3079 714 3152 galea
733 3080 888 3137 introducta
911 3090 953 3139 est
969 3052 991 3131 Β
1007 3081 1096 3136 num?
1111 3080 1242 3136 Gaudens
1253 3079 1343 3152 gaude
1358 3077 1386 3132 in
1397 3077 1522 3148 Domino,
1539 3083 1568 3131 et
1582 3075 1699 3131 exsultet
1713 3075 1805 3129 anima

155 3165 269 3249 mentip,
286 3179 319 3220 eo
334 3165 406 3235 quod
425 3164 523 3220 habeat
535 3167 681 3238 quamdam
697 3184 872 3225 cumeorona
886 3171 952 3227 viei-
1008 3177 1054 3224 tua
1069 3169 1096 3223 in
1119 3182 1220 3241 sponso
1246 3177 1302 3232 tuo,
1328 3166 1355 3220 in
1374 3165 1431 3220 Deo
1455 3172 1524 3221 tua:
1549 3163 1595 3234 qul
1614 3163 1638 3218 si
1660 3164 1734 3219 Deus
1749 3178 1805 3218 non

155 3252 239 3308 marn.
259 3252 329 3307 Nam
351 3259 465 3326 utraque
488 3254 585 3324 capitis
603 3262 664 3321 est,
685 3257 734 3311 sed
755 3257 840 3313 altera
865 3258 953 3312 muni·
1008 3265 1091 3324 esset,
1109 3266 1138 3312 et
1154 3258 1233 3312 homo
1249 3270 1333 3326 purus
1356 3261 1439 3318 esset,
1456 3259 1570 3325 quantas
1584 3260 1675 3307 tamen
1689 3251 1805 3307 haberet

155 3349 285 3409 mentum,
315 3342 400 3397 altera
423 3350 625 3399 ornamentum.
653 3344 716 3400 ldeo
743 3345 812 3399 nihil
839 3346 954 3417 impedit
1007 3346 1036 3401 in
1059 3361 1088 3401 se
1111 3345 1212 3399 amoris
1236 3342 1380 3398 illecebras
1407 3343 1487 3396 homo
1507 3342 1576 3407 talis,
1600 3347 1638 3396 tot
1655 3340 1804 3410 gratiarum

154 3445 232 3501 spem
255 3430 289 3484 ad
313 3439 456 3502 utramque
476 3431 571 3487 referri
588 3446 594 3485 :
619 3434 672 3504 Spe
691 3433 770 3491 esaim
790 3435 863 3490 salai
881 3435 954 3504 [aeti
1008 3434 1150 3490 abundans
1164 3430 1346 3487 muneribus?
1361 3433 1430 3486 Nam
1445 3430 1498 3485 sia
1514 3430 1604 3485 radice
1618 3429 1803 3500 conceptionis

155 3534 253 3574 wmus
267 3521 358 3589 (llam.
370 3533 430 3584 ιιιι,
444 3519 501 3587 ιι).
517 3522 570 3574 lsta
582 3535 654 3576 nunc
664 3521 698 3575 de
712 3521 800 3575 forma
813 3523 954 3593 perstricta
1007 3521 1068 3589 ejus
1082 3535 1230 3576 recensere
1244 3519 1373 3591 aoeperis,
1389 3527 1463 3574 totus
1477 3519 1525 3574 tihi
1536 3518 1658 3573 stellatus
1669 3517 1805 3572 videbitur

155 3604 301 3661 sufficiant.
325 3606 366 3660 De
393 3605 506 3660 materia
534 3607 599 3677 quid
631 3608 777 3678 quaeritis?
800 3608 855 3681 lpsi
878 3607 951 3664 enim
1007 3607 1083 3676 juxta
1112 3607 1298 3664 conditionem
1332 3608 1493 3673 humanam,
1520 3614 1575 3660 tam
1603 3604 1802 3677 singularitate,

156 3694 232 3749 scitis
257 3693 331 3765 quod
352 3693 478 3764 fragilem
501 3701 528 3748 ot
550 3694 696 3749 obscuram
718 3696 861 3751 materiam
880 3695 955 3751 dedi·
1008 3707 1090 3765 quam
1105 3695 1267 3750 excellentia
1280 3694 1412 3750 virtutum
1430 3709 1436 3748 ε
1452 3695 1533 3750 ιιοιιιο
1548 3692 1690 3760 ἰιιιιοεειιε,
1706 3692 1803 3762 ιιιιροι-

155 3783 339 3853 gnaturlocus
354 3781 488 3835 sublimis.
502 3783 606 3835 Auram
620 3783 677 3836 vult
693 3790 721 3837 et
734 3784 839 3854 lapides
853 3783 955 3854 pretio·
1007 3780 1090 3851 lutus,
1109 3790 1271 3855 segregatus
1290 3800 1305 3838 a
1319 3782 1526 3854 peccatoribus;
1543 3789 1572 3836 ut
1583 3781 1694 3837 interim
1708 3780 1804 3835 sileam

156 3884 212 3926 sos.
225 3870 351 3925 Posuisti
365 3869 437 3923 enim
451 3869 485 3925 ia
494 3873 587 3942 capita
597 3871 657 3942 ejas
672 3886 806 3929 aaronem
816 3870 849 3929 de
861 3871 954 3946 lapide
1007 3871 1080 3941 quod
1095 3871 1230 3926 excelsior
1244 3872 1322 3927 coelis
1331 3871 1421 3927 laetus
1435 3879 1477 3927 est
1490 3870 1584 3942 (Heba.
1596 3885 1647 3936 ιιι,
1664 3874 1720 3940 26),
1731 3867 1806 3924 infir·

159 3957 282 4031 pretiose
294 3959 379 4027 (Psoi.
395 3973 439 4023 xx,
456 3958 494 4028 ι).
506 3961 612 4014 Αιιιειιε
622 3958 650 4012 in
659 3960 824 4032 Apocalypsi
838 3976 953 4018 coronas
1007 3959 1144 4014 mitatibus
1159 3960 1260 4015 nostris
1275 3967 1372 4031 potens
1381 3960 1510 4030 compati,
1526 3965 1645 4015 tentatus
1655 3974 1705 4029 per
1713 3958 1806 4013 omnia

158 4044 228 4118 legis
249 4045 343 4116 (ipae.
367 4060 405 4112 tv,
430 4046 469 4117 l).
490 4045 608 4102 Pretiosa
633 4048 769 4114 materies,
785 4048 842 4105 sive
865 4051 954 4105 solum
1006 4063 1057 4119 pro
1065 4047 1241 4104 similitudine
1251 4049 1356 4122 absque
1365 4056 1477 4121 peceato
1488 4046 1807 4119 (ilclr.1v,lt¹s).l)iliusa

156 4134 193 4189 sit
206 4149 312 4203 aarum,
336 4134 392 4190 sive
410 4134 535 4207 quaedam
558 4134 618 4189 auri
639 4152 866 4210 gemmarumque
885 4140 953 4194 mis·
1006 4143 1049 4193 est
1064 4137 1153 4209 gratia
1171 4138 1199 4192 in
1217 4139 1306 4205 labiis,
1322 4137 1510 4194 misericordia
1528 4137 1556 4191 in
1570 4133 1732 4201 visceribus,
1752 4135 1806 4190 vir·

158 4229 229 4278 tura.
253 4222 307 4278 Sed
331 4222 426 4278 nescio
449 4223 515 4294 quid
542 4223 654 4292 majoris
678 4225 774 4297 gratiss
797 4225 953 4298 significare
1008 4231 1051 4279 tua
1065 4224 1093 4278 in
1112 4224 1253 4295 manihas;
1270 4225 1477 4282 conversatione
1500 4223 1656 4298 singularis,
1676 4238 1805 4279 sermone

158 4308 275 4375 videtur,
291 4308 365 4381 quod
379 4309 438 4364 auri
460 4311 598 4366 mentione
614 4312 720 4366 sublata
735 4313 769 4370 de
789 4313 893 4386 lapide,
908 4315 954 4369 in·
1009 4313 1179 4381 communis;
1199 4314 1343 4385 prudentia
1360 4315 1390 4369 in
1413 4314 1561 4384 responsis,
1576 4312 1631 4368 vita
1654 4312 1681 4367 in
1699 4312 1803 4369 verbis.

160 4399 228 4471 quit,
242 4401 362 4470 pretioso
381 4399 502 4469 posuisti
524 4401 662 4472 incapite
681 4403 742 4473 ejus
759 4417 901 4459 coronam.
919 4404 955 4458 Et
969 4392 993 4472 ss
1009 4401 1089 4472 Quid,
1109 4403 1182 4474 quod
1203 4410 1353 4475 conceptus
1375 4411 1417 4460 est
1442 4418 1475 4458 ex
1497 4401 1562 4470 lide,
1587 4408 1668 4457 natus
1686 4416 1719 4456 ex
1739 4400 1804 4457 Vir-

160 4488 249 4543 adhue
271 4487 491 4542 excellentiorem
510 4487 588 4544 vobis
617 4488 775 4545 demonstro
803 4491 953 4548 materiam.
1008 4490 1084 4562 gine,
1105 4505 1161 4545 non
1183 4503 1359 4563 consumptus
1378 4492 1406 4545 in
1427 4500 1525 4559 morte,
1547 4497 1576 4547 et
1598 4497 1754 4562 assumptus
1775 4489 1805 4544 in

157 4577 295 4648 Apparuit
306 4577 420 4646 siparum
440 4592 575 4648 maguum
590 4577 622 4633 ist
636 4578 714 4643 cele,
730 4578 836 4636 mulier
849 4583 956 4637 amiota
1007 4578 1119 4653 gloria?

158 4664 225 4730 sole,
241 4667 269 4717 et
285 4663 318 4716 ia
335 4664 430 4736 capite
445 4665 508 4735 ejus
521 4680 624 4722 corona
642 4667 791 4724 stellarum
807 4666 955 4723 duodecim
1046 4671 1088 4723 ιθ.
1105 4667 1216 4726 Reticeo
1231 4684 1303 4724 nunc
1318 4668 1487 4726 credentium
1502 4683 1654 4736 numerum,
1666 4675 1694 4723 et
1708 4666 1807 4722 merita

158 4751 211 4823 (ld.
238 4764 286 4817 ιιι,
303 4753 341 4820 ι).
361 4750 554 4820 Apostolorum
574 4751 622 4806 tibi
638 4760 665 4808 et
679 4769 793 4810 numero
816 4764 843 4811 et
864 4756 955 4827 specie
1008 4757 1180 4828 populorum,
1200 4772 1268 4830 quos
1282 4758 1366 4814 misso
1379 4758 1481 4830 Spiritu
1497 4757 1549 4812 sihi
1571 4757 1601 4812 in
1625 4756 1678 4811 lide
1693 4763 1721 4811 et
1735 4756 1805 4810 cha-

157 4840 258 4895 ahorus
265 4843 443 4895 monstratur.
454 4839 506 4906 Qui
511 4839 583 4893 enim
591 4839 627 4896 ad
637 4840 954 4914 sapientiamerudt'unt
1008 4845 1089 4899 ritate
1099 4845 1220 4902 sociavit.
1232 4845 1255 4900 Ο
1266 4862 1331 4903 ιειε
1346 4863 1473 4920 magnum
1483 4845 1595 4918 pietatis
1604 4853 1806 4900 sacramentum

156 4931 273 4994 mutter,
285 4925 467 4999 quasistelioe
478 4927 672 4998 splendentia
680 4935 833 5002 perpetuas
843 4935 956 4988 aetermi·
1008 4933 1140 5002 Christus,
1156 4933 1353 4990 irritamentum
1376 4936 1486 5000 amoris,
1509 4935 1556 5008 qui
1576 4932 1764 4989 manifestatus
1777 4944 1807 4988 et

158 5021 232 5074 tates
253 5018 336 5078 (Dan.
361 5030 409 5082 xri,
429 5017 467 5086 3).
492 5017 556 5072 llaec
570 5031 670 5072 corona
691 5019 806 5073 iratruna
829 5020 904 5074 stetit
927 5020 955 5075 in
1008 5021 1150 5077 intestatus
1164 5023 1247 5078 estin
1261 5023 1527 5094 carne,justificatus
1540 5033 1583 5080 est
1597 5023 1626 5077 in
1640 5021 1808 5093 spirituap-

159 5106 274 5162 circuitu
296 5108 371 5171 Jesu,
398 5105 467 5161 sieut
487 5105 618 5177 seriptum
639 5116 682 5161 est
699 5110 775 5176 (tue.
798 5123 871 5178 xxxv,
897 5110 954 5178 36).
1008 5112 1100 5182 paruit
1113 5111 1236 5183 Angelis,
1247 5113 1412 5184 praedicatus
1425 5113 1615 5184 estgentibus,
1633 5111 1754 5168 creditus
1763 5117 1807 5166 est

156 5195 192 5251 Et
215 5196 243 5250 in
259 5193 425 5266 Apocalypsi
443 5193 597 5250 diademata
611 5195 696 5250 multa
713 5195 743 5249 in
760 5196 848 5266 capite
862 5192 956 5267 sponsi
1008 5198 1121 5266 mundo,
1147 5209 1300 5273 assumptus
1319 5211 1360 5258 est
1381 5203 1407 5257 in
1431 5202 1532 5275 glorial
1551 5205 1576 5273 (l
1603 5202 1671 5260 lim.
1688 5215 1730 5270 ιιι,
1747 5201 1806 5269 16.)

156 5285 253 5358 (Aper.
276 5301 331 5354 xix,
355 5285 409 5356 lt),
426 5286 576 5341 secundum
601 5284 788 5342 diversitatem
807 5286 955 5356 gratiarum
1009 5285 1076 5356 Quis
1089 5289 1135 5344 det
1148 5289 1213 5344 mihi
1227 5290 1292 5346 istas
1305 5290 1460 5348 discurrere
1475 5302 1503 5348 et
1518 5306 1660 5347 recurrere
1675 5289 1806 5362 frequen-

155 5382 184 5431 et
198 5373 332 5447 graduum
356 5387 362 5426 :
383 5373 432 5429 sed
453 5373 519 5429 illud
540 5375 708 5446 praecipuum
730 5387 785 5445 quo
809 5384 956 5432 coronatus
1009 5385 1051 5433 ter
1063 5394 1113 5450 per
1135 5379 1229 5449 lineas,
1246 5387 1273 5435 et
1286 5396 1336 5452 per
1353 5381 1476 5454 singulos
1490 5381 1619 5436 virtutum
1641 5387 1670 5436 et
1688 5394 1806 5450 operum

155 5461 243 5526 estin
267 5460 312 5518 die
334 5461 554 5535 desponsationis
575 5477 652 5529 suae;
667 5461 696 5517 in
718 5460 762 5516 die
781 5477 835 5534 qua
858 5463 912 5520 sihi
926 5465 955 5520 in
996 5467 1805 5543 ‚gradusdicero:hemerammum&trituraturis,
