3712 5970
55 192 109 254 155
659 182 692 243 tu
712 178 1104 245 ειιιεειεεεεοεεεε.
1423 226 1431 237 .
1652 193 1702 254 ssa

52 319 200 376 mixturam
223 322 318 370 tamen
342 327 399 373 non
424 308 563 382 refugiunt
585 306 650 365 vini.
675 307 747 370 Nem
765 306 793 362 in
814 321 891 410 se]
908 301 998 362 dicum
1012 309 1085 380 quod
1099 310 1187 367 habeo
1200 309 1254 367 olei
1275 309 1348 369 rasis
1366 310 1532 387 ingentibus,
1549 318 1631 390 etqua
1645 317 1701 375 uti·

56 403 202 481 questibus
227 401 367 474 aliquanto
390 408 452 471 post
474 398 548 455 dicet
564 411 571 452 :
587 395 648 455 siti
666 397 765 453 vinem
788 413 854 452 cum
907 410 971 451 uam
994 395 1091 468 aliquis
1115 399 1230 454 Elisaeus
1255 399 1359 469 jubeat,
1394 402 1472 470 cujus
1494 403 1579 461 virtus
1607 415 1701 465 nostro

56 499 130 554 tacte
143 490 340 561 modwenna.
351 505 380 554 v,
394 489 434 561 a).
450 487 545 543 blelius
559 492 651 541 tamen
676 484 699 539 si
713 484 789 539 bibat
812 485 854 540 lac
907 493 1067 557 proventum
1084 488 1185 542 bonum
1199 488 1307 544 conatui
1322 488 1423 544 tribuat
1436 489 1560 563 (lVltep.
1579 509 1614 561 rr,
1630 500 1701 566 ι-Ἷ).

54 582 152 646 solum,
169 588 196 635 ει
217 578 276 634 ειεε
291 578 354 634 vino
370 593 377 630 :
394 576 455 648 quia
471 575 500 630 iu
514 574 579 630 vino
589 581 678 629 terror
689 580 741 637 est,
749 574 778 628 in
788 574 854 631 ube·
908 572 980 643 Quid
994 574 1084 648 ergo?
1107 590 1198 631 nonne
1212 575 1352 632 hiemulti
1371 576 1493 632 assident
1510 579 1609 645 Elisaei
1626 585 1702 639 multi

55 671 131 726 ribus
146 665 348 739 compassionis
370 672 398 721 ει
422 664 518 738 gratim
541 663 604 719 lene
628 661 852 718 blandimentum.
908 663 1058 734 prophetae,
1076 671 1123 719 aut
1136 672 1212 720 certa
1231 664 1278 720 filii
1291 666 1508 736 prophetarum?
1522 674 1550 722 ει
1565 666 1591 722 bi
1606 683 1703 725 omnes

56 758 121 818 b'am
136 759 230 813 vinum
253 756 318 812 licet
340 754 367 809 in
391 754 466 809 bono
489 751 579 808 valcat
602 759 630 808 ει
644 751 730 807 soleat
752 750 852 821 accipi;
907 751 1018 820 jubent,
1034 759 1061 806 et
1082 752 1104 807 si
1124 752 1223 809 merita
1243 752 1357 809 inferius
1373 762 1477 822 essent,
1499 771 1630 812 numerus
1644 756 1703 829 ipsc

55 848 98 903 hic
113 855 207 903 tauma
221 861 256 901 ex
280 841 425 901 collatione
449 841 564 897 uberum
583 839 685 912 aliquid
708 839 804 894 durum
827 846 854 894 et
908 840 1002 913 magni
1017 841 1096 895 unius
1107 840 1224 911 alicujus
1235 850 1342 913 poterat
1356 843 1443 900 ricem
1457 845 1596 916 supplere,
1612 845 1704 902 instil-

54 936 125 993 lorte
147 933 312 1007 significare·
329 931 444 988 videtur.
469 929 582 986 Meliora
604 935 667 985 suut
689 930 771 983 ubera
794 928 854 997 ejus
907 927 970 983 labo
988 943 1056 1001 ergo
1080 929 1183 1001 aliquid
1202 930 1237 986 de
1261 930 1383 1003 reliquiis
1406 938 1618 1006 unguentorum.
1634 935 1704 990 Nam

54 1024 139 1093 sino;
154 1023 218 1096 quia
234 1020 331 1078 melior
345 1028 388 1075 est
403 1018 490 1075 dulcis
505 1026 534 1073 et
546 1018 668 1073 fraterna
688 1016 852 1088 compassio.
908 1016 1005 1087 ipsein
1019 1017 1109 1089 capite
1122 1018 1185 1074 libri
1198 1018 1309 1090 copiose
1323 1029 1351 1074 et
1364 1019 1534 1077 sufficienter
1543 1021 1632 1079 eflusa
1642 1039 1703 1080 me·

56 1129 139 1186 quam
155 1109 325 1183 indignantis
340 1107 425 1166 animi
441 1106 525 1162 durus
540 1114 569 1162 et
592 1105 703 1161 immitis
726 1105 853 1163 affectus.
908 1104 1031 1170 miniatis,
1048 1112 1076 1160 et
1090 1104 1159 1162 forte
1169 1105 1221 1162 lanx
1238 1107 1347 1165 illorum
1360 1109 1482 1164 nondum
1497 1118 1539 1166 εει
1553 1111 1701 1167 exinanita.

55 1200 144 1271 Quasi
158 1193 214 1258 bon
228 1199 361 1254 babentes
376 1197 463 1252 ubere
485 1194 585 1260 Paulus
599 1201 687 1260 notat,
704 1210 773 1266 quos
794 1195 855 1253 sine
907 1192 1043 1265 Numquid
1058 1202 1087 1249 ει
1105 1209 1157 1266 ego
1178 1196 1260 1251 modo
1281 1212 1342 1251 sum
1358 1198 1537 1255 exhausturus
1551 1199 1645 1257 illem?
1661 1201 1702 1256 Ne

56 1290 210 1360 aspectione
222 1293 300 1347 vocat
313 1286 403 1357 (Rom.
420 1299 440 1349 r,
453 1284 508 1353 31).
524 1282 585 1338 Non
598 1289 689 1353 potest
698 1282 726 1336 in
737 1284 854 1338 humano
909 1281 1025 1353 speretis
1036 1281 1064 1335 id
1082 1297 1152 1339 ame
1167 1296 1174 1337 :
1191 1298 1244 1339 nee
1258 1285 1331 1340 enim
1345 1301 1492 1356 praesumo.
1510 1287 1618 1344 Fertilis
1631 1288 1703 1360 apud

56 1385 173 1448 pectore
191 1375 320 1431 uberibus
332 1388 428 1430 carere
442 1370 553 1444 pietatis
567 1385 666 1442 sponsa
680 1385 781 1442 sponso
805 1385 854 1426 suo
908 1383 1036 1440 sponsam
1050 1376 1093 1424 est
1112 1381 1314 1443 unguentorum
1328 1375 1474 1444 apotheca.
1490 1375 1551 1430 Non
1569 1382 1611 1431 est
1629 1376 1702 1449 quod

56 1464 210 1522 adhaerens.
227 1463 283 1536 lpsi
306 1461 379 1518 enim
393 1475 471 1516 mons
493 1460 573 1524 uber,
589 1474 668 1515 mons
691 1458 853 1525 incaseatus,
908 1456 1004 1512 dicatis
1022 1475 1028 1512 :
1044 1458 1202 1528 Exhaurite,
1228 1460 1365 1518 exinanite
1384 1478 1472 1534 usque
1490 1462 1525 1517 ad
1543 1463 1706 1519 fundamen·

56 1544 855 1626 monscoagulatusmonspinguis.Quomododctantalac·
908 1552 965 1599 tum
988 1544 1017 1598 in
1031 1560 1074 1601 ea.
1090 1545 1198 1601 Utinam
1212 1547 1355 1622 contingat
1377 1549 1444 1604 milri
1465 1550 1493 1604 in
1511 1551 1562 1607 hac
1576 1551 1644 1607 faece
1658 1552 1704 1607 in-

57 1638 179 1711 tiscopia
186 1639 225 1694 nil
236 1652 339 1709 sponse
346 1637 444 1709 capiet,
452 1635 494 1692 cui
505 1633 755 1706 beneplacitumest
764 1634 792 1687 in
803 1635 855 1690 hoc
908 1631 966 1705 figi,
976 1633 1125 1690 necsolum
1136 1635 1235 1704 pedem
1249 1636 1348 1708 intingi
1367 1637 1478 1705 incido,
1494 1637 1563 1694 sicut
1573 1640 1705 1711 scriptum

57 1735 153 1798 moute
165 1726 309 1782 babitare?
319 1724 471 1779 Etsiinhoc
482 1730 575 1778 monte
586 1721 644 1777 sine
653 1721 853 1777 intermissione
871 1728 894 1806 Β
909 1727 950 1775 εει
964 1721 999 1777 de
1011 1723 1082 1777 Aser
1096 1723 1190 1789 (Dent.
1210 1737 1313 1789 xxxiia,
1331 1725 1387 1795 tl).
1402 1724 1521 1798 Fratres,
1537 1727 1559 1781 si
1574 1742 1629 1783 non
1644 1744 1704 1785 mc·

56 1816 182 1871 habitare
193 1815 314 1870 nondum
329 1827 482 1885 possumus,
492 1825 665 1867 recurramus
674 1810 852 1882 frequenter:
909 1824 1001 1864 remur
1010 1808 1039 1862 in
1053 1809 1106 1864 olei
1121 1809 1232 1876 dolium,
1250 1811 1277 1865 in
1292 1819 1496 1883 unguentorum
1510 1815 1626 1887 copiam,
1643 1831 1706 1872 cum

57 1903 247 1970 ascendamus,
269 1899 601 1971 inebriemuruberibus.
616 1899 662 1954 Sic
684 1898 757 1963 enim
779 1898 855 1956 Scri-
909 1896 1077 1968 evangelista
1090 1897 1194 1952 loanne
1217 1896 1355 1971 immergi,
1379 1899 1472 1956 sinon
1495 1917 1632 1958 meremur
1651 1911 1705 1957 ιειε

56 2000 137 2064 ptura
147 1992 246 2049 habet:
261 1994 411 2063 Uberoejus
422 1989 855 2060 inebrientteomoitcmpore,et
908 1986 1023 2042 uberem
1041 1985 1213 2054 unctionem3
1229 1986 1360 2059 numquid
1379 1987 1586 2061 desperabimus
1603 1991 1648 2048 vel
1661 1991 1706 2047 in-

57 2080 90 2135 in
109 2096 205 2138 umore
220 2083 280 2153 tjtts
294 2080 431 2137 delectcre
434 2080 545 2151 jupiter
554 2077 645 2149 (Pron.
658 2093 684 2144 v,
698 2075 856 2146 {attidem
910 2073 1079 2141 linctionem,
1096 2075 1228 2146 numquid
1243 2074 1340 2131 saltem
1354 2076 1487 2136 odorem?
1509 2080 1578 2136 Nam
1597 2088 1625 2136 et
1638 2080 1707 2137 odor

56 2169 91 2223 ad
106 2185 190 2242 quem
200 2185 309 2225 sensum
323 2169 439 2225 uberum
451 2165 854 2243 interpretationemdellcctat:
910 2161 955 2220 hic
970 2169 1073 2218 tantum
1092 2163 1299 2221 commendatus
1315 2175 1367 2222 est.
1388 2169 1425 2224 st
1438 2163 1513 2236 odor,
1535 2168 1633 2241 inquit,
1649 2186 1706 2226 un-

57 2258 93 2312 ad
109 2258 271 2314 ebrietatem
286 2266 314 2314 et
327 2255 537 2313 oblectationem
552 2254 663 2311 amoris.
909 2255 1534 2326 paenorumtuorumauperomstnpromuta.
1545 2259 1706 2331 Uberapro·

92 2347 122 2404 7.
139 2345 212 2414 Quid
226 2361 337 2401 necesse
353 2353 395 2401 εει
408 2343 508 2399 diutim
527 2343 557 2398 in
578 2343 727 2416 quaerenda
740 2343 856 2400 uberum
910 2349 973 2399 sunt
986 2346 1016 2395 ut
1029 2356 1146 2414 crescas,
1170 2350 1310 2414 unguenta
1323 2360 1358 2400 εε
1373 2343 1495 2401 delicias.
1512 2346 1705 2406 liettaroauat

57 2434 169 2490 ratione
182 2433 309 2489 morari?
333 2433 421 2504 magis
445 2447 510 2491 rero
532 2447 686 2503 queramus
708 2431 775 2503 ipsis
794 2432 856 2491 ine-
909 2427 996 2487 edero
1006 2436 1056 2485 tan
1068 2432 1141 2496 otoo,
1158 2436 1187 2487 ει
1197 2431 1264 2489 odor
1273 2438 1485 2504 capuanorum
1495 2438 1611 2492 tuorum
1621 2452 1707 2508 super

56 2521 159 2578 brieri.
176 2520 289 2577 lieliore
302 2519 377 2577 enim
399 2526 463 2575 sunt
484 2519 571 2575 ubera
591 2520 654 2578 rino
678 2520 743 2591 quia
763 2520 859 2579 melior
909 2518 1008 2576 omnio
1021 2523 1162 2576 aromata.
1184 2520 1220 2573 Et
1240 2525 1270 2574 ut
1294 2518 1456 2577 hodiernum
1480 2521 1629 2593 capitulum
1644 2538 1707 2579 carn

58 2617 105 2666 est
121 2609 308 2666 misericordia
322 2625 405 2680 super
422 2608 490 2665 vitas
504 2610 591 2680 (Paul.
607 2624 677 2675 uxta,
693 2611 721 2680 b)
738 2627 747 2665 ε
762 2609 858 2666 melior
909 2605 1038 2663 hesterno
1052 2605 1219 2677 copulemus,
1230 2604 1354 2662 dicamus
1364 2608 1450 2664 ubera
1460 2615 1619 2666 tenemrnm
1635 2625 1706 2680 csse,

58 2704 101 2755 est
117 2697 222 2753 amoris
236 2697 347 2754 allectio
362 2713 444 2770 quam
459 2696 570 2753 afflictio
589 2697 690 2764 carnis,
705 2704 734 2753 et
755 2697 857 2754 lacteus
909 2701 1051 2767 unguema
1064 2693 1187 2756 fortium.

58 2794 142 2860 potus
167 2785 315 2859 spiritualis
338 2785 475 2853 novitatis,
490 2784 707 2856 compunctionis
728 2785 857 2844 sinothi
946 2782 1166 2840 accusaremus
1187 2784 1260 2842 inter
1282 2800 1313 2842 se
1335 2784 1388 2841 ista
1410 2785 1464 2842 tria
1488 2802 1496 2845 τ
1515 2786 1593 2858 rina,
1608 2788 1703 2857 ubera,

59 2875 134 2931 enim
157 2875 339 2931 ostenduntur
367 2881 395 2930 et
417 2881 562 2947 gustantur
580 2873 663 2940 dura,
689 2873 753 2932 dum
778 2883 857 2931 vetus
909 2880 1058 2945 unguenta.
1081 2874 1113 2928 In
1140 2873 1213 2942 rino,
1243 2875 1344 2932 veteris
1371 2875 1488 2932 bominis
1520 2876 1653 2948 delecti03
1677 2879 1705 2933 in

57 2964 142 3021 bomo
158 2963 297 3036 repellitur
311 2973 339 3020 et
353 2962 501 3025 destruitur
516 2977 523 3017 :
539 2962 584 3018 liic
606 2961 633 3018 in
649 2962 768 3022 εοιιιειε
782 2963 855 3034 vita,
909 2961 1006 3030 ubere,
1018 2961 1082 3018 nori
1095 2963 1222 3030 relectio;
1238 2963 1267 3019 iu
1278 2964 1436 3037 unguentis,
1452 2965 1706 3039 quaedamdelecte·

62 3052 147 3110 dirim
162 3052 263 3110 favoris
276 3052 363 3125 lactea
376 3052 499 3124 capimus
515 3051 711 3121 blandimenta,
722 3068 773 3111 nec
783 3053 856 3126 lagae
909 3048 957 3106 tio.
973 3051 1041 3107 Vino
1065 3052 1184 3108 carnalis
1198 3068 1296 3110 sensus
1319 3050 1480 3124 inebrietur,
1495 3063 1524 3113 et
1537 3056 1706 3128 consopitur,

57 3141 108 3196 sed
125 3141 222 3214 refugii
236 3140 473 3215 significationem.
491 3140 595 3197 Bonum
619 3141 735 3213 quidem.
751 3142 854 3214 vinum,
871 3117 893 3197 t
910 3146 938 3196 ει
950 3139 1090 3211 obruitur;
1106 3143 1191 3199 ubere
1210 3157 1297 3200 novus
1310 3146 1443 3212 nutritum
1464 3145 1612 3219 unguentis
1627 3146 1709 3202 adul-

56 3229 107 3285 sed
121 3231 209 3288 ubere
223 3229 346 3286 dulciora
362 3246 368 3283 :
385 3230 458 3285 bone
478 3229 662 3300 compunctio,
684 3230 741 3288 sed.
758 3230 856 3288 melior
910 3235 954 3285 tus
972 3231 1125 3288 deliciatur.
1150 3232 1180 3285 ln
1202 3231 1291 3303 primo
1315 3234 1397 3290 homo
1415 3241 1492 3290 vetus
1506 3234 1664 3301 conticitum
1680 3235 1708 3290 ιε

56 3320 165 3378 εεειιο.
198 3319 273 3377 Odor
302 3320 375 3376 enim
398 3328 606 3392 ¹unguentorum
631 3327 740 3378 tuorum
773 3336 856 3392 snper
909 3320 1029 3377 meando
1051 3336 1139 3376 norus
1166 3320 1302 3385 reficitur;
1322 3321 1351 3375 in
1374 3323 1455 3379 tertio
1478 3325 1533 3392 jam
1557 3324 1708 3395 appropin-

56 3408 151 3469 omnia
166 3417 296 3466 aromata.
312 3410 372 3464 lem
386 3408 475 3470 studia
492 3407 575 3465 tos
590 3416 681 3465 vestra
693 3408 728 3463 ad
738 3409 855 3465 audien·
910 3426 998 3483 quarm
1012 3410 1046 3464 ad
1060 3409 1256 3481 perlectionem
1271 3409 1402 3465 ineflabili
1416 3411 1512 3466 latim
1521 3411 1648 3468 afficitur.
1665 3415 1708 3468 Au

56 3497 125 3555 dum
141 3498 326 3571 redintegrata
336 3497 425 3556 rideo.
441 3497 606 3553 aviditatem
619 3502 737 3554 vestram
751 3499 856 3554 excita·
908 3514 964 3554 non
980 3498 1159 3561 ardaburus,
1175 3506 1205 3551 ut
1225 3497 1260 3552 de
1281 3496 1430 3553 relectione
1445 3498 1481 3552 ad
1495 3498 1707 3554 delectationem

56 3586 96 3642 rit
109 3585 182 3643 odor
194 3592 398 3659 unguentorum
422 3600 540 3654 sponsae.
563 3584 714 3648 ludiscreta
736 3586 855 3658 quadam
909 3585 1034 3654 accedas,
1048 3592 1111 3657 post
1128 3583 1204 3639 lactis
1219 3584 1353 3657 primitias
1372 3586 1407 3642 ad
1422 3594 1623 3660 unguentorum
1638 3586 1708 3643 deli·

57 3674 149 3730 εεεειε
164 3673 211 3728 illa
224 3673 305 3730 vultis
319 3673 401 3730 bodie
416 3673 546 3731 uberibus
559 3673 706 3746 superaddi
722 3688 729 3728 ε
747 3675 808 3730 date
816 3675 857 3730 in·
908 3673 983 3730 cias?
996 3675 1032 3728 m
1045 3690 1061 3727 a
1074 3672 1210 3745 principio
1224 3674 1327 3731 Cantici
1343 3675 1424 3746 hujus
1439 3684 1555 3749 utraque
1573 3675 1636 3747 ista,
1652 3693 1707 3753 un-

55 3761 253 3835 ducimusque
268 3778 357 3821 mane.
373 3762 461 3823 Hodie
476 3762 612 3819 sufficiant
622 3764 717 3830 ubera,
734 3764 856 3821 crastino
908 3769 1009 3836 guenta
1023 3770 1050 3818 et
1064 3763 1159 3829 ubera,
1175 3773 1203 3819 ει
1217 3772 1429 3820 commemorata
1448 3773 1476 3822 et
1495 3764 1621 3837 copulata
1644 3773 1708 3821 sunt

57 3850 225 3909 meedemus
239 3851 274 3905 ad
288 3859 436 3923 unguema
452 3865 486 3909 eo
498 3851 569 3915 sotis
590 3851 691 3914 nostris
709 3861 856 3923 praestante
907 3852 936 3907 in
949 3851 1093 3923 praeconiis
1106 3866 1223 3924 sponsae.
1239 3853 1299 3909 Nec
1311 3853 1411 3928 exigua
1420 3855 1517 3910 borum
1531 3853 1629 3927 gratia,
1647 3870 1708 3926 quae

56 3938 198 4010 meeum,
214 3939 261 4012 qni
275 3940 393 4001 uberum
408 3946 436 3996 ει
449 3946 653 4013 unguentorum
675 3955 783 4020 sponsae
798 3957 855 3999 sum
909 3940 990 3996 toties
1013 3940 1126 4012 replicat
1148 3939 1178 3995 in
1200 3940 1310 3998 landem
1333 3942 1450 4011 dilectae,
1479 3958 1535 4004 nott
1563 3950 1709 4012 contentus

54 4029 354 4086 eleommendetorest
368 4028 498 4097 eadmer,
514 4030 580 4085 Jesu
596 4028 714 4095 Christo,
732 4030 778 4102 qui
787 4029 853 4088 vivit
908 4045 1137 4088 commemorasse
1147 4031 1359 4089 semeldlonne
1372 4031 1537 4089 delectatum
1552 4040 1632 4104 putas
1645 4032 1708 4088 lau·

56 4124 85 4172 et
98 4123 201 4190 regam
213 4117 243 4173 in
257 4117 357 4174 saecula
371 4117 545 4175 saeculorum.
560 4122 659 4175 Amen.
909 4117 988 4187 dibus
1000 4118 1069 4188 istis,
1085 4135 1155 4192 quas
1164 4127 1239 4177 ιεειο
1255 4120 1364 4188 abacta,
1376 4128 1432 4176 tam
1441 4121 1602 4193 frequenter
1614 4137 1708 4178 recen-

328 4224 446 4281 sssppto
472 4224 591 4283 χχχιχ
909 4207 974 4264 set?
988 4209 1037 4264 Est
1056 4215 1084 4265 ει
1101 4209 1175 4281 quod
1197 4209 1233 4265 ed
1257 4215 1284 4265 te
1303 4211 1396 4265 trahas
1410 4211 1446 4266 dc
1465 4218 1541 4266 ιεειε
1556 4211 1705 4276 sedulitate

57 4310 175 4370 [epm
187 4317 257 4369 sunt
272 4312 358 4370 „pm
372 4316 424 4367 gua
437 4311 553 4378 „inme
567 4312 857 4386 odoramentorum
910 4296 1014 4353 iterata
1036 4297 1198 4354 laudationis
1223 4313 1230 4353 :
1251 4297 1441 4355 invitationem
1459 4305 1534 4355 luam
1549 4306 1615 4371 puta
1637 4301 1708 4355 banc

94 4389 213 4441 taonem
235 4399 320 4457 super
338 4386 434 4440 omnio
445 4387 576 4440 oromate
590 4386 686 4455 (cant.
707 4400 748 4456 av,
764 4389 820 4459 ld).
910 4384 1094 4442 iterationem.
1108 4385 1233 4442 Currset
1245 4394 1275 4441 tu
1288 4386 1412 4443 inodora
1427 4394 1628 4458 unguentorum
1641 4386 1708 4441 isto·

92 4478 120 4528 l.
137 4473 275 4545 Exiguum
288 4480 332 4529 est
345 4472 412 4528 milri
425 4470 480 4531 olei
491 4480 530 4546 ,ει
544 4474 687 4547 unguenti,
703 4474 812 4544 iratres,
828 4484 857 4534 et
872 4507 895 4584 n
911 4492 986 4541 rum3
1012 4474 1067 4531 imo
1086 4489 1151 4530 cura
1165 4474 1254 4546 magis
1267 4480 1297 4529 ut
1311 4474 1370 4543 haec
1383 4472 1413 4528 in
1428 4481 1454 4528 te
1468 4480 1610 4547 unguenta
1623 4471 1707 4529 redo·

56 4577 106 4619 ros
119 4562 203 4620 hodie
218 4578 285 4619 rasa
298 4563 401 4620 eliertis
417 4570 501 4632 ιεειε,
519 4571 574 4620 tam
589 4579 674 4621 vacua
684 4566 698 4618 ‘t
707 4564 764 4622 Nec
774 4566 857 4624 duca·
911 4564 994 4633 leant,
1010 4571 1040 4620 ut
1049 4569 1078 4620 et
1091 4571 1121 4618 tu
1134 4562 1228 4618 andire
1241 4561 1341 4632 dignus
1355 4562 1402 4630 sis,
1419 4561 1484 4634 quia
1498 4560 1565 4619 odor
1577 4578 1708 4634 nepueu·

56 4652 91 4707 tis
104 4651 141 4707 ad
154 4652 295 4723 injuriam,
311 4655 382 4725 qnod
406 4669 493 4710 vacua
507 4669 573 4710 rasa
592 4661 682 4711 vestra
704 4653 776 4711 dico.
798 4655 862 4729 Ego·
911 4657 1006 4709 torum
1021 4657 1139 4709 tuorem
1158 4666 1244 4722 saper
1258 4649 1355 4709 omnio
1369 4656 1507 4709 oromate.
1528 4651 1587 4708 Nec
1600 4660 1705 4709 tantum

57 4755 113 4796 non
127 4740 221 4798 inania
234 4745 360 4814 poshac,
375 4744 424 4800 sed
438 4744 526 4816 magis
535 4742 646 4816 capacia
659 4742 721 4800 volo
731 4743 854 4818 intelligi,
910 4741 993 4798 semel
1008 4742 1059 4797 boc
1073 4739 1178 4813 audias,
1193 4740 1348 4798 sediteroto
1361 4741 1411 4797 has
1426 4741 1474 4799 tibi
1487 4741 1659 4800 laudationes
1673 4758 1705 4800 os

57 4845 92 4888 oo
106 4832 180 4904 quod
194 4839 223 4889 ει
236 4832 326 4900 avida,
342 4842 371 4888 et
384 4833 484 4891 idonce
498 4834 553 4891 sint
562 4834 641 4890 vobis
650 4834 685 4889 ad
695 4833 856 4905 capiendum
910 4829 1001 4886 dilecti
1022 4829 1157 4903 loquatur.
1181 4829 1312 4888 lleccutia
1325 4830 1355 4886 in
1377 4838 1403 4889 te
1417 4830 1473 4888 sint
1486 4840 1514 4889 et
1537 4833 1614 4906 quasi
1634 4846 1705 4888 nora

57 4919 178 4995 ingenia.
194 4919 261 4990 Quis
284 4920 336 4976 ista
358 4922 475 4993 implere
498 4921 638 4979 sulliciati
659 4923 807 4980 attenditis
820 4923 857 4980 ed
909 4933 1017 4991 semper
1031 4926 1194 4993 unguenta:
1220 4935 1276 4976 non
1300 4929 1433 4989 arescant,
1453 4937 1509 4979 non
1522 4922 1703 4985 exsiccentur,

56 5017 197 5081 manente
210 5024 330 5082 sponsae,
346 5019 449 5082 quanta
470 5011 504 5067 sit
526 5011 565 5066 illi
586 5019 738 5068 aromatum
752 5012 830 5084 copia
847 5033 854 5070 :
909 5024 964 5065 non
979 5008 1178 5065 exinaniantur.
1189 5008 1287 5066 Oleum
1301 5010 1469 5066 exinanitum
1487 5025 1587 5067 nomen
1600 5006 1705 5063 dilecti.

56 5097 134 5169 quasi
161 5113 219 5155 non
246 5107 275 5156 et
294 5099 468 5158 instrumenti
493 5101 620 5158 habenda
643 5101 677 5157 sit
701 5101 778 5170 ratio,
804 5119 855 5176 per
909 5097 964 5154 Sed
982 5098 1043 5155 ride
1062 5106 1091 5154 ει
1105 5098 1276 5155 exinaniatur
1288 5114 1375 5171 nsque
1389 5098 1417 5154 in
1437 5104 1473 5166 ιε,
1489 5114 1544 5154 εοε
1558 5094 1701 5153 exinania-

57 5187 129 5259 quod
144 5187 181 5244 ad
194 5205 243 5246 ros
256 5205 368 5248 manare
384 5192 495 5249 debent.
511 5190 628 5264 Copiosa
641 5191 751 5265 quidem
764 5201 855 5250 mate·
911 5196 954 5244 lut
967 5194 1030 5244 alc·
1048 5189 1152 5245 Βοειιιε
1171 5196 1223 5260 εει,
1242 5187 1265 5242 si
1279 5202 1342 5244 cum
1360 5202 1459 5259 sponsa
1472 5186 1585 5243 inchoes
1599 5185 1635 5242 ab
1649 5201 1705 5241 un-

58 5276 104 5348 ria,
120 5277 174 5337 sed
190 5275 368 5336 nibilominus
380 5279 511 5339 attendite
534 5280 600 5354 quid
614 5281 738 5338 minister
762 5292 855 5352 queat.
910 5279 1018 5350 guentis
1037 5279 1180 5339 :sednon
1202 5280 1305 5335 bonum
1324 5277 1377 5333 nisi
1395 5275 1593 5333 consummeris
1606 5276 1636 5334 iu
1650 5292 1704 5334 un·

57 5363 111 5431 set
125 5368 204 5444 qnod
218 5369 301 5427 ruitis
317 5388 323 5429 :
339 5386 395 5429 non
408 5371 542 5427 causabor
555 5370 683 5443 inopiam,
700 5385 735 5425 ue
748 5385 798 5431 vos
811 5388 856 5430 me
911 5369 1030 5441 euantis.
1044 5368 1174 5440 Alioquin
1189 5366 1237 5422 tibi
1246 5365 1312 5422 dicit
1320 5364 1420 5423 Paulus
1437 5384 1444 5422 ι
1462 5363 1550 5425 1⁰8
1565 5367 1715 5440 θεειερι-Ι

10 5478 13 5515 ι
60 5459 284 5538 nonobserratae
296 5459 451 5532 sponsionis
463 5459 603 5538 incusetis.
629 5456 768 5518 instillabo
792 5475 855 5539 mo-
911 5458 1188 5530 retemptantem
1197 5472 1284 5515 corna
1292 5455 1610 5531 comummcrtaldolot.
1618 5462 1704 5534 εει),
