3706 5962
88 177 136 237 tvl

622 185 827 266 Ιιιοιιιιιιιιιιι
847 186 932 248 nun
952 135 1144 250 snttnrosn.

1622 177 1711 251 ἰιιι

64 320 118 363 nec
131 306 340 368 sibihlandiatur
355 312 388 367 dc
404 310 514 382 privatis
528 312 696 372 orationihus
707 313 775 379 auis,
790 329 851 386 qua
868 328 892 408 Α
955 315 1048 372 'faedio
1062 315 1181 374 affectus
1194 323 1339 389 componat
1353 299 1383 372 se'
1394 315 1550 373 meditando
1564 333 1648 391 snpra
1660 333 1710 390 pc·

67 392 96 450 in
111 397 232 456 secundo
241 398 302 454 loco
316 398 341 456 ei
355 400 487 457 hahendae
501 410 572 470 suut,
590 419 653 459 curn
667 402 696 458 iu
708 403 852 474 praeeeptis

64 483 232 542 orationibus
246 487 399 544 desidiosus
413 489 503 546 fuerit.

101 569 129 626 Si
139 581 226 627 aretem
242 573 410 634 familiaritas
425 577 596 636 interdicitur
609 578 761 653 hominnm,
773 595 858 652 quan·

64 669 93 715 to
107 661 194 733 magis
207 663 372 722 mutiemmt

100 748 140 805 Sit
155 751 237 808 facies
251 756 405 812 communis
423 772 482 814 cnm
498 757 617 826 caeteris,
634 760 706 817 intus
720 773 784 817 vero
799 759 858 817 dies

62 837 161 895 similis
177 860 184 897 ι
202 841 253 898 boe
267 849 318 909 est,
334 860 388 900 nou
405 844 489 902 nimia
503 847 634 922 padule
649 855 796 914 contracta,
808 864 859 903 uec

63 926 148 982 nimia
162 927 299 987 locutione
315 932 455 1007 dissoluta,
475 936 523 991 sed
538 937 611 992 bona
625 937 739 1007 quadam
754 935 858 993 medio-

64 1015 158 1072 critate
172 1025 299 1087 rogatum·
315 1028 346 1075 ut
360 1021 394 1078 de
404 1029 498 1079 sancto
513 1023 626 1080 hlartiuo
645 1025 764 1096 legitur:
782 1044 794 1075 ιι
809 1023 858 1079 Fa-

63 1103 132 1158 ciem
147 1106 207 1174 ejus
218 1121 273 1160 non
285 1108 423 1173 suscitarit
432 1125 545 1177 moeror,
555 1126 606 1169 uec
615 1110 831 1182 levigavitrisns.
843 1132 855 1164 ι

62 1191 121 1246 Ειιι
134 1190 205 1247 enirn
227 1194 367 1263 prudentis
382 1197 480 1252 animae
505 1198 662 1254 thesaurum
686 1215 765 1255 suum
779 1198 857 1255 solli-

63 1277 116 1334 cite
134 1278 319 1346 custodientis,
336 1298 411 1338 more
439 1284 693 1366 Moysi-cornutam
708 1286 798 1342 velare
814 1285 856 1341 fa·

62 1367 131 1423 ciem
148 1384 155 1421 :
172 1375 198 1422 et
213 1370 333 1439 quodam
350 1372 415 1435 risu,
430 1373 477 1443 qni
496 1383 585 1429 tamen
598 1376 736 1431 modestus
751 1375 797 1442 sit,
814 1374 856 1429 in-

62 1454 168 1511 terioris
181 1455 296 1527 gloriam
311 1459 438 1531 hominis,
454 1470 481 1517 et
495 1463 591 1517 mentis
609 1463 770 1536 grauitatem
789 1463 854 1518 ahs·

62 1545 192 1603 condere.

913 412 982 460 tram
998 405 1025 459 in
1048 420 1101 474 qua
1127 402 1250 461 lavantur
1273 404 1390 475 mortui;
1412 413 1439 462 et
1462 405 1563 481 cogitet
1589 407 1662 479 apud
1678 423 1707 464 se

911 493 1049 568 ¹quomod-o
1064 500 1210 551 tractantur
1222 493 1260 549 ihi
1273 493 1425 564 sepeliendi
1442 512 1447 552 :
1464 510 1537 552 nunc
1548 494 1577 550 in
1592 503 1706 570 tergum,

913 594 987 636 nune
1009 580 1037 636 in
1070 580 1166 638 faciam
1188 593 1353 650 versentur;
1369 581 1506 655 quomodo
1520 590 1597 640 ιιιιιιι
1615 591 1707 657 capnt,

913 667 1011 724 cadant
1025 668 1144 735 brachia,
1160 667 1268 742 rigeant
1295 685 1384 735 erura,
1412 669 1484 727 dbia
1498 671 1619 740 jaceant;
1636 688 1708 742 quo·

912 756 995 813 modo
1008 756 1156 815 induantur
1169 765 1194 814 et
1208 765 1385 830 consuuntur,
1400 760 1537 837 quomodo
1550 759 1707 817 deferantur

913 844 1050 915 humandi,
1065 846 1202 917 quomodo
1217 856 1386 918 exponantur
1399 846 1427 902 in
1443 848 1560 918 tumulo,
1571 846 1708 920 quomodo

911 934 1024 1005 pulvera
1037 944 1222 1009 contegantur,
1237 937 1377 1009 quomodo
1388 943 1518 994 vorentur
1532 935 1707 1004 avermihus,

913 1030 940 1078 et
953 1023 1031 1094 quasi
1047 1039 1143 1080 sacena
1165 1024 1330 1096 putrefactus
1344 1036 1548 1082 consumantur.

947 1110 1112 1184 Summaque
1126 1119 1167 1171 est
1198 1111 1382 1185 philosophia,
1396 1111 1539 1169 meditatie
1553 1111 1651 1169 mortis
1663 1128 1706 1168 as·

911 1197 1000 1256 sidua.
1015 1200 1103 1266 Hanc,
1133 1201 1290 1271 ubicunque
1316 1201 1475 1272 perrexerit,
1487 1216 1581 1257 secum
1595 1208 1705 1275 portet3
1759 1195 1762 1201 ’

911 1298 938 1344 ιι
951 1289 978 1343 in
1006 1298 1139 1345 aeternnm
1164 1305 1220 1368 non
1245 1289 1377 1363 peccabit
1400 1289 1446 1348 Sic
1463 1290 1707 1360 monachusqnasi

910 1375 1119 1447 Melchisedech,
1136 1378 1195 1434 sine
1210 1389 1296 1450 patre,
1313 1379 1371 1434 siue
1385 1386 1484 1453 matre,
1507 1377 1565 1435 siue
1579 1380 1707 1452 penaio·

910 1463 968 1535 gia,
986 1480 1037 1523 uec
1051 1473 1154 1537 patrem
1168 1465 1219 1522 sihi
1228 1473 1308 1523 vocet
1318 1482 1403 1539 snper
1417 1477 1527 1525 terram.
1542 1465 1601 1522 lmo
1615 1466 1659 1524 sic
1672 1482 1706 1523 se

912 1552 1047 1609 existimet
1061 1556 1139 1626 qnasi
1154 1553 1212 1628 ipse
1225 1554 1260 1611 sit
1273 1555 1361 1623 solus,
1376 1564 1404 1613 et
1417 1555 1501 1611 Dens.

97 1631 285 1702 comparanda
297 1646 338 1693 est
352 1635 410 1693 dies
425 1638 529 1722 instans
544 1637 597 1695 diei
617 1639 773 1709 praeteritae,
785 1647 813 1695 ιιι
823 1656 855 1695 ex
873 1619 896 1696 Β
946 1642 1018 1698 Ειιι
1037 1642 1065 1697 in
1080 1643 1179 1715 primis
1202 1644 1333 1699 hebernus
1357 1643 1481 1700 ordinem
1496 1650 1523 1699 et
1537 1641 1649 1701 modum
1663 1641 1706 1699 vi-

59 1734 152 1775 corum
169 1722 314 1779 collatione
343 1741 420 1779 snum
436 1726 640 1796 deprehendere
655 1727 742 1800 possit
756 1743 853 1783 rnona·
908 1730 987 1786 vendi
1003 1748 1010 1786 ι
1027 1730 1172 1787 remedium
1190 1747 1254 1788 vero
1270 1731 1411 1804 pollicetur
1425 1731 1573 1787 assiduitas
1595 1730 1706 1787 tenendi

61 1809 129 1862 ebus
143 1810 186 1864 vel
201 1812 363 1882 profectum,
389 1814 429 1869 vel
449 1814 596 1872 defectum.
910 1817 1055 1889 capitulum
1070 1819 1207 1890 spirituale
1222 1823 1350 1891 superius
1365 1802 1537 1892 expressum.
1560 1819 1651 1877 Semel
1672 1819 1707 1874 ad

96 1896 211 1953 luomni
226 1908 285 1956 actu
300 1901 344 1956 vel
368 1902 488 1975 cogitatu
501 1919 551 1959 suo
576 1903 627 1959 sihi
655 1904 741 1963 Deuru
763 1904 858 1961 adessa
911 1905 1001 1960 minus
1017 1907 1042 1961 in
1066 1906 1232 1963 hebdomada
1262 1906 1435 1976 confiteatur,
1465 1917 1496 1963 nt
1526 1905 1631 1964 veniam
1650 1922 1704 1962 me·

59 1996 243 2054 memoratum
259 1997 286 2044 et
304 2005 384 2045 omne
400 1999 506 2063 tempus
517 2006 573 2065 quo
592 1994 625 2048 de
639 1992 699 2064 ipso
714 2009 768 2050 uon
782 1992 857 2067 cogi·
911 2002 999 2050 ceatur
1014 1995 1048 2050 de
1060 1997 1232 2068 perpetratis,
1244 2003 1271 2052 et
1281 1996 1497 2071 majorei‘detur
1510 1995 1598 2069 gratia
1609 1995 1646 2053 de
1661 1993 1703 2052 vi·

60 2078 108 2136 tat,
123 2072 275 2143 perdidisse
290 2090 319 2131 se
333 2086 498 2149 computet·
913 2081 1000 2138 tundis
1017 2082 1103 2138 malis.
1120 2087 1219 2141 Amen.

455 2427 558 2508 ITEM,
586 2427 677 2492 ALIA
695 2425 933 2492 DOCUMENTA
947 2428 1050 2492 VITAE
1073 2428 1303 2498 RELIGIOSAE.

648 2591 744 2664 (Alias,
760 2592 897 2648 Doctrina
910 2593 940 2648 Β.
958 2591 1120 2664 bernarde.)

96 2879 215 2948 Quando
225 2879 391 2952 surgendum
404 2880 501 2936 estad
527 2879 642 2952 vigilias,
660 2881 890 2975 preparandusc
940 2882 967 2938 Si
981 2899 1061 2955 quem
1076 2899 1203 2942 amouere
1217 2886 1353 2943 volentum
1380 2887 1536 2954 intueberis,
1565 2887 1640 2964 fuge,
1667 2901 1706 2947 ac.

62 2976 102 3022 est
120 2969 227 3023 animus
241 2969 274 3024 ad
289 2967 479 3036 devotionem
502 2969 539 3024 ita
554 2978 583 3026 nt
600 2969 735 3025 ferventer
748 2971 856 3026 exsilias
910 2970 934 3025 si
948 2971 1020 3028 farne
1033 2972 1198 3031 deficientia
1222 2974 1299 3034 fauce
1313 2977 1463 3035 buccellam
1495 2977 1576 3051 punis
1598 2974 1705 3033 aniame

61 3054 95 3110 de
109 3056 192 3124 lecto,
206 3065 234 3112 et
253 3063 362 3128 torpore
376 3057 499 3114 discusso
511 3058 614 3130 gratias
628 3057 728 3115 divinae
756 3057 857 3113 miseri-
911 3069 1067 3116 coumetnr.

61 3143 160 3198 cordiae
175 3158 239 3214 agas
253 3159 302 3213 pro
312 3144 403 3214 quiete
414 3145 525 3211 indulta,
536 3160 586 3217 pro
606 3145 730 3205 custodia
748 3151 775 3199 et
788 3159 856 3216 pro-
946 3148 1013 3204 Cum
1031 3149 1064 3204 ad
1080 3149 1355 3221 capitulumveneris,
1368 3150 1515 3223 diligenter
1529 3150 1703 3223 accipietur-

63 3230 179 3290 lectione
189 3230 323 3304 angelica.
911 3239 1041 3291 maturam
1056 3237 1104 3292 Dei
1117 3237 1145 3290 in
1160 3238 1239 3309 galea
1252 3238 1437 3308 providentiae,
1460 3240 1488 3294 in
1503 3238 1586 3294 lorica
1602 3237 1705 3308 patien-

97 3316 182 3374 801
198 3319 310 3384 Deinde,
325 3320 435 3374 venicus
449 3320 482 3375 ad
492 3321 651 3388 ecclesiam,
666 3336 738 3393 poue
748 3335 856 3376 manum
911 3322 965 3386 tiae,
993 3323 1021 3377 in
1044 3332 1121 3381 scuto
1148 3324 1372 3394 mansuetudinis,
1388 3326 1487 3399 quibus
1500 3324 1592 3397 possis
1606 3326 1705 3381 clema·

59 3423 142 3478 super
157 3410 266 3471 ostium,
283 3407 390 3463 etdic:
424 3408 584 3479 Exspectate
603 3409 658 3474 bic,
679 3408 857 3481 cogitationes
911 3408 998 3465 tiones
1014 3410 1101 3479 justas
1129 3412 1171 3467 vel
1201 3411 1315 3481 injustas
1339 3412 1452 3467 elidere.
1470 3411 1501 3467 st
1514 3402 1645 3484 peccasti,
1659 3413 1704 3469 dic

61 3496 148 3563 malae,
173 3497 336 3571 intentipnes
359 3504 386 3555 et
410 3497 525 3553 affectus
547 3498 647 3566 cordis,
664 3510 691 3553 et
719 3497 856 3569 appetitus
910 3504 1010 3551 tantum
1027 3515 1034 3551 ι
1050 3498 1218 3553 Emendaho.
1235 3498 1264 3553 Si
1284 3515 1348 3568 non,
1364 3499 1407 3554 dic
1423 3518 1431 3557 a
1446 3501 1506 3555 Nou
1520 3499 1641 3556 memini.
1657 3499 1704 3556 llis

59 3584 159 3642 carnis.
192 3585 232 3641 ‘fu
256 3596 356 3651 autern,
384 3585 475 3640 anima
504 3602 575 3653 mea,
595 3586 664 3642 intra
684 3586 856 3659 ingaudium
910 3599 961 3640 nec
974 3585 1099 3655 amplius,
1115 3601 1165 3641 uec
1181 3585 1268 3641 miuus
1281 3594 1328 3642 ant
1342 3586 1507 3643 clamoribus
1519 3596 1564 3643 ant
1579 3586 1701 3644 verberi·

60 3673 166 3728 Domini
178 3673 227 3728 Dei
242 3675 289 3740 tui,
305 3682 335 3729 ut
348 3674 440 3731 videas
453 3674 619 3731 voluntatem
633 3674 750 3742 Domini,
767 3681 794 3730 at
809 3674 854 3729 vi·
910 3672 962 3728 bus
973 3689 988 3727 a
999 3680 1024 3727 te
1037 3682 1241 3744 extorqueatur.

61 3764 125 3821 sites
141 3765 271 3837 templum
284 3765 354 3834 ejus.
366 3766 463 3838 Sicque
473 3765 586 3821 veniens
599 3772 662 3821 ante
673 3780 781 3821 crucem
793 3765 853 3820 dic:
945 3761 1041 3832 Cogita
1055 3777 1117 3817 cnm
1132 3763 1238 3818 accedis
1252 3763 1285 3816 ad
1296 3762 1428 3832 iudicium
1443 3763 1562 3835 capituli.
1575 3764 1660 3819 Deum
1674 3773 1702 3821 et

65 3873 78 3904 a
99 3854 254 3911 adoramus
273 3863 308 3923 te,
325 3855 439 3920 Christe,
455 3863 483 3910 et
494 3856 681 3912 benedicimus
696 3852 755 3922 tihi,
773 3871 786 3904 ιι
801 3861 854 3907 ιιι.
910 3849 1043 3920 Priorem,
1072 3850 1188 3908 Pilatum
1208 3860 1235 3908 et
1252 3852 1405 3908 Pnarisaeos
1421 3852 1569 3910 eumentes
1581 3852 1610 3910 iu
1623 3869 1698 3924 eum,

95 3943 205 4011 Deinde,
226 3944 333 4015 quoties
357 3945 457 4000 dixeris
471 3961 579 4001 versum
599 3944 626 3999 iu
643 3945 729 3999 choro
745 3949 801 4011 tuo,
818 3939 855 3995 il-
909 3946 935 3994 et
951 3939 1047 3996 milites
1062 3940 1238 3996 verberantes
1253 3958 1315 3997 eum
1330 3941 1388 3997 sine
1410 3956 1503 3999 eausa.
1517 3941 1611 4017 Cogita
1625 3941 1703 4013 capi·

59 4031 115 4087 lum
130 4031 175 4100 qui
203 4032 328 4087 inchoro
351 4032 436 4087 altero
451 4033 559 4098 dicitur,
588 4032 663 4088 dicas
677 4031 808 4087 silenter:
829 4037 855 4085 et
909 4027 993 4105 trulum
1021 4029 1119 4085 durum
1142 4039 1295 4086 saucwrum
1321 4039 1480 4103 martyrum,
1509 4045 1572 4086 enm
1588 4036 1704 4106 ,ιιιιιιιι

60 4133 154 4174 versus
180 4119 302 4192 singulos
325 4119 417 4174 saltem
434 4120 525 4191 aliquo
555 4121 647 4191 pipere
674 4134 853 4192 consperges,
909 4130 969 4182 aute
983 4136 1062 4193 reges
1071 4127 1098 4175 ιι
1107 4119 1248 4191 praesides,
1258 4135 1323 4175 cum
1337 4118 1503 4189 pertiuentiis
1519 4119 1587 4183 suis,
1602 4117 1630 4173 id
1649 4127 1703 4189 est,

60 4204 234 4261 meditatione
258 4204 361 4261 scilicet
385 4206 475 4277 aliqua
489 4207 638 4276 spirituali,
656 4209 719 4279 quia
733 4207 854 4262 animum
909 4222 968 4262 curn
980 4208 1067 4277 poenis
1080 4218 1106 4262 et
1122 4208 1263 4263 tormentis
1279 4206 1530 4279 quaepatiebautnr.
1544 4204 1640 4278 Cogita
1656 4205 1702 4262 fu-

60 4292 201 4349 delicaturn
217 4294 313 4362 habes,
328 4301 356 4349 et
370 4294 800 4364 escaeejuselcctaedeheutesse.
909 4303 997 4350 turum
1012 4295 1161 4367 capitulum
1183 4304 1259 4351 tunm
1280 4294 1307 4348 iu
1336 4303 1422 4349 morte
1437 4309 1528 4350 coram
1556 4294 1624 4357 Deo,
1641 4307 1702 4348 cum

63 4430 67 4438 .
94 4382 127 4436 Ει
141 4397 176 4437 ne
192 4382 295 4456 deligas
309 4381 404 4447 oculos
423 4392 485 4438 tuos
512 4383 620 4456 longius
637 4390 701 4437 aste
716 4388 753 4447 te,
773 4398 855 4452 quarn
908 4381 992 4437 millia
1018 4383 1172 4438 daemonnm
1198 4381 1350 4439 clamabunt
1376 4390 1471 4437 contra
1499 4389 1542 4448 te,
1563 4387 1590 4435 et
1610 4379 1704 4436 decies

61 4471 233 4542 protenditur
259 4477 408 4542 proceritas
427 4470 550 4541 eorporis
570 4469 622 4535 tui;
638 4469 702 4539 qnia
716 4469 769 4525 hoc
784 4468 853 4524 mul·
910 4477 1023 4525 ιιιιιιιιι
1039 4468 1121 4524 ruillia
1148 4471 1292 4527 adversum
1308 4476 1336 4522 te
1352 4486 1360 4529 ;
1374 4467 1440 4523 ntsi
1460 4466 1527 4540 qnid
1555 4466 1599 4522 hic
1614 4474 1701 4522 ιιιιιιιι

59 4568 115 4614 tum
127 4558 241 4630 impedit
257 4559 413 4629 vagationes
428 4558 521 4614 animi.
536 4560 571 4615 Et
586 4558 716 4632 depinges
730 4557 766 4612 ibi
777 4557 854 4629 qnasi
909 4556 1003 4612 durius
1017 4557 1115 4628 agitur,
1131 4557 1238 4615 illorum
1252 4554 1472 4614 consideratione
1488 4555 1628 4631 levigetur.
1645 4554 1702 4611 Co·

58 4646 242 4717 resupinatum
258 4654 319 4702 ante
334 4656 359 4702 te
375 4648 517 4702 Dominum
532 4648 559 4702 in
575 4662 666 4716 cruce,
677 4653 705 4702 et
719 4661 790 4700 nnnc
803 4661 854 4716 pro
908 4645 965 4718 gita
978 4638 1050 4716 quod
1074 4645 1120 4701 ille
1133 4646 1180 4718 qni
1204 4643 1303 4700 elamat
1327 4651 1365 4711 te,
1382 4643 1511 4700 novacula
1525 4644 1574 4699 Dei
1597 4649 1649 4711 est,
1674 4651 1703 4701 et

58 4734 151 4800 clavis,
168 4750 240 4789 nunc
254 4750 304 4805 pro
318 4734 414 4805 spinis,
438 4751 509 4792 nunc
536 4752 586 4807 pro
602 4735 698 4807 sputis,
715 4751 786 4791 nune
803 4749 853 4806 pro
887 4736 978 4808 ⁴pilos
992 4734 1047 4791 vult
1072 4734 1119 4790 tibi
1138 4733 1234 4790 tollere
1263 4733 1412 4801 deformes,
1433 4740 1463 4788 ut
1484 4732 1625 4804 speciosus
1639 4728 1699 4790 lias.

57 4822 150 4877 lateris
163 4823 311 4879 effossione
325 4823 484 4894 suspirabis,
497 4835 524 4881 et
538 4826 638 4895 gratias
652 4840 724 4899 ages.
907 4824 1000 4896 Cogita
1013 4825 1085 4894 quod
1101 4823 1210 4894 pitantia
1223 4830 1264 4877 est
1277 4822 1311 4878 de
1332 4821 1403 4879 coelo
1413 4821 1494 4877 missa
1504 4821 1645 4879 eorrectio.

93 4910 160 4966 Cum
188 4912 340 4967 exeundum
360 4911 440 4967 fuerit
461 4928 477 4968 a
500 4915 594 4991 choro,
614 4914 689 4970 dices
707 4913 849 4970 Domino:
942 4913 1142 4985 Quicunquete
1158 4910 1325 4975 clamaverit,
1348 4909 1441 4965 eadem
1468 4909 1513 4966 dic
1542 4909 1701 4965 munerabis

55 5000 151 5055 Adbuc
166 5001 262 5064 habco,
284 5000 410 5068 Domine,
435 5001 553 5072 privatas
578 5003 672 5059 laudes
689 5010 716 5060 et
739 5002 853 5059 benedi·
906 5019 969 5059 euru
983 5004 1113 5075 obsequio
1136 5015 1309 5073 quocunque,
1325 4998 1354 5061 si,
1374 5008 1466 5070 potes.
1496 5013 1529 5054 eo
1555 4997 1627 5071 quod
1644 5008 1701 5053 tea

55 5088 158 5145 ctiones
172 5089 221 5143 tibi
243 5089 344 5152 dicere,
371 5104 437 5159 ques
462 5089 566 5146 scilicet
590 5108 663 5147 nuuc
691 5107 707 5147 a
735 5091 851 5163 puhlicis
906 5092 1075 5149 deformitate
1094 5090 1196 5163 peceati
1211 5088 1329 5144 relevare
1342 5087 1467 5144 uoluerit.

55 5175 149 5230 exiens
168 5177 282 5231 ιιιιιιιιο
294 5175 352 5244 tibi,
369 5182 397 5232 et
412 5176 526 5247 psallam
540 5177 663 5248 ingloria
673 5193 742 5234 mea.
941 5181 1006 5237 Cum
1031 5182 1063 5234 ad
1093 5180 1212 5234 laborem
1241 5175 1359 5240 veneris,
1386 5173 1426 5230 sie
1454 5172 1618 5247 temperahis
1631 5188 1699 5231 onus

91 5263 159 5319 Cum
181 5265 215 5317 ad
246 5264 352 5318 hissam
381 5273 493 5322 ventum
507 5265 599 5332 fuerit,
615 5265 724 5338 suscipe
738 5266 851 5323 invitan-
904 5269 1051 5344 agendum,
1080 5276 1109 5322 ut
1127 5263 1279 5340 sollicitudo
1307 5263 1398 5335 operis
1419 5262 1594 5320 intentionem
1615 5262 1697 5318 animi

53 5358 107 5404 tem
123 5351 155 5403 ad
183 5349 278 5404 llissas
306 5349 433 5422 privatas,
457 5367 488 5408 ac
507 5353 530 5408 si
558 5369 655 5426 panem
684 5354 851 5433 Angelorum
904 5358 944 5414 tni
958 5361 994 5412 ab
1006 5357 1040 5411 iis
1055 5371 1114 5427 qnae
1134 5354 1181 5409 Dei
1198 5362 1263 5409 sunt
1274 5367 1328 5409 non
1338 5358 1454 5407 avertat.

53 5439 106 5522 tibi
116 5437 260 5520 delapsum
274 5439 391 5521 decmlo
405 5439 523 5498 videres.
586 5514 591 5522 ,
911 5507 913 5512 ,
941 5444 1054 5514 Quando
1083 5442 1252 5516 pausandum
1269 5447 1320 5510 ιιι,
1336 5438 1391 5496 noli
1404 5437 1520 5519 angulus
1534 5439 1699 5515 comari,
1779 5476 1782 5480 -
