3706 5962
96 161 150 224 375

98 375 203 443 dicitur,
223 390 278 446 qno
291 387 413 428 amamus
427 373 499 449 quod
520 387 612 429 amare
634 373 777 437 debemus,
791 375 818 426 te
842 370 895 425 sci-

97 463 170 520 licet.
187 459 260 519 Nihil
274 462 346 518 enim
362 462 435 517 alind
449 469 491 518 est
505 477 590 527 amor,
606 477 688 534 quarn
702 462 851 517 vehemens
868 467 896 514 ει

97 554 169 610 bene
185 551 309 607 ordinata
332 551 464 607 voluntas.
490 554 573 607 Amas
587 565 654 623 ergo
669 557 705 619 te,
731 566 748 606 o
772 547 895 604 amabilis

96 640 224 715 Domine,
238 637 263 694 in
280 647 306 695 te
318 641 378 712 ipso
387 656 448 694 eum
464 655 479 693 a
494 641 571 695 Patre
583 648 610 694 et
621 638 690 693 Filio
703 637 826 708 procedit
836 635 896 706 Spi-

97 732 165 788 ritus
178 736 296 796 sanotus,
313 744 389 784 amor
404 727 491 783 Patris
504 728 538 782 ad
556 727 661 793 Filium,
678 734 706 783 et
721 726 778 781 Filii
793 725 827 780 ad
841 727 894 780 Pa-

98 828 188 876 trem:
206 827 233 874 et
248 824 338 874 tantus
361 827 405 874 ost
424 833 510 882 amor,
526 827 555 874 ut
578 816 613 872 sit
627 817 729 887 uuitas;
758 814 833 871 mata
854 823 895 870 est

97 912 196 977 unius,
220 916 249 963 ut
263 908 298 963 sit
326 908 496 970 homousion,
526 907 552 962 id
577 914 619 963 est
638 907 735 963 eadem
759 905 844 960 Patris
867 914 895 958 et

96 998 156 1056 Filii
171 996 331 1053 substantia.
349 999 431 1050 dmas
441 1005 469 1052 et
485 1003 511 1050 ta
521 994 608 1067 ipsum
619 997 647 1051 in
658 995 745 1062 nobis,
763 992 894 1048 mittendo

96 1086 225 1160 Spiritum
239 1084 296 1140 Filii
313 1083 349 1139 tui
365 1085 393 1138 in
409 1085 491 1138 corda
508 1092 610 1154 nostra,
631 1100 647 1139 a
661 1083 804 1139 dulcedine
820 1097 895 1137 amo·

95 1175 134 1232 n's
149 1183 177 1231 et
190 1172 362 1230 vehementia
377 1172 514 1244 inspiratae
528 1189 544 1227 a
558 1179 584 1229 te
609 1173 688 1229 uobis
704 1172 782 1228 bonae
796 1170 894 1227 voluu-

95 1264 160 1319 tatis
173 1262 345 1328 clamantem,
358 1262 440 1327 Abba,
453 1263 540 1318 Pater
554 1261 660 1330 (Galat.
675 1277 713 1328 tv,
730 1260 758 1331 6)
771 1276 776 1314 ;
792 1259 830 1314 sio
845 1273 894 1314 uos

622 142 798 219 emantur
817 152 956 214 luanus
975 153 1002 213 s.
1024 154 1221 221 muonautur

97 288 175 357 euius
195 287 273 342 bonae
293 283 437 342 voluntatis
458 283 633 340 vehementia
661 297 738 339 amor
765 281 793 337 in
817 267 934 371 nobisfl

1696 155 1749 216 376

951 280 1081 353 gulariter
1107 293 1135 341 et
1162 285 1285 358 perfecte
1307 285 1390 354 beati,
1420 285 1466 356 qui
1490 300 1553 340 vere
1574 293 1603 341 et
1626 282 1748 356 perfecte

950 379 1091 428 amant‘te.
1108 377 1225 432 Beatum
1239 376 1311 431 enim
1325 375 1462 430 dicerunt
1475 374 1611 446 populum
1625 373 1675 428 eut
1691 372 1749 428 hoee

949 467 1040 518 aunt:
1065 463 1114 519 sod
1128 464 1305 530 mentiuntur,
1321 464 1383 535 quia
1398 462 1472 519 solus
1488 461 1585 518 beatas
1604 463 1687 533 cujus
1706 464 1748 517 eat

948 552 1084 609 Dominus
1098 554 1168 610 Deus
1178 555 1237 625 ejus
1251 554 1337 621 (Psoi.
1354 566 1450 615 exurar,
1467 553 1521 618 th).
1538 549 1608 619 Quid
1623 551 1696 605 enim
1707 558 1748 606 est

948 640 1056 697 beatum
1073 656 1144 704 esse,
1161 641 1213 696 nisi
1236 641 1377 698 nouvelle
1402 639 1453 695 nisi
1477 640 1586 701 bouum,
1611 649 1639 694 et
1657 639 1748 696 omnia

948 730 1049 785 habere
1069 746 1247 802 quaeeumque
1265 730 1343 786 vult?
1366 730 1405 784 Te
1426 728 1509 799 igitur
1521 727 1602 795 velle,
1618 735 1646 784 et
1660 729 1747 785 vehe-

948 825 1054 874 menter
1072 818 1153 890 velle,
1164 820 1236 890 quod
1250 826 1291 875 est
1308 834 1408 880 amare,
1421 824 1449 874 et
1459 817 1630 886 singulariter
1644 834 1745 880 amare,

948 907 994 979 qui
1017 908 1102 963 amari
1116 923 1170 963 non
1191 908 1312 980 dignaris
1330 923 1392 963 curn
1406 906 1496 978 aliqua
1516 906 1629 960 omniuo
1644 922 1673 961 re
1689 907 1747 962 sive

948 995 1049 1052 carnali
1075 996 1131 1052 sive
1151 996 1292 1068 spirituali,
1318 995 1374 1051 sive
1395 994 1529 1058 terrestri,
1551 994 1607 1049 aive
1629 994 1744 1055 ooelesti,

948 1100 1008 1155 quae
1026 1099 1080 1141 non
1099 1093 1205 1141 ametur
1218 1100 1269 1158 pro
1288 1091 1334 1152 te;
1358 1084 1410 1139 hoe
1423 1082 1532 1138 demum
1546 1089 1588 1138 est
1601 1097 1655 1138 nou
1676 1083 1746 1140 velle

949 1173 1000 1228 nisi
1016 1174 1127 1238 bonum,
1139 1175 1191 1230 boc
1205 1182 1247 1230 est
1264 1175 1367 1229 habere
1382 1188 1560 1244 quaecumque
1570 1171 1625 1228 vult
1636 1173 1744 1227 omnia:

948 1261 1012 1333 quia
1031 1262 1113 1317 habet
1131 1268 1159 1318 te
1180 1262 1249 1334 quis,
1266 1263 1293 1317 in
1316 1269 1446 1334 quantum
1467 1268 1539 1320 amat
1562 1267 1600 1315 te.
1616 1261 1701 1331 Ergo,
1719 1271 1747 1316 et

947 1365 1040 1406 amore
1065 1357 1093 1406 et
1111 1351 1279 1406 beatitudine
1299 1349 1367 1405 uniti
1391 1351 1460 1411 Deo,
1484 1348 1660 1420 intelligimus
1674 1351 1747 1420 quod

947 1455 1011 1495 vere
1021 1440 1137 1498 Domini
1147 1444 1187 1495 est
1198 1441 1283 1504 sutas,
1296 1443 1325 1494 et
1335 1455 1419 1510 super
1427 1437 1565 1509 populum
1576 1442 1657 1492 tuum
1668 1437 1749 1492 bene·

98 1350 225 1410 efficiens
247 1351 286 1406 tui
307 1358 456 1415 amatores,
479 1348 533 1405 imo
548 1349 587 1406 sie
611 1357 638 1406 te
659 1349 748 1420 ipsum
773 1347 800 1403 in
815 1347 894 1403 uobis

94 1456 200 1512 amaus,
214 1448 245 1496 ut
262 1439 308 1512 qui
332 1437 447 1510 primum
473 1438 660 1510 sperabamus,
686 1438 749 1510 quia
775 1452 892 1493 novera-

96 1544 156 1607 mus
170 1544 272 1585 nomeu
293 1534 379 1592 tuum,
402 1526 528 1594 Domine,
545 1534 573 1582 et
595 1526 779 1600 gloriabamur
801 1525 829 1579 in
854 1532 891 1587 te,
948 1527 1036 1586 dictio
1064 1532 1115 1585 tua
1138 1528 1225 1597 (Prot.
1251 1543 1292 1595 ιιι,
1312 1530 1351 1598 9).
1382 1527 1501 1597 Ideoque
1529 1525 1669 1581 orationes
1696 1540 1748 1581 no-

95 1618 142 1692 qui
165 1617 346 1692 diligebamus
360 1630 461 1672 nornen
482 1615 592 1672 Domini
607 1614 635 1669 in
660 1626 696 1681 te,
722 1630 738 1670 o
760 1613 892 1679 Domine;
909 1605 932 1682 Β
948 1623 1028 1682 strae,
1044 1624 1117 1686 vota,
1135 1624 1162 1671 et
1175 1615 1317 1681 sacrificia,
1343 1623 1370 1672 et
1389 1614 1481 1671 omnia
1498 1623 1592 1670 nostra
1605 1613 1748 1670 offerimus

94 1708 150 1778 jam
173 1723 222 1778 per
246 1706 427 1778 inspirantem
443 1704 521 1760 nobis
544 1705 668 1779 gratiam,
693 1720 744 1776 per
765 1703 894 1779 Spiritum
949 1705 1007 1771 tibi,
1030 1706 1120 1772 Pater,
1141 1705 1248 1762 assidue
1273 1722 1322 1776 per
1345 1705 1489 1762 Dominum
1507 1711 1629 1759 nostrum
1655 1704 1746 1759 iesum

95 1795 248 1871 adoptionis
263 1803 325 1858 tuae,
341 1793 430 1850 omnia
446 1810 507 1866 quae
530 1793 618 1848 Patris
632 1800 705 1858 suut,
729 1798 821 1847 nostra
833 1807 894 1847 esse
949 1794 1083 1851 Christum
1107 1793 1202 1849 Filium
1228 1802 1322 1865 tuum3
1346 1795 1491 1850 credentes
1517 1803 1546 1848 et
1563 1791 1750 1866 intelligentes

94 1883 277 1952 confidentes,
292 1883 352 1954 ipso
366 1889 393 1937 te
407 1880 518 1937 nomine
532 1881 690 1937 invocamus
705 1897 753 1951 per
768 1880 894 1951 adoptio·
949 1898 984 1938 ex
1000 1890 1037 1946 te,
1054 1898 1070 1937 a
1092 1891 1128 1947 te,
1154 1890 1181 1938 et
1196 1883 1230 1938 ad
1254 1890 1291 1949 te,
1309 1898 1359 1953 per
1381 1882 1470 1954 ipsum
1485 1879 1563 1936 nohis
1582 1895 1655 1947 esse,
1670 1881 1749 1953 quid-

95 1974 137 2029 uis
147 1971 274 2045 gratiam,
289 1987 343 2040 quo
357 1969 440 2026 Filius
454 1975 516 2025 tuus
527 1969 624 2025 unicus
638 1984 687 2040 per
699 1976 833 2024 naturam.
949 1972 1012 2044 quid
1028 1972 1107 2028 nobis
1124 1971 1194 2028 bone
1210 1980 1260 2038 εει,
1277 1988 1360 2044 aquo
1374 1972 1461 2044 ipsum
1477 1985 1537 2026 esse
1550 1970 1693 2026 babemus.

132 2059 220 2118 ΜΟ
245 2063 289 2117 to.
315 2060 370 2115 Sed
385 2059 448 2131 quia
463 2059 515 2115 hoc
529 2058 578 2114 abs
593 2066 620 2113 te
644 2054 795 2124 totum'est,
815 2058 893 2124 cujtrs
986 2063 1029 2115 tt,
1050 2060 1116 2131 Quae
1140 2061 1230 2116 omnia
1253 2076 1304 2132 per
1327 2058 1607 2116 subministrationem
1630 2047 1747 2129 Spiritus

95 2165 187 2206 amare
201 2151 252 2205 hoc
268 2157 309 2204 est
325 2147 486 2205 benefacere
499 2165 506 2216 ;
522 2163 538 2202 a
552 2163 606 2219 quo
619 2162 701 2203 omne
715 2147 807 2202 datum
821 2146 893 2218 opti·
948 2150 1034 2205 saneti
1050 2149 1086 2204 tui
1106 2149 1252 2205 habitantis
1265 2150 1293 2204 in
1309 2149 1387 2204 nobis
1401 2147 1537 2204 credimus
1566 2154 1594 2202 et
1616 2146 1746 2219 intelligi·

96 2255 180 2305 mum,
200 2246 227 2295 et
243 2253 324 2294 omne
340 2228 440 2293 donum
456 2235 617 2308 perfectum,
634 2250 737 2292 summe
752 2236 831 2290 Pater
850 2234 893 2290 lu·
948 2255 1020 2309 mus,
1041 2247 1171 2311 quantum
1195 2238 1347 2313 intelligere
1367 2237 1409 2292 fas
1429 2245 1493 2293 est:
1520 2235 1576 2307 qui,
1592 2243 1622 2290 ut
1642 2235 1745 2292 dietum

95 2330 198 2385 minum
214 2328 285 2400 (too.
309 2329 411 2400 ι,17);
429 2333 499 2383 tute
518 2323 842 2401 ipsumamasinnobis,
868 2333 895 2380 ot
950 2333 1000 2391 est,
1026 2324 1191 2382 confirmans
1213 2325 1265 2380 sibi
1289 2333 1317 2380 et
1343 2325 1441 2379 uniens
1464 2322 1586 2392 spiritum
1610 2331 1743 2383 nostrum,

94 2434 145 2475 nos
162 2418 189 2473 iu
204 2427 243 2492 te,
260 2433 321 2473 cum
338 2424 366 2472 te
390 2432 441 2488 per
454 2423 480 2472 te
496 2431 628 2487 amamus,
644 2423 672 2470 et
684 2415 711 2469 in
727 2419 830 2469 tantum
846 2413 895 2468 tihi
950 2415 1034 2487 spirat
1048 2416 1075 2470 in
1099 2415 1186 2477 uobis,
1202 2414 1310 2487 quando
1324 2416 1390 2481 vult,
1412 2413 1548 2486 quomodo
1569 2414 1637 2482 vult,
1658 2428 1743 2485 quan·

94 2505 215 2574 unimur,
240 2505 414 2577 inquantum
435 2510 461 2560 te
485 2520 577 2560 amare
601 2519 756 2561 meremur:
779 2509 807 2558 et
829 2517 895 2573 par·
951 2511 1007 2560 tum
1022 2503 1098 2561 vult:
1121 2504 1199 2573 cuius
1222 2519 1314 2558 sumus
1334 2504 1448 2567 tactura,
1468 2501 1552 2558 creati
1571 2501 1599 2556 in
1617 2501 1746 2572 operibus

94 2596 190 2668 tioipes
204 2593 349 2660 efficimur,
364 2600 394 2650 ut
403 2592 504 2650 dictum
519 2601 571 2662 est,
583 2592 711 2649 orationis
725 2591 796 2646 illius
810 2591 897 2646 Chris·
951 2593 1040 2659 bouis,
1061 2593 1180 2649 existens
1199 2592 1375 2648 sanctificatio
1394 2597 1495 2656 nostra,
1519 2590 1674 2660 iustificatio
1698 2605 1747 2645 no·

96 2687 115 2741 ti
132 2683 189 2741 Filii
200 2683 252 2739 tui:
277 2685 393 2749 Volent,
405 2685 534 2754 sieutepo
545 2687 574 2738 et
590 2687 841 2751 turinumaumua,
853 2682 894 2736 itu
951 2689 1016 2745 stra,
1033 2697 1109 2737 amor
1123 2690 1226 2737 noster.
1243 2683 1303 2751 lpse
1323 2680 1394 2737 enim
1418 2689 1460 2736 est
1477 2695 1556 2735 amor
1569 2687 1673 2743 noster,
1694 2693 1748 2751 quo

96 2770 328 2843 etipsiamumin
338 2768 589 2839 nobiaatntltotm.
600 2784 672 2832 xv11,
689 2768 791 2838 tter).
803 2767 897 2824 Genus
951 2775 986 2824 ad
1001 2777 1027 2825 te
1043 2769 1230 2841 pertingimus,
1247 2785 1300 2841 quo
1321 2777 1346 2825 te
1366 2769 1563 2841 amplectimur.
1582 2767 1716 2839 Alioquin,
1733 2785 1750 2822 o

96 2858 170 2916 enim
185 2864 260 2913 tuum
284 2872 386 2922 sumus,
402 2854 537 2911 Domine:
555 2870 640 2928 penus
656 2857 716 2921 Dei,
736 2854 806 2910 sicut
830 2855 897 2911 dicit
951 2857 1234 2930 incomprehensibilis
1252 2860 1392 2927 majestas,
1417 2855 1669 2928 comprehensibilis
1688 2871 1750 2910 esse

98 2945 243 3019 Apostolus
268 2952 340 3015 tuns,
366 2944 533 3001 transierens
550 2944 650 3001 ethnici
673 2944 836 3000 sententiam
860 2945 895 3001 de
913 2907 936 2987 Β
951 2946 1051 3002 videris
1066 2946 1163 3002 animm
1181 2953 1208 3002 te
1224 2948 1333 3002 amanti.
1361 2947 1436 3002 Licet
1450 2945 1523 3001 enim
1544 2945 1633 3000 nullus
1652 2960 1750 3000 sensus

96 3035 169 3092 rnalo
183 3050 247 3092 vase
261 3033 289 3090 in
304 3049 352 3089 vas
377 3032 492 3100 bonum,
506 3040 535 3089 ut
556 3048 612 3089 uon
636 3032 690 3088 uisi
705 3033 791 3105 ipsam
806 3041 834 3088 et
848 3050 897 3089 vas
950 3034 1095 3106 cujuslibet
1109 3035 1206 3091 animae
1219 3036 1262 3091 vel
1286 3035 1397 3106 spiritus
1417 3041 1443 3091 te
1465 3033 1691 3106 comprehendat,
1710 3040 1750 3086 ta·

96 3126 197 3182 bonum
226 3123 323 3196 sapiat.
355 3124 458 3189 Genua
482 3122 592 3194 inquam
618 3138 718 3180 sumus
743 3122 792 3179 Dei
820 3123 897 3189 (Aet.
952 3140 1014 3180 men
1042 3130 1129 3179 totum
1167 3131 1204 3192 te,
1235 3133 1354 3196 quantus
1378 3140 1417 3187 es,
1443 3122 1651 3195 comprehendit
1674 3135 1751 3176 arnor

97 3229 165 3280 xvtt,
182 3212 228 3285 29)
247 3211 332 3279 etdii,
348 3211 394 3266 lilii
409 3201 514 3267 Excelsi
528 3212 720 3284 omues(Paal.
736 3226 835 3280 uxxxt,
855 3213 895 3284 6),
952 3211 1078 3279 amantis,
1094 3211 1139 3285 qui
1162 3220 1249 3269 totum
1268 3221 1296 3269 te
1317 3221 1389 3268 amat
1410 3221 1528 3284 quantus
1551 3227 1591 3276 es,
1612 3211 1635 3266 si
1658 3218 1749 3265 tamen

98 3301 260 3377 cognatione
279 3300 395 3373 quadam
409 3300 539 3373 spirituali
563 3316 690 3374 magnam
704 3300 774 3372 apud
790 3309 817 3356 te
838 3301 897 3359 vin·
952 3309 994 3357 est
1016 3301 1108 3359 totitas
1131 3301 1178 3358 ubi
1193 3318 1248 3358 uon
1272 3311 1315 3358 εει
1338 3301 1549 3372 particularitas;
1569 3300 1592 3355 ai
1613 3299 1752 3372 quantitas

98 3392 219 3449 dicantes
243 3389 413 3460 affinitatem,
433 3406 495 3446 cum
509 3406 560 3462 per
584 3389 714 3462 Spiritum
742 3390 897 3462 adoptionis
952 3391 999 3448 ubi
1014 3406 1068 3448 non
1083 3398 1125 3448 est
1149 3392 1277 3456 tantitas;
1294 3391 1315 3448 si
1340 3398 1382 3446 est
1396 3388 1676 3460 comprehensibilitas
1691 3388 1748 3444 ¹ubi

96 3481 179 3538 Filius
193 3484 256 3536 tuus
271 3495 355 3535 unum
377 3479 519 3536 nobiseum
540 3495 640 3536 nomen
665 3478 756 3535 sortiri
777 3495 832 3536 uon
852 3480 898 3535 de·
952 3483 1011 3538 haee
1028 3482 1119 3537 omnia
1134 3496 1188 3537 uon
1204 3489 1276 3536 sunt.
1293 3480 1348 3536 Sed
1362 3495 1422 3535 cum
1437 3488 1463 3535 te
1478 3494 1608 3543 amamus,
1632 3475 1750 3534 afficitur

98 3569 235 3643 dignatur,
250 3578 277 3624 et
300 3584 364 3626 cam
377 3568 437 3640 ipso
449 3577 477 3624 et
490 3584 541 3639 per
554 3567 642 3640 ipsum
667 3568 812 3640 praeeeptis
827 3567 896 3625 salu·
951 3570 1062 3643 spiritns
1077 3577 1170 3626 noster
1185 3570 1295 3641 Spiritui
1310 3577 1356 3625 tuo
1377 3575 1480 3635 sancto,
1496 3584 1546 3639 per
1568 3583 1649 3640 quem
1673 3567 1751 3622 habi·

99 3659 202 3715 taribus
215 3655 311 3712 moniti
326 3665 354 3713 et
375 3657 469 3712 divina
487 3657 659 3713 institutione
684 3657 792 3712 formati
807 3657 894 3713 aude·
953 3659 1191 3716 tenteminnobis
1214 3660 1372 3714 charitatem
1396 3658 1446 3713 Dei
1465 3657 1591 3712 diffusam
1616 3657 1749 3712 habemus

99 3761 160 3803 mus
174 3745 265 3800 dicere
278 3759 283 3798 :
296 3746 382 3800 Pater
392 3748 488 3800 noster
497 3743 548 3817 qut
558 3762 586 3801 εε
596 3745 630 3800 tn
642 3745 719 3800 ecelis
729 3744 843 3815 (tlattt.
856 3762 894 3815 vt,
951 3748 980 3804 in
994 3748 1122 3804 cordibus
1140 3748 1249 3805 uostris.
1265 3748 1387 3818 Cumque
1411 3761 1488 3802 amor
1502 3755 1573 3812 tuus,
1598 3760 1674 3801 amor
1698 3745 1748 3800 Pa·

101 3834 139 3907 t).
169 3836 252 3890 Amas
274 3831 366 3905 itaque
390 3846 451 3901 nos,
475 3831 503 3886 in
521 3838 651 3904 quantum
677 3847 726 3888 nos
745 3831 830 3888 efficis
857 3834 897 3889 tui
952 3836 1000 3892 tris
1015 3837 1049 3891 ad
1063 3836 1169 3900 Filium,
1185 3851 1261 3892 amor
1284 3835 1342 3890 Filii
1366 3836 1400 3890 ad
1420 3836 1536 3901 Patrem,
1552 3835 1668 3905 Spiritus
1681 3850 1750 3889 san-

100 3929 255 3989 amatores3
270 3929 368 3988 etnos,
382 3935 503 3976 amamrn
517 3927 554 3985 te,
571 3920 597 3974 in
612 3930 741 3992 quantum
756 3937 772 3976 a
787 3929 814 3978 te
832 3922 896 3994 Spi·
952 3933 1011 3983 etus
1033 3924 1159 3980 habitans
1184 3923 1210 3979 in
1231 3925 1310 3980 nobis
1331 3924 1365 3979 ad
1390 3933 1415 3979 te
1439 3933 1481 3979 est
1505 3924 1576 3996 quod
1592 3931 1644 3986 est,
1666 3922 1753 3979 idest

101 4011 181 4068 ritum
205 4018 282 4066 tunm
295 4006 454 4080 accipimus,
477 4007 524 4081 qui
538 4014 580 4063 est
594 4023 672 4064 amor
686 4016 759 4080 tuus,
775 4011 897 4068 obtinen-
952 4030 1038 4082 amor,
1054 4029 1163 4069 omnem
1177 4013 1359 4085 captivitatem
1380 4013 1455 4079 Sion,
1470 4013 1497 4066 id
1522 4021 1563 4067 est
1584 4010 1682 4067 animae
1697 4026 1752 4067 uo-

101 4105 198 4156 temet
221 4094 405 4170 possidentem
425 4112 522 4153 omues
545 4096 718 4154 affectionum
742 4106 896 4156 nostrarum
952 4112 1015 4159 strae
1029 4117 1125 4158 omnes
1141 4101 1303 4158 aflectiones
1317 4103 1344 4156 in
1360 4119 1390 4158 se
1412 4109 1575 4157 convertens
1588 4110 1614 4156 et
1631 4099 1751 4156 sanctiti-

99 4203 235 4258 reeessus‚
252 4193 280 4242 et
293 4185 416 4258 perfecte
430 4200 479 4241 eos
488 4192 692 4241 convertentem
706 4185 734 4241 in
749 4185 895 4258 puritatem
912 4213 935 4290 u
952 4208 1032 4261 cans3
1049 4206 1171 4249 amamus
1191 4197 1227 4255 te,
1253 4189 1295 4245 vel
1321 4197 1349 4245 tu
1366 4188 1443 4245 911
1471 4204 1545 4244 amas
1559 4195 1586 4244 te
1610 4188 1637 4243 iu
1652 4187 1750 4251 uobis,

100 4275 221 4335 veritatis
234 4280 299 4340 tuae,
315 4280 342 4330 et
356 4273 498 4330 veritatem
516 4272 640 4345 puritatis
653 4280 715 4340 tuae,
733 4273 759 4329 iu
783 4273 895 4347 plenum
953 4295 1002 4336 uos
1021 4278 1131 4345 affeetu,
1147 4288 1175 4335 tu
1191 4278 1310 4336 effectu:
1327 4293 1410 4333 unum
1425 4277 1512 4333 nosin
1524 4288 1550 4332 te
1564 4275 1686 4333 alliciens
1701 4292 1750 4347 par

100 4364 199 4424 amoris
214 4363 442 4420 tuiconseusum:
460 4368 587 4433 tantaque
603 4361 633 4416 iit
646 4363 813 4432 coniunctio,
823 4373 897 4420 tanta

99 4453 229 4525 adhaesio,
258 4458 332 4509 tanta
345 4450 496 4508 dulcedinis
511 4458 565 4506 tuae
584 4449 684 4516 fruitio,
712 4461 740 4508 ut
753 4451 842 4508 unitas
861 4454 895 4508 ab

98 4543 158 4619 ipso
170 4543 287 4600 Domino
303 4549 396 4598 nostro
420 4539 486 4598 Filio
511 4548 557 4596 tao
576 4547 697 4606 vocetur,
721 4539 840 4608 dicente,
865 4545 897 4602 ttt

951 4369 1082 4425 unitatem
1113 4376 1198 4434 tuam,
1225 4367 1252 4423 id
1281 4375 1324 4424 est
1347 4368 1435 4438 ipsum
1464 4365 1593 4437 Spiritum
1624 4371 1747 4420 sanctum

952 4464 1039 4524 tuum,
1055 4474 1136 4530 quem
1159 4456 1257 4514 dedisti
1283 4456 1373 4526 nobis,
1395 4464 1434 4520 ut,
1458 4455 1527 4510 siout
1541 4469 1596 4510 nou
1610 4460 1653 4509 est
1675 4453 1747 4509 alind

952 4545 1026 4603 Patri
1041 4547 1121 4603 nosse
1137 4545 1241 4610 Filium,
1258 4544 1308 4599 nisi
1330 4546 1382 4600 hoe
1406 4542 1561 4613 essequod
1586 4551 1628 4597 est
1654 4541 1748 4601 Filius.

99 4631 162 4691 sint
176 4632 233 4705 ipsi
247 4634 338 4688 unum
348 4633 381 4687 in
389 4630 482 4698 nobia-
493 4636 574 4686 tautae
589 4628 736 4704 dignitatis,
747 4638 829 4686 tantae
839 4630 896 4704 glo·
952 4635 1017 4690 nihil
1030 4634 1102 4691 aliud
1118 4634 1185 4690 Filio
1200 4648 1280 4689 nosse
1299 4634 1418 4698 Patrem,
1441 4630 1492 4686 nisi
1517 4632 1567 4687 hoo
1591 4645 1651 4685 esse
1675 4629 1751 4701 quod

25 4774 30 4784 ,
98 4719 157 4784 riae,
171 4725 202 4774 nt
215 4718 397 4789 subsequatur
410 4731 439 4773 et
453 4716 533 4786 dieat,
550 4717 632 4773 Sicut
647 4722 694 4789 epo
709 4723 737 4774 et
753 4723 785 4774 tu
804 4736 896 4776 unum
951 4730 994 4780 est
1007 4725 1102 4791 Pater-3
1118 4723 1192 4779 unde
1210 4723 1237 4777 in
1258 4720 1414 4795 Evangelio,
1435 4721 1519 4777 Nemo
1534 4720 1611 4776 arcuit
1625 4721 1753 4781 Patrem,

97 4823 206 4867 sumtu.
224 4805 248 4863 0
267 4806 404 4881 gaudium,
420 4821 437 4862 o
451 4805 577 4876 gloriam,
594 4821 610 4861 o
628 4804 746 4874 divitias,
770 4822 896 4880 osuper-
950 4813 1009 4868 nisi
1021 4811 1456 4878 Filiu53otnemonouitFilium,
1468 4809 1747 4877 niail’otertlluttb.

98 4895 186 4954 biaml
210 4893 299 4950 Habet
312 4893 384 4950 enim
407 4893 540 4966 sapientia
558 4893 640 4949 etiam
664 4895 706 4950 sui
728 4897 838 4967 generis
851 4914 896 4954 su·
952 4918 993 4969 m,
1011 4903 1071 4974 at);
1086 4912 1114 4957 ει
1129 4901 1198 4956 sieut
1214 4901 1324 4972 Spiritui
1340 4907 1433 4956 sancto
1448 4899 1513 4954 nihil
1527 4907 1569 4955 est
1583 4899 1655 4954 aliud
1669 4914 1752 4954 nosse

97 4985 231 5060 perbiam,
243 4999 303 5059 quta
313 4982 396 5038 dicit:
410 4983 515 5040 liccam
525 4984 675 5040 enimaunt
685 4983 795 5042 dictita
805 4990 833 5041 et
842 4988 897 5059 plo
950 4990 993 5046 vel
1007 4990 1240 5063 comprehendere
1251 4990 1357 5044 Patrem
1369 4998 1396 5045 et
1406 4989 1512 5053 Filium,
1532 5005 1610 5060 quarn
1622 4989 1673 5043 hoe
1687 5002 1749 5043 esse

97 5075 155 5146 ria.
171 5090 234 5150 opos
247 5072 372 5147 stipiti&
381 5076 410 5128 0²
424 5071 546 5144 jutum
559 5071 651 5144 (Proh
666 5087 727 5138 Vltb
750 5073 804 5144 ἱ8)·
949 5077 1022 5152 quod
1036 5087 1079 5135 est
1095 5080 1174 5134 Pater
1184 5088 1212 5135 et
1226 5078 1321 5145 Filius,
1338 5078 1375 5132 ita
1384 5077 1463 5133 uobis
1477 5077 1537 5149 (qui
1548 5077 1583 5131 ad
1597 5076 1744 5149 imaginem

392 5159 506 5218 CAPUT
530 5161 600 5219 vltt.
949 5182 1024 5238 ruam
1039 5167 1144 5223 conditi
1157 5183 1261 5231 sumus,
1277 5174 1305 5223 et
1319 5167 1353 5221 ab
1365 5166 1410 5222 illa
1426 5182 1475 5236 per
1493 5166 1579 5221 Adam
1595 5166 1752 5229 inveterati,

185 5253 239 5308 Par
252 5265 378 5309 umorem
398 5264 449 5307 noa
462 5249 528 5320 fieri
546 5265 636 5333 unam
661 5265 725 5306 oum
741 5251 803 5308 Deo.
953 5272 1003 5329 per
1017 5256 1153 5312 Christum
1168 5257 1200 5312 ad
1217 5256 1289 5312 illam
1310 5269 1473 5311 renovamur
1496 5255 1531 5310 de
1550 5254 1593 5309 die
1617 5254 1644 5309 in
1668 5253 1754 5321 diem)

135 5338 180 5394 lt.
200 5335 273 5407 Quid
288 5344 382 5395 antem
401 5343 443 5394 eat
458 5338 604 5394 absurdius
618 5337 690 5395 uniri
712 5339 771 5396 Deo
789 5355 892 5408 amore,
951 5346 1105 5403 amantibus
1123 5347 1209 5402 Deum
1237 5344 1303 5401 nihil
1326 5343 1360 5400 sit
1385 5343 1455 5398 aliud
1479 5358 1569 5397 amare
1599 5352 1627 5398 et
1655 5341 1753 5397 timere

95 5432 191 5497 atnon
202 5425 389 5484 beatitudinet
400 5427 476 5485 Beati
486 5427 558 5484 anim
569 5443 633 5486 vere
648 5435 676 5486 et
686 5429 776 5497 unice,
791 5440 819 5488 et
833 5433 891 5488 sin·
945 5437 1041 5498 [teum.
1057 5443 1084 5491 et
1100 5435 1226 5491 mandata
1240 5435 1301 5505 ojus
1324 5435 1481 5496 observare,
1510 5447 1592 5503 quam
1620 5446 1693 5496 essa,
1723 5438 1752 5485 et
