3706 5962
171 225 232 285 tm
829 220 1021 282 annuntiant
1038 219 1174 279 inultis
1770 225 1827 284 208

167 353 261 410 Fiat.
277 364 384 420 exurn,
407 349 462 422 83).
478 349 568 407 Bonus
583 357 644 405 uter
663 347 701 404 sic
714 348 874 419 congelatus
887 355 915 404 et
928 348 972 403 in·
987 365 1011 443 p
1027 363 1083 403 non
1098 347 1163 404 siut.
1179 347 1350 420 Frequenter
1364 363 1445 419 poma
1460 363 1522 419 qua
1535 363 1638 420 genere
1657 349 1732 403 bona
1749 357 1824 417 sunt,

176 440 265 498 lusus,
276 439 353 496 Foris
362 437 536 495 continentie
550 438 656 510 pruina,
673 437 745 492 intus
759 436 874 510 repletio
889 437 972 507 iusti·
1026 444 1146 508 tempore
1162 435 1283 491 nondum
1292 442 1369 509 grata
1383 443 1456 504 sunt,
1484 436 1534 492 sed
1557 436 1750 493 immaturitate
1766 437 1825 493 sola

140 530 145 541 '
178 528 232 586 tiae.
246 528 321 584 Beue
332 536 446 599 uterque
456 527 514 597 ilat,
529 528 638 601 quando
652 526 787 582 exteriora
800 525 890 599 gelido
904 542 973 598 quo-
1027 523 1181 596 displicent.
1192 523 1267 580 Felix
1277 524 1373 580 hortus
1382 525 1461 595 cujus
1471 540 1568 581 omnes
1577 524 1681 581 tructus
1691 533 1719 581 et
1728 533 1825 581 natura

176 616 239 673 dam
254 616 432 674 continentiae
441 615 537 690 spiritu
552 616 652 689 rigent,
668 625 696 673 et
710 615 838 673 interiora
853 616 973 687 rigantur
1027 611 1090 667 boni
1105 619 1177 679 sunt,
1190 620 1218 667 et
1231 620 1354 684 tempore
1368 612 1632 684 congruiNeutrum
1641 612 1740 669 deesse
1749 615 1825 671 novit

174 704 287 776 prolluis
304 704 419 777 gaudiis.
1026 701 1114 771 pomis
1125 700 1182 757 suis
1191 714 1302 774 sponsa,
1313 703 1348 756 ad
1360 717 1476 773 quorum
1486 703 1684 759 comestionem
1693 701 1824 760 dilectum

210 798 238 850 6.
254 800 288 854 Et
304 803 334 850 ut
346 793 430 848 austri
453 794 546 849 ilatum
563 793 598 848 ad
617 792 748 848 interiora
760 790 890 848 deflectas
903 792 972 847 Fer·
1025 790 1825 863 provocat.Vanictdilcetuemecsr'rrbertamsaumateo·

176 883 225 952 llo,
237 882 335 954 inquit.
348 881 400 951 Qui
410 881 519 954 perilot,
532 882 560 936 in
574 881 677 937 intimis
692 881 748 951 llot,
764 888 792 936 at
805 880 973 952 impenetra-
1025 880 1540 952 medatsractumpcmorumsccrum.
1549 879 1703 952 Videquam
1713 896 1824 938 morose

176 971 231 1028 bila
247 971 314 1026 nibil
328 978 369 1027 est
392 970 431 1025 illi
448 988 453 1027 :
471 971 582 1043 spiritus
600 970 652 1026 iste
676 968 781 1026 subtilis
795 977 847 1036 est,
863 976 970 1035 acutus,
1024 974 1053 1022 et
1066 968 1199 1035 modeste,
1215 976 1242 1024 et
1256 975 1318 1041 post
1330 967 1560 1041 multapraeconia
1574 968 1645 1024 lacta
1659 969 1693 1025 sit
1708 970 1766 1027 brec
1781 970 1824 1025 in-

176 1066 204 1115 et
222 1058 340 1130 mobilis,
365 1060 484 1130 perllans
506 1075 561 1116 uon
580 1058 687 1116 inllans.
712 1058 831 1114 Scientia
854 1057 930 1111 iullat
948 1056 974 1125 (l
1024 1055 1126 1112 vitatio.
1141 1056 1204 1112 Non
1224 1056 1297 1111 enim
1310 1056 1451 1127 praesumit
1463 1058 1522 1112 baec
1543 1055 1672 1114 dilectum
1695 1058 1821 1125 inritare,

179 1147 239 1204 Cer.
255 1162 318 1218 vsu,
334 1147 361 1220 t)
379 1165 386 1203 ι
402 1147 519 1204 ebaritas
533 1146 639 1220 perflat.
665 1147 789 1204 Charitas
803 1144 917 1201 interior
929 1150 971 1201 est
1024 1158 1079 1198 non
1093 1143 1150 1199 sitit
1162 1143 1283 1209 delicias,
1296 1143 1384 1200 donec
1406 1144 1521 1201 delicate
1543 1146 1609 1201 satis
1632 1163 1663 1204 se
1684 1147 1759 1203 novit
1773 1148 1822 1204 de-

176 1252 257 1308 quam
270 1235 394 1307 scientia,
409 1246 437 1293 et
451 1236 485 1292 ad
500 1236 649 1293 secretiora
663 1234 803 1307 pertingit.
818 1232 917 1290 Omnia
931 1233 971 1288 in·
1025 1230 1163 1303 scriptam.
1176 1231 1247 1300 Quid
1261 1231 1358 1289 enimi
1372 1232 1508 1304 putatisne
1522 1234 1615 1290 tasum
1629 1234 1821 1292 delectabilem

174 1324 276 1381 teriora
284 1323 383 1398 perllat
395 1323 524 1397 Spiritus,
540 1324 587 1397 qui
597 1322 823 1381 scrutaturetiam
836 1320 970 1394 protunda
1024 1316 1102 1373 illum
1114 1320 1261 1375 aduentum
1284 1320 1440 1390 praesentiae
1453 1337 1509 1376 suae
1529 1321 1582 1376 illis
1605 1321 1758 1396 indulgere,
1774 1324 1821 1396 qui

168 1412 236 1470 liei.
252 1412 304 1469 Ubi
328 1413 492 1484 perflaverit,
517 1421 544 1468 et
566 1412 646 1485 quasi
661 1411 818 1484 perllaverit
840 1410 907 1476 ista;
932 1408 969 1465 ibi
1024 1406 1162 1477 praedictis
1184 1422 1238 1463 non
1265 1415 1328 1464 sunt
1349 1407 1454 1479 prediti
1476 1407 1593 1476 dotibus,
1617 1425 1670 1467 nec
1693 1410 1820 1467 laudibus

173 1498 351 1557 scientiarum
374 1507 496 1557 aromata
519 1500 622 1556 utiliter
651 1500 750 1567 llunnt,
768 1497 968 1569 meditationes,
1023 1493 1518 1570 digniiTemarariaepraesumptionis
1528 1507 1602 1570 puta,
1610 1499 1726 1571 si,prius
1736 1516 1820 1572 quam

173 1587 320 1658 orationes,
341 1589 465 1660 suspiria,
489 1588 635 1660 singultus,
651 1587 790 1660 lacrymae,
808 1587 868 1658 ipsa
889 1586 970 1643 collo-
1023 1591 1103 1654 aptus
1118 1585 1157 1640 sis
1170 1585 1206 1640 ad
1234 1585 1469 1658 contemplationis
1488 1604 1577 1654 usum,
1593 1589 1684 1644 lesum
1710 1587 1819 1647 inuitas.

173 1676 246 1748 quia.
267 1676 365 1733 Omnia
379 1677 452 1732 velut
464 1686 587 1733 aromata
601 1677 697 1746 tlunnt,
714 1692 776 1749 quae
789 1677 824 1733 de
839 1675 968 1733 charitate
1023 1672 1063 1727 Fu
1078 1671 1153 1728 illum
1168 1673 1202 1728 ad
1222 1673 1405 1730 deliciandum
1419 1681 1508 1732 tecum
1533 1675 1672 1744 sollicitas,
1688 1677 1735 1749 qui
1748 1676 1820 1734 lorte

173 1766 275 1822 ducunt
300 1766 444 1839 originem.
474 1764 573 1821 Omnia
597 1781 659 1838 quae
679 1766 832 1838 procedunt
861 1765 895 1820 de
923 1780 965 1833 ea,
1022 1762 1119 1818 sordes
1133 1761 1222 1817 adbuc
1236 1762 1366 1819 delictis?
1380 1762 1479 1819 Hortus
1494 1771 1557 1820 tuus
1579 1766 1701 1822 sentibus
1723 1766 1820 1822 horret

172 1854 250 1926 quasi
264 1854 409 1911 aromatica
430 1861 504 1919 sunt,
528 1854 617 1928 gratia
637 1854 728 1926 plana.
744 1855 833 1908 uuam
847 1861 919 1920 snut,
939 1862 967 1909 et
1021 1856 1048 1906 et
1060 1850 1213 1923 sterilescit,
1223 1851 1423 1909 etillchesum
1438 1852 1556 1912 inuitas?
1567 1854 1651 1910 iuvita
1665 1853 1751 1922 illum,
1762 1871 1818 1912 uon

163 1943 281 2014 copiosa
290 1953 369 2008 sunt;
385 1941 533 1999 aromatica
547 1950 609 1998 sunt
623 1950 651 1999 et
669 1941 782 1998 llueutia
795 1947 867 2000 sunt.
884 1941 966 1997 Plena
1021 1945 1050 1992 ut
1063 1939 1120 2008 jam
1134 1938 1293 2007 delectetur,
1309 1939 1359 1996 sad
1374 1948 1402 1995 ut
1416 1940 1510 1997 deleat
1518 1943 1591 2014 qnod
1605 1942 1739 2013 plantavit
1751 1942 1819 1999 dex-

169 2039 233 2087 snnt
248 2047 310 2104 quae
324 2031 359 2087 de
369 2029 510 2088 charitatis
525 2030 694 2102 plenitudiue
708 2031 868 2103 procedunt.
883 2030 966 2088 Plena
1021 2032 1082 2081 tera
1096 2033 1151 2083 tua.
1167 2026 1254 2084 Invita
1272 2026 1347 2083 illum
1365 2035 1395 2083 ut
1408 2037 1507 2102 purget
1521 2028 1619 2101 primo,
1629 2038 1725 2102 postea
1738 2031 1821 2105 plan·

170 2126 244 2186 suut,
260 2125 287 2174 et
296 2133 427 2191 expressa
443 2133 499 2173 uon
512 2125 585 2184 sunt,
596 2132 648 2174 nec
659 2117 801 2175 torcularis
809 2117 965 2175 violentiam
1020 2120 1068 2170 tet.
1086 2114 1117 2169 ln
1139 2122 1254 2186 utroque
1269 2114 1347 2172 labor
1361 2124 1411 2184 est,
1428 2115 1477 2173 sed
1492 2131 1556 2174 cum
1575 2118 1757 2176 delectatione
1770 2119 1819 2175 de-

168 2209 308 2280 patiuntur
323 2210 384 2279 eius
402 2214 532 2264 aromata.
549 2206 680 2264 Torcular
700 2207 728 2263 iu
750 2208 801 2265 hoc
815 2209 895 2265 horto
909 2222 963 2263 nou
1020 2216 1135 2273 serpere
1149 2203 1240 2260 ueniet
1255 2204 1362 2260 fructus
1377 2213 1509 2262 maturos.

168 2296 240 2372 legis
254 2305 423 2353 exstructum
440 2315 448 2353 :
464 2312 529 2352 nam
543 2296 630 2353 vicem
644 2296 787 2353 torcularis
801 2297 906 2354 obtinet
916 2313 964 2353 au·
1054 2295 1081 2345 2·
1110 2292 1217 2358 Veniat,
1245 2292 1342 2365 inquii,
1371 2293 1606 2353 dicernimus.
1629 2297 1690 2353 Non
1712 2306 1818 2355 tantum

168 2393 233 2441 ster.
247 2384 347 2442 illlata
371 2401 454 2457 quam
473 2384 578 2442 calcata
601 2383 699 2441 melius
716 2384 812 2441 lluunt.
840 2385 965 2461 Gratuita
1018 2379 1154 2435 blanditur
1166 2387 1194 2435 ct
1209 2380 1348 2453 applaudit
1360 2384 1500 2454 praesenti,
1515 2385 1564 2441 sed
1587 2386 1668 2442 etiam
1682 2386 1818 2444 inabsen·

167 2473 250 2543 enim,
272 2481 303 2529 ut
317 2473 444 2542 diximus,
461 2482 534 2543 sunt,
555 2489 609 2529 non
629 2481 735 2530 extorta
749 2483 832 2542 metu,
844 2474 892 2531 sed
905 2475 963 2546 spi·
1019 2475 1072 2524 tem
1087 2468 1264 2525 inardescunt
1278 2477 1341 2526 vota
1363 2470 1457 2542 ipsius.
1473 2471 1570 2528 Falsus
1593 2490 1670 2530 arnor
1684 2483 1712 2532 et
1726 2475 1815 2532 simu·

166 2562 219 2619 ritu
233 2562 303 2618 lusa
327 2560 411 2618 131
425 2561 495 2617 Sunt
512 2561 559 2635 qui
574 2561 729 2634 aquilonem
743 2571 772 2619 et
789 2570 911 2620 austrum
929 2564 964 2619 ad
1018 2557 1131 2614 letorius
1153 2559 1294 2615 absentem
1315 2559 1491 2629 obliviscitur,
1515 2563 1643 2634 praesenti
1664 2564 1815 2622 blanditur.

164 2651 246 2722 liujus
257 2649 351 2707 saeculi
365 2651 516 2707 adversaet
531 2666 664 2722 prospera
674 2653 795 2708 trahunt.
809 2653 845 2707 Et
853 2652 962 2724 quidem
1017 2647 1080 2703 Non
1093 2647 1132 2702 sic
1146 2662 1255 2718 sponsa,
1269 2661 1325 2702 non
1348 2647 1406 2714 sic;
1426 2650 1475 2703 sed
1498 2649 1640 2706 absentem
1664 2651 1814 2724 desiderat,

163 2740 273 2813 gemina
291 2741 343 2794 bac
363 2738 515 2794 tentatione
538 2747 636 2795 vexata
654 2739 777 2795 Ecclesia
799 2739 860 2810 liei,
884 2741 963 2798 bonae
1016 2744 1153 2807 praesente
1167 2734 1283 2792 lactatur·
1306 2737 1416 2806 Veniat,
1431 2737 1528 2810 iuquit,
1545 2739 1668 2799 dilectus
1692 2758 1769 2800 mm
1782 2744 1814 2798 ta

166 2843 279 2898 semper
293 2825 446 2883 allectionis
461 2833 487 2882 et
503 2825 638 2897 opinionis
650 2827 772 2882 abundat
784 2829 960 2885 aromatibus.
1017 2827 1131 2882 bortum
1145 2841 1239 2882 suam.
1254 2825 1296 2883 Ad
1321 2841 1366 2881 me
1390 2826 1454 2898 quid
1472 2834 1594 2883 austrum
1617 2830 1736 2887 invitati
1754 2833 1815 2904 lpse

161 2915 229 2971 ldeo
244 2914 286 2970 his
301 2913 497 2971 tentationibus
512 2914 681 2987 perllaudum
699 2914 820 2986 dimittit,
835 2932 869 2973 eo
888 2918 962 2991 quod
1016 2913 1114 2980 veniat,
1140 2922 1167 2967 et
1198 2911 1298 2970 sullicit
1322 2913 1398 2971 mibi.
1414 2915 1474 2986 lpse
1489 2923 1582 2973 auster
1596 2926 1638 2974 est
1653 2935 1740 2989 meus,
1754 2921 1814 2992 ipse

165 3002 305 3059 abundare
319 3003 403 3070 uouit,
419 3010 445 3059 et
460 3002 583 3074 inopiam
594 3004 659 3076 pati
674 3003 761 3060 Locus
773 3004 824 3061 iste
837 3005 961 3064 latiorem
1015 3012 1108 3053 1101111
1134 3007 1175 3054 0⁵²
1202 3016 1312 3056 meum:
1340 3002 1400 3074 ipse
1427 3012 1519 3060 ⁸⁰⁸¹&
1541 3022 1629 3076 11111118,
1652 3007 1712 3081 il)se
1736 3024 1814 3065 ⁸ffl⁰f

163 3091 367 3149 exsecutionem
391 3097 502 3162 exoptat
526 3112 534 3148 ι
559 3091 609 3148 sed
631 3092 660 3148 in
682 3092 757 3149 calce
781 3093 839 3151 haec
857 3104 961 3153 tantum
1014 3102 1101 3142 meus.
1117 3087 1191 3144 Deus
1205 3089 1239 3144 ab
1252 3099 1343 3146 austro
1357 3091 1442 3158 uenit,
1458 3100 1486 3149 et
1500 3103 1593 3150 auster
1606 3096 1680 3152 venit
1694 3112 1758 3153 eum
1768 3114 1810 3154 eo.

153 3178 243 3252 *quasi
262 3178 357 3237 leviter
382 3179 504 3252 tetigisse
523 3178 650 3239 sufficiat.
675 3181 798 3254 Sequens
821 3199 910 3240 sermo
925 3185 960 3239 ad
1014 3175 1140 3247 lienique
1150 3177 1209 3249 ipsc
1224 3177 1321 3248 plenus
1335 3187 1376 3235 est
1389 3181 1483 3254 gmtiae
1498 3191 1525 3238 et
1538 3183 1669 3240 variatis.
1685 3186 1758 3242 Bene
1768 3202 1813 3243 au·

166 3274 278 3324 mutuas
296 3267 470 3326 invitationes
489 3269 583 3340 sponsi
607 3277 634 3326 et
658 3285 765 3341 sponsae
789 3272 923 3339 transibit,
938 3273 960 3330 si
1014 3273 1172 3336 1111111111,
1190 3267 1236 3340 qui
1251 3283 1365 3324 screnus
1377 3269 1502 3337 illustrat,
1518 3280 1545 3328 et
1563 3273 1656 3330 suavis
1680 3273 1810 3331 illabitur.

161 3355 280 3429 gratiam
294 3356 376 3413 nobis
391 3363 523 3429 praeatare
537 3357 668 3431 dignetur
676 3357 757 3414 Jesus
765 3358 898 3430 Christus,
913 3361 960 3434 qui
1015 3353 1116 3410 Auster
1134 3370 1210 3412 1111111
1225 3357 1809 3437 elehriSlusmeusi19³0b0r111111p0lfl812

160 3444 226 3502 vivii
241 3453 267 3501 er
283 3453 381 3520 regnac
394 3445 476 3503 Deus,
1014 3440 1073 3514 ipse
1083 3443 1202 3500 comedit
1216 3460 1307 3516 poma.
1326 3449 1424 3505 Veniat
1434 3448 1555 3505 dilectus
1566 3467 1646 3508 meus
1655 3453 1688 3509 ira
1697 3451 1810 3510 bortum

434 3550 553 3608 SERMO
571 3550 645 3624 XL(
665 3551 685 3622 ,0
1016 3547 1111 3598 auum,
1123 3537 1157 3588 ct
1167 3535 1295 3592 coacedet
1300 3538 1430 3607 fructum
1436 3553 1586 3609 pomerum
1594 3557 1722 3602 mrum.
1732 3541 1812 3597 Puta-

167 3659 269 3718 Veniat
282 3658 403 3715 dilectas
418 3671 498 3712 meas
511 3658 543 3711 ira
552 3656 667 3714 hortem
680 3673 774 3726 seam,
788 3664 822 3718 at
835 3663 960 3718 comedat
1015 3618 1097 3675 ¹i⁰⁰i⁵
1113 3628 1223 3693 ‘empus
1236 3625 1296 3723 5⁸¹³,
1316 3624 1439 3726 mmm}
1464 3626 1735 3731 ¹¹⁰f0⁸Ul³⁹l³0l⁴³r¹1l1t
1753 3630 1807 3687 fm-

198 3728 726 3801 pwtumpommmspommpmsp„
734 3729 959 3803 mmmmm,
1014 3715 1074 3764 ctus
1097 3725 1167 3781 quos
1193 3721 1387 3782 parturierunt,
1408 3715 1496 3772 biems
1515 3717 1731 3785 abut3receas1t
1752 3736 1810 3787 rer,

196 3815 277 3858 soror
295 3816 360 3857 mea
380 3813 493 3873 sponse.
509 3798 610 3854 Fessus·
626 3799 775 3871 myrrham
788 3817 890 3872 mem,
905 3813 957 3862 etc.
1014 3804 1136 3854 estatem
1151 3801 1208 3870 jam
1223 3801 1380 3859 inclinatum
1397 3805 1528 3861 maturior
1550 3815 1695 3865 autumnus
1713 3809 1809 3882 impel-

195 3870 318 3941 (0111ΐῦ1
333 3884 361 3936 Vi
379 3872 417 3938 ι·)
1013 3884 1053 3940 lit.
1071 3889 1230 3958 Venietjam
1241 3890 1443 3950 dilectusmeus
1455 3897 1486 3951 in
1496 3894 1611 3952 bertam
1623 3904 1810 3964 mammiac-

198 3980 225 4032 l.
235 3974 323 4044 Quam
335 3974 430 4049 longe,
446 3973 556 4042 iratres,
571 3990 586 4030 a
600 3979 805 4035 conuersatione
820 3996 884 4038 mea
897 3989 960 4037 sunt
1015 3975 1110 4033 medat
1115 3978 1228 4047 fractas
1232 3997 1381 4053 pomerum
1393 3997 1518 4039 auorum.
1529 3983 1603 4040 Ecce
1608 3987 1666 4058 jam
1676 3986 1810 4059 venitple·

163 4064 248 4125 uerba
262 4072 389 4123 votorum
411 4063 537 4120 istorum.
552 4063 717 4121 aviditatem
729 4067 861 4125 Dominus
874 4071 958 4140 novit,
1014 4063 1686 4138 111111ᾱοῑθωβθΐῑὸἰίᾰθῡϋθηὶᾱὶἅίὶθθὶαδηῑεωὶη
1697 4076 1811 4132 hortum

163 4153 212 4212 sed
230 4169 298 4211 ausu
317 4153 461 4210 destituor.
482 4151 601 4220 Quidni?
624 4168 679 4210 non
702 4163 743 4211 est
764 4157 860 4214 hortus
881 4159 957 4225 mitri,
1014 4168 1109 4210 11111111·
1125 4154 1207 4211 Poma
1221 4159 1678 4227 praemalurtsunltidwcomedal
1692 4162 1810 4220 1111111111

165 4243 275 4317 quatem
294 4257 378 4315 snpra
400 4240 524 4298 Christus
546 4240 669 4314 depinxit
691 4257 698 4297 :
721 4250 776 4301 non
789 4254 853 4303 sunt
867 4263 957 4319 poma,
1014 4257 1158 4313 pomorum
1172 4260 1293 4304 suorum.
1309 4247 1444 4305 liculnea
1458 4249 1549 4321 prima
1565 4267 1647 4322 poma
1661 4252 1808 4309 desiderat.

164 4331 264 4406 quibus
278 4330 356 4387 arida
380 4329 512 4396 rescitum
533 4345 591 4386 non
614 4330 719 4388 fructus
733 4335 887 4405 aromatici,
902 4352 956 4393 non
974 4371 997 4448 u
1013 4332 1080 4389 Cum
1095 4332 1217 4390 nondum
1232 4342 1340 4409 tempus
1358 4349 1432 4395 esset
1454 4336 1579 4404 ficorum,
1593 4341 1709 4398 accessit
1724 4341 1760 4396 ad
1779 4341 1810 4398 li-

163 4420 227 4476 lona
245 4419 378 4493 irrigatam
390 4432 446 4475 non
463 4417 533 4473 altus
542 4424 640 4491 puteus
650 4433 782 4492 aquarum
790 4422 935 4480 viventium
947 4443 954 4484 :
1013 4435 1075 4476 oum
1089 4437 1169 4480 secus
1187 4423 1269 4493 mam,
1284 4425 1366 4482 vertit
1379 4425 1452 4497 lolia,
1468 4435 1496 4483 et
1509 4428 1576 4483 nibil
1589 4428 1695 4486 tructus
1708 4429 1811 4487 inuenit

163 4509 253 4584 magis
271 4516 362 4564 autem
381 4509 409 4563 in
426 4509 533 4564 bortum
550 4523 642 4564 meum
657 4509 781 4566 ascendit
794 4512 956 4585 borrorspi-
1011 4509 1107 4581 (llere.
1125 4529 1164 4578 rr,
1181 4513 1235 4586 ta).
1248 4517 1319 4570 Ante
1330 4523 1438 4587 tempus
1449 4517 1619 4584 comedendi,
1631 4528 1659 4575 et
1666 4527 1729 4576 ante
1740 4528 1810 4576 tern-

162 4612 259 4652 narum
269 4605 296 4654 et
303 4597 437 4668 veprium.
448 4597 511 4653 Non
521 4595 607 4653 audeo
620 4605 657 4663 te,
669 4597 824 4665 bonaJesu,
837 4599 865 4653 in
874 4597 957 4655 talem
1012 4615 1063 4670 pus
1076 4600 1222 4669 lructunm,
1239 4604 1354 4660 accessit
1368 4604 1402 4659 ad
1416 4620 1477 4661 eam
1494 4621 1576 4663 mane
1590 4608 1723 4664 esuriens.
1740 4610 1810 4672 Novi

165 4683 273 4741 bortum
286 4699 396 4757 vocare,
412 4685 463 4740 nisi
474 4685 544 4741 torte
554 4692 584 4739 ut
597 4686 707 4753 evellas,
723 4695 751 4742 et
764 4687 913 4760 disperdas,
930 4699 957 4745 et
1011 4703 1062 4761 ego
1077 4688 1224 4747 ficulneam
1237 4692 1385 4749 matutinos
1395 4709 1410 4748 a
1420 4693 1507 4766 prima
1521 4695 1639 4766 pueritia
1655 4695 1759 4753 linctus
1769 4698 1810 4754 le-

153 4771 284 4845 ‘dissipes
293 4773 393 4847 primo,
403 4773 662 4845 etplantespostea;
672 4781 699 4830 et
709 4777 956 4851 sictemporecon·
1010 4785 1133 4847 rentem,
1149 4778 1251 4835 tructus
1262 4780 1452 4852 primitiarum,
1467 4782 1570 4839 tructus
1582 4784 1678 4857 gratiae
1692 4785 1810 4860 virgina-

166 4878 238 4938 pruo
259 4863 294 4920 de
312 4862 479 4936 plantatione
502 4862 629 4921 comedes
651 4863 773 4922 dextere
794 4876 858 4924 ture.
880 4869 956 4926 Felix
1012 4864 1055 4922 lis.
1074 4867 1205 4925 Neaerat
1220 4869 1277 4925 baec
1293 4869 1361 4926 licus
1382 4870 1503 4944 plantata
1524 4889 1602 4929 secus
1615 4873 1698 4944 viam,
1714 4876 1764 4930 sed
1783 4876 1823 4929 in·

164 4950 580 5026 animaquaeteinuitaredigna
594 4953 793 5012 estadfructus
801 4958 858 5027 jam
867 4966 955 5014 matu·
1010 4956 1100 5026 berto,
1119 4954 1201 5014 135
1227 4964 1254 5014 et
1274 4958 1302 5013 in
1325 4960 1404 5016 horto
1428 4961 1566 5028 concluso,
1582 4962 1611 5016 in
1630 4963 1710 5020 horto
1727 4979 1810 5035 quem

163 5057 221 5111 ros,
231 5042 267 5100 ad
277 5041 382 5099 tructus
391 5048 510 5114 paratos,
527 5048 555 5098 et
565 5041 720 5099 acerbitatis
732 5044 799 5101 nibil
812 5047 955 5108 babentes.
1009 5045 1160 5102 circumdat
1170 5046 1319 5118 disciplinae
1325 5049 1452 5116 maceria,
1461 5058 1567 5108 etarcta
1577 5052 1709 5108 custodiae
1717 5068 1809 5124 sepes.

164 5131 255 5204 Atque
277 5132 381 5190 utinam
405 5131 539 5188 acerbitas
565 5131 624 5188 sola
650 5132 753 5189 nostris
771 5143 916 5191 accusetur
928 5136 957 5191 in
1010 5134 1137 5192 Fecunda
1147 5134 1227 5207 plane
1237 5135 1313 5205 sicus,
1321 5145 1349 5193 et
1360 5138 1544 5211 pulcherrima
1553 5139 1626 5197 inter
1635 5139 1809 5212 aliasspecie.

161 5216 311 5290 lructibus;
340 5221 445 5281 utinam
468 5220 606 5277 immaturi
633 5220 698 5290 siut,
722 5222 870 5281 dummodo
893 5224 957 5281 mali
1011 5224 1180 5296 Frequenter
1192 5224 1337 5284 declinavit
1351 5227 1387 5282 ad
1404 5243 1467 5284 eam
1489 5227 1622 5285 Dominus
1636 5230 1724 5296 lesus,
1743 5229 1813 5285 illud

1011 5311 1081 5369 lorte
1095 5313 1211 5372 dicens:
1228 5315 1283 5372 Sat>
1297 5316 1398 5375 umbra
1411 5319 1472 5388 ejus
1489 5333 1572 5390 pacm
1588 5317 1813 5376 desideraveram

161 5488 164 5493 .
201 5415 241 5489 (t)
254 5412 367 5473 Habitus
388 5426 430 5475 est
453 5419 481 5474 in
505 5417 576 5475 leste
589 5418 618 5473 S.
637 5417 784 5485 Laurentii,
798 5426 829 5474 ut
847 5436 881 5477 ex
894 5433 957 5479 con·
1010 5403 1081 5472 ‘edii
1094 5406 1247 5476 elfwius
1261 5404 1421 5478 ‘imum‘
1432 5407 1813 5481 §mmmmm-¹¹23)-

164 5494 240 5545 textu
258 5497 381 5561 apparet.
1049 5495 1077 5548 3.
1102 5492 1159 5551 Sed
1183 5495 1288 5552 utinam
1314 5496 1418 5557 tructus
1440 5512 1511 5570 quos
1529 5495 1642 5570 protulit
1661 5504 1813 5558 semaei.
