3706 5962
108 180 178 257 ¹2³⁷
654 185 1195 257 numnemmssltsvtvsum.
1681 178 1752 241 usa

105 305 178 364 illius
195 307 337 368 tredidt'ati.
356 308 441 365 Stude
453 324 520 384 ergo
546 326 607 368 eum
625 326 730 369 summe
744 310 895 386 vigilantia,
910 330 934 409 Ι
949 314 977 370 in
990 322 1138 387 conspeetu
1153 322 1199 369 tue
1213 310 1314 368 bouum
1328 318 1356 366 et
1370 307 1479 374 malum,
1492 321 1556 363 eece
1571 313 1632 362 ante
1647 305 1742 362 oculos

105 403 135 450 nl
153 410 206 451 non
222 396 318 464 perdas
332 411 444 470 regnum
460 398 534 470 qnod
553 400 728 471 comparasti,
744 401 791 456 sed
807 410 836 457 ut
849 403 897 457 ba·
951 414 1012 459 tuos
1031 401 1209 474 perditionem
1224 398 1322 453 animae
1349 405 1376 453 ει
1394 396 1524 462 ειΙιιιειιι;
1546 409 1607 450 eece
1632 403 1694 449 ante
1722 400 1747 448 te

104 483 169 540 bere
182 483 269 555 pessis
282 483 310 540 in
325 492 488 556 perpetuum
506 488 579 559 qued
594 488 757 545 desiderasti
773 496 801 544 et
815 500 905 562 opta-A
950 489 1073 546 vitamet
1088 495 1220 551 morlcm3
1236 501 1300 542 ecee
1313 485 1407 556 ignem
1426 491 1453 539 et
1469 497 1564 556 nquam
1580 482 1679 553 (decli.
1696 494 1743 550 xv,

103 571 147 627 ati.
165 571 235 628 Cave
245 588 280 628 ne
294 574 392 646 perdas
402 590 526 648 regnum,
540 591 588 647 pro
602 592 655 649 qno
667 577 835 648 temetipsam
844 579 895 636 de·
950 581 993 648 tt,
1008 580 1054 650 ld)
1071 595 1077 635 :
1093 575 1206 634 extende
1234 590 1343 630 menum
1363 584 1447 639 tuam,
1464 582 1493 628 et
1519 570 1591 642 elige
1604 570 1676 641 qued
1692 570 1743 627 vis.

103 659 164 715 disti
177 660 305 732 pretium.
330 663 400 718 Audi
427 663 542 721 Paulum
571 664 723 735 apostolum
738 667 870 724 dicentem
886 687 894 723 ι
949 668 1021 727 Εεεε
1036 667 1079 724 via
1094 664 1223 738 paradisi,
1243 671 1269 719 et
1282 677 1347 720 eece
1361 661 1406 720 via
1419 660 1532 728 interni3
1548 675 1611 717 ecee
1625 659 1668 715 viat
1681 674 1744 732 que

103 751 163 806 lton
171 749 817 826 mreneoitor,ntstqottepitimeeerteomttll
826 758 894 815 ll'm
951 757 1026 813 ducit
1042 757 1074 811 ad
1097 756 1189 822 vitam,
1206 763 1233 810 et
1255 768 1319 810 eece
1332 752 1375 809 via
1394 766 1454 823 quae
1468 749 1543 805 ducit
1557 749 1590 804 ad
1605 757 1718 805 mertem
1736 764 1743 803 :

102 854 133 909 tt,
148 837 187 911 ὅ).
207 837 253 894 lile
280 839 385 897 laborat
413 840 541 913 legitime,
570 843 616 914 qui
630 843 752 900 inbonis
767 846 895 914 operibus
949 861 1014 921 ergo
1028 845 1137 902 ambula
1165 860 1214 914 per
1241 858 1322 914 quam
1336 840 1463 898 volueris.
1489 839 1546 895 Hoc
1560 840 1648 893 selum
1663 852 1741 911 rogo,

102 933 257 998 perseverat
272 944 359 1000 usque
378 930 411 984 ad
441 930 510 986 diem
535 931 630 989 mortis
648 948 716 988 suae.
746 934 892 992 llleeertat
949 933 1076 1006 nteligas
1090 934 1242 991 meliorem.
1266 930 1416 986 -Frater
1443 927 1490 998 mi,
1506 926 1648 984 consilium
1664 936 1742 982 tuum

102 1015 232 1088 legitime,
246 1016 293 1088 qni
321 1017 349 1072 in
363 1019 472 1075 servitio
500 1021 548 1076 Dei
563 1031 715 1090 perseveret
727 1021 785 1080 sine
799 1022 893 1081 fraude
948 1022 1089 1093 accipiam,
1105 1033 1132 1080 et
1144 1022 1286 1078 meliorem
1293 1019 1363 1077 viam
1379 1019 1488 1094 eligam.
1503 1017 1609 1073 Bonum
1623 1021 1666 1072 est
1676 1016 1741 1071 mibi

101 1114 129 1160 et
144 1105 329 1165 simulatione.
348 1107 395 1163 llle
419 1109 476 1166 Dee
505 1109 588 1183 digne
612 1111 706 1176 servit,
727 1113 773 1183 qui
787 1113 890 1169 bonum
947 1111 1089 1168 masiliam
1103 1111 1237 1181 neeipere,
1262 1120 1288 1166 et
1302 1123 1348 1179 per
1357 1107 1427 1164 viam
1442 1121 1503 1175 qnae
1516 1105 1592 1161 ducit
1605 1104 1639 1158 ad
1655 1120 1739 1174 purn-

101 1209 170 1266 opus
183 1194 256 1266 quod
269 1196 360 1266 eoepil,
393 1212 481 1269 usque
496 1197 530 1253 ed
553 1201 814 1256 consummationem
829 1217 891 1272 per·
947 1202 1047 1266 disum,
1078 1199 1214 1256 ambulare
1227 1215 1289 1256 cunt
1318 1195 1367 1252 Dei
1387 1195 1537 1264 juvamine.
1560 1222 1597 1236 -
1620 1194 1739 1250 Honesta

100 1283 183 1338 ducit.
200 1283 249 1338 llle
264 1284 290 1337 in
316 1285 397 1340 benis
424 1285 556 1357 operibus
576 1288 645 1343 bene
659 1290 780 1359 desudat,
796 1291 845 1362 qui
861 1307 893 1347 es
946 1292 1033 1364 virgo,
1050 1289 1113 1360 quia
1126 1289 1264 1344 meliorem
1279 1287 1349 1345 viam
1360 1283 1448 1355 eligia,
1461 1284 1519 1339 Deo
1529 1282 1630 1355 gratias
1644 1282 1739 1338 redde.

99 1385 161 1440 ‘llae
175 1369 246 1426 bene
262 1372 411 1440 immol,
423 1380 605 1431 consummat.
629 1375 706 1431 Unde
725 1377 845 1434 Ecclesia
858 1379 893 1436 de
947 1379 1033 1452 lgitur
1046 1378 1126 1434 vitam
1142 1378 1242 1433 bonam
1251 1390 1334 1446 quem
1347 1372 1455 1444 eoepisti
1469 1378 1572 1436 tenere,
1588 1386 1646 1426 non
1658 1372 1740 1428 dese·

101 1456 158 1512 suis
176 1458 306 1513 membris
333 1458 361 1513 iu
391 1460 441 1516 Dei
467 1461 578 1518 servitio
606 1466 840 1534 perseverantibus
865 1467 893 1524 in
950 1484 1002 1524 res.
1014 1465 1184 1537 Propositum
1211 1463 1311 1519 bonum
1326 1461 1450 1531 vitaejam
1467 1474 1598 1518 conserva
1613 1459 1739 1516 omnibus

99 1545 402 1615 0³⁰⁸5⁰i³0³¹¹fiss0fflmi
419 1548 503 1606 dicit:
519 1552 608 1624 bleso
620 1554 768 1612 demerem
778 1561 894 1613 nestro-
948 1552 1116 1610 diebusvitae
1131 1560 1195 1608 tuae.
1210 1553 1286 1608 Tune
1299 1550 1353 1605 erit
1366 1564 1437 1619 opus
1455 1557 1529 1603 tuum
1544 1545 1704 1619 perfectum,
1716 1546 1740 1600 si

63 1694 71 1712 ⁸
100 1651 165 1689 rom
176 1635 797 1713 ednoamqomre'eoerocpprmrise(tant.
807 1658 827 1709 t,
837 1644 891 1716 16).
911 1606 934 1683 Β
949 1640 1132 1711 perduraverit
1146 1655 1229 1712 usque
1248 1639 1283 1693 ed
1302 1636 1395 1693 linem.
1410 1635 1490 1692 Salus
1504 1634 1741 1706 perseverantibus

100 1724 203 1778 Demus
216 1723 345 1781 Ecclesiae
359 1735 423 1782 sunt
437 1727 624 1785 mevenucnta
638 1728 756 1787 fidelium
766 1732 824 1787 Deo
838 1749 892 1791 ser-
945 1725 1120 1799 premittitur,
1136 1725 1278 1798 praemium
1308 1723 1546 1794 perseverantibus
1574 1721 1664 1777 detur.
1679 1721 1740 1776 Non

100 1811 237 1881 aientium,
251 1823 332 1884 etque
344 1813 371 1868 in
386 1813 428 1869 bis
438 1830 498 1885 qttve
512 1815 561 1870 Dei
575 1826 638 1872 sunt
648 1820 890 1888 perseverantium.
945 1829 988 1875 est
1001 1819 1090 1874 bonus
1100 1817 1146 1890 qui
1162 1817 1262 1894 bouum
1278 1814 1352 1876 lacit,
1366 1813 1415 1868 sed
1427 1811 1473 1884 qui
1485 1809 1682 1868 incessabiliter
1699 1811 1740 1864 la·

98 1899 202 1954 Cedrus
214 1900 305 1972 itaque
331 1910 413 1974 atque
427 1919 572 1975 cypressus
588 1905 698 1963 arbores
716 1916 780 1965 sunt
797 1908 890 1981 impu·
945 1907 991 1966 cit.
1007 1907 1035 1963 si
1049 1920 1115 1981 erge
1139 1905 1166 1960 in
1182 1905 1261 1961 bonis
1281 1902 1408 1974 operibus
1422 1916 1509 1973 usque
1527 1900 1560 1956 ad
1576 1900 1656 1955 linem
1671 1899 1733 1956 vitae

99 1987 197 2042 tribilis
213 1996 324 2056 naturae,
340 1997 368 2045 et
380 1992 490 2064 signant
508 2000 617 2050 sanctos
631 1994 691 2064 Dei,
707 1997 753 2068 qui
767 1995 893 2071 inlatign·
945 1998 1171 2069 perseveraveris,
1187 1993 1262 2051 salva
1278 1993 1343 2047 eris.

98 2073 145 2131 bili
160 2083 241 2145 atque
263 2075 479 2134 immarcessibili
508 2079 641 2137 desiderio
665 2082 820 2141 Conditoris
848 2088 892 2143 sui
1159 2082 1238 2138 ΧΧΙ.
1253 2082 1337 2138 -De
1350 2079 1525 2153 virginitate.

98 2163 223 2235 llsgrent,
238 2171 266 2219 et
283 2163 312 2221 in
332 2164 409 2221 bonis
419 2167 548 2237 operibus
561 2184 647 2240 usque
662 2173 696 2225 ad
711 2185 892 2228 eonsumma—
981 2171 1188 2228 &laudentes
1202 2171 1320 2240 uirpiecs
1335 2169 1510 2239 aeceperunt
1522 2164 1658 2221 elcomin
1667 2165 1741 2219 vasis

99 2252 200 2309 tionem
226 2252 288 2309 vitre
303 2263 487 2327 perseverent.
510 2256 605 2332 lgitur,
626 2260 787 2316 venerabilis
802 2262 890 2336 virgo,
945 2263 1004 2320 sets
1021 2276 1088 2318 com
1112 2257 1298 2332 lampadibus.
1315 2253 1582 2317 Sororelterissima,
1598 2251 1661 2308 audi
1675 2267 1751 2325 quse¹

98 2350 126 2397 ⁰²
141 2353 168 2398 ω
181 2348 240 2398 ⁰⁸‘0
254 2356 398 2415 ⁰5Pf⁰⁵⁸¹¹⁸
417 2342 444 2398 5¹³
454 2343 536 2401 d0¹¹¹⁰
550 2345 610 2414 Dei»
630 2345 659 2402 in
672 2346 744 2403 bona
759 2349 813 2405 vite
828 2367 891 2421 per·
946 2349 1016 2406 dico.
1033 2350 1121 2406 Mente
1133 2357 1160 2405 et
1173 2363 1290 2419 corpere
1304 2345 1425 2421 virgines
1439 2359 1493 2399 non
1507 2351 1570 2399 sunt
1583 2340 1675 2407 latuae,
1686 2340 1737 2396 sed

98 2431 255 2487 severando.
271 2429 360 2487 Etiam
383 2431 409 2486 in
426 2431 507 2489 domo
521 2434 570 2489 Dei
584 2435 682 2491 cedrus
697 2436 761 2506 eris,
779 2439 801 2494 si
817 2441 850 2495 de
866 2449 892 2500 te
947 2438 1095 2509 prudentes
1112 2456 1118 2494 :
1143 2448 1170 2493 et
1198 2445 1312 2508 possunt
1331 2435 1404 2491 exire
1422 2433 1532 2490 obviam
1548 2444 1661 2500 sponso,
1677 2429 1741 2502 quie

97 2519 250 2590 exemplum
266 2519 345 2575 bonae
373 2521 433 2578 vilae
451 2522 569 2591 dederis,
585 2534 666 2597 atque
685 2526 796 2584 odorem
812 2530 891 2586 bonae
946 2527 1045 2582 babent
1062 2526 1153 2582 oleum
1168 2525 1195 2581 in
1222 2523 1294 2579 vesis
1321 2522 1388 2588 suis,
1419 2521 1445 2575 id
1472 2526 1523 2581 est,
1545 2518 1696 2575 castitatem
1713 2517 1739 2572 iu

97 2606 310 2665 conversationis
324 2608 450 2667 sociabus
464 2610 527 2668 tnis.
946 2613 1092 2670 mentibus.
1109 2612 1234 2683 Virgines
1248 2626 1312 2668 vero
1322 2626 1438 2681 empore
1452 2616 1479 2662 et
1493 2623 1549 2663 non
1565 2617 1668 2671 mente,
1685 2620 1741 2660 non

134 2699 179 2751 66.
196 2695 278 2771 Virgo
292 2696 422 2769 pmdens,
436 2697 499 2770 ideo
519 2701 579 2757 baec
601 2700 667 2769 dixi,
684 2709 716 2758 ut
731 2711 786 2760 tote
802 2716 892 2763 mente
945 2711 1008 2758 sunt
1022 2706 1180 2773 prudentes,
1197 2700 1242 2756 sed
1271 2699 1350 2756 latuoe
1367 2720 1373 2757 ι
1391 2713 1439 2754 nec
1463 2702 1577 2768 possunt
1600 2694 1675 2750 exire
1690 2694 1740 2749 ob-

97 2784 231 2856 despicias
253 2800 374 2842 emerem
407 2787 497 2844 saeculi
509 2807 516 2843 :
529 2790 589 2846 ideo
617 2790 677 2847 ltaee
690 2793 755 2863 disi,
772 2801 801 2849 ut
817 2810 890 2851 nurt-
944 2792 1014 2847 viam
1029 2806 1141 2863 sponso,
1168 2791 1298 2863 quianon
1317 2788 1421 2843 habent
1436 2787 1527 2841 eleum
1541 2783 1653 2841 invasis
1669 2783 1739 2853 suis,

97 2889 176 2943 quam
191 2873 258 2930 velia
286 2873 440 2950 religiosam
455 2875 538 2962 vitem
554 2878 715 2952 relinquere,
732 2889 760 2937 et
773 2875 929 2955 osenla-,c
942 2879 970 2937 id
984 2889 1035 2951 est,
1051 2895 1105 2936 uon
1132 2880 1233 2936 babent
1251 2877 1401 2935 castitatem
1423 2877 1450 2931 in
1466 2873 1611 2930 mentibus.
1638 2871 1682 2928 Sic
1702 2871 1739 2926 eit

98 2978 155 3017 rem
166 2962 302 3032 requirere
317 2963 537 3037 :ideobaecdisi,
553 2976 584 3025 ιιι
598 2984 736 3040 nunquam
747 2970 889 3028 velismo·
944 2969 1041 3026 beatus
1058 2969 1191 3026 isidorus:
1207 2989 1219 3019 ι
1233 2967 1316 3040 Virgo
1331 2973 1485 3037 corporeel
1500 2978 1553 3020 nen
1570 2971 1669 3028 mente,
1685 2974 1740 3016 non
1828 2992 1830 2996 >

97 3052 236 3108 uaebalem
249 3053 332 3109 vitam
342 3052 481 3122 deserere,
491 3064 518 3111 et
531 3055 603 3113 sient
616 3058 693 3114 esuis
707 3060 742 3116 ad
761 3059 890 3118 vomitum
944 3059 1025 3114 babet
1052 3057 1192 3129 praemium
1220 3057 1247 3112 in
1272 3055 1496 3112 remuneratione.
1524 3073 1536 3104 ι
1561 3052 1594 3107 Et
1608 3049 1741 3107 Dominus

96 3140 183 3196 rediro
197 3139 230 3194 ad
246 3143 385 3199 saeeulum.
396 3145 493 3200 Moneo
508 3153 544 3210 te,
560 3152 590 3202 ut
606 3145 807 3205 inmonasterie
820 3165 890 3206 eun·
944 3148 972 3203 in
986 3146 1135 3218 Evangelio
1159 3147 1192 3203 de
1207 3145 1287 3202 istuis
1313 3143 1464 3215 virginibus
1487 3141 1525 3199 ait
1541 3157 1547 3195 :
1564 3143 1653 3198 loen
1677 3139 1739 3197 dico

95 3229 147 3285 etis
160 3228 255 3284 diebus
270 3227 331 3283 vitae
345 3238 397 3284 tnae
411 3245 579 3301 perseveres,
594 3244 622 3288 et
636 3244 666 3290 ut
679 3236 838 3293 saeeularern
854 3237 891 3294 vi·
943 3237 1029 3308 volis,
1044 3236 1139 3293 nescio
1153 3251 1199 3291 vos
1219 3232 1331 3302 (llnltlt.
1347 3248 1413 3297 xxv,
1429 3233 1456 3298 l,
1469 3231 1524 3301 ιι).
1539 3230 1595 3285 Ηιε
1608 3230 1643 3284 de
1657 3243 1739 3284 eeusa

96 3327 297 3388 temnnnquam
310 3316 451 3375 desideres
470 3339 477 3375 ι
495 3335 594 3376 moneo
610 3328 647 3391 te,
661 3329 691 3377 ut
709 3339 769 3379 eum
784 3340 890 3383 summo
944 3332 971 3379 te
986 3335 1094 3384 moneo,
1110 3335 1188 3377 soror
1201 3318 1300 3377 dilecta
1328 3310 1403 3382 milii,
1432 3323 1462 3373 ut
1475 3317 1514 3373 sis
1529 3325 1619 3372 mente
1635 3323 1661 3370 el
1677 3330 1738 3372 eor-

95 3405 230 3462 desiderio
244 3404 437 3461 monesterium
457 3405 564 3482 diligas,
580 3416 607 3464 et
622 3414 651 3465 ut
667 3416 723 3466 teto
738 3412 822 3467 eorde
837 3428 890 3469 sae·
943 3427 1011 3486 pore
1024 3411 1114 3483 virge,
1129 3416 1159 3465 ut
1176 3416 1240 3481 post
1262 3408 1332 3463 bane
1350 3407 1433 3464 vitam
1458 3403 1588 3460 merearis
1611 3403 1739 3461 eollecsri

95 3494 187 3551 eulurn
202 3500 368 3565 postponas:
384 3508 482 3550 moneo
496 3501 535 3567 te,
551 3496 623 3553 utin
638 3497 712 3553 omni
728 3500 890 3570 temporein
944 3498 1090 3557 incoelesti
1120 3496 1344 3555 tbalsmealesu
1363 3493 1472 3551 Christo
1495 3493 1599 3550 eoelesti
1624 3506 1736 3560 sponso.

94 3584 177 3657 domo
196 3581 247 3640 Dei
261 3597 427 3654 permaneas,
446 3594 473 3640 et
496 3593 525 3640 ut
544 3599 683 3657 nunquam
701 3587 737 3643 ed
756 3588 890 3645 seculum
943 3587 1093 3661 Virginitas
1111 3601 1165 3645 non
1185 3593 1226 3641 est
1246 3584 1333 3655 iussa,
1347 3582 1395 3638 sod
1409 3581 1548 3638 admonita
1564 3581 1591 3651 (l
1610 3581 1671 3640 Gor.
1688 3594 1736 3646 vu,

94 3670 182 3727 redire
195 3687 312 3746 quaeras.
327 3669 442 3740 Quare?
456 3669 525 3741 Quia
544 3672 573 3730 in
588 3675 752 3733 monasterio
780 3684 822 3733 est
836 3677 890 3733 vita
942 3682 988 3743 25,
1003 3677 1061 3747 26),
1077 3673 1141 3747 quis
1155 3673 1238 3730 nimis
1256 3679 1298 3729 est
1312 3672 1427 3728 excelsa.
1442 3670 1615 3743 Dupliestum
1628 3677 1669 3726 est
1686 3669 1738 3726 bo·

95 3759 312 3833 contemplativa,
338 3759 367 3816 in
394 3762 493 3819 seculo
508 3771 549 3819 est
574 3763 730 3834 laboriosa3
747 3765 774 3820 iu
793 3780 889 3823 mona·
943 3784 1008 3823 uum
1034 3761 1286 3837 virginitatisque
1312 3761 1340 3816 in
1368 3759 1537 3818 boemundo
1552 3754 1738 3815 sollicitudine

95 3850 177 3908 sterio
192 3858 233 3908 eat
251 3850 308 3906 vite
319 3857 420 3916 sancta,
437 3850 466 3907 in
484 3851 584 3909 seculo
603 3862 645 3908 est
659 3853 886 3913 vitaeriminose:
943 3864 1017 3914 eeret
1043 3852 1145 3921 saeculi,
1165 3859 1193 3907 ει
1207 3851 1234 3907 in
1250 3851 1339 3909 loturo
1354 3849 1495 3922 premium
1523 3848 1655 3906 emittam
1668 3846 1738 3904 reei-

95 3940 121 3994 in
137 3938 301 3994 menesterio
328 3936 415 3995 8ss
437 3949 477 3997 est
491 3941 546 3997 vite
566 3940 727 4013 spiritualis,
743 3942 772 3998 in
786 3944 888 4001 saeculo
944 3946 1007 4016 piet.
1022 3943 1085 4001 Sine
1099 3941 1184 3998 dubio
1197 3942 1244 4015 qui
1268 3941 1336 3997 cesti
1364 3944 1537 4012 perseverant
1561 3948 1588 3994 et
1606 3935 1737 4010 virgines,

94 4034 137 4082 est
151 4027 204 4082 vitn
216 4025 332 4082 earnalis
346 4044 352 4082 :
370 4028 397 4082 in
424 4029 590 4086 monasterio
614 4038 657 4087 est
684 4032 740 4088 vita
753 4032 883 4100 eoelestis,
943 4032 1058 4106 Angelis
1073 4031 1119 4087 Dei
1133 4037 1213 4088 erunt
1226 4029 1354 4103 aequales.
1371 4028 1494 4102 Virgines
1507 4026 1643 4084 feliciores
1658 4037 1738 4107 erunt

94 4115 121 4170 in
136 4114 237 4171 saeculo
249 4120 291 4170 est
313 4113 367 4171 vita
380 4118 533 4174 terrestris:
552 4118 580 4173 in
593 4120 758 4178 monasterio
771 4132 812 4178 est
835 4121 890 4179 vite
944 4125 971 4178 in
986 4131 1085 4179 aterna
1112 4120 1288 4188 beatitudine,
1310 4118 1378 4174 lsaia
1392 4125 1519 4187 testante,
1535 4116 1582 4189 qui
1594 4116 1654 4172 nit:
1672 4117 1736 4172 lloec

95 4204 195 4276 quiete,
210 4202 236 4258 in
251 4202 352 4259 sacculo
366 4208 407 4258 est
420 4202 474 4260 vite
488 4204 642 4262 turbulenta
659 4226 666 4265 2
683 4208 711 4263 in
724 4210 888 4266 monasterio
943 4214 1013 4271 dicit
1019 4211 1156 4269 Dominus
1166 4209 1304 4267 eunuchis
1315 4226 1325 4262 .·
1337 4206 1408 4263 Delo
1418 4206 1460 4263 eis
1478 4207 1510 4260 in
1526 4206 1606 4261 dome
1623 4219 1698 4269 meo,
1709 4209 1737 4260 et

94 4301 136 4348 est
153 4291 208 4346 vite
222 4289 343 4363 pacifica,
358 4291 387 4346 in
401 4291 500 4349 saeculo
514 4300 555 4348 est
567 4293 619 4349 vita
633 4292 751 4366 litigiosa
769 4315 774 4354 :
789 4297 816 4352 in
831 4312 889 4353 mo·
941 4304 974 4358 tn
984 4299 1401 4360 muricumislecum,elttomeo
1410 4292 1513 4350 melior
1524 4293 1619 4362 sfiliis
1629 4292 1738 4361 cipilia-

97 4381 214 4438 nasterio
232 4391 273 4436 est
295 4381 350 4436 vita
363 4379 519 4454 tranquilla,
537 4384 563 4437 iu
578 4384 678 4440 saeenlo
697 4390 740 4439 est
753 4385 808 4440 vita
820 4400 887 4440 een·
943 4391 992 4446 los
998 4396 1118 4454 momen
1129 4387 1335 4457 senpiternam
1344 4381 1411 4439 dole
1419 4383 1471 4449 eia,
1481 4381 1552 4455 quod
1566 4397 1625 4439 nore
1633 4379 1737 4452 peribit

97 4471 213 4528 tentiose
229 4491 235 4529 :
253 4470 281 4526 in
293 4471 462 4528 monasterio
476 4480 518 4528 est
533 4472 587 4527 vita
601 4470 723 4543 peeilies,
738 4473 768 4528 in
787 4473 887 4531 saeeulo
942 4478 1020 4546 (leui.
1049 4488 1105 4540 ιιι,
1129 4476 1156 4538 l,
1172 4475 1212 4543 6).
1227 4470 1314 4528 Omne
1328 4479 1468 4540 peceatum
1483 4485 1534 4541 per
1548 4468 1735 4540 poenitentiam

96 4570 138 4616 εει
152 4559 207 4617 vita
219 4559 317 4631 jurgiis
331 4562 412 4632 plene
427 4578 433 4616 :
451 4558 479 4615 in
493 4562 657 4617 monasterie
681 4572 723 4618 est
738 4562 885 4634 vitaensta,
942 4561 1054 4634 recipiet
1083 4559 1291 4632 indulgentiam.
1314 4557 1466 4632 .Virginitas
1491 4573 1557 4613 vero
1579 4557 1603 4613 si
1629 4557 1735 4626 labitur,

97 4648 511 4706 insaeeuloestvitaluxuriosa
532 4649 584 4704 :in
604 4651 765 4708 monasterio
779 4661 821 4707 est
834 4653 888 4707 vita
942 4648 1111 4707 nullomodo
1140 4654 1282 4721 reperatur
1298 4662 1304 4702 ε
1320 4662 1382 4701 nam
1395 4646 1518 4719 quamvis
1530 4647 1593 4719 quis
1616 4661 1666 4717 per
1679 4660 1738 4718 poe·

97 4737 226 4809 perleeta,
245 4738 270 4790 in
285 4737 385 4794 saeeulo
400 4747 441 4793 εει
456 4736 508 4793 vita
530 4736 627 4793 vitiose
654 4738 705 4795 :in
721 4739 888 4796 monasterio
944 4737 1085 4797 nitentiam
1114 4739 1227 4810 recipiet
1253 4737 1371 4803 veniam,
1392 4743 1481 4794 temen
1501 4737 1737 4810 incorruptionem

101 4834 142 4882 est
155 4825 208 4881 vite
224 4825 305 4896 plena
314 4825 467 4891 virtutibus,
485 4825 512 4881 in
526 4826 625 4883 seculo
640 4837 682 4883 est
696 4827 751 4883 vita
764 4827 889 4900 plenevi·
943 4843 1088 4902 numquam
1103 4827 1217 4899 reeipiet
1231 4826 1382 4897 pristinam.

99 4914 165 4971 tiis:
191 4914 218 4969 in
232 4916 400 4970 monasterio
428 4922 470 4971 est
488 4914 542 4971 vits
568 4916 729 4984 sanctitatis,
749 4915 778 4972 iu
792 4918 891 4974 soeculo
981 4921 1026 4974 63.
1042 4917 1127 4974 6οιοι
1152 4915 1326 4982 venerabilis,
1354 4915 1420 4972 nibil
1435 4915 1505 4974 valet
1517 4915 1659 4988 virginitas
1674 4930 1736 4971 esr-

96 5013 137 5058 est
152 5004 205 5059 vila
218 5002 375 5074 iniquitatis.
946 5007 1000 5075 nis,
1014 5005 1062 5062 ubi
1077 5021 1132 5062 nou
1147 5014 1188 5060 est
1203 5005 1344 5080 integritus
1358 5003 1465 5062 mentis.
1481 5003 1607 5078 Virgines
1631 5003 1665 5059 de
1679 5003 1738 5060 suis

134 5095 179 5147 dl.
202 5091 284 5148 Soror
311 5091 468 5157 reverenda,
491 5091 588 5150 eudisti
613 5094 683 5148 boue
706 5110 766 5166 quae
781 5102 845 5150 sunt
863 5093 892 5149 in
947 5092 1053 5152 meritis
1066 5094 1223 5167 gloriantes,
1239 5093 1390 5166 hypocritis
1398 5101 1599 5167 comparantur,
1614 5091 1661 5164 qui
1676 5091 1736 5164 glo·

99 5181 273 5246 monasterio,
288 5179 387 5236 audisti
413 5179 485 5237 msla
500 5197 561 5254 quae
581 5181 684 5238 suntin
699 5184 799 5239 saecrrlo
815 5203 821 5240 :
840 5199 890 5238 au·
950 5185 1017 5241 riam
1032 5183 1095 5240 boni
1109 5184 1201 5253 operis
1223 5182 1290 5239 loris
1314 5190 1455 5256 appetunt,
1486 5198 1566 5254 quam
1593 5183 1661 5239 intre
1675 5197 1741 5239 cen·

100 5267 164 5324 disti
177 5267 289 5324 virtutes
309 5269 472 5336 monasterii,
502 5271 602 5328 audisti
625 5271 690 5328 vitis
707 5271 799 5327 seculi
817 5289 823 5328 ε
839 5286 892 5327 au·
951 5272 1095 5330 seientiam
1109 5273 1207 5330 babere
1221 5271 1384 5328 debuerunt.
1400 5273 1458 5329 lloe
1469 5283 1510 5327 εει
1523 5274 1597 5329 enim
1610 5271 1638 5328 in
1652 5272 1741 5329 Bren-

100 5356 162 5412 disti
178 5355 290 5412 salutem
305 5357 470 5426 monasterii,
490 5359 588 5414 audisti
611 5359 790 5428 perditionem
804 5376 892 5416 soecu·
952 5361 1024 5433 gelio
1038 5361 1156 5435 virgines
1175 5375 1228 5418 non
1257 5361 1357 5417 babere
1377 5361 1468 5418 oleum
1484 5362 1512 5418 in
1541 5361 1611 5421 vasis
1625 5361 1700 5431 suis;
1714 5361 1742 5417 id

98 5450 117 5505 li
133 5465 138 5503 ;
155 5446 254 5519 sudisb'
268 5446 359 5514 vitan,
379 5446 478 5504 aneoli
493 5458 619 5508 mertem.
635 5450 712 5520 Nunc
722 5448 809 5526 igitur
826 5463 892 5508 ecee
948 5459 1001 5518 est,
1016 5466 1072 5508 non
1085 5467 1194 5509 servare
1216 5450 1243 5506 in
1268 5450 1461 5510 conscientiam
1474 5451 1658 5510 testimonium
1672 5450 1738 5509 boni
