3706 5962
162 249 217 311 787
797 245 990 310 insinuatio
1009 243 1220 306 stctnuotls.
1758 240 1813 305 ⁷88

472 374 583 433 CAPUT
600 375 639 431 Χ.
973 385 998 467 g
1014 368 1116 443 peccati
1129 368 1289 436 accnutrix,
1305 367 1376 425 actio
1395 370 1430 427 sit
1443 369 1529 440 testis,
1551 383 1701 425 consensus
1713 377 1744 423 et
1757 366 1810 424 de-

162 465 567 529 mmadttctimesceerdotts‚
576 462 910 536 seuprmporotioneejua
919 463 955 520 od
1011 458 1120 517 lectatio
1134 466 1264 531 aggravet
1277 464 1417 530 peccatum
1438 459 1495 514 sire
1508 465 1622 515 reatum.
1637 456 1741 515 Omnia
1759 473 1807 515 tc·

254 556 334 629 dique
348 553 545 612 celebrandum
562 556 677 609 tuntum
686 553 863 624 mysterium.
1007 556 1110 618 cusent,
1124 545 1190 603 nihil
1216 554 1243 602 tc
1265 554 1387 603 excuset.
1405 547 1498 604 Veniat
1523 545 1604 601 timor
1624 543 1760 609 carnifex.
1782 554 1810 603 et

198 648 243 702 26.
268 644 409 715 Meditare,
438 643 534 701 dilecte
548 643 598 699 Dei
620 642 758 709 sacerdos,
774 648 801 696 et
814 639 954 696 meditatio
1008 646 1094 694 tortor
1116 652 1191 692 reum
1206 635 1318 692 cruciet.
1332 636 1500 710 Sanguinem
1525 635 1624 703 cordis,
1640 634 1747 691 scilicet
1765 636 1808 690 la·

160 734 251 791 cordis
269 732 308 790 tui
321 730 481 804 sempersit,
495 733 570 804 qnod
583 732 701 787 ioannes
708 730 827 801 Baptista
838 744 955 799 praeeur·
1008 743 1123 801 crymas,
1140 725 1247 796 fundat3
1263 735 1291 780 et
1310 724 1350 782 sic
1363 725 1557 797 perjudicium
1582 722 1726 797 proprium
1741 740 1809 781 eva·

162 837 209 879 sor
222 821 342 887 Domini,
365 820 468 876 amicus
484 818 596 893 spousi,
611 817 814 892 paranymphus
829 832 953 888 sponsae,
1008 816 1058 873 des
1071 815 1154 871 divim
1171 813 1268 887 iudicii
1289 813 1460 887 supplicium,
1484 814 1563 884 juxta
1576 812 1645 868 illud
1660 813 1808 884 Apostoli:

162 911 302 983 propbeta,
319 917 345 966 et
360 909 515 981 plusquam
538 908 678 979 propbeta,
699 907 727 962 in
743 912 818 962 utero
831 905 954 963 sanctiti-
1010 906 1121 976 Quodsi
1133 904 1526 977 nosmetipsosjudiacremus,
1538 920 1597 959 non
1608 903 1712 976 utique
1727 921 1746 959 o
1757 906 1809 960 Do·

161 1009 245 1066 catus,
261 998 288 1054 in
308 1012 399 1056 eremo
413 996 592 1069 justificatum
612 995 658 1054 bic
671 1003 771 1061 tantus,
787 1003 840 1050 tam
855 996 953 1068 praeci·
1007 997 1085 1051 mireo
1095 993 1293 1066 judicaremur
1307 993 1334 1064 (1
1347 995 1408 1051 Cor.
1424 1007 1464 1058 ιιι,
1485 991 1549 1063 31);
1576 999 1603 1047 et
1616 1001 1680 1048 tuuc
1692 992 1810 1051 ueniens

159 1089 206 1163 pul
225 1086 323 1155 meriti,
344 1097 397 1143 tum
412 1086 585 1160 singulariter
606 1083 789 1142 carnificaeue
803 1083 953 1141 contremi-
1009 1083 1108 1139 offeres
1126 1097 1225 1137 munus
1252 1089 1337 1152 tuum,
1362 1091 1388 1136 et
1416 1081 1534 1153 placebit
1562 1082 1620 1137 Deo
1650 1097 1736 1152 super
1765 1082 1808 1136 ai-

160 1178 221 1244 scit,
238 1174 678 1248 etuonaudettaugeresanctum
692 1174 740 1230 Dei
755 1172 892 1244 vorticem,
906 1173 953 1230 sad
1009 1171 1106 1237 tulum,
1138 1186 1241 1228 cornum
1270 1171 1461 1242 producentem
1500 1178 1528 1225 et
1566 1168 1686 1242 ungulas
1713 1170 1805 1239 (Paul.

159 1266 257 1325 elamat
271 1282 334 1322 cum
350 1272 481 1322 tremore:
497 1263 638 1321 Sanetilieu
647 1276 702 1331 me,
712 1261 834 1318 Salvator
842 1261 954 1334 (dotet.
1009 1274 1105 1328 uxuux,
1121 1259 1178 1331 ³2).

160 1368 202 1422 ιιι,
219 1354 274 1426 rt).
305 1354 435 1410 Meditare
457 1351 531 1424 quod
548 1351 646 1408 Petrus
662 1350 851 1407 clavicularius
878 1351 955 1423 regni
1010 1387 1014 1395 -
1316 1346 1427 1405 CAPUT
1447 1347 1496 1402 xi.

158 1442 291 1501 coelorum
306 1459 321 1496 a
339 1441 452 1498 Domino
470 1441 638 1514 designatus,
656 1442 747 1497 Pastor
771 1439 861 1496 osium
885 1439 955 1495 trina
1010 1441 1054 1497 fic
1067 1439 1130 1496 ritu
1141 1439 1240 1512 tepolis
1252 1438 1464 1512 purificationis
1482 1436 1559 1495 docet
1578 1435 1709 1494 studium
1724 1438 1808 1508 puri·

159 1531 311 1590 dilectionis
321 1531 492 1589 confessioue
514 1530 685 1595 constitutus,
700 1535 727 1585 ot
741 1529 867 1600 princeps
881 1530 959 1598 xpo·
1371 1527 1450 1583 totis.

160 1624 292 1679 stolorum
307 1621 511 1693 praefiguratum
528 1620 555 1675 iu
568 1619 689 1693 periculo
698 1620 802 1687 mortis,
814 1616 957 1691 naufragio
1047 1622 1094 1677 28.
1108 1616 1170 1674 Ritu
1186 1630 1295 1689 quoque
1306 1614 1399 1688 legatis
1413 1614 1560 1671 sacerdotis
1579 1614 1727 1691 ingressuri
1742 1616 1810 1673 San·

160 1710 345 1780 incumbente,
360 1709 465 1779 positus
494 1724 578 1780 penes
606 1706 752 1764 Dominum
766 1707 957 1780 approximare
973 1666 996 1745 B
1010 1716 1054 1766 ota
1076 1715 1240 1771 sanctornm,
1257 1705 1300 1762 lac
1312 1704 1363 1761 tibi
1378 1705 1494 1761 luterem
1515 1704 1550 1760 de
1568 1705 1686 1774 speculis
1710 1706 1810 1762 mulie·

160 1798 309 1868 pertimuit,
327 1807 354 1854 et
367 1813 396 1855 so
410 1797 540 1870 elongare
554 1797 587 1852 ab
602 1811 636 1852 eo
647 1812 703 1866 pra
713 1796 858 1852 formidine
872 1796 958 1854 uoluit
1010 1813 1084 1865 rum,
1098 1810 1160 1868 quoe
1173 1794 1310 1851 excubant
1330 1795 1363 1849 ad
1386 1793 1487 1850 ostium
1512 1793 1677 1850 tabernaculi
1700 1796 1807 1862 (iiaod.

160 1887 253 1944 dicens
265 1907 271 1944 :
285 1889 342 1944 Exi
352 1903 367 1942 a
377 1903 433 1951 me,
445 1888 570 1951 Domine,
579 1886 647 1958 quia
655 1888 789 1957 peccator
803 1902 866 1943 sum
876 1885 955 1957 (Lae.
1012 1900 1136 1953 xxxvrn,
1152 1887 1191 1954 8),
1206 1892 1237 1941 ut
1246 1885 1308 1938 dum
1326 1891 1352 1939 te
1366 1883 1449 1954 lavas,
1466 1882 1488 1937 si
1503 1883 1637 1938 maculam
1651 1883 1680 1939 iu
1690 1899 1808 1955 corpore

158 1990 187 2043 u,
203 1976 369 2046 autumna
384 1974 431 2031 illc
445 1975 546 2031 clectus
559 1983 587 2030 et
601 1973 774 2044 praedilectus
794 1972 955 2047 discipulus,
1011 1985 1057 2033 tuo
1070 1973 1295 2044 deprehenderis,
1325 1971 1431 2028 abluas.
1445 1971 1582 2038 buteram,
1604 1987 1709 2029 moram
1730 1973 1805 2030 Scri·

160 2062 208 2139 qui
224 2079 306 2134 supra
320 2074 416 2135 pectus
432 2061 540 2119 Domini
553 2061 581 2118 in
594 2076 673 2118 coena
683 2062 814 2131 recubuit,
825 2061 869 2119 cui
880 2063 957 2118 Chri·
1011 2070 1118 2137 pturam
1132 2062 1225 2133 accipe
1242 2079 1248 2119 :
1266 2060 1394 2119 mulieres
1416 2062 1578 2118 excubantes
1596 2062 1630 2116 ad
1649 2062 1749 2118 ostium
1764 2071 1805 2118 ta-

157 2160 218 2211 stus
232 2151 258 2208 in
273 2168 353 2209 cruce
371 2152 481 2207 listram
504 2148 640 2224 Virginem
657 2149 756 2223 uirgini
782 2154 957 2208 commenda·
1011 2152 1159 2220 bemacnli,
1174 2150 1295 2223 intellige
1313 2160 1420 2207 sauctus
1433 2149 1536 2206 animus
1550 2149 1695 2223 uigilantes
1715 2152 1748 2206 ad
1764 2151 1807 2206 ln·

157 2242 205 2309 vit,
222 2240 268 2298 oui
282 2239 460 2298 nibilominus
481 2240 570 2296 adbuc
583 2239 610 2295 in
627 2239 731 2295 mortali
754 2254 836 2296 carne
854 2243 958 2298 consti·
1013 2243 1123 2300 troitum
1138 2242 1214 2316 regni
1227 2240 1356 2298 caelestis.
1372 2239 1488 2311 Speculo
1504 2255 1598 2296 earum
1609 2247 1671 2295 sunt
1686 2239 1810 2311 exempla

159 2338 217 2387 tuto
232 2330 348 2397 revelata
368 2338 544 2386 suntsocrets
559 2327 691 2397 ooelestia3
706 2327 766 2400 ipae
793 2344 875 2402 supra
897 2345 959 2385 mo·
1013 2338 1176 2397 sanctorum,
1203 2327 1259 2386 siue
1282 2327 1435 2384 testimonia
1457 2327 1658 2400 scripturarum
1682 2344 1690 2384 :
1715 2329 1744 2385 iu
1767 2328 1809 2384 bis

159 2420 224 2476 dum
238 2417 369 2492 gloriatus
385 2425 425 2473 est
438 2417 472 2472 de
487 2416 545 2473 solo
560 2415 663 2482 auditu,
680 2416 739 2474 nisu
756 2416 910 2475 extrinseco
933 2425 961 2473 et
1013 2420 1110 2476 enimoe
1122 2419 1259 2490 justorum
1273 2417 1346 2473 velut
1360 2418 1387 2472 in
1406 2415 1518 2488 speculo
1541 2431 1571 2472 se
1584 2417 1767 2483 considerant,
1784 2426 1809 2473 et

157 2515 228 2566 notu
241 2507 376 2565 Dominiei
389 2506 522 2578 corporis,
539 2505 632 2563 diceus
649 2522 656 2561 ι
674 2506 750 2576 Quod
764 2509 824 2580 suit
837 2507 872 2564 ab
898 2511 958 2566 ini·
1014 2507 1144 2584 quidquid
1159 2503 1337 2564 deformitatis
1347 2504 1373 2560 in
1382 2521 1411 2561 se
1422 2505 1649 2576 deprehenderint
1662 2505 1806 2581 castigant.

157 2598 208 2669 tio,
220 2596 293 2671 quod
307 2594 507 2654 audiuimuaet
519 2594 651 2662 vidimus,
666 2596 880 2663 ocatisuostras,
892 2599 963 2671 quod
1016 2598 1177 2655 Litterarum
1196 2594 1278 2667 igitur
1302 2593 1451 2652 divinarum
1475 2593 1560 2649 sacris
1587 2592 1809 2650 meditationibus

158 2685 364 2759 perspeximus,
384 2683 569 2759 quodantenus
587 2686 695 2741 nostrie
710 2686 962 2743 contrectaverunt
1014 2687 1122 2762 jugitur
1135 2699 1213 2749 voca,
1229 2682 1271 2740 bis
1293 2690 1422 2755 tanquam
1450 2682 1763 2739 divinitusilluminatus
1785 2692 1809 2738 te

159 2773 194 2832 de
208 2774 287 2831 Verbo
296 2775 364 2830 aitoe
380 2773 404 2843 ll
416 2775 496 2831 ioum.
511 2784 531 2837 1,
549 2772 586 2840 l).
597 2770 626 2826 Si
636 2785 703 2844 ergo
712 2771 755 2827 isti
767 2771 879 2844 gloriosi
889 2774 965 2844 prin·
1017 2777 1131 2845 obtecta,
1157 2772 1194 2828 ibi
1220 2780 1307 2828 totum
1335 2772 1362 2827 in
1383 2771 1495 2841 speculo
1520 2770 1636 2844 quodem
1656 2769 1810 2847 refulgente

159 2860 235 2934 cipes
254 2870 344 2925 torrae,
360 2861 442 2918 euriae
465 2858 582 2916 caelestis
597 2874 723 2932 proceres
737 2861 838 2931 eximii,
858 2871 962 2919 tantum
1017 2864 1158 2926 considera
1168 2879 1175 2918 ι
1187 2860 1210 2916 si
1225 2860 1289 2933 quid
1303 2860 1367 2916 inte
1381 2876 1493 2932 pravum
1507 2859 1732 2932 deprehenderis,
1748 2875 1808 2916 cor·

160 2950 356 3006 reverebantur
376 2947 526 3006 forinsecus
542 2955 645 3003 tautum
668 2948 804 3006 Dominici
829 2952 961 3022 corporis,
973 2947 1000 3028 ’Β
1015 2958 1090 3031 rige3
1104 2952 1176 3026 quod
1192 2960 1304 3016 rectum,
1320 2957 1396 3018 tene;
1412 2950 1484 3020 quod
1504 2948 1633 3019 deforme,
1653 2963 1807 3022 compone;

160 3036 281 3094 nondum
294 3037 323 3093 in
337 3036 427 3110 gloria
438 3035 473 3093 ad
486 3035 572 3093 coelos
586 3036 704 3093 translati
723 3053 731 3106 ;
754 3047 856 3110 quante
880 3056 959 3097 rere·
1013 3043 1087 3119 quod
1101 3041 1253 3115 pulchrum,
1277 3039 1385 3107 excole3
1404 3039 1476 3112 quod
1496 3053 1602 3105 suumn,
1628 3053 1721 3106 serra;
1736 3039 1809 3109 quod

160 3125 257 3194 nentia,
272 3135 374 3197 quanto
394 3125 501 3192 timore,
521 3133 549 3181 et
562 3132 689 3192 tremore,
712 3133 814 3192 quanta
840 3131 961 3200 corporis
1012 3133 1160 3200 infirmum,
1171 3128 1330 3185 corrobora.
1345 3126 1487 3183 Dominica
1502 3133 1639 3199 praecepta
1653 3123 1810 3200 infatigabi-

154 3214 286 3271 castitato
302 3224 330 3270 ot
342 3213 426 3270 animi
442 3214 558 3284 puritate
572 3222 679 3286 oportet
696 3215 875 3283 sacerdotem,
887 3233 961 3275 nunc
1013 3225 1075 3282 liter
1099 3220 1170 3293 tege,
1187 3213 1384 3288 inexplebiliter
1397 3214 1489 3288 dilige,
1504 3213 1652 3271 efficaciter
1667 3214 1768 3286 imple:
1784 3224 1811 3270 et

162 3301 228 3360 illud
243 3301 405 3378 gloriosum,
421 3311 447 3360 et
461 3304 488 3358 in
509 3303 630 3362 claritate
648 3312 768 3377 paternae
782 3305 876 3380 gloriae
894 3309 960 3364 suin
1013 3328 1063 3386 per
1074 3311 1133 3366 bac
1152 3305 1216 3379 quid
1232 3303 1392 3373 cauendum,
1407 3303 1506 3375 quidne
1527 3302 1685 3359 seeundum
1703 3302 1752 3361 tibi
1766 3303 1809 3371 sit,

162 3391 283 3449 limatum
293 3408 376 3462 super
390 3394 492 3460 omnis,
522 3392 588 3450 illud
601 3391 745 3460 conticere,
776 3403 897 3467 tangere,
914 3412 961 3453 su·
1014 3398 1181 3458 sufficienter
1193 3396 1342 3451 instructus
1355 3406 1484 3465 agnosce·

163 3495 249 3550 mere,
270 3486 297 3538 et
309 3477 338 3535 iu
351 3495 449 3552 corpus
469 3481 608 3554 proprium
623 3481 767 3553 trajiceret
1049 3493 1095 3549 29.
1115 3487 1186 3543 Eece
1198 3483 1283 3539 babes
1307 3481 1524 3554 qualemcunque
1547 3481 1679 3549 initialem
1696 3482 1812 3539 formam

200 3573 245 3627 27·
265 3568 437 3642 Quapropter
458 3568 483 3625 sl
495 3568 580 3626 offert
603 3584 702 3625 munus
717 3578 792 3626 tuum
808 3570 842 3626 td
867 3570 961 3642 allate,
1015 3575 1169 3637 declinandi
1187 3572 1258 3629 mala
1271 3578 1298 3628 et
1311 3569 1424 3626 faciendi
1436 3572 1554 3639 bouum;
1570 3587 1633 3642 quae
1646 3570 1670 3627 si
1685 3572 1813 3640 eruens,

164 3656 319 3730 quinamque
337 3658 474 3726 sacerdos,
492 3657 515 3712 si
539 3656 661 3730 disponis
675 3656 741 3714 illud
764 3659 918 3716 venerabile
937 3669 964 3717 et
1016 3668 1090 3726 dabit
1104 3663 1152 3721 tibi
1166 3659 1384 3719 benedictionem
1408 3660 1556 3734 legislator,
1578 3668 1606 3715 et
1625 3674 1659 3717 eo
1672 3663 1742 3717 duca
1764 3663 1813 3718 ibis

164 3745 304 3803 ineffabile
318 3747 477 3818 mysterium
491 3745 639 3815 celebrare,
654 3758 681 3801 et
700 3748 856 3805 recordatus
880 3749 963 3807 fueris
1016 3757 1051 3814 de
1064 3754 1164 3811 virtute
1178 3753 1206 3808 iu
1218 3751 1345 3807 virtutem
1357 3750 1446 3823 (Psoi.
1462 3764 1578 3815 cxxxxii,
1593 3749 1638 3823 8);
1653 3759 1682 3807 et
1695 3751 1814 3822 ipseerit

164 3834 238 3908 quod
257 3833 340 3891 frater
353 3842 415 3890 tuus
427 3834 509 3891 babet
518 3833 619 3905 aliquid
632 3834 775 3891 advenum
792 3846 828 3905 te,
845 3835 891 3895 illo
908 3854 964 3894 mn·
1015 3843 1064 3901 sihi
1086 3842 1113 3898 in
1132 3842 1219 3900 Deum
1235 3846 1428 3912 protectorem,
1444 3847 1472 3895 ot
1497 3838 1630 3894 inlocum
1656 3839 1771 3914 refugii,
1785 3848 1814 3894 ut

165 3939 237 3997 gnus
255 3923 346 3990 fmtar,
361 3923 406 3996 qui
420 3923 505 3979 Filius
520 3923 569 3980 Dei
589 3929 630 3980 ost
640 3936 690 3994 per
711 3932 847 3994 naturam,
863 3936 891 3984 et
910 3945 960 3985 nu·
1015 3929 1121 3986 eduum
1135 3935 1162 3985 te
1176 3927 1257 3983 faeiat
1270 3928 1350 3997 (Psoi
1368 3941 1445 3993 xxx,
1465 3927 1506 3994 3);
1530 3934 1559 3981 et
1572 3924 1641 3981 dicet
1656 3925 1726 3980 tibi:
1745 3925 1813 3982 Ecce

165 4011 210 4069 bis
219 4019 382 4085 potestatem
395 4010 470 4070 dedit
487 4010 560 4067 tilios
574 4011 623 4068 Dei
637 4012 695 4070 fleri
708 4012 802 4083 (locu.
817 4030 839 4082 ι,
863 4016 921 4089 tt),
938 4027 964 4074 et
1017 4033 1069 4091 ego
1084 4026 1173 4074 tecum
1187 4028 1249 4071 sum
1263 4014 1390 4071 ominibus
1403 4015 1500 4070 diebus
1519 4013 1581 4069 uita
1596 4021 1661 4080 tuae,
1677 4029 1767 4087 usqne
1782 4015 1813 4069 ad

166 4096 263 4155 fratros
276 4112 342 4155 suos
356 4114 403 4172 per
427 4097 560 4173 gratiam
575 4097 620 4171 qui
639 4113 690 4156 nos
712 4098 837 4174 dignatus
859 4110 901 4160 est
916 4119 963 4161 vo-
1017 4104 1276 4163 consummationem
1296 4104 1388 4160 saculi
1412 4103 1526 4174 (taret.
1551 4116 1651 4169 xxvrrr,
1669 4104 1725 4171 tt).
1746 4103 1814 4160 Vere

166 4204 227 4246 care
238 4187 335 4245 fratres
351 4203 428 4261 snos,
442 4203 493 4262 per
516 4187 676 4258 Prophetam
703 4188 811 4246 dicens:
839 4192 964 4255 Narrabo
983 4231 1006 4310 u
1021 4195 1072 4253 erit
1087 4205 1185 4262 tecum,
1202 4194 1265 4264 quia
1278 4194 1354 4250 dabit
1367 4209 1396 4250 se
1410 4194 1500 4262 ipsum
1514 4193 1541 4248 in
1556 4192 1696 4260 viaticum,
1711 4208 1748 4249 ne
1761 4195 1812 4248 de·

164 4276 581 4351 itomantuumsrotribuameis
590 4277 678 4350 (Psoi.
690 4279 809 4353 uruit),
822 4286 850 4337 et
861 4297 966 4339 rursum
1020 4284 1096 4343 licias
1118 4285 1146 4341 in
1165 4285 1222 4354 via,
1245 4283 1331 4340 donec
1345 4281 1423 4354 plene
1441 4282 1543 4338 reliciat
1568 4282 1594 4336 in
1614 4281 1710 4352 patria.
1728 4280 1814 4337 Proba

166 4366 475 4440 postresurrectiouam:
487 4365 965 4442 ftedioitcsrotribusmaisfflottlr.
1022 4374 1103 4450 igitur
1116 4380 1143 4430 te
1157 4372 1239 4430 modo
1253 4371 1392 4441 predicto,
1412 4378 1438 4427 et
1456 4368 1496 4428 sic
1511 4371 1544 4426 de
1564 4385 1633 4443 pane
1647 4370 1696 4427 illo
1711 4381 1812 4428 unua

165 4471 267 4521 xxxin,
279 4455 335 4529 it),
350 4462 414 4525 etc,
430 4455 453 4512 si
463 4454 509 4512 illc
523 4455 605 4511 frater
614 4455 697 4514 babet
709 4456 811 4531 aliquid
822 4459 965 4517 adversum
1020 4461 1193 4520 Eucharistiae
1206 4461 1283 4529 edas,
1302 4469 1330 4516 et
1343 4461 1376 4515 de
1390 4459 1473 4516 calice
1483 4459 1569 4515 bibas.

166 4553 205 4613 te,
222 4543 246 4600 si
256 4542 393 4602 offendisti
407 4543 437 4600 in
451 4544 524 4600 illam
545 4544 711 4615 maiestatem
737 4547 868 4620 cogitatu,
889 4550 961 4606 dicto
1321 4547 1433 4604 CAPUT
1447 4547 1510 4604 xu.

167 4631 210 4687 sel
222 4630 306 4698 facto;
316 4631 340 4687 si
353 4632 500 4689 candorem
514 4631 677 4689 innocentia
690 4641 744 4689 tuae
758 4633 847 4707 aliqua
861 4637 964 4694 macula
1018 4641 1057 4698 De
1072 4638 1346 4713 triplielaumptione
1355 4639 1517 4710 corporesct
1530 4637 1682 4708 scopatae
1689 4637 1813 4694 Domini.

168 4717 317 4785 offuscasti,
329 4719 353 4775 si
368 4719 560 4778 conscientiam
575 4720 662 4779 habes
687 4721 730 4778 rel
753 4723 830 4780 valde
845 4739 959 4798 aegram,
1053 4730 1098 4785 30.
1114 4728 1200 4798 liujus
1220 4736 1310 4785 autem
1331 4725 1502 4783 sacmtissimi
1517 4727 1602 4798 panis,
1623 4733 1652 4781 ct
1671 4723 1816 4783 venerandi

167 4807 209 4865 rol
224 4806 316 4865 minna
332 4808 523 4866 benesauxtarn
538 4826 546 4878 ;
560 4809 685 4883 relinque
703 4809 740 4867 ibi
756 4827 853 4869 munus
876 4822 962 4881 tuum,
1017 4817 1118 4886 calicis,
1134 4818 1225 4884 idest,
1242 4815 1339 4875 uiritici
1354 4815 1478 4888 corporis
1494 4813 1603 4871 Domini
1619 4823 1648 4869 et
1661 4813 1813 4890 sauguinis,

167 4896 248 4956 differ
262 4897 433 4971 myserium,
448 4909 474 4956 et
506 4899 575 4955 sade
594 4898 669 4970 prius
693 4900 862 4958 reconciliari
886 4902 964 4962 fratri
1016 4907 1149 4979 triplicem
1163 4922 1224 4963 esso
1239 4905 1420 4979 sumptionem
1436 4905 1571 4960 discretus
1583 4903 1720 4962 'sacerdos
1734 4903 1814 4978 igno·

166 4995 225 5057 tuo,
240 5003 289 5060 per
302 4984 430 5045 deuotam
455 4986 544 5043 cordis
566 4987 766 5059 contritionem,
795 5006 842 5061 per
866 5008 962 5065 puram
1018 5010 1078 5051 rare
1093 5011 1146 5052 non
1170 4994 1261 5050 debet.
1276 4995 1335 5052 Una
1361 5007 1403 5050 est
1424 4994 1542 5064 sumptio
1559 4991 1769 5049 sacramentalis
1789 5000 1814 5044 et

85 5154 88 5161 Ι
166 5074 443 5145 orisoonfessionem,
457 5091 507 5148 per
526 5076 621 5133 duram
634 5077 755 5150 corporis
779 5079 807 5135 iu
827 5081 963 5152 poeniten·
1018 5082 1183 5154 spiritualis;
1212 5084 1310 5139 etbaec
1336 5097 1411 5148 nera,
1441 5091 1543 5150 sancta,
1568 5089 1596 5137 et
1624 5079 1810 5148 saeculiarum

165 5166 203 5224 tta
227 5165 401 5234 tentionem,
425 5175 451 5223 et
467 5165 630 5241 condignam
651 5166 882 5238 satisfactionem
905 5169 964 5226 lava
1015 5172 1106 5240 beata,
1131 5179 1159 5229 et
1175 5170 1347 5242 beatificans3
1363 5170 1461 5237 uitalis,
1490 5180 1517 5228 et
1543 5167 1693 5229 vivificans.
1722 5166 1813 5225 Altera

156 5258 216 5327 'pet
228 5254 351 5330 tingulas
374 5262 465 5313 noctes
488 5255 589 5315 lectum
607 5264 695 5326 tuum,
707 5272 757 5328 per
766 5256 870 5333 singule
895 5275 962 5330 pec·
1017 5268 1121 5318 tantum
1136 5261 1298 5332 spiritualis;
1316 5270 1342 5315 et
1357 5259 1416 5316 brec
1430 5258 1607 5315 nibilominus
1620 5258 1738 5330 gratim
1751 5272 1815 5314 oon·

165 5352 225 5400 cata
233 5344 334 5401 munda
359 5340 445 5403 aad
461 5346 651 5405 conscientiam
675 5353 758 5403 tuam.
773 5348 897 5405 Ascende
911 5350 963 5405 tri·
1017 5351 1079 5417 fert,
1104 5356 1185 5424 auget
1206 5349 1329 5420 virtutes,
1355 5350 1481 5405 meritum
1499 5347 1629 5405 cumulat.
1646 5346 1813 5405 nordeum-

167 5428 249 5484 bunal
262 5431 436 5490 conscientie
445 5440 508 5501 tna,
522 5436 619 5492 sedeas
628 5437 656 5493 in
670 5435 732 5493 loco
743 5435 858 5507 jndicis;
879 5445 907 5494 te
917 5438 962 5506 ip·
1018 5453 1072 5497 tum
1097 5438 1317 5508 sacramentalis3
1337 5444 1366 5494 et
1379 5439 1438 5494 bec
1460 5436 1623 5494 damnabilis
1641 5445 1669 5494 et
1685 5434 1814 5494 condom-

164 5531 226 5576 auux
238 5518 437 5591 condamnet
450 5523 806 5584 meminensque
819 5526 958 5586 memoria
1015 5534 1093 5597 nans,
1110 5529 1167 5586 neo
1180 5525 1288 5586 odibilis
1303 5535 1331 5585 et
1343 5526 1378 5583 ab
1388 5540 1422 5586 oo
1436 5540 1575 5599 mperam,
1594 5531 1623 5583 et
1635 5524 1716 5584 nulfo
1729 5519 1810 5584 noto
