<?xml version="1.0" encoding="UTF-8"?>
<!DOCTYPE html PUBLIC "-//W3C//DTD XHTML 1.0 Transitional//EN"
    "http://www.w3.org/TR/xhtml1/DTD/xhtml1-transitional.dtd">
<html xmlns="http://www.w3.org/1999/xhtml" xml:lang="en" lang="en">
 <head>
  <title>
</title>
<meta http-equiv="Content-Type" content="text/html;charset=utf-8" />
  <meta name='ocr-system' content='tesseract 3.04.00' />
  <meta name='ocr-capabilities' content='ocr_page ocr_carea ocr_par ocr_line ocrx_word'/>
</head>
<body>
  <div class='ocr_page' id='page_1' title='image "./patrologiaecurs00unkngoog_0614.png"; bbox 0 0 3706 5962; ppageno 0'>
   <div class='ocr_carea' id='block_1_1' title="bbox 100 206 1200 280">
    <p class='ocr_par' dir='ltr' id='par_1_1' title="bbox 100 206 1200 280">
     <span class='ocr_line' id='line_1_1' title="bbox 100 206 1200 280; baseline -0.008 0"><span class='ocrx_word' id='word_1_1' title='bbox 100 213 172 280; x_wconf 82' lang='lat' dir='ltr'><strong>ltts</strong></span> <span class='ocrx_word' id='word_1_2' title='bbox 669 209 765 272; x_wconf 77' lang='lat' dir='ltr'><strong>ulula</strong></span> <span class='ocrx_word' id='word_1_3' title='bbox 778 210 822 270; x_wconf 79' lang='lat' dir='ltr'><strong>llll</strong></span> <span class='ocrx_word' id='word_1_4' title='bbox 841 209 931 270; x_wconf 83' lang='lat' dir='ltr'><strong>dono</strong></span> <span class='ocrx_word' id='word_1_5' title='bbox 948 207 1034 269; x_wconf 74' lang='lat' dir='ltr'><strong>BENE</strong></span> <span class='ocrx_word' id='word_1_6' title='bbox 1051 206 1200 274; x_wconf 80' lang='lat' dir='ltr'><strong>vlliltlbl.</strong></span> 
     </span>
    </p>
   </div>
   <div class='ocr_carea' id='block_1_2' title="bbox 95 322 1675 5540">
    <p class='ocr_par' dir='ltr' id='par_1_2' title="bbox 95 322 1675 5540">
     <span class='ocr_line' id='line_1_2' title="bbox 101 322 1657 428; baseline -0.015 -28"><span class='ocrx_word' id='word_1_7' title='bbox 101 345 128 414; x_wconf 81' lang='lat'><strong>7,</strong></span> <span class='ocrx_word' id='word_1_8' title='bbox 150 344 188 416; x_wconf 83' lang='grc'><strong>8).</strong></span> <span class='ocrx_word' id='word_1_9' title='bbox 207 344 277 401; x_wconf 85' lang='lat' dir='ltr'><strong>Vere</strong></span> <span class='ocrx_word' id='word_1_10' title='bbox 290 343 370 399; x_wconf 86' lang='lat' dir='ltr'><strong>beata</strong></span> <span class='ocrx_word' id='word_1_11' title='bbox 384 347 425 396; x_wconf 87' lang='lat' dir='ltr'><strong>est</strong></span> <span class='ocrx_word' id='word_1_12' title='bbox 439 339 486 395; x_wconf 92' lang='lat' dir='ltr'><strong>illa</strong></span> <span class='ocrx_word' id='word_1_13' title='bbox 499 339 590 396; x_wconf 88' lang='lat' dir='ltr'><strong>anima</strong></span> <span class='ocrx_word' id='word_1_14' title='bbox 622 353 683 410; x_wconf 81' lang='lat' dir='ltr'><strong>qnae</strong></span> <span class='ocrx_word' id='word_1_15' title='bbox 709 337 774 394; x_wconf 87' lang='lat' dir='ltr'><strong>lesu</strong></span> <span class='ocrx_word' id='word_1_16' title='bbox 787 335 897 392; x_wconf 80' lang='lat' dir='ltr'><strong>Christo</strong></span> <span class='ocrx_word' id='word_1_17' title='bbox 914 350 937 428; x_wconf 58' lang='grc' dir='ltr'><strong>Α</strong></span> <span class='ocrx_word' id='word_1_18' title='bbox 952 334 1111 392; x_wconf 73' lang='lat' dir='ltr'><strong>sideramus.</strong></span> <span class='ocrx_word' id='word_1_19' title='bbox 1136 335 1206 393; x_wconf 87' lang='lat' dir='ltr'><strong>Vere</strong></span> <span class='ocrx_word' id='word_1_20' title='bbox 1233 332 1367 389; x_wconf 75' lang='lat' dir='ltr'><strong>maculam</strong></span> <span class='ocrx_word' id='word_1_21' title='bbox 1388 328 1497 386; x_wconf 88' lang='lat' dir='ltr'><strong>habet</strong></span> <span class='ocrx_word' id='word_1_22' title='bbox 1535 322 1574 380; x_wconf 90' lang='lat' dir='ltr'><strong>in</strong></span> <span class='ocrx_word' id='word_1_23' title='bbox 1614 336 1657 378; x_wconf 86' lang='lat' dir='ltr'><strong>se</strong></span> 
     </span>
     <span class='ocr_line' id='line_1_3' title="bbox 101 411 1670 504; baseline -0.016 -16"><span class='ocrx_word' id='word_1_24' title='bbox 101 447 203 504; x_wconf 91' lang='lat' dir='ltr'><strong>sponso</strong></span> <span class='ocrx_word' id='word_1_25' title='bbox 215 431 320 488; x_wconf 82' lang='lat' dir='ltr'><strong>coelesti</strong></span> <span class='ocrx_word' id='word_1_26' title='bbox 334 431 418 485; x_wconf 83' lang='lat' dir='ltr'><strong>servit</strong></span> <span class='ocrx_word' id='word_1_27' title='bbox 445 429 503 484; x_wconf 88' lang='lat' dir='ltr'><strong>sine</strong></span> <span class='ocrx_word' id='word_1_28' title='bbox 529 427 644 484; x_wconf 84' lang='lat' dir='ltr'><strong>runculo.</strong></span> <span class='ocrx_word' id='word_1_29' title='bbox 666 426 711 482; x_wconf 90' lang='lat' dir='ltr'><strong>Sic</strong></span> <span class='ocrx_word' id='word_1_30' title='bbox 725 435 752 482; x_wconf 89' lang='lat' dir='ltr'><strong>et</strong></span> <span class='ocrx_word' id='word_1_31' title='bbox 766 432 806 495; x_wconf 89' lang='lat' dir='ltr'><strong>tu,</strong></span> <span class='ocrx_word' id='word_1_32' title='bbox 820 440 899 481; x_wconf 91' lang='lat' dir='ltr'><strong>soror</strong></span> <span class='ocrx_word' id='word_1_33' title='bbox 953 422 1032 479; x_wconf 86' lang='lat' dir='ltr'><strong>nialis</strong></span> <span class='ocrx_word' id='word_1_34' title='bbox 1050 422 1159 489; x_wconf 82' lang='lat' dir='ltr'><strong>lentina,</strong></span> <span class='ocrx_word' id='word_1_35' title='bbox 1176 422 1199 478; x_wconf 91' lang='lat' dir='ltr'><strong>si</strong></span> <span class='ocrx_word' id='word_1_36' title='bbox 1213 421 1303 494; x_wconf 90' lang='lat' dir='ltr'><strong>diligit</strong></span> <span class='ocrx_word' id='word_1_37' title='bbox 1316 417 1456 491; x_wconf 84' lang='lat' dir='ltr'><strong>pretiosa</strong></span> <span class='ocrx_word' id='word_1_38' title='bbox 1475 411 1670 469; x_wconf 72' lang='lat' dir='ltr'><strong>aestiment</strong></span> 
     </span>
     <span class='ocr_line' id='line_1_4' title="bbox 100 503 1671 586; baseline -0.015 -9"><span class='ocrx_word' id='word_1_39' title='bbox 100 520 276 586; x_wconf 78' lang='lat' dir='ltr'><strong>uenerabilis,</strong></span> <span class='ocrx_word' id='word_1_40' title='bbox 299 519 379 574; x_wconf 67' lang='lat' dir='ltr'><strong>mata</strong></span> <span class='ocrx_word' id='word_1_41' title='bbox 394 516 457 583; x_wconf 89' lang='lat' dir='ltr'><strong>eris,</strong></span> <span class='ocrx_word' id='word_1_42' title='bbox 472 517 494 572; x_wconf 87' lang='lat' dir='ltr'><strong>si</strong></span> <span class='ocrx_word' id='word_1_43' title='bbox 510 518 576 571; x_wconf 88' lang='lat' dir='ltr'><strong>lesu</strong></span> <span class='ocrx_word' id='word_1_44' title='bbox 598 515 708 571; x_wconf 86' lang='lat' dir='ltr'><strong>Christo</strong></span> <span class='ocrx_word' id='word_1_45' title='bbox 728 528 830 582; x_wconf 87' lang='lat' dir='ltr'><strong>sponso</strong></span> <span class='ocrx_word' id='word_1_46' title='bbox 853 521 900 569; x_wconf 92' lang='lat' dir='ltr'><strong>tuo</strong></span> <span class='ocrx_word' id='word_1_47' title='bbox 952 511 1014 567; x_wconf 85' lang='lat' dir='ltr'><strong>sine</strong></span> <span class='ocrx_word' id='word_1_48' title='bbox 1028 511 1134 568; x_wconf 89' lang='lat' dir='ltr'><strong>macula</strong></span> <span class='ocrx_word' id='word_1_49' title='bbox 1146 510 1245 567; x_wconf 87' lang='lat' dir='ltr'><strong>Christi</strong></span> <span class='ocrx_word' id='word_1_50' title='bbox 1260 524 1371 579; x_wconf 83' lang='lat' dir='ltr'><strong>sponsa,</strong></span> <span class='ocrx_word' id='word_1_51' title='bbox 1401 505 1431 560; x_wconf 89' lang='lat' dir='ltr'><strong>si</strong></span> <span class='ocrx_word' id='word_1_52' title='bbox 1458 509 1560 559; x_wconf 86' lang='lat' dir='ltr'><strong>amat</strong></span> <span class='ocrx_word' id='word_1_53' title='bbox 1578 503 1671 555; x_wconf 76' lang='lat' dir='ltr'><strong>veste</strong></span> 
     </span>
     <span class='ocr_line' id='line_1_5' title="bbox 102 588 1671 677; baseline -0.014 -11"><span class='ocrx_word' id='word_1_54' title='bbox 102 610 162 666; x_wconf 82' lang='lat' dir='ltr'><strong>sine</strong></span> <span class='ocrx_word' id='word_1_55' title='bbox 178 608 285 664; x_wconf 87' lang='lat' dir='ltr'><strong>macula</strong></span> <span class='ocrx_word' id='word_1_56' title='bbox 307 605 442 663; x_wconf 84' lang='lat' dir='ltr'><strong>servieris.</strong></span> <span class='ocrx_word' id='word_1_57' title='bbox 460 604 544 660; x_wconf 89' lang='lat' dir='ltr'><strong>Sludc</strong></span> <span class='ocrx_word' id='word_1_58' title='bbox 565 619 632 677; x_wconf 81' lang='lat' dir='ltr'><strong>ergo</strong></span> <span class='ocrx_word' id='word_1_59' title='bbox 660 605 765 676; x_wconf 89' lang='lat' dir='ltr'><strong>placere</strong></span> <span class='ocrx_word' id='word_1_60' title='bbox 793 603 900 658; x_wconf 84' lang='lat' dir='ltr'><strong>Christo</strong></span> <span class='ocrx_word' id='word_1_61' title='bbox 953 615 1020 655; x_wconf 86' lang='lat' dir='ltr'><strong>sam.</strong></span> <span class='ocrx_word' id='word_1_62' title='bbox 1035 600 1141 656; x_wconf 77' lang='lat' dir='ltr'><strong>Ancilla</strong></span> <span class='ocrx_word' id='word_1_63' title='bbox 1156 598 1265 664; x_wconf 86' lang='lat' dir='ltr'><strong>Christi,</strong></span> <span class='ocrx_word' id='word_1_64' title='bbox 1281 613 1341 668; x_wconf 78' lang='lat' dir='ltr'><strong>orte</strong></span> <span class='ocrx_word' id='word_1_65' title='bbox 1358 592 1529 651; x_wconf 75' lang='lat' dir='ltr'><strong>seculum</strong></span> <span class='ocrx_word' id='word_1_66' title='bbox 1544 588 1671 660; x_wconf 81' lang='lat' dir='ltr'><strong>perteet</strong></span> 
     </span>
     <span class='ocr_line' id='line_1_6' title="bbox 102 677 1668 769; baseline -0.015 -14"><span class='ocrx_word' id='word_1_67' title='bbox 102 715 155 755; x_wconf 90' lang='lat' dir='ltr'><strong>uon</strong></span> <span class='ocrx_word' id='word_1_68' title='bbox 168 697 299 769; x_wconf 82' lang='lat' dir='ltr'>pretiosis</span> <span class='ocrx_word' id='word_1_69' title='bbox 309 694 441 760; x_wconf 85' lang='lat' dir='ltr'><strong>aestibus,</strong></span> <span class='ocrx_word' id='word_1_70' title='bbox 453 692 502 748; x_wconf 90' lang='lat' dir='ltr'><strong>sed</strong></span> <span class='ocrx_word' id='word_1_71' title='bbox 517 693 597 750; x_wconf 89' lang='lat' dir='ltr'><strong>bonis</strong></span> <span class='ocrx_word' id='word_1_72' title='bbox 608 693 730 749; x_wconf 90' lang='lat' dir='ltr'><strong>moribus</strong></span> <span class='ocrx_word' id='word_1_73' title='bbox 746 711 753 748; x_wconf 93' lang='lat'><strong>:</strong></span> <span class='ocrx_word' id='word_1_74' title='bbox 768 707 826 748; x_wconf 94' lang='lat' dir='ltr'><strong>non</strong></span> <span class='ocrx_word' id='word_1_75' title='bbox 841 691 900 761; x_wconf 92' lang='lat' dir='ltr'><strong>pul·</strong></span> <span class='ocrx_word' id='word_1_76' title='bbox 953 686 1019 742; x_wconf 89' lang='lat' dir='ltr'><strong>vilia</strong></span> <span class='ocrx_word' id='word_1_77' title='bbox 1033 690 1195 743; x_wconf 80' lang='lat' dir='ltr'><strong>uestimenta</strong></span> <span class='ocrx_word' id='word_1_78' title='bbox 1222 685 1329 757; x_wconf 80' lang='lat' dir='ltr'><strong>querit.</strong></span> <span class='ocrx_word' id='word_1_79' title='bbox 1349 681 1482 740; x_wconf 78' lang='lat' dir='ltr'><strong>Ancilla</strong></span> <span class='ocrx_word' id='word_1_80' title='bbox 1518 677 1668 748; x_wconf 82' lang='lat' dir='ltr'><strong>Christi,</strong></span> 
     </span>
     <span class='ocr_line' id='line_1_7' title="bbox 104 765 1671 854; baseline -0.013 -11"><span class='ocrx_word' id='word_1_81' title='bbox 104 786 257 843; x_wconf 84' lang='lat' dir='ltr'><strong>cbritndine</strong></span> <span class='ocrx_word' id='word_1_82' title='bbox 272 785 371 854; x_wconf 85' lang='lat' dir='ltr'><strong>carnis,</strong></span> <span class='ocrx_word' id='word_1_83' title='bbox 387 781 436 838; x_wconf 90' lang='lat' dir='ltr'><strong>scd</strong></span> <span class='ocrx_word' id='word_1_84' title='bbox 463 780 670 852; x_wconf 80' lang='lat' dir='ltr'><strong>pulchritudine</strong></span> <span class='ocrx_word' id='word_1_85' title='bbox 683 781 792 837; x_wconf 88' lang='lat' dir='ltr'><strong>mentis.</strong></span> <span class='ocrx_word' id='word_1_86' title='bbox 816 779 900 835; x_wconf 88' lang='lat' dir='ltr'><strong>Stude</strong></span> <span class='ocrx_word' id='word_1_87' title='bbox 954 775 1023 831; x_wconf 87' lang='lat' dir='ltr'><strong>liosn</strong></span> <span class='ocrx_word' id='word_1_88' title='bbox 1037 776 1198 833; x_wconf 83' lang='lat' dir='ltr'><strong>vestimenta</strong></span> <span class='ocrx_word' id='word_1_89' title='bbox 1211 773 1360 840; x_wconf 75' lang='lat' dir='ltr'><strong>desiderat,</strong></span> <span class='ocrx_word' id='word_1_90' title='bbox 1385 771 1502 826; x_wconf 86' lang='lat' dir='ltr'><strong>adhuc</strong></span> <span class='ocrx_word' id='word_1_91' title='bbox 1524 765 1671 840; x_wconf 78' lang='lat' dir='ltr'><strong>perfecte</strong></span> 
     </span>
     <span class='ocr_line' id='line_1_8' title="bbox 103 856 1671 946; baseline -0.01 -18"><span class='ocrx_word' id='word_1_92' title='bbox 103 875 209 946; x_wconf 89' lang='lat' dir='ltr'><strong>placore</strong></span> <span class='ocrx_word' id='word_1_93' title='bbox 222 871 262 928; x_wconf 92' lang='lat' dir='ltr'><strong>illi</strong></span> <span class='ocrx_word' id='word_1_94' title='bbox 277 887 330 927; x_wconf 90' lang='lat' dir='ltr'><strong>non</strong></span> <span class='ocrx_word' id='word_1_95' title='bbox 353 870 379 924; x_wconf 90' lang='lat' dir='ltr'><strong>in</strong></span> <span class='ocrx_word' id='word_1_96' title='bbox 396 869 476 934; x_wconf 82' lang='lat' dir='ltr'><strong>lucie,</strong></span> <span class='ocrx_word' id='word_1_97' title='bbox 499 869 547 924; x_wconf 90' lang='lat' dir='ltr'><strong>sed</strong></span> <span class='ocrx_word' id='word_1_98' title='bbox 571 870 601 924; x_wconf 92' lang='lat' dir='ltr'><strong>in</strong></span> <span class='ocrx_word' id='word_1_99' title='bbox 623 868 716 925; x_wconf 90' lang='lat' dir='ltr'><strong>corde.</strong></span> <span class='ocrx_word' id='word_1_100' title='bbox 733 867 900 924; x_wconf 83' lang='lat' dir='ltr'><strong>Vestimenta</strong></span> <span class='ocrx_word' id='word_1_101' title='bbox 953 879 1005 919; x_wconf 88' lang='lat' dir='ltr'><strong>non</strong></span> <span class='ocrx_word' id='word_1_102' title='bbox 1018 863 1192 933; x_wconf 89' lang='lat' dir='ltr'><strong>contempsit.</strong></span> <span class='ocrx_word' id='word_1_103' title='bbox 1222 861 1304 934; x_wconf 87' lang='lat' dir='ltr'><strong>Nigra</strong></span> <span class='ocrx_word' id='word_1_104' title='bbox 1328 859 1420 917; x_wconf 81' lang='lat' dir='ltr'><strong>vestis</strong></span> <span class='ocrx_word' id='word_1_105' title='bbox 1458 857 1621 912; x_wconf 84' lang='lat' dir='ltr'><strong>insinuat</strong></span> <span class='ocrx_word' id='word_1_106' title='bbox 1640 856 1671 913; x_wconf 86' lang='lat' dir='ltr'><strong>bt</strong></span> 
     </span>
     <span class='ocr_line' id='line_1_9' title="bbox 102 945 1671 1027; baseline -0.011 -9"><span class='ocrx_word' id='word_1_107' title='bbox 102 972 149 1018; x_wconf 91' lang='lat' dir='ltr'><strong>tna</strong></span> <span class='ocrx_word' id='word_1_108' title='bbox 168 969 195 1018; x_wconf 89' lang='lat' dir='ltr'><strong>et</strong></span> <span class='ocrx_word' id='word_1_109' title='bbox 207 961 390 1017; x_wconf 86' lang='lat' dir='ltr'><strong>calceamenta</strong></span> <span class='ocrx_word' id='word_1_110' title='bbox 419 973 469 1013; x_wconf 90' lang='lat' dir='ltr'><strong>nec</strong></span> <span class='ocrx_word' id='word_1_111' title='bbox 497 956 610 1012; x_wconf 89' lang='lat' dir='ltr'><strong>nimium</strong></span> <span class='ocrx_word' id='word_1_112' title='bbox 635 956 690 1011; x_wconf 89' lang='lat' dir='ltr'><strong>sint</strong></span> <span class='ocrx_word' id='word_1_113' title='bbox 703 958 834 1027; x_wconf 85' lang='lat' dir='ltr'><strong>pretiosa,</strong></span> <span class='ocrx_word' id='word_1_114' title='bbox 850 969 900 1011; x_wconf 91' lang='lat' dir='ltr'><strong>nec</strong></span> <span class='ocrx_word' id='word_1_115' title='bbox 953 952 1069 1021; x_wconf 86' lang='lat' dir='ltr'><strong>mentis;</strong></span> <span class='ocrx_word' id='word_1_116' title='bbox 1084 952 1139 1007; x_wconf 86' lang='lat' dir='ltr'><strong>uile</strong></span> <span class='ocrx_word' id='word_1_117' title='bbox 1159 951 1353 1007; x_wconf 86' lang='lat' dir='ltr'><strong>vestimentum</strong></span> <span class='ocrx_word' id='word_1_118' title='bbox 1365 947 1546 1006; x_wconf 89' lang='lat' dir='ltr'><strong>denuntiat</strong></span> <span class='ocrx_word' id='word_1_119' title='bbox 1565 945 1671 1002; x_wconf 83' lang='lat' dir='ltr'><strong>mund</strong></span> 
     </span>
     <span class='ocr_line' id='line_1_10' title="bbox 102 1033 1671 1117; baseline -0.009 -13"><span class='ocrx_word' id='word_1_120' title='bbox 102 1050 216 1105; x_wconf 89' lang='lat' dir='ltr'><strong>multum</strong></span> <span class='ocrx_word' id='word_1_121' title='bbox 231 1048 308 1114; x_wconf 84' lang='lat' dir='ltr'><strong>nilin;</strong></span> <span class='ocrx_word' id='word_1_122' title='bbox 330 1046 378 1102; x_wconf 89' lang='lat' dir='ltr'><strong>sed</strong></span> <span class='ocrx_word' id='word_1_123' title='bbox 401 1062 435 1101; x_wconf 85' lang='lat' dir='ltr'><strong>ex</strong></span> <span class='ocrx_word' id='word_1_124' title='bbox 454 1046 594 1101; x_wconf 87' lang='lat' dir='ltr'><strong>moderato</strong></span> <span class='ocrx_word' id='word_1_125' title='bbox 618 1052 644 1100; x_wconf 91' lang='lat' dir='ltr'><strong>et</strong></span> <span class='ocrx_word' id='word_1_126' title='bbox 661 1045 829 1117; x_wconf 87' lang='lat' dir='ltr'><strong>competenti</strong></span> <span class='ocrx_word' id='word_1_127' title='bbox 847 1044 898 1099; x_wconf 89' lang='lat' dir='ltr'><strong>ha·</strong></span> <span class='ocrx_word' id='word_1_128' title='bbox 953 1053 1038 1112; x_wconf 85' lang='lat' dir='ltr'><strong>ptum.</strong></span> <span class='ocrx_word' id='word_1_129' title='bbox 1065 1041 1186 1116; x_wconf 86' lang='lat' dir='ltr'><strong>Nigredo</strong></span> <span class='ocrx_word' id='word_1_130' title='bbox 1213 1039 1265 1094; x_wconf 84' lang='lat' dir='ltr'><strong>veli</strong></span> <span class='ocrx_word' id='word_1_131' title='bbox 1283 1037 1468 1093; x_wconf 75' lang='lat' dir='ltr'><strong>munditiem</strong></span> <span class='ocrx_word' id='word_1_132' title='bbox 1507 1043 1543 1092; x_wconf 89' lang='lat' dir='ltr'><strong>et</strong></span> <span class='ocrx_word' id='word_1_133' title='bbox 1579 1033 1671 1106; x_wconf 81' lang='lat' dir='ltr'><strong>prurit</strong></span> 
     </span>
     <span class='ocr_line' id='line_1_11' title="bbox 103 1123 1660 1206; baseline -0.009 -12"><span class='ocrx_word' id='word_1_134' title='bbox 103 1139 170 1194; x_wconf 92' lang='lat' dir='ltr'><strong>bitu.</strong></span> <span class='ocrx_word' id='word_1_135' title='bbox 186 1137 230 1192; x_wconf 88' lang='lat' dir='ltr'><strong>Sic</strong></span> <span class='ocrx_word' id='word_1_136' title='bbox 243 1135 317 1190; x_wconf 90' lang='lat' dir='ltr'><strong>enim</strong></span> <span class='ocrx_word' id='word_1_137' title='bbox 332 1135 370 1190; x_wconf 87' lang='lat' dir='ltr'><strong>ait</strong></span> <span class='ocrx_word' id='word_1_138' title='bbox 386 1135 480 1190; x_wconf 86' lang='lat' dir='ltr'><strong>bealus</strong></span> <span class='ocrx_word' id='word_1_139' title='bbox 494 1133 665 1206; x_wconf 78' lang='lat' dir='ltr'><strong>Artgustinus</strong></span> <span class='ocrx_word' id='word_1_140' title='bbox 682 1133 717 1189; x_wconf 90' lang='lat' dir='ltr'><strong>de</strong></span> <span class='ocrx_word' id='word_1_141' title='bbox 731 1131 897 1201; x_wconf 84' lang='lat' dir='ltr'><strong>semetipso:</strong></span> <span class='ocrx_word' id='word_1_142' title='bbox 953 1129 1200 1196; x_wconf 73' lang='lat' dir='ltr'><strong>monstratammi3</strong></span> <span class='ocrx_word' id='word_1_143' title='bbox 1229 1126 1464 1201; x_wconf 88' lang='lat' dir='ltr'><strong>nigrumvelnm</strong></span> <span class='ocrx_word' id='word_1_144' title='bbox 1486 1123 1660 1181; x_wconf 81' lang='lat' dir='ltr'><strong>castitatis</strong></span> 
     </span>
     <span class='ocr_line' id='line_1_12' title="bbox 104 1211 1671 1295; baseline -0.004 -18"><span class='ocrx_word' id='word_1_145' title='bbox 104 1249 116 1277; x_wconf 71' lang='grc' dir='ltr'>ι</span> <span class='ocrx_word' id='word_1_146' title='bbox 140 1227 246 1293; x_wconf 78' lang='lat' dir='ltr'><strong>Fateor,</strong></span> <span class='ocrx_word' id='word_1_147' title='bbox 262 1224 297 1281; x_wconf 89' lang='lat' dir='ltr'><strong>de</strong></span> <span class='ocrx_word' id='word_1_148' title='bbox 314 1224 434 1295; x_wconf 89' lang='lat' dir='ltr'><strong>pretiosa</strong></span> <span class='ocrx_word' id='word_1_149' title='bbox 446 1231 523 1279; x_wconf 84' lang='lat' dir='ltr'><strong>veste</strong></span> <span class='ocrx_word' id='word_1_150' title='bbox 536 1221 669 1279; x_wconf 89' lang='lat' dir='ltr'><strong>erubesco</strong></span> <span class='ocrx_word' id='word_1_151' title='bbox 685 1239 691 1279; x_wconf 93' lang='lat'>:</span> <span class='ocrx_word' id='word_1_152' title='bbox 708 1242 721 1274; x_wconf 81' lang='grc' dir='ltr'>ι</span> <span class='ocrx_word' id='word_1_153' title='bbox 738 1221 898 1279; x_wconf 89' lang='lat' dir='ltr'><strong>etiterum:</strong></span> <span class='ocrx_word' id='word_1_154' title='bbox 954 1219 1016 1275; x_wconf 88' lang='lat' dir='ltr'><strong>tatia</strong></span> <span class='ocrx_word' id='word_1_155' title='bbox 1039 1226 1083 1274; x_wconf 87' lang='lat' dir='ltr'><strong>cst</strong></span> <span class='ocrx_word' id='word_1_156' title='bbox 1096 1217 1215 1291; x_wconf 90' lang='lat' dir='ltr'><strong>signum.</strong></span> <span class='ocrx_word' id='word_1_157' title='bbox 1228 1216 1305 1272; x_wconf 84' lang='lat' dir='ltr'><strong>Nunc</strong></span> <span class='ocrx_word' id='word_1_158' title='bbox 1324 1229 1404 1288; x_wconf 82' lang='lat' dir='ltr'><strong>ergo,</strong></span> <span class='ocrx_word' id='word_1_159' title='bbox 1426 1211 1671 1270; x_wconf 84' lang='lat' dir='ltr'><strong>reverendissi</strong></span> 
     </span>
     <span class='ocr_line' id='line_1_13' title="bbox 104 1300 1672 1384; baseline -0.007 -17"><span class='ocrx_word' id='word_1_160' title='bbox 104 1335 118 1367; x_wconf 77' lang='grc' dir='ltr'>ι</span> <span class='ocrx_word' id='word_1_161' title='bbox 134 1317 195 1371; x_wconf 89' lang='lat' dir='ltr'><strong>Non</strong></span> <span class='ocrx_word' id='word_1_162' title='bbox 209 1314 288 1370; x_wconf 89' lang='lat' dir='ltr'><strong>decet</strong></span> <span class='ocrx_word' id='word_1_163' title='bbox 302 1314 372 1368; x_wconf 87' lang='lat' dir='ltr'><strong>banc</strong></span> <span class='ocrx_word' id='word_1_164' title='bbox 386 1310 595 1384; x_wconf 87' lang='lat' dir='ltr'><strong>proiessionem,</strong></span> <span class='ocrx_word' id='word_1_165' title='bbox 611 1326 666 1367; x_wconf 91' lang='lat' dir='ltr'><strong>non</strong></span> <span class='ocrx_word' id='word_1_166' title='bbox 681 1312 760 1368; x_wconf 88' lang='lat' dir='ltr'><strong>decet</strong></span> <span class='ocrx_word' id='word_1_167' title='bbox 773 1309 901 1368; x_wconf 85' lang='lat' dir='ltr'><strong>bancad·</strong></span> <span class='ocrx_word' id='word_1_168' title='bbox 954 1322 1053 1363; x_wconf 89' lang='lat' dir='ltr'><strong>moneo</strong></span> <span class='ocrx_word' id='word_1_169' title='bbox 1072 1315 1106 1374; x_wconf 85' lang='lat' dir='ltr'><strong>te,</strong></span> <span class='ocrx_word' id='word_1_170' title='bbox 1122 1315 1152 1361; x_wconf 91' lang='lat' dir='ltr'><strong>ut</strong></span> <span class='ocrx_word' id='word_1_171' title='bbox 1163 1305 1284 1361; x_wconf 87' lang='lat' dir='ltr'><strong>habitum</strong></span> <span class='ocrx_word' id='word_1_172' title='bbox 1294 1318 1378 1375; x_wconf 90' lang='lat' dir='ltr'><strong>quem</strong></span> <span class='ocrx_word' id='word_1_173' title='bbox 1393 1301 1556 1358; x_wconf 87' lang='lat' dir='ltr'><strong>ostendis</strong></span> <span class='ocrx_word' id='word_1_174' title='bbox 1574 1300 1672 1372; x_wconf 83' lang='lat' dir='ltr'><strong>speci</strong></span> 
     </span>
     <span class='ocr_line' id='line_1_14' title="bbox 102 1389 1672 1467; baseline -0.008 -9"><span class='ocrx_word' id='word_1_175' title='bbox 102 1402 291 1467; x_wconf 88' lang='lat' dir='ltr'><strong>monitionem,</strong></span> <span class='ocrx_word' id='word_1_176' title='bbox 321 1416 375 1457; x_wconf 92' lang='lat' dir='ltr'><strong>non</strong></span> <span class='ocrx_word' id='word_1_177' title='bbox 402 1400 481 1458; x_wconf 90' lang='lat' dir='ltr'><strong>dccet</strong></span> <span class='ocrx_word' id='word_1_178' title='bbox 509 1401 566 1458; x_wconf 81' lang='lat' dir='ltr'><strong>baec</strong></span> <span class='ocrx_word' id='word_1_179' title='bbox 580 1400 713 1466; x_wconf 85' lang='lat' dir='ltr'><strong>membra,</strong></span> <span class='ocrx_word' id='word_1_180' title='bbox 741 1415 795 1455; x_wconf 91' lang='lat' dir='ltr'><strong>non</strong></span> <span class='ocrx_word' id='word_1_181' title='bbox 822 1399 902 1456; x_wconf 88' lang='lat' dir='ltr'><strong>decet</strong></span> <span class='ocrx_word' id='word_1_182' title='bbox 953 1409 1047 1464; x_wconf 89' lang='lat' dir='ltr'><strong>opere.</strong></span> <span class='ocrx_word' id='word_1_183' title='bbox 1064 1393 1185 1450; x_wconf 87' lang='lat' dir='ltr'><strong>Obsecro</strong></span> <span class='ocrx_word' id='word_1_184' title='bbox 1200 1403 1235 1460; x_wconf 89' lang='lat' dir='ltr'><strong>te,</strong></span> <span class='ocrx_word' id='word_1_185' title='bbox 1255 1401 1285 1449; x_wconf 90' lang='lat' dir='ltr'><strong>ut</strong></span> <span class='ocrx_word' id='word_1_186' title='bbox 1299 1390 1435 1448; x_wconf 86' lang='lat' dir='ltr'><strong>habiturn</strong></span> <span class='ocrx_word' id='word_1_187' title='bbox 1474 1389 1621 1447; x_wconf 86' lang='lat' dir='ltr'><strong>Ordinis</strong></span> <span class='ocrx_word' id='word_1_188' title='bbox 1637 1389 1672 1446; x_wconf 85' lang='lat' dir='ltr'><strong>bt</strong></span> 
     </span>
     <span class='ocr_line' id='line_1_15' title="bbox 102 1477 1667 1563; baseline -0.008 -15"><span class='ocrx_word' id='word_1_189' title='bbox 102 1494 152 1549; x_wconf 92' lang='lat' dir='ltr'><strong>bos</strong></span> <span class='ocrx_word' id='word_1_190' title='bbox 166 1507 289 1548; x_wconf 79' lang='lat' dir='ltr'><strong>canos.»</strong></span> <span class='ocrx_word' id='word_1_191' title='bbox 313 1491 433 1547; x_wconf 83' lang='lat' dir='ltr'><strong>Honesta</strong></span> <span class='ocrx_word' id='word_1_192' title='bbox 460 1490 550 1563; x_wconf 83' lang='lat' dir='ltr'><strong>virgo,</strong></span> <span class='ocrx_word' id='word_1_193' title='bbox 579 1489 663 1546; x_wconf 88' lang='lat' dir='ltr'><strong>vestis</strong></span> <span class='ocrx_word' id='word_1_194' title='bbox 690 1504 758 1560; x_wconf 91' lang='lat' dir='ltr'><strong>pura</strong></span> <span class='ocrx_word' id='word_1_195' title='bbox 775 1486 896 1545; x_wconf 75' lang='grc' dir='ltr'>οἰιοιιιιι-</span> <span class='ocrx_word' id='word_1_196' title='bbox 955 1483 1085 1539; x_wconf 88' lang='lat' dir='ltr'><strong>moribus.</strong></span> <span class='ocrx_word' id='word_1_197' title='bbox 1104 1481 1219 1538; x_wconf 89' lang='lat' dir='ltr'><strong>Sanctus</strong></span> <span class='ocrx_word' id='word_1_198' title='bbox 1234 1486 1276 1536; x_wconf 91' lang='lat' dir='ltr'><strong>est</strong></span> <span class='ocrx_word' id='word_1_199' title='bbox 1302 1478 1436 1549; x_wconf 87' lang='lat' dir='ltr'><strong>habitus,</strong></span> <span class='ocrx_word' id='word_1_200' title='bbox 1458 1486 1605 1534; x_wconf 76' lang='lat' dir='ltr'><strong>secretus</strong></span> <span class='ocrx_word' id='word_1_201' title='bbox 1622 1477 1667 1535; x_wconf 82' lang='lat' dir='ltr'><strong>ait</strong></span> 
     </span>
     <span class='ocr_line' id='line_1_16' title="bbox 101 1566 1672 1649; baseline -0.008 -15"><span class='ocrx_word' id='word_1_202' title='bbox 101 1579 178 1637; x_wconf 88' lang='lat' dir='ltr'><strong>detur</strong></span> <span class='ocrx_word' id='word_1_203' title='bbox 193 1579 240 1634; x_wconf 90' lang='lat' dir='ltr'><strong>tibi</strong></span> <span class='ocrx_word' id='word_1_204' title='bbox 255 1593 310 1635; x_wconf 92' lang='lat' dir='ltr'><strong>non</strong></span> <span class='ocrx_word' id='word_1_205' title='bbox 332 1577 366 1633; x_wconf 88' lang='lat' dir='ltr'><strong>ad</strong></span> <span class='ocrx_word' id='word_1_206' title='bbox 379 1577 616 1649; x_wconf 89' lang='lat' dir='ltr'><strong>pulchritudinem,</strong></span> <span class='ocrx_word' id='word_1_207' title='bbox 632 1577 681 1632; x_wconf 90' lang='lat' dir='ltr'><strong>sed</strong></span> <span class='ocrx_word' id='word_1_208' title='bbox 697 1583 808 1648; x_wconf 88' lang='lat' dir='ltr'><strong>propter</strong></span> <span class='ocrx_word' id='word_1_209' title='bbox 831 1590 896 1632; x_wconf 89' lang='lat' dir='ltr'><strong>cor-</strong></span> <span class='ocrx_word' id='word_1_210' title='bbox 950 1571 1020 1627; x_wconf 88' lang='lat' dir='ltr'><strong>sicut</strong></span> <span class='ocrx_word' id='word_1_211' title='bbox 1034 1581 1125 1626; x_wconf 87' lang='lat' dir='ltr'><strong>sancta</strong></span> <span class='ocrx_word' id='word_1_212' title='bbox 1139 1577 1202 1626; x_wconf 89' lang='lat' dir='ltr'><strong>sunt</strong></span> <span class='ocrx_word' id='word_1_213' title='bbox 1212 1566 1389 1633; x_wconf 82' lang='lat' dir='ltr'><strong>sesdmenta,</strong></span> <span class='ocrx_word' id='word_1_214' title='bbox 1408 1566 1462 1624; x_wconf 87' lang='lat' dir='ltr'><strong>sic</strong></span> <span class='ocrx_word' id='word_1_215' title='bbox 1482 1582 1596 1638; x_wconf 86' lang='lat' dir='ltr'><strong>opera</strong></span> <span class='ocrx_word' id='word_1_216' title='bbox 1615 1574 1672 1622; x_wconf 89' lang='lat' dir='ltr'><strong>tua</strong></span> 
     </span>
     <span class='ocr_line' id='line_1_17' title="bbox 101 1623 1663 1742; baseline -0.009 -17"><span class='ocrx_word' id='word_1_217' title='bbox 101 1668 177 1742; x_wconf 88' lang='lat' dir='ltr'><strong>poris</strong></span> <span class='ocrx_word' id='word_1_218' title='bbox 190 1667 396 1724; x_wconf 86' lang='lat' dir='ltr'><strong>necessitatem:</strong></span> <span class='ocrx_word' id='word_1_219' title='bbox 411 1681 445 1722; x_wconf 88' lang='lat' dir='ltr'><strong>ne</strong></span> <span class='ocrx_word' id='word_1_220' title='bbox 459 1666 525 1721; x_wconf 92' lang='lat' dir='ltr'><strong>dum</strong></span> <span class='ocrx_word' id='word_1_221' title='bbox 533 1664 663 1738; x_wconf 82' lang='lat' dir='ltr'><strong>pretiosis</strong></span> <span class='ocrx_word' id='word_1_222' title='bbox 674 1664 843 1721; x_wconf 82' lang='lat' dir='ltr'><strong>uestimentis</strong></span> <span class='ocrx_word' id='word_1_223' title='bbox 852 1679 897 1720; x_wconf 84' lang='lat' dir='ltr'><strong>ve·</strong></span> <span class='ocrx_word' id='word_1_224' title='bbox 913 1623 936 1700; x_wconf 68' lang='lat' dir='ltr'>B</span> <span class='ocrx_word' id='word_1_225' title='bbox 951 1663 994 1716; x_wconf 85' lang='lat' dir='ltr'><strong>cta</strong></span> <span class='ocrx_word' id='word_1_226' title='bbox 1011 1675 1018 1714; x_wconf 72' lang='grc' dir='ltr'>ι</span> <span class='ocrx_word' id='word_1_227' title='bbox 1036 1659 1108 1714; x_wconf 85' lang='lat' dir='ltr'><strong>sicut</strong></span> <span class='ocrx_word' id='word_1_228' title='bbox 1121 1664 1257 1714; x_wconf 87' lang='lat' dir='ltr'><strong>sacratum</strong></span> <span class='ocrx_word' id='word_1_229' title='bbox 1285 1664 1327 1711; x_wconf 88' lang='lat' dir='ltr'><strong>est</strong></span> <span class='ocrx_word' id='word_1_230' title='bbox 1342 1655 1461 1720; x_wconf 85' lang='lat' dir='ltr'><strong>velum,</strong></span> <span class='ocrx_word' id='word_1_231' title='bbox 1500 1656 1553 1712; x_wconf 89' lang='lat' dir='ltr'><strong>sic</strong></span> <span class='ocrx_word' id='word_1_232' title='bbox 1572 1670 1663 1727; x_wconf 87' lang='lat' dir='ltr'><strong>opus</strong></span> 
     </span>
     <span class='ocr_line' id='line_1_18' title="bbox 101 1741 1672 1825; baseline -0.009 -14"><span class='ocrx_word' id='word_1_233' title='bbox 101 1755 184 1825; x_wconf 88' lang='lat' dir='ltr'><strong>stiris,</strong></span> <span class='ocrx_word' id='word_1_234' title='bbox 201 1756 283 1811; x_wconf 87' lang='lat' dir='ltr'><strong>cadas</strong></span> <span class='ocrx_word' id='word_1_235' title='bbox 297 1756 324 1809; x_wconf 94' lang='lat' dir='ltr'><strong>in</strong></span> <span class='ocrx_word' id='word_1_236' title='bbox 346 1755 537 1823; x_wconf 82' lang='lat' dir='ltr'><strong>turpitudinem</strong></span> <span class='ocrx_word' id='word_1_237' title='bbox 561 1755 672 1820; x_wconf 69' lang='lat' dir='ltr'><strong>animae,</strong></span> <span class='ocrx_word' id='word_1_238' title='bbox 704 1754 768 1825; x_wconf 85' lang='lat' dir='ltr'><strong>quia</strong></span> <span class='ocrx_word' id='word_1_239' title='bbox 795 1759 897 1823; x_wconf 86' lang='lat' dir='ltr'><strong>quanto</strong></span> <span class='ocrx_word' id='word_1_240' title='bbox 951 1758 1085 1803; x_wconf 83' lang='lat' dir='ltr'><strong>sanctum.</strong></span> <span class='ocrx_word' id='word_1_241' title='bbox 1100 1745 1160 1802; x_wconf 92' lang='lat' dir='ltr'><strong>Non</strong></span> <span class='ocrx_word' id='word_1_242' title='bbox 1177 1745 1248 1800; x_wconf 87' lang='lat' dir='ltr'><strong>aliud</strong></span> <span class='ocrx_word' id='word_1_243' title='bbox 1263 1743 1425 1798; x_wconf 81' lang='lat' dir='ltr'><strong>abscondas</strong></span> <span class='ocrx_word' id='word_1_244' title='bbox 1443 1743 1554 1810; x_wconf 87' lang='lat' dir='ltr'><strong>intus,</strong></span> <span class='ocrx_word' id='word_1_245' title='bbox 1575 1751 1611 1798; x_wconf 89' lang='lat' dir='ltr'><strong>et</strong></span> <span class='ocrx_word' id='word_1_246' title='bbox 1628 1741 1672 1799; x_wconf 86' lang='lat' dir='ltr'><strong>ali</strong></span> 
     </span>
     <span class='ocr_line' id='line_1_19' title="bbox 101 1830 1672 1914; baseline -0.005 -17"><span class='ocrx_word' id='word_1_247' title='bbox 101 1844 218 1914; x_wconf 88' lang='lat' dir='ltr'><strong>amplius</strong></span> <span class='ocrx_word' id='word_1_248' title='bbox 232 1858 331 1912; x_wconf 86' lang='lat' dir='ltr'><strong>corpus</strong></span> <span class='ocrx_word' id='word_1_249' title='bbox 346 1841 413 1897; x_wconf 85' lang='lat' dir='ltr'><strong>ioris</strong></span> <span class='ocrx_word' id='word_1_250' title='bbox 428 1851 539 1912; x_wconf 87' lang='lat' dir='ltr'><strong>propter</strong></span> <span class='ocrx_word' id='word_1_251' title='bbox 565 1857 662 1896; x_wconf 83' lang='lat' dir='ltr'><strong>uanam</strong></span> <span class='ocrx_word' id='word_1_252' title='bbox 690 1840 806 1914; x_wconf 79' lang='lat' dir='ltr'><strong>gloriam</strong></span> <span class='ocrx_word' id='word_1_253' title='bbox 820 1855 896 1896; x_wconf 90' lang='lat' dir='ltr'><strong>com-</strong></span> <span class='ocrx_word' id='word_1_254' title='bbox 951 1833 999 1890; x_wconf 88' lang='lat' dir='ltr'><strong>das</strong></span> <span class='ocrx_word' id='word_1_255' title='bbox 1017 1834 1100 1890; x_wconf 88' lang='lat' dir='ltr'><strong>loris:</strong></span> <span class='ocrx_word' id='word_1_256' title='bbox 1117 1848 1169 1888; x_wconf 92' lang='lat' dir='ltr'><strong>non</strong></span> <span class='ocrx_word' id='word_1_257' title='bbox 1184 1833 1222 1889; x_wconf 89' lang='lat' dir='ltr'><strong>sis</strong></span> <span class='ocrx_word' id='word_1_258' title='bbox 1234 1832 1305 1887; x_wconf 85' lang='lat' dir='ltr'><strong>aliud</strong></span> <span class='ocrx_word' id='word_1_259' title='bbox 1328 1830 1358 1885; x_wconf 96' lang='lat' dir='ltr'><strong>in</strong></span> <span class='ocrx_word' id='word_1_260' title='bbox 1373 1840 1521 1901; x_wconf 90' lang='lat' dir='ltr'><strong>secreto,</strong></span> <span class='ocrx_word' id='word_1_261' title='bbox 1542 1840 1579 1889; x_wconf 90' lang='lat' dir='ltr'><strong>et</strong></span> <span class='ocrx_word' id='word_1_262' title='bbox 1597 1832 1672 1889; x_wconf 84' lang='lat' dir='ltr'><strong>aliut</strong></span> 
     </span>
     <span class='ocr_line' id='line_1_20' title="bbox 103 1919 1672 2002; baseline -0.004 -16"><span class='ocrx_word' id='word_1_263' title='bbox 103 1929 215 2002; x_wconf 91' lang='lat' dir='ltr'><strong>ponitur</strong></span> <span class='ocrx_word' id='word_1_264' title='bbox 227 1937 307 2001; x_wconf 90' lang='lat' dir='ltr'><strong>atque</strong></span> <span class='ocrx_word' id='word_1_265' title='bbox 322 1934 443 1996; x_wconf 86' lang='lat' dir='ltr'><strong>ornatur,</strong></span> <span class='ocrx_word' id='word_1_266' title='bbox 459 1935 533 1984; x_wconf 78' lang='lat' dir='ltr'><strong>terno</strong></span> <span class='ocrx_word' id='word_1_267' title='bbox 548 1927 661 1984; x_wconf 89' lang='lat' dir='ltr'><strong>interius</strong></span> <span class='ocrx_word' id='word_1_268' title='bbox 678 1927 767 1984; x_wconf 86' lang='lat' dir='ltr'><strong>anima</strong></span> <span class='ocrx_word' id='word_1_269' title='bbox 782 1926 898 1984; x_wconf 83' lang='lat' dir='ltr'><strong>ioedatnr</strong></span> <span class='ocrx_word' id='word_1_270' title='bbox 952 1923 1036 1979; x_wconf 91' lang='lat' dir='ltr'><strong>blico.</strong></span> <span class='ocrx_word' id='word_1_271' title='bbox 1063 1920 1159 1991; x_wconf 84' lang='lat' dir='ltr'><strong>Qualis</strong></span> <span class='ocrx_word' id='word_1_272' title='bbox 1185 1920 1226 1978; x_wconf 89' lang='lat' dir='ltr'><strong>vis</strong></span> <span class='ocrx_word' id='word_1_273' title='bbox 1245 1919 1349 1986; x_wconf 89' lang='lat' dir='ltr'><strong>haberi,</strong></span> <span class='ocrx_word' id='word_1_274' title='bbox 1367 1920 1444 1975; x_wconf 86' lang='lat' dir='ltr'><strong>talis</strong></span> <span class='ocrx_word' id='word_1_275' title='bbox 1472 1933 1549 1977; x_wconf 87' lang='lat' dir='ltr'><strong>esto</strong></span> <span class='ocrx_word' id='word_1_276' title='bbox 1578 1939 1588 1975; x_wconf 77' lang='lat' dir='ltr'><strong>a</strong></span> <span class='ocrx_word' id='word_1_277' title='bbox 1607 1936 1672 1992; x_wconf 79' lang='lat' dir='ltr'><strong>que</strong></span> 
     </span>
     <span class='ocr_line' id='line_1_21' title="bbox 102 2008 1663 2082; baseline -0.004 -8"><span class='ocrx_word' id='word_1_278' title='bbox 102 2026 129 2074; x_wconf 91' lang='lat' dir='ltr'><strong>el</strong></span> <span class='ocrx_word' id='word_1_279' title='bbox 139 2016 303 2074; x_wconf 86' lang='lat' dir='ltr'><strong>sordidatur.</strong></span> <span class='ocrx_word' id='word_1_280' title='bbox 952 2010 1029 2079; x_wconf 78' lang='lat' dir='ltr'><strong>faeie,</strong></span> <span class='ocrx_word' id='word_1_281' title='bbox 1046 2011 1104 2066; x_wconf 88' lang='lat' dir='ltr'><strong>tulis</strong></span> <span class='ocrx_word' id='word_1_282' title='bbox 1117 2018 1175 2067; x_wconf 86' lang='lat' dir='ltr'><strong>esto</strong></span> <span class='ocrx_word' id='word_1_283' title='bbox 1191 2009 1218 2065; x_wconf 92' lang='lat' dir='ltr'><strong>in</strong></span> <span class='ocrx_word' id='word_1_284' title='bbox 1233 2008 1396 2082; x_wconf 85' lang='lat' dir='ltr'><strong>operatione</strong></span> <span class='ocrx_word' id='word_1_285' title='bbox 1412 2025 1422 2064; x_wconf 90' lang='lat'>:</span> <span class='ocrx_word' id='word_1_286' title='bbox 1444 2019 1480 2065; x_wconf 90' lang='lat' dir='ltr'><strong>et</strong></span> <span class='ocrx_word' id='word_1_287' title='bbox 1496 2010 1611 2082; x_wconf 88' lang='lat' dir='ltr'><strong>qualis</strong></span> <span class='ocrx_word' id='word_1_288' title='bbox 1627 2027 1663 2068; x_wconf 92' lang='lat' dir='ltr'><strong>es</strong></span> 
     </span>
     <span class='ocr_line' id='line_1_22' title="bbox 136 2096 1317 2178; baseline -0.007 -19"><span class='ocrx_word' id='word_1_289' title='bbox 136 2107 180 2159; x_wconf 77' lang='lat'><strong>26.</strong></span> <span class='ocrx_word' id='word_1_290' title='bbox 197 2103 292 2178; x_wconf 86' lang='lat' dir='ltr'><strong>igitar,</strong></span> <span class='ocrx_word' id='word_1_291' title='bbox 307 2117 385 2160; x_wconf 90' lang='lat' dir='ltr'><strong>soror</strong></span> <span class='ocrx_word' id='word_1_292' title='bbox 394 2103 421 2160; x_wconf 91' lang='lat' dir='ltr'><strong>in</strong></span> <span class='ocrx_word' id='word_1_293' title='bbox 436 2103 542 2160; x_wconf 88' lang='lat' dir='ltr'><strong>Christo</strong></span> <span class='ocrx_word' id='word_1_294' title='bbox 553 2103 687 2167; x_wconf 84' lang='lat' dir='ltr'><strong>amabilis.</strong></span> <span class='ocrx_word' id='word_1_295' title='bbox 699 2102 897 2176; x_wconf 83' lang='lat' dir='ltr'><strong>professionem</strong></span> <span class='ocrx_word' id='word_1_296' title='bbox 952 2099 1080 2156; x_wconf 84' lang='lat' dir='ltr'><strong>taliaesto</strong></span> <span class='ocrx_word' id='word_1_297' title='bbox 1094 2100 1121 2155; x_wconf 95' lang='lat' dir='ltr'><strong>in</strong></span> <span class='ocrx_word' id='word_1_298' title='bbox 1132 2107 1204 2155; x_wconf 90' lang='lat' dir='ltr'><strong>actu.</strong></span> <span class='ocrx_word' id='word_1_299' title='bbox 1220 2096 1317 2152; x_wconf 82' lang='lat' dir='ltr'><strong>haren.</strong></span> 
     </span>
     <span class='ocr_line' id='line_1_23' title="bbox 101 2187 1578 2262; baseline -0.002 -14"><span class='ocrx_word' id='word_1_300' title='bbox 101 2201 174 2248; x_wconf 90' lang='lat' dir='ltr'><strong>tunm</strong></span> <span class='ocrx_word' id='word_1_301' title='bbox 189 2191 283 2248; x_wconf 86' lang='lat' dir='ltr'><strong>babitu</strong></span> <span class='ocrx_word' id='word_1_302' title='bbox 296 2200 324 2247; x_wconf 89' lang='lat' dir='ltr'><strong>el</strong></span> <span class='ocrx_word' id='word_1_303' title='bbox 338 2191 444 2248; x_wconf 72' lang='lat' dir='ltr'><strong>ineemn</strong></span> <span class='ocrx_word' id='word_1_304' title='bbox 458 2192 622 2248; x_wconf 86' lang='lat' dir='ltr'><strong>demonstra.</strong></span> <span class='ocrx_word' id='word_1_305' title='bbox 639 2191 667 2248; x_wconf 93' lang='lat' dir='ltr'><strong>Si</strong></span> <span class='ocrx_word' id='word_1_306' title='bbox 693 2192 720 2246; x_wconf 94' lang='lat' dir='ltr'><strong>in</strong></span> <span class='ocrx_word' id='word_1_307' title='bbox 739 2207 837 2262; x_wconf 81' lang='lat' dir='ltr'><strong>gressu</strong></span> <span class='ocrx_word' id='word_1_308' title='bbox 851 2200 898 2248; x_wconf 91' lang='lat' dir='ltr'><strong>tuo</strong></span> <span class='ocrx_word' id='word_1_309' title='bbox 1164 2187 1201 2242; x_wconf 83' lang='lat' dir='ltr'><strong>X.</strong></span> <span class='ocrx_word' id='word_1_310' title='bbox 1211 2215 1244 2229; x_wconf 94' lang='lat'>-</span> <span class='ocrx_word' id='word_1_311' title='bbox 1256 2189 1292 2242; x_wconf 79' lang='lat' dir='ltr'><strong>lie</strong></span> <span class='ocrx_word' id='word_1_312' title='bbox 1305 2187 1578 2258; x_wconf 83' lang='lat' dir='ltr'><strong>compunctione.</strong></span> 
     </span>
     <span class='ocr_line' id='line_1_24' title="bbox 101 2273 1672 2353; baseline -0.002 -16"><span class='ocrx_word' id='word_1_313' title='bbox 101 2279 270 2353; x_wconf 75' lang='lat' dir='ltr'><strong>simplicitas,</strong></span> <span class='ocrx_word' id='word_1_314' title='bbox 286 2280 321 2336; x_wconf 93' lang='lat' dir='ltr'><strong>sit</strong></span> <span class='ocrx_word' id='word_1_315' title='bbox 334 2279 361 2334; x_wconf 90' lang='lat' dir='ltr'><strong>io</strong></span> <span class='ocrx_word' id='word_1_316' title='bbox 376 2280 483 2336; x_wconf 78' lang='lat' dir='ltr'><strong>incessu</strong></span> <span class='ocrx_word' id='word_1_317' title='bbox 500 2282 639 2337; x_wconf 84' lang='lat' dir='ltr'><strong>honestas.</strong></span> <span class='ocrx_word' id='word_1_318' title='bbox 654 2279 726 2337; x_wconf 88' lang='lat' dir='ltr'><strong>Nihil</strong></span> <span class='ocrx_word' id='word_1_319' title='bbox 741 2279 896 2348; x_wconf 82' lang='lat' dir='ltr'><strong>dedecoris,</strong></span> <span class='ocrx_word' id='word_1_320' title='bbox 988 2279 1034 2332; x_wconf 81' lang='lat'><strong>28.</strong></span> <span class='ocrx_word' id='word_1_321' title='bbox 1047 2275 1227 2347; x_wconf 83' lang='lat' dir='ltr'><strong>compunctio</strong></span> <span class='ocrx_word' id='word_1_322' title='bbox 1242 2273 1332 2331; x_wconf 89' lang='lat' dir='ltr'><strong>cordis</strong></span> <span class='ocrx_word' id='word_1_323' title='bbox 1351 2283 1394 2330; x_wconf 86' lang='lat' dir='ltr'><strong>est</strong></span> <span class='ocrx_word' id='word_1_324' title='bbox 1421 2277 1591 2334; x_wconf 82' lang='lat' dir='ltr'><strong>humilitas</strong></span> <span class='ocrx_word' id='word_1_325' title='bbox 1622 2293 1672 2336; x_wconf 80' lang='lat' dir='ltr'><strong>me</strong></span> 
     </span>
     <span class='ocr_line' id='line_1_25' title="bbox 100 2363 1656 2440; baseline 0.001 -17"><span class='ocrx_word' id='word_1_326' title='bbox 100 2368 167 2423; x_wconf 93' lang='lat' dir='ltr'><strong>nihil</strong></span> <span class='ocrx_word' id='word_1_327' title='bbox 195 2367 320 2436; x_wconf 77' lang='lat' dir='ltr'><strong>lasciviae,</strong></span> <span class='ocrx_word' id='word_1_328' title='bbox 350 2367 416 2423; x_wconf 91' lang='lat' dir='ltr'><strong>nihil</strong></span> <span class='ocrx_word' id='word_1_329' title='bbox 443 2368 610 2440; x_wconf 77' lang='lat' dir='ltr'><strong>petulantia,</strong></span> <span class='ocrx_word' id='word_1_330' title='bbox 638 2368 704 2424; x_wconf 92' lang='lat' dir='ltr'><strong>nibil</strong></span> <span class='ocrx_word' id='word_1_331' title='bbox 737 2366 896 2434; x_wconf 74' lang='lat' dir='ltr'><strong>insolentia,</strong></span> <span class='ocrx_word' id='word_1_332' title='bbox 951 2367 1030 2420; x_wconf 85' lang='lat' dir='ltr'><strong>niens</strong></span> <span class='ocrx_word' id='word_1_333' title='bbox 1040 2364 1075 2420; x_wconf 91' lang='lat' dir='ltr'><strong>de</strong></span> <span class='ocrx_word' id='word_1_334' title='bbox 1089 2363 1275 2422; x_wconf 85' lang='lat' dir='ltr'><strong>recordatione</strong></span> <span class='ocrx_word' id='word_1_335' title='bbox 1288 2363 1409 2434; x_wconf 87' lang='lat' dir='ltr'><strong>peccati,</strong></span> <span class='ocrx_word' id='word_1_336' title='bbox 1435 2367 1530 2422; x_wconf 86' lang='lat' dir='ltr'><strong>etde</strong></span> <span class='ocrx_word' id='word_1_337' title='bbox 1548 2367 1656 2425; x_wconf 84' lang='lat' dir='ltr'><strong>timore</strong></span> 
     </span>
     <span class='ocr_line' id='line_1_26' title="bbox 102 2448 1661 2527; baseline 0.001 -16"><span class='ocrx_word' id='word_1_338' title='bbox 102 2454 169 2511; x_wconf 91' lang='lat' dir='ltr'><strong>nihil</strong></span> <span class='ocrx_word' id='word_1_339' title='bbox 185 2454 298 2511; x_wconf 88' lang='lat' dir='ltr'><strong>levitatis</strong></span> <span class='ocrx_word' id='word_1_340' title='bbox 310 2448 352 2510; x_wconf 62' lang='lat' dir='ltr'><strong>iu*</strong></span> <span class='ocrx_word' id='word_1_341' title='bbox 359 2454 465 2511; x_wconf 87' lang='lat' dir='ltr'><strong>incessu</strong></span> <span class='ocrx_word' id='word_1_342' title='bbox 482 2465 528 2511; x_wconf 89' lang='lat' dir='ltr'><strong>tuo</strong></span> <span class='ocrx_word' id='word_1_343' title='bbox 546 2464 684 2527; x_wconf 89' lang='lat' dir='ltr'><strong>appareat.</strong></span> <span class='ocrx_word' id='word_1_344' title='bbox 696 2455 813 2511; x_wconf 81' lang='lat' dir='ltr'><strong>Animus</strong></span> <span class='ocrx_word' id='word_1_345' title='bbox 825 2455 898 2510; x_wconf 86' lang='lat' dir='ltr'><strong>eninr</strong></span> <span class='ocrx_word' id='word_1_346' title='bbox 952 2454 1000 2509; x_wconf 93' lang='lat' dir='ltr'><strong>llla</strong></span> <span class='ocrx_word' id='word_1_347' title='bbox 1013 2453 1186 2524; x_wconf 90' lang='lat' dir='ltr'><strong>compunctio</strong></span> <span class='ocrx_word' id='word_1_348' title='bbox 1200 2461 1242 2509; x_wconf 89' lang='lat' dir='ltr'><strong>est</strong></span> <span class='ocrx_word' id='word_1_349' title='bbox 1256 2452 1389 2523; x_wconf 77' lang='lat' dir='ltr'><strong>perfecta,</strong></span> <span class='ocrx_word' id='word_1_350' title='bbox 1408 2469 1482 2524; x_wconf 83' lang='lat' dir='ltr'><strong>qnae</strong></span> <span class='ocrx_word' id='word_1_351' title='bbox 1507 2455 1661 2526; x_wconf 78' lang='lat' dir='ltr'><strong>repellite</strong></span> 
     </span>
     <span class='ocr_line' id='line_1_27' title="bbox 100 2539 1672 2617; baseline 0.001 -17"><span class='ocrx_word' id='word_1_352' title='bbox 100 2544 128 2600; x_wconf 94' lang='lat' dir='ltr'><strong>in</strong></span> <span class='ocrx_word' id='word_1_353' title='bbox 142 2544 267 2614; x_wconf 90' lang='lat' dir='ltr'><strong>eorporis</strong></span> <span class='ocrx_word' id='word_1_354' title='bbox 285 2551 364 2616; x_wconf 84' lang='lat' dir='ltr'><strong>gestu</strong></span> <span class='ocrx_word' id='word_1_355' title='bbox 386 2554 499 2616; x_wconf 88' lang='lat' dir='ltr'><strong>apparet</strong></span> <span class='ocrx_word' id='word_1_356' title='bbox 515 2564 522 2600; x_wconf 77' lang='grc' dir='ltr'>ι</span> <span class='ocrx_word' id='word_1_357' title='bbox 538 2555 632 2617; x_wconf 88' lang='lat' dir='ltr'><strong>gestus</strong></span> <span class='ocrx_word' id='word_1_358' title='bbox 654 2545 777 2615; x_wconf 91' lang='lat' dir='ltr'><strong>corporis</strong></span> <span class='ocrx_word' id='word_1_359' title='bbox 790 2544 897 2616; x_wconf 85' lang='lat' dir='ltr'><strong>signnm</strong></span> <span class='ocrx_word' id='word_1_360' title='bbox 952 2558 1015 2597; x_wconf 91' lang='lat' dir='ltr'><strong>nem</strong></span> <span class='ocrx_word' id='word_1_361' title='bbox 1029 2541 1234 2598; x_wconf 88' lang='lat' dir='ltr'><strong>delectationem</strong></span> <span class='ocrx_word' id='word_1_362' title='bbox 1250 2539 1400 2596; x_wconf 86' lang='lat' dir='ltr'><strong>carnalium</strong></span> <span class='ocrx_word' id='word_1_363' title='bbox 1419 2559 1544 2610; x_wconf 85' lang='lat' dir='ltr'><strong>rerum;</strong></span> <span class='ocrx_word' id='word_1_364' title='bbox 1571 2554 1600 2600; x_wconf 90' lang='lat' dir='ltr'><strong>et</strong></span> <span class='ocrx_word' id='word_1_365' title='bbox 1615 2551 1672 2601; x_wconf 84' lang='lat' dir='ltr'><strong>tots</strong></span> 
     </span>
     <span class='ocr_line' id='line_1_28' title="bbox 101 2629 1673 2706; baseline -0.001 -16"><span class='ocrx_word' id='word_1_366' title='bbox 101 2643 144 2690; x_wconf 81' lang='lat' dir='ltr'><strong>cst</strong></span> <span class='ocrx_word' id='word_1_367' title='bbox 158 2633 264 2688; x_wconf 82' lang='lat' dir='ltr'><strong>mentis</strong></span> <span class='ocrx_word' id='word_1_368' title='bbox 281 2631 412 2705; x_wconf 89' lang='lat' dir='ltr'><strong>Corporis</strong></span> <span class='ocrx_word' id='word_1_369' title='bbox 438 2640 518 2706; x_wconf 89' lang='lat' dir='ltr'><strong>gestu</strong></span> <span class='ocrx_word' id='word_1_370' title='bbox 546 2635 652 2689; x_wconf 89' lang='lat' dir='ltr'><strong>animus</strong></span> <span class='ocrx_word' id='word_1_371' title='bbox 669 2633 806 2702; x_wconf 87' lang='lat' dir='ltr'><strong>proditur,</strong></span> <span class='ocrx_word' id='word_1_372' title='bbox 820 2648 898 2689; x_wconf 90' lang='lat' dir='ltr'><strong>soror</strong></span> <span class='ocrx_word' id='word_1_373' title='bbox 952 2631 1050 2687; x_wconf 89' lang='lat' dir='ltr'><strong>mentis</strong></span> <span class='ocrx_word' id='word_1_374' title='bbox 1078 2629 1137 2702; x_wconf 83' lang='lat' dir='ltr'><strong>figit</strong></span> <span class='ocrx_word' id='word_1_375' title='bbox 1162 2629 1337 2685; x_wconf 88' lang='lat' dir='ltr'><strong>intentionem</strong></span> <span class='ocrx_word' id='word_1_376' title='bbox 1359 2646 1445 2684; x_wconf 83' lang='lat' dir='ltr'><strong>suam</strong></span> <span class='ocrx_word' id='word_1_377' title='bbox 1476 2631 1509 2686; x_wconf 91' lang='lat' dir='ltr'><strong>in</strong></span> <span class='ocrx_word' id='word_1_378' title='bbox 1540 2640 1673 2705; x_wconf 61' lang='lat' dir='ltr'><strong>contem</strong></span> 
     </span>
     <span class='ocr_line' id='line_1_29' title="bbox 102 2715 1673 2794; baseline 0.002 -17"><span class='ocrx_word' id='word_1_379' title='bbox 102 2721 273 2777; x_wconf 90' lang='lat' dir='ltr'><strong>charissima.</strong></span> <span class='ocrx_word' id='word_1_380' title='bbox 293 2721 367 2794; x_wconf 82' lang='lat' dir='ltr'><strong>Ergo</strong></span> <span class='ocrx_word' id='word_1_381' title='bbox 394 2721 516 2778; x_wconf 87' lang='lat' dir='ltr'><strong>incessus</strong></span> <span class='ocrx_word' id='word_1_382' title='bbox 534 2728 598 2776; x_wconf 89' lang='lat' dir='ltr'><strong>tuus</strong></span> <span class='ocrx_word' id='word_1_383' title='bbox 612 2736 667 2778; x_wconf 90' lang='lat' dir='ltr'><strong>non</strong></span> <span class='ocrx_word' id='word_1_384' title='bbox 685 2722 784 2777; x_wconf 89' lang='lat' dir='ltr'><strong>babeat</strong></span> <span class='ocrx_word' id='word_1_385' title='bbox 797 2719 898 2792; x_wconf 86' lang='lat' dir='ltr'><strong>imagi·</strong></span> <span class='ocrx_word' id='word_1_386' title='bbox 952 2719 1013 2774; x_wconf 91' lang='lat' dir='ltr'><strong>Dei.</strong></span> <span class='ocrx_word' id='word_1_387' title='bbox 1032 2715 1174 2789; x_wconf 86' lang='lat' dir='ltr'><strong>Duplicem</strong></span> <span class='ocrx_word' id='word_1_388' title='bbox 1189 2733 1250 2774; x_wconf 88' lang='lat' dir='ltr'><strong>esse</strong></span> <span class='ocrx_word' id='word_1_389' title='bbox 1264 2718 1517 2787; x_wconf 85' lang='lat' dir='ltr'><strong>compunctionem</strong></span> <span class='ocrx_word' id='word_1_390' title='bbox 1535 2720 1673 2793; x_wconf 85' lang='lat' dir='ltr'><strong>legimus:</strong></span> 
     </span>
     <span class='ocr_line' id='line_1_30' title="bbox 100 2806 1673 2881; baseline 0.001 -17"><span class='ocrx_word' id='word_1_391' title='bbox 100 2824 162 2864; x_wconf 92' lang='lat' dir='ltr'><strong>nem</strong></span> <span class='ocrx_word' id='word_1_392' title='bbox 182 2809 311 2876; x_wconf 83' lang='lat' dir='ltr'><strong>levitalis3</strong></span> <span class='ocrx_word' id='word_1_393' title='bbox 327 2808 449 2865; x_wconf 83' lang='lat' dir='ltr'><strong>incessus</strong></span> <span class='ocrx_word' id='word_1_394' title='bbox 478 2818 541 2866; x_wconf 88' lang='lat' dir='ltr'><strong>tuns</strong></span> <span class='ocrx_word' id='word_1_395' title='bbox 569 2825 624 2865; x_wconf 96' lang='lat' dir='ltr'><strong>non</strong></span> <span class='ocrx_word' id='word_1_396' title='bbox 652 2807 774 2865; x_wconf 77' lang='lat' dir='ltr'><strong>offendat</strong></span> <span class='ocrx_word' id='word_1_397' title='bbox 802 2809 897 2866; x_wconf 90' lang='lat' dir='ltr'><strong>oculos</strong></span> <span class='ocrx_word' id='word_1_398' title='bbox 951 2807 1120 2877; x_wconf 86' lang='lat' dir='ltr'><strong>scilicetqna</strong></span> <span class='ocrx_word' id='word_1_399' title='bbox 1139 2813 1249 2878; x_wconf 89' lang='lat' dir='ltr'><strong>propter</strong></span> <span class='ocrx_word' id='word_1_400' title='bbox 1264 2806 1351 2861; x_wconf 87' lang='lat' dir='ltr'><strong>Deum</strong></span> <span class='ocrx_word' id='word_1_401' title='bbox 1364 2806 1463 2862; x_wconf 87' lang='lat' dir='ltr'><strong>anima</strong></span> <span class='ocrx_word' id='word_1_402' title='bbox 1482 2809 1673 2881; x_wconf 77' lang='lat' dir='ltr'><strong>cuiusquesst</strong></span> 
     </span>
     <span class='ocr_line' id='line_1_31' title="bbox 101 2890 1673 2970; baseline 0.001 -19"><span class='ocrx_word' id='word_1_403' title='bbox 101 2896 221 2953; x_wconf 89' lang='lat' dir='ltr'><strong>alterius.</strong></span> <span class='ocrx_word' id='word_1_404' title='bbox 237 2897 297 2951; x_wconf 89' lang='lat' dir='ltr'><strong>Non</strong></span> <span class='ocrx_word' id='word_1_405' title='bbox 312 2897 436 2968; x_wconf 75' lang='lat' dir='ltr'><strong>prebeas</strong></span> <span class='ocrx_word' id='word_1_406' title='bbox 458 2896 492 2952; x_wconf 91' lang='lat' dir='ltr'><strong>de</strong></span> <span class='ocrx_word' id='word_1_407' title='bbox 507 2904 532 2952; x_wconf 90' lang='lat' dir='ltr'><strong>te</strong></span> <span class='ocrx_word' id='word_1_408' title='bbox 553 2896 749 2968; x_wconf 84' lang='lat' dir='ltr'><strong>spectaculum,</strong></span> <span class='ocrx_word' id='word_1_409' title='bbox 774 2912 830 2952; x_wconf 93' lang='lat' dir='ltr'><strong>non</strong></span> <span class='ocrx_word' id='word_1_410' title='bbox 849 2898 900 2952; x_wconf 89' lang='lat' dir='ltr'><strong>des</strong></span> <span class='ocrx_word' id='word_1_411' title='bbox 914 2890 936 2970; x_wconf 75' lang='lat' dir='ltr'><strong><em>c</em></strong></span> <span class='ocrx_word' id='word_1_412' title='bbox 952 2894 1078 2963; x_wconf 83' lang='lat' dir='ltr'><strong>allicitur,</strong></span> <span class='ocrx_word' id='word_1_413' title='bbox 1104 2894 1133 2950; x_wconf 92' lang='lat' dir='ltr'><strong>id</strong></span> <span class='ocrx_word' id='word_1_414' title='bbox 1160 2904 1212 2964; x_wconf 89' lang='lat' dir='ltr'><strong>est,</strong></span> <span class='ocrx_word' id='word_1_415' title='bbox 1241 2909 1302 2950; x_wconf 90' lang='lat' dir='ltr'><strong>oum</strong></span> <span class='ocrx_word' id='word_1_416' title='bbox 1323 2893 1359 2948; x_wconf 90' lang='lat' dir='ltr'><strong>ad</strong></span> <span class='ocrx_word' id='word_1_417' title='bbox 1383 2896 1557 2952; x_wconf 81' lang='lat' dir='ltr'><strong>memoriani</strong></span> <span class='ocrx_word' id='word_1_418' title='bbox 1572 2895 1673 2953; x_wconf 82' lang='lat' dir='ltr'><strong>redusit</strong></span> 
     </span>
     <span class='ocr_line' id='line_1_32' title="bbox 100 2983 1673 3056; baseline 0.001 -18"><span class='ocrx_word' id='word_1_419' title='bbox 100 2984 160 3038; x_wconf 88' lang='lat' dir='ltr'><strong>aliis</strong></span> <span class='ocrx_word' id='word_1_420' title='bbox 174 2984 264 3039; x_wconf 93' lang='lat' dir='ltr'><strong>locum</strong></span> <span class='ocrx_word' id='word_1_421' title='bbox 278 2986 312 3040; x_wconf 93' lang='lat' dir='ltr'><strong>de</strong></span> <span class='ocrx_word' id='word_1_422' title='bbox 330 2991 356 3039; x_wconf 89' lang='lat' dir='ltr'><strong>ta</strong></span> <span class='ocrx_word' id='word_1_423' title='bbox 369 2984 546 3041; x_wconf 90' lang='lat' dir='ltr'><strong>obtrectandi.</strong></span> <span class='ocrx_word' id='word_1_424' title='bbox 569 2985 654 3041; x_wconf 88' lang='lat' dir='ltr'><strong>Soror</strong></span> <span class='ocrx_word' id='word_1_425' title='bbox 664 2985 773 3044; x_wconf 83' lang='lat' dir='ltr'><strong>dilecta.</strong></span> <span class='ocrx_word' id='word_1_426' title='bbox 798 2984 900 3040; x_wconf 88' lang='lat' dir='ltr'><strong>munda</strong></span> <span class='ocrx_word' id='word_1_427' title='bbox 953 2999 1014 3054; x_wconf 82' lang='lat' dir='ltr'><strong>quae</strong></span> <span class='ocrx_word' id='word_1_428' title='bbox 1023 2983 1101 3051; x_wconf 79' lang='lat' dir='ltr'><strong>iecit3</strong></span> <span class='ocrx_word' id='word_1_429' title='bbox 1113 2983 1198 3039; x_wconf 87' lang='lat' dir='ltr'><strong>altera</strong></span> <span class='ocrx_word' id='word_1_430' title='bbox 1216 2997 1292 3052; x_wconf 82' lang='lat' dir='ltr'><strong>vero,</strong></span> <span class='ocrx_word' id='word_1_431' title='bbox 1304 2997 1369 3038; x_wconf 92' lang='lat' dir='ltr'><strong>cum</strong></span> <span class='ocrx_word' id='word_1_432' title='bbox 1383 2984 1509 3056; x_wconf 88' lang='lat' dir='ltr'><strong>suspirat</strong></span> <span class='ocrx_word' id='word_1_433' title='bbox 1516 2992 1630 3056; x_wconf 82' lang='lat' dir='ltr'><strong>propter</strong></span> <span class='ocrx_word' id='word_1_434' title='bbox 1641 2985 1673 3040; x_wconf 85' lang='lat' dir='ltr'><strong>de</strong></span> 
     </span>
     <span class='ocr_line' id='line_1_33' title="bbox 100 3069 1673 3145; baseline 0.001 -18"><span class='ocrx_word' id='word_1_435' title='bbox 100 3069 291 3127; x_wconf 83' lang='lat' dir='ltr'><strong>conscientiam</strong></span> <span class='ocrx_word' id='word_1_436' title='bbox 318 3081 391 3125; x_wconf 88' lang='lat' dir='ltr'><strong>tuam</strong></span> <span class='ocrx_word' id='word_1_437' title='bbox 424 3073 457 3127; x_wconf 86' lang='lat' dir='ltr'><strong>ab</strong></span> <span class='ocrx_word' id='word_1_438' title='bbox 487 3071 560 3126; x_wconf 90' lang='lat' dir='ltr'><strong>omni</strong></span> <span class='ocrx_word' id='word_1_439' title='bbox 584 3072 697 3136; x_wconf 85' lang='lat' dir='ltr'><strong>malitia,</strong></span> <span class='ocrx_word' id='word_1_440' title='bbox 728 3080 757 3125; x_wconf 93' lang='lat' dir='ltr'><strong>nt</strong></span> <span class='ocrx_word' id='word_1_441' title='bbox 785 3071 900 3129; x_wconf 76' lang='lat' dir='ltr'><strong>feliciter</strong></span> <span class='ocrx_word' id='word_1_442' title='bbox 954 3073 1023 3128; x_wconf 90' lang='lat' dir='ltr'><strong>rium</strong></span> <span class='ocrx_word' id='word_1_443' title='bbox 1038 3069 1673 3145; x_wconf 75' lang='lat' dir='ltr'><strong>eternevite.Quatnormodlseonpuuglaur</strong></span> 
     </span>
     <span class='ocr_line' id='line_1_34' title="bbox 100 3157 1673 3232; baseline 0.002 -20"><span class='ocrx_word' id='word_1_444' title='bbox 100 3158 204 3213; x_wconf 85' lang='lat' dir='ltr'><strong>dicatur</strong></span> <span class='ocrx_word' id='word_1_445' title='bbox 226 3157 274 3214; x_wconf 92' lang='lat' dir='ltr'><strong>tibi</strong></span> <span class='ocrx_word' id='word_1_446' title='bbox 298 3158 395 3214; x_wconf 85' lang='lat' dir='ltr'><strong>slesu</strong></span> <span class='ocrx_word' id='word_1_447' title='bbox 420 3157 529 3216; x_wconf 83' lang='lat' dir='ltr'><strong>christo</strong></span> <span class='ocrx_word' id='word_1_448' title='bbox 552 3173 655 3230; x_wconf 87' lang='lat' dir='ltr'><strong>sponso</strong></span> <span class='ocrx_word' id='word_1_449' title='bbox 677 3159 805 3216; x_wconf 86' lang='lat' dir='ltr'><strong>coelesti:</strong></span> <span class='ocrx_word' id='word_1_450' title='bbox 830 3163 899 3218; x_wconf 80' lang='lat' dir='ltr'><strong>licce</strong></span> <span class='ocrx_word' id='word_1_451' title='bbox 950 3159 1016 3229; x_wconf 88' lang='lat' dir='ltr'><strong>justi</strong></span> <span class='ocrx_word' id='word_1_452' title='bbox 1037 3157 1175 3214; x_wconf 87' lang='lat' dir='ltr'><strong>hominis:</strong></span> <span class='ocrx_word' id='word_1_453' title='bbox 1191 3173 1291 3229; x_wconf 89' lang='lat' dir='ltr'><strong>nempe</strong></span> <span class='ocrx_word' id='word_1_454' title='bbox 1316 3159 1451 3215; x_wconf 88' lang='lat' dir='ltr'><strong>memoria</strong></span> <span class='ocrx_word' id='word_1_455' title='bbox 1466 3166 1673 3232; x_wconf 86' lang='lat' dir='ltr'><strong>peccatorum,l</strong></span> 
     </span>
     <span class='ocr_line' id='line_1_35' title="bbox 104 3245 1658 3323; baseline 0.001 -20"><span class='ocrx_word' id='word_1_456' title='bbox 104 3251 137 3303; x_wconf 83' lang='lat' dir='ltr'><strong>ta</strong></span> <span class='ocrx_word' id='word_1_457' title='bbox 151 3248 274 3318; x_wconf 77' lang='lat' dir='ltr'><strong>pulchro</strong></span> <span class='ocrx_word' id='word_1_458' title='bbox 288 3250 429 3313; x_wconf 64' lang='lat' dir='ltr'><strong>seorsim</strong></span> <span class='ocrx_word' id='word_1_459' title='bbox 442 3263 522 3316; x_wconf 60' lang='lat' dir='ltr'><strong>ntem·</strong></span> <span class='ocrx_word' id='word_1_460' title='bbox 538 3245 694 3306; x_wconf 60' lang='lat' dir='ltr'><strong>Succos</strong></span> <span class='ocrx_word' id='word_1_461' title='bbox 709 3253 742 3304; x_wconf 83' lang='lat' dir='ltr'><strong>tu</strong></span> <span class='ocrx_word' id='word_1_462' title='bbox 754 3247 898 3323; x_wconf 78' lang='lat' dir='ltr'><strong>pulchro.-</strong></span> <span class='ocrx_word' id='word_1_463' title='bbox 952 3247 1059 3303; x_wconf 78' lang='lat' dir='ltr'><strong>dnitom</strong></span> <span class='ocrx_word' id='word_1_464' title='bbox 1082 3246 1231 3302; x_wconf 78' lang='lat' dir='ltr'><strong>futurarum</strong></span> <span class='ocrx_word' id='word_1_465' title='bbox 1252 3262 1405 3317; x_wconf 68' lang='lat' dir='ltr'><strong>poenarum,</strong></span> <span class='ocrx_word' id='word_1_466' title='bbox 1431 3247 1658 3305; x_wconf 84' lang='lat' dir='ltr'><strong>consideratione</strong></span> 
     </span>
     <span class='ocr_line' id='line_1_36' title="bbox 100 3334 1673 3411; baseline 0 -18"><span class='ocrx_word' id='word_1_467' title='bbox 100 3335 178 3393; x_wconf 86' lang='lat' dir='ltr'><strong>oculi</strong></span> <span class='ocrx_word' id='word_1_468' title='bbox 188 3335 431 3394; x_wconf 84' lang='lat' dir='ltr'><strong>luicelumbornnt</strong></span> <span class='ocrx_word' id='word_1_469' title='bbox 441 3336 536 3406; x_wconf 80' lang='lat' dir='ltr'><strong>(dont.</strong></span> <span class='ocrx_word' id='word_1_470' title='bbox 546 3353 567 3402; x_wconf 90' lang='lat' dir='ltr'><strong>r,</strong></span> <span class='ocrx_word' id='word_1_471' title='bbox 580 3339 638 3408; x_wconf 85' lang='lat' dir='ltr'><strong>ll).</strong></span> <span class='ocrx_word' id='word_1_472' title='bbox 652 3337 767 3393; x_wconf 89' lang='lat' dir='ltr'><strong>Pulchra</strong></span> <span class='ocrx_word' id='word_1_473' title='bbox 776 3336 899 3394; x_wconf 83' lang='lat' dir='ltr'><strong>uidelicet</strong></span> <span class='ocrx_word' id='word_1_474' title='bbox 952 3334 1113 3408; x_wconf 82' lang='lat' dir='ltr'><strong>grinationis</strong></span> <span class='ocrx_word' id='word_1_475' title='bbox 1132 3336 1213 3405; x_wconf 84' lang='lat' dir='ltr'><strong>bajus</strong></span> <span class='ocrx_word' id='word_1_476' title='bbox 1236 3335 1308 3399; x_wconf 82' lang='lat' dir='ltr'><strong>uitae,</strong></span> <span class='ocrx_word' id='word_1_477' title='bbox 1325 3335 1464 3392; x_wconf 90' lang='lat' dir='ltr'><strong>desiderio</strong></span> <span class='ocrx_word' id='word_1_478' title='bbox 1491 3352 1627 3405; x_wconf 85' lang='lat' dir='ltr'><strong>supernae</strong></span> <span class='ocrx_word' id='word_1_479' title='bbox 1649 3352 1673 3411; x_wconf 78' lang='lat' dir='ltr'><strong>p</strong></span> 
     </span>
     <span class='ocr_line' id='line_1_37' title="bbox 99 3420 1674 3495; baseline 0.006 -21"><span class='ocrx_word' id='word_1_480' title='bbox 99 3427 209 3492; x_wconf 85' lang='lat' dir='ltr'><strong>propter</strong></span> <span class='ocrx_word' id='word_1_481' title='bbox 223 3421 558 3493; x_wconf 85' lang='lat' dir='ltr'><strong>perlectionemcorporis,</strong></span> <span class='ocrx_word' id='word_1_482' title='bbox 573 3431 600 3478; x_wconf 90' lang='lat' dir='ltr'><strong>et</strong></span> <span class='ocrx_word' id='word_1_483' title='bbox 616 3420 773 3478; x_wconf 81' lang='lat' dir='ltr'><strong>munditiam</strong></span> <span class='ocrx_word' id='word_1_484' title='bbox 799 3421 898 3494; x_wconf 75' lang='lat' dir='ltr'><strong>cogite</strong></span> <span class='ocrx_word' id='word_1_485' title='bbox 951 3433 1085 3495; x_wconf 86' lang='lat' dir='ltr'><strong>quatenns</strong></span> <span class='ocrx_word' id='word_1_486' title='bbox 1099 3422 1133 3478; x_wconf 92' lang='lat' dir='ltr'><strong>ad</strong></span> <span class='ocrx_word' id='word_1_487' title='bbox 1147 3438 1206 3478; x_wconf 89' lang='lat' dir='ltr'><strong>cam</strong></span> <span class='ocrx_word' id='word_1_488' title='bbox 1224 3423 1309 3492; x_wconf 87' lang='lat' dir='ltr'><strong>possit</strong></span> <span class='ocrx_word' id='word_1_489' title='bbox 1336 3424 1390 3480; x_wconf 89' lang='lat' dir='ltr'><strong>cito</strong></span> <span class='ocrx_word' id='word_1_490' title='bbox 1406 3424 1562 3494; x_wconf 80' lang='lat' dir='ltr'><strong>peruenire.</strong></span> <span class='ocrx_word' id='word_1_491' title='bbox 1577 3424 1674 3483; x_wconf 81' lang='lat' dir='ltr'><strong>Omnia</strong></span> 
     </span>
     <span class='ocr_line' id='line_1_38' title="bbox 99 3508 1674 3586; baseline 0.003 -23"><span class='ocrx_word' id='word_1_492' title='bbox 99 3509 190 3565; x_wconf 86' lang='lat' dir='ltr'><strong>tionis.</strong></span> <span class='ocrx_word' id='word_1_493' title='bbox 202 3509 271 3565; x_wconf 77' lang='lat' dir='ltr'><strong>Ecce</strong></span> <span class='ocrx_word' id='word_1_494' title='bbox 289 3518 319 3565; x_wconf 91' lang='lat' dir='ltr'><strong>tu</strong></span> <span class='ocrx_word' id='word_1_495' title='bbox 334 3508 446 3580; x_wconf 88' lang='lat' dir='ltr'><strong>pulchra</strong></span> <span class='ocrx_word' id='word_1_496' title='bbox 459 3526 500 3577; x_wconf 91' lang='lat' dir='ltr'><strong>es,</strong></span> <span class='ocrx_word' id='word_1_497' title='bbox 515 3511 618 3566; x_wconf 86' lang='lat' dir='ltr'><strong>hebens</strong></span> <span class='ocrx_word' id='word_1_498' title='bbox 632 3510 760 3565; x_wconf 90' lang='lat' dir='ltr'><strong>mundam</strong></span> <span class='ocrx_word' id='word_1_499' title='bbox 783 3517 811 3565; x_wconf 89' lang='lat' dir='ltr'><strong>et</strong></span> <span class='ocrx_word' id='word_1_500' title='bbox 829 3511 897 3566; x_wconf 90' lang='lat' dir='ltr'><strong>sim-</strong></span> <span class='ocrx_word' id='word_1_501' title='bbox 951 3520 1026 3568; x_wconf 87' lang='lat' dir='ltr'><strong>calor</strong></span> <span class='ocrx_word' id='word_1_502' title='bbox 1051 3517 1116 3567; x_wconf 91' lang='lat' dir='ltr'><strong>tunc</strong></span> <span class='ocrx_word' id='word_1_503' title='bbox 1138 3527 1167 3567; x_wconf 91' lang='lat' dir='ltr'><strong>se</strong></span> <span class='ocrx_word' id='word_1_504' title='bbox 1190 3512 1331 3583; x_wconf 73' lang='lat' dir='ltr'><strong>cognoscit</strong></span> <span class='ocrx_word' id='word_1_505' title='bbox 1349 3511 1454 3568; x_wconf 86' lang='lat' dir='ltr'><strong>visitari</strong></span> <span class='ocrx_word' id='word_1_506' title='bbox 1467 3513 1632 3583; x_wconf 62' lang='lat' dir='ltr'><strong>ebornino,</strong></span> <span class='ocrx_word' id='word_1_507' title='bbox 1647 3528 1674 3586; x_wconf 78' lang='lat' dir='ltr'><strong>qr</strong></span> 
     </span>
     <span class='ocr_line' id='line_1_39' title="bbox 99 3595 1673 3674; baseline 0.003 -22"><span class='ocrx_word' id='word_1_508' title='bbox 99 3595 198 3669; x_wconf 84' lang='lat' dir='ltr'><strong>plicam</strong></span> <span class='ocrx_word' id='word_1_509' title='bbox 212 3597 390 3653; x_wconf 88' lang='lat' dir='ltr'><strong>intentionem</strong></span> <span class='ocrx_word' id='word_1_510' title='bbox 403 3597 511 3662; x_wconf 86' lang='lat' dir='ltr'><strong>cordis;</strong></span> <span class='ocrx_word' id='word_1_511' title='bbox 528 3598 593 3671; x_wconf 86' lang='lat' dir='ltr'><strong>quia</strong></span> <span class='ocrx_word' id='word_1_512' title='bbox 621 3605 718 3656; x_wconf 91' lang='lat' dir='ltr'><strong>cuncta</strong></span> <span class='ocrx_word' id='word_1_513' title='bbox 741 3598 813 3653; x_wconf 91' lang='lat' dir='ltr'><strong>bona</strong></span> <span class='ocrx_word' id='word_1_514' title='bbox 836 3612 897 3669; x_wconf 81' lang='lat' dir='ltr'><strong>quae</strong></span> <span class='ocrx_word' id='word_1_515' title='bbox 951 3599 1185 3674; x_wconf 88' lang='lat' dir='ltr'><strong>compnngiturad</strong></span> <span class='ocrx_word' id='word_1_516' title='bbox 1197 3600 1339 3670; x_wconf 78' lang='lat' dir='ltr'><strong>lacrymas.</strong></span> <span class='ocrx_word' id='word_1_517' title='bbox 1355 3598 1421 3658; x_wconf 88' lang='lat' dir='ltr'><strong>Nam</strong></span> <span class='ocrx_word' id='word_1_518' title='bbox 1437 3601 1574 3658; x_wconf 88' lang='lat' dir='ltr'><strong>etPetrns</strong></span> <span class='ocrx_word' id='word_1_519' title='bbox 1590 3611 1673 3661; x_wconf 29' lang='lat' dir='ltr'><strong>tuns,</strong></span> 
     </span>
     <span class='ocr_line' id='line_1_40' title="bbox 99 3683 1674 3762; baseline 0.005 -22"><span class='ocrx_word' id='word_1_520' title='bbox 99 3683 170 3757; x_wconf 81' lang='lat' dir='ltr'><strong>agis,</strong></span> <span class='ocrx_word' id='word_1_521' title='bbox 194 3700 248 3740; x_wconf 90' lang='lat' dir='ltr'><strong>oon</strong></span> <span class='ocrx_word' id='word_1_522' title='bbox 284 3694 311 3740; x_wconf 91' lang='lat' dir='ltr'><strong>ol</strong></span> <span class='ocrx_word' id='word_1_523' title='bbox 326 3685 360 3739; x_wconf 92' lang='lat' dir='ltr'><strong>ab</strong></span> <span class='ocrx_word' id='word_1_524' title='bbox 375 3687 643 3757; x_wconf 79' lang='lat' dir='ltr'><strong>omnibussidearis,</strong></span> <span class='ocrx_word' id='word_1_525' title='bbox 660 3686 710 3742; x_wconf 84' lang='lat' dir='ltr'><strong>sed</strong></span> <span class='ocrx_word' id='word_1_526' title='bbox 725 3685 820 3743; x_wconf 91' lang='lat' dir='ltr'><strong>utsoli</strong></span> <span class='ocrx_word' id='word_1_527' title='bbox 839 3686 897 3740; x_wconf 88' lang='lat' dir='ltr'><strong>Deo</strong></span> <span class='ocrx_word' id='word_1_528' title='bbox 951 3690 1058 3762; x_wconf 86' lang='lat' dir='ltr'><strong>quando</strong></span> <span class='ocrx_word' id='word_1_529' title='bbox 1077 3689 1105 3742; x_wconf 93' lang='lat' dir='ltr'><strong>in</strong></span> <span class='ocrx_word' id='word_1_530' title='bbox 1121 3703 1183 3744; x_wconf 87' lang='lat' dir='ltr'><strong>euru</strong></span> <span class='ocrx_word' id='word_1_531' title='bbox 1211 3687 1336 3743; x_wconf 89' lang='lat' dir='ltr'><strong>Christus</strong></span> <span class='ocrx_word' id='word_1_532' title='bbox 1365 3689 1492 3759; x_wconf 79' lang='lat' dir='ltr'><strong>respexit,</strong></span> <span class='ocrx_word' id='word_1_533' title='bbox 1523 3689 1597 3747; x_wconf 77' lang='lat' dir='ltr'><strong>sicin</strong></span> <span class='ocrx_word' id='word_1_534' title='bbox 1624 3692 1674 3747; x_wconf 84' lang='lat' dir='ltr'><strong>seri</strong></span> 
     </span>
     <span class='ocr_line' id='line_1_41' title="bbox 99 3773 1674 3849; baseline 0.003 -20"><span class='ocrx_word' id='word_1_535' title='bbox 99 3774 206 3846; x_wconf 87' lang='lat' dir='ltr'><strong>placeas</strong></span> <span class='ocrx_word' id='word_1_536' title='bbox 233 3774 364 3845; x_wconf 88' lang='lat' dir='ltr'><strong>operaris.</strong></span> <span class='ocrx_word' id='word_1_537' title='bbox 389 3773 491 3832; x_wconf 88' lang='lat' dir='ltr'><strong>Oculos</strong></span> <span class='ocrx_word' id='word_1_538' title='bbox 505 3775 806 3842; x_wconf 84' lang='lat' dir='ltr'><strong>babescolnmbnrum,</strong></span> <span class='ocrx_word' id='word_1_539' title='bbox 831 3775 897 3847; x_wconf 85' lang='lat' dir='ltr'><strong>quia</strong></span> <span class='ocrx_word' id='word_1_540' title='bbox 951 3777 1040 3831; x_wconf 71' lang='lat' dir='ltr'><strong>eslzlll</strong></span> <span class='ocrx_word' id='word_1_541' title='bbox 1051 3790 1199 3832; x_wconf 83' lang='lat' dir='ltr'><strong>conuersus</strong></span> <span class='ocrx_word' id='word_1_542' title='bbox 1211 3775 1349 3831; x_wconf 83' lang='lat' dir='ltr'><strong>Dominus</strong></span> <span class='ocrx_word' id='word_1_543' title='bbox 1359 3778 1484 3846; x_wconf 74' lang='lat' dir='ltr'><strong>respexit</strong></span> <span class='ocrx_word' id='word_1_544' title='bbox 1495 3777 1674 3849; x_wconf 62' lang='lat' dir='ltr'><strong>Petraeam</strong></span> 
     </span>
     <span class='ocr_line' id='line_1_42' title="bbox 99 3862 1674 3935; baseline 0.003 -18"><span class='ocrx_word' id='word_1_545' title='bbox 99 3862 247 3917; x_wconf 90' lang='lat' dir='ltr'><strong>immunem</strong></span> <span class='ocrx_word' id='word_1_546' title='bbox 262 3870 288 3916; x_wconf 87' lang='lat' dir='ltr'><strong>tc</strong></span> <span class='ocrx_word' id='word_1_547' title='bbox 302 3862 424 3918; x_wconf 90' lang='lat' dir='ltr'><strong>custodis</strong></span> <span class='ocrx_word' id='word_1_548' title='bbox 448 3865 482 3918; x_wconf 87' lang='lat' dir='ltr'><strong>ab</strong></span> <span class='ocrx_word' id='word_1_549' title='bbox 507 3863 582 3919; x_wconf 76' lang='lat' dir='ltr'><strong>omrai</strong></span> <span class='ocrx_word' id='word_1_550' title='bbox 610 3863 710 3920; x_wconf 86' lang='lat' dir='ltr'><strong>malitia</strong></span> <span class='ocrx_word' id='word_1_551' title='bbox 739 3870 767 3918; x_wconf 92' lang='lat' dir='ltr'><strong>et</strong></span> <span class='ocrx_word' id='word_1_552' title='bbox 785 3862 896 3918; x_wconf 90' lang='lat' dir='ltr'><strong>simula·</strong></span> <span class='ocrx_word' id='word_1_553' title='bbox 951 3865 1003 3918; x_wconf 81' lang='lat' dir='ltr'><strong>tim</strong></span> <span class='ocrx_word' id='word_1_554' title='bbox 1019 3878 1147 3935; x_wconf 80' lang='lat' dir='ltr'><strong>egressus</strong></span> <span class='ocrx_word' id='word_1_555' title='bbox 1162 3865 1251 3933; x_wconf 77' lang='lat' dir='ltr'><strong>soror,</strong></span> <span class='ocrx_word' id='word_1_556' title='bbox 1262 3864 1344 3933; x_wconf 78' lang='lat' dir='ltr'><strong>flevit</strong></span> <span class='ocrx_word' id='word_1_557' title='bbox 1357 3879 1456 3920; x_wconf 84' lang='lat' dir='ltr'><strong>umore</strong></span> <span class='ocrx_word' id='word_1_558' title='bbox 1470 3864 1586 3935; x_wconf 78' lang='lat' dir='ltr'><strong>luctet.</strong></span> <span class='ocrx_word' id='word_1_559' title='bbox 1599 3878 1674 3933; x_wconf 76' lang='lat' dir='ltr'><strong>aava,</strong></span> 
     </span>
     <span class='ocr_line' id='line_1_43' title="bbox 99 3948 1674 4025; baseline 0.006 -23"><span class='ocrx_word' id='word_1_560' title='bbox 99 3948 181 4014; x_wconf 90' lang='lat' dir='ltr'><strong>tione,</strong></span> <span class='ocrx_word' id='word_1_561' title='bbox 197 3958 276 4020; x_wconf 87' lang='lat' dir='ltr'><strong>atque</strong></span> <span class='ocrx_word' id='word_1_562' title='bbox 287 3948 407 4004; x_wconf 83' lang='lat' dir='ltr'><strong>fictione.</strong></span> <span class='ocrx_word' id='word_1_563' title='bbox 951 3950 1033 4008; x_wconf 89' lang='lat' dir='ltr'><strong>Unde</strong></span> <span class='ocrx_word' id='word_1_564' title='bbox 1047 3952 1127 4007; x_wconf 86' lang='lat' dir='ltr'><strong>etium</strong></span> <span class='ocrx_word' id='word_1_565' title='bbox 1142 3951 1285 4008; x_wconf 87' lang='lat' dir='ltr'><strong>Psalmisln</strong></span> <span class='ocrx_word' id='word_1_566' title='bbox 1307 3952 1392 4009; x_wconf 90' lang='lat' dir='ltr'><strong>dicit:</strong></span> <span class='ocrx_word' id='word_1_567' title='bbox 1406 3954 1558 4025; x_wconf 74' lang='lat' dir='ltr'><strong>Respexit,</strong></span> <span class='ocrx_word' id='word_1_568' title='bbox 1567 3957 1598 4010; x_wconf 84' lang='lat' dir='ltr'><strong>et</strong></span> <span class='ocrx_word' id='word_1_569' title='bbox 1612 3970 1674 4012; x_wconf 73' lang='lat' dir='ltr'><strong>cose</strong></span> 
     </span>
     <span class='ocr_line' id='line_1_44' title="bbox 136 4036 1673 4113; baseline 0.008 -24"><span class='ocrx_word' id='word_1_570' title='bbox 136 4037 180 4090; x_wconf 78' lang='lat' dir='ltr'><strong>nl.</strong></span> <span class='ocrx_word' id='word_1_571' title='bbox 196 4036 280 4093; x_wconf 85' lang='lat' dir='ltr'><strong>Soror</strong></span> <span class='ocrx_word' id='word_1_572' title='bbox 307 4036 372 4091; x_wconf 87' lang='lat' dir='ltr'><strong>ntihi</strong></span> <span class='ocrx_word' id='word_1_573' title='bbox 395 4037 423 4092; x_wconf 90' lang='lat' dir='ltr'><strong>in</strong></span> <span class='ocrx_word' id='word_1_574' title='bbox 439 4038 545 4096; x_wconf 87' lang='lat' dir='ltr'><strong>Cbristo</strong></span> <span class='ocrx_word' id='word_1_575' title='bbox 558 4040 753 4109; x_wconf 86' lang='lat' dir='ltr'><strong>amantissimo,</strong></span> <span class='ocrx_word' id='word_1_576' title='bbox 768 4043 831 4099; x_wconf 89' lang='lat' dir='ltr'><strong>ideo</strong></span> <span class='ocrx_word' id='word_1_577' title='bbox 845 4043 897 4097; x_wconf 92' lang='lat' dir='ltr'><strong>boc</strong></span> <span class='ocrx_word' id='word_1_578' title='bbox 952 4045 1005 4106; x_wconf 85' lang='lat' dir='ltr'><strong>cst,</strong></span> <span class='ocrx_word' id='word_1_579' title='bbox 1023 4044 1053 4099; x_wconf 85' lang='lat' dir='ltr'><strong>et</strong></span> <span class='ocrx_word' id='word_1_580' title='bbox 1068 4041 1244 4097; x_wconf 82' lang='lat' dir='ltr'><strong>contremuit</strong></span> <span class='ocrx_word' id='word_1_581' title='bbox 1263 4045 1340 4099; x_wconf 85' lang='lat' dir='ltr'><strong>terra</strong></span> <span class='ocrx_word' id='word_1_582' title='bbox 1355 4040 1523 4113; x_wconf 81' lang='lat' dir='ltr'><strong>(Psot.xvtr,</strong></span> <span class='ocrx_word' id='word_1_583' title='bbox 1533 4043 1574 4113; x_wconf 89' lang='lat'><strong>8).</strong></span> <span class='ocrx_word' id='word_1_584' title='bbox 1592 4043 1673 4101; x_wconf 80' lang='lat' dir='ltr'><strong>Tunc</strong></span> 
     </span>
     <span class='ocr_line' id='line_1_45' title="bbox 99 4122 1674 4239; baseline 0.007 -61"><span class='ocrx_word' id='word_1_585' title='bbox 99 4122 165 4192; x_wconf 83' lang='lat' dir='ltr'><strong>dixi,</strong></span> <span class='ocrx_word' id='word_1_586' title='bbox 180 4131 209 4179; x_wconf 93' lang='lat' dir='ltr'><strong>nt</strong></span> <span class='ocrx_word' id='word_1_587' title='bbox 228 4125 290 4193; x_wconf 90' lang='lat' dir='ltr'><strong>plns</strong></span> <span class='ocrx_word' id='word_1_588' title='bbox 303 4124 423 4196; x_wconf 84' lang='lat' dir='ltr'><strong>gaudeus</strong></span> <span class='ocrx_word' id='word_1_589' title='bbox 439 4126 512 4182; x_wconf 90' lang='lat' dir='ltr'><strong>intus</strong></span> <span class='ocrx_word' id='word_1_590' title='bbox 527 4128 555 4183; x_wconf 93' lang='lat' dir='ltr'><strong>in</strong></span> <span class='ocrx_word' id='word_1_591' title='bbox 573 4128 661 4184; x_wconf 89' lang='lat' dir='ltr'><strong>anima</strong></span> <span class='ocrx_word' id='word_1_592' title='bbox 676 4128 709 4184; x_wconf 91' lang='lat' dir='ltr'><strong>de</strong></span> <span class='ocrx_word' id='word_1_593' title='bbox 724 4129 824 4186; x_wconf 87' lang='lat' dir='ltr'><strong>sanctis</strong></span> <span class='ocrx_word' id='word_1_594' title='bbox 838 4128 895 4184; x_wconf 86' lang='lat' dir='ltr'><strong>vir·</strong></span> <span class='ocrx_word' id='word_1_595' title='bbox 912 4161 936 4239; x_wconf 70' lang='lat' dir='ltr'>n</span> <span class='ocrx_word' id='word_1_596' title='bbox 951 4127 1144 4196; x_wconf 87' lang='lat' dir='ltr'><strong>contremiscit,</strong></span> <span class='ocrx_word' id='word_1_597' title='bbox 1166 4128 1273 4200; x_wconf 87' lang='lat' dir='ltr'><strong>quando</strong></span> <span class='ocrx_word' id='word_1_598' title='bbox 1285 4138 1408 4199; x_wconf 85' lang='lat' dir='ltr'><strong>peccator</strong></span> <span class='ocrx_word' id='word_1_599' title='bbox 1422 4128 1455 4183; x_wconf 86' lang='lat' dir='ltr'><strong>ad</strong></span> <span class='ocrx_word' id='word_1_600' title='bbox 1470 4128 1613 4201; x_wconf 76' lang='lat' dir='ltr'><strong>lacrymas</strong></span> <span class='ocrx_word' id='word_1_601' title='bbox 1631 4145 1674 4189; x_wconf 80' lang='lat' dir='ltr'><strong>sot</strong></span> 
     </span>
     <span class='ocr_line' id='line_1_46' title="bbox 98 4211 1670 4290; baseline 0.004 -22"><span class='ocrx_word' id='word_1_602' title='bbox 98 4212 212 4282; x_wconf 87' lang='lat' dir='ltr'><strong>tutibus,</strong></span> <span class='ocrx_word' id='word_1_603' title='bbox 227 4228 307 4285; x_wconf 86' lang='lat' dir='ltr'><strong>quam</strong></span> <span class='ocrx_word' id='word_1_604' title='bbox 322 4211 390 4270; x_wconf 83' lang='lat' dir='ltr'><strong>ioris</strong></span> <span class='ocrx_word' id='word_1_605' title='bbox 404 4215 431 4270; x_wconf 93' lang='lat' dir='ltr'><strong>in</strong></span> <span class='ocrx_word' id='word_1_606' title='bbox 445 4229 560 4286; x_wconf 91' lang='lat' dir='ltr'><strong>corpore</strong></span> <span class='ocrx_word' id='word_1_607' title='bbox 574 4217 608 4272; x_wconf 89' lang='lat' dir='ltr'><strong>de</strong></span> <span class='ocrx_word' id='word_1_608' title='bbox 623 4216 752 4289; x_wconf 87' lang='lat' dir='ltr'><strong>pretiosis</strong></span> <span class='ocrx_word' id='word_1_609' title='bbox 766 4217 895 4277; x_wconf 82' lang='lat' dir='ltr'><strong>vestibus.</strong></span> <span class='ocrx_word' id='word_1_610' title='bbox 952 4223 1038 4272; x_wconf 85' lang='lat' dir='ltr'><strong>vetur.</strong></span> <span class='ocrx_word' id='word_1_611' title='bbox 1064 4217 1203 4273; x_wconf 79' lang='lat' dir='ltr'><strong>Admoneo</strong></span> <span class='ocrx_word' id='word_1_612' title='bbox 1225 4217 1307 4290; x_wconf 90' lang='lat' dir='ltr'><strong>igitur</strong></span> <span class='ocrx_word' id='word_1_613' title='bbox 1335 4224 1372 4285; x_wconf 83' lang='lat' dir='ltr'><strong>te,</strong></span> <span class='ocrx_word' id='word_1_614' title='bbox 1396 4232 1474 4274; x_wconf 88' lang='lat' dir='ltr'><strong>soror</strong></span> <span class='ocrx_word' id='word_1_615' title='bbox 1489 4218 1670 4287; x_wconf 85' lang='lat' dir='ltr'><strong>charissima,</strong></span> 
     </span>
     <span class='ocr_line' id='line_1_47' title="bbox 97 4301 1674 4377; baseline 0.006 -21"><span class='ocrx_word' id='word_1_616' title='bbox 97 4301 175 4368; x_wconf 89' lang='lat' dir='ltr'><strong>Nam,</strong></span> <span class='ocrx_word' id='word_1_617' title='bbox 193 4308 221 4357; x_wconf 96' lang='lat' dir='ltr'><strong>ut</strong></span> <span class='ocrx_word' id='word_1_618' title='bbox 239 4301 305 4358; x_wconf 86' lang='lat' dir='ltr'><strong>dicit</strong></span> <span class='ocrx_word' id='word_1_619' title='bbox 319 4302 415 4359; x_wconf 81' lang='lat' dir='ltr'><strong>beatam</strong></span> <span class='ocrx_word' id='word_1_620' title='bbox 442 4302 606 4377; x_wconf 75' lang='lat' dir='ltr'><strong>Gregorius,</strong></span> <span class='ocrx_word' id='word_1_621' title='bbox 635 4321 715 4363; x_wconf 89' lang='lat' dir='ltr'><strong>nemo</strong></span> <span class='ocrx_word' id='word_1_622' title='bbox 740 4306 898 4363; x_wconf 84' lang='lat' dir='ltr'><strong>vestimenta</strong></span> <span class='ocrx_word' id='word_1_623' title='bbox 951 4305 1073 4362; x_wconf 85' lang='lat' dir='ltr'><strong>oratione</strong></span> <span class='ocrx_word' id='word_1_624' title='bbox 1087 4320 1150 4361; x_wconf 92' lang='lat' dir='ltr'><strong>cum</strong></span> <span class='ocrx_word' id='word_1_625' title='bbox 1179 4305 1304 4376; x_wconf 78' lang='lat' dir='ltr'><strong>lacrymis</strong></span> <span class='ocrx_word' id='word_1_626' title='bbox 1322 4306 1356 4361; x_wconf 88' lang='lat' dir='ltr'><strong>ad</strong></span> <span class='ocrx_word' id='word_1_627' title='bbox 1375 4305 1532 4361; x_wconf 84' lang='lat' dir='ltr'><strong>memoriam</strong></span> <span class='ocrx_word' id='word_1_628' title='bbox 1548 4307 1674 4365; x_wconf 75' lang='lat' dir='ltr'><strong>reducas</strong></span> 
     </span>
     <span class='ocr_line' id='line_1_48' title="bbox 98 4390 1673 4467; baseline 0.006 -24"><span class='ocrx_word' id='word_1_629' title='bbox 98 4390 217 4461; x_wconf 88' lang='lat' dir='ltr'><strong>pretiosa</strong></span> <span class='ocrx_word' id='word_1_630' title='bbox 239 4391 345 4463; x_wconf 76' lang='lat' dir='ltr'><strong>querit,</strong></span> <span class='ocrx_word' id='word_1_631' title='bbox 373 4392 424 4447; x_wconf 78' lang='lat' dir='ltr'><strong>uiri</strong></span> <span class='ocrx_word' id='word_1_632' title='bbox 440 4393 472 4448; x_wconf 88' lang='lat' dir='ltr'><strong>ad</strong></span> <span class='ocrx_word' id='word_1_633' title='bbox 489 4392 596 4449; x_wconf 87' lang='lat' dir='ltr'><strong>inanem</strong></span> <span class='ocrx_word' id='word_1_634' title='bbox 625 4395 753 4467; x_wconf 86' lang='lat' dir='ltr'><strong>gloriam,</strong></span> <span class='ocrx_word' id='word_1_635' title='bbox 770 4395 897 4455; x_wconf 83' lang='lat' dir='ltr'><strong>videlicet</strong></span> <span class='ocrx_word' id='word_1_636' title='bbox 950 4400 1008 4450; x_wconf 84' lang='lat' dir='ltr'><strong>cata</strong></span> <span class='ocrx_word' id='word_1_637' title='bbox 1023 4406 1084 4460; x_wconf 88' lang='lat' dir='ltr'><strong>tua;</strong></span> <span class='ocrx_word' id='word_1_638' title='bbox 1099 4393 1163 4466; x_wconf 86' lang='lat' dir='ltr'><strong>quin</strong></span> <span class='ocrx_word' id='word_1_639' title='bbox 1177 4393 1223 4466; x_wconf 92' lang='lat' dir='ltr'><strong>qni</strong></span> <span class='ocrx_word' id='word_1_640' title='bbox 1239 4408 1293 4449; x_wconf 95' lang='lat' dir='ltr'><strong>non</strong></span> <span class='ocrx_word' id='word_1_641' title='bbox 1310 4395 1390 4451; x_wconf 90' lang='lat' dir='ltr'><strong>babet</strong></span> <span class='ocrx_word' id='word_1_642' title='bbox 1404 4392 1493 4449; x_wconf 90' lang='lat' dir='ltr'><strong>cordis</strong></span> <span class='ocrx_word' id='word_1_643' title='bbox 1509 4396 1673 4465; x_wconf 85' lang='lat' dir='ltr'><strong>compuncti</strong></span> 
     </span>
     <span class='ocr_line' id='line_1_49' title="bbox 98 4479 1675 4559; baseline 0.004 -24"><span class='ocrx_word' id='word_1_644' title='bbox 98 4487 127 4535; x_wconf 92' lang='lat' dir='ltr'><strong>nt</strong></span> <span class='ocrx_word' id='word_1_645' title='bbox 140 4479 202 4537; x_wconf 87' lang='lat' dir='ltr'><strong>inde</strong></span> <span class='ocrx_word' id='word_1_646' title='bbox 218 4480 352 4547; x_wconf 85' lang='lat' dir='ltr'><strong>laudetur,</strong></span> <span class='ocrx_word' id='word_1_647' title='bbox 375 4493 403 4538; x_wconf 91' lang='lat' dir='ltr'><strong>et</strong></span> <span class='ocrx_word' id='word_1_648' title='bbox 416 4491 448 4540; x_wconf 93' lang='lat' dir='ltr'><strong>nt</strong></span> <span class='ocrx_word' id='word_1_649' title='bbox 475 4484 659 4541; x_wconf 90' lang='lat' dir='ltr'><strong>honorabilior</strong></span> <span class='ocrx_word' id='word_1_650' title='bbox 677 4486 786 4542; x_wconf 85' lang='lat' dir='ltr'><strong>raeteris</strong></span> <span class='ocrx_word' id='word_1_651' title='bbox 809 4502 896 4559; x_wconf 84' lang='lat' dir='ltr'><strong>appa·</strong></span> <span class='ocrx_word' id='word_1_652' title='bbox 948 4484 989 4540; x_wconf 85' lang='lat' dir='ltr'><strong>acl</strong></span> <span class='ocrx_word' id='word_1_653' title='bbox 1005 4481 1206 4551; x_wconf 89' lang='lat' dir='ltr'><strong>contritionem,</strong></span> <span class='ocrx_word' id='word_1_654' title='bbox 1222 4498 1275 4538; x_wconf 93' lang='lat' dir='ltr'><strong>nou</strong></span> <span class='ocrx_word' id='word_1_655' title='bbox 1286 4483 1365 4538; x_wconf 89' lang='lat' dir='ltr'><strong>babet</strong></span> <span class='ocrx_word' id='word_1_656' title='bbox 1379 4483 1507 4538; x_wconf 86' lang='lat' dir='ltr'><strong>mundam</strong></span> <span class='ocrx_word' id='word_1_657' title='bbox 1521 4485 1675 4543; x_wconf 81' lang='lat' dir='ltr'><strong>orationem</strong></span> 
     </span>
     <span class='ocr_line' id='line_1_50' title="bbox 97 4569 1675 4646; baseline 0.006 -24"><span class='ocrx_word' id='word_1_658' title='bbox 97 4578 166 4623; x_wconf 88' lang='lat' dir='ltr'><strong>reat.</strong></span> <span class='ocrx_word' id='word_1_659' title='bbox 182 4569 267 4624; x_wconf 88' lang='lat' dir='ltr'><strong>Nemo</strong></span> <span class='ocrx_word' id='word_1_660' title='bbox 280 4569 339 4625; x_wconf 83' lang='lat' dir='ltr'><strong>vult</strong></span> <span class='ocrx_word' id='word_1_661' title='bbox 348 4570 473 4640; x_wconf 84' lang='lat' dir='ltr'><strong>pretiosis</strong></span> <span class='ocrx_word' id='word_1_662' title='bbox 487 4570 609 4628; x_wconf 84' lang='lat' dir='ltr'><strong>uestibus</strong></span> <span class='ocrx_word' id='word_1_663' title='bbox 619 4572 702 4642; x_wconf 87' lang='lat' dir='ltr'><strong>indui,</strong></span> <span class='ocrx_word' id='word_1_664' title='bbox 719 4574 770 4629; x_wconf 89' lang='lat' dir='ltr'><strong>nisi</strong></span> <span class='ocrx_word' id='word_1_665' title='bbox 792 4575 841 4631; x_wconf 89' lang='lat' dir='ltr'><strong>nbi</strong></span> <span class='ocrx_word' id='word_1_666' title='bbox 860 4576 895 4631; x_wconf 87' lang='lat' dir='ltr'><strong>ab</strong></span> <span class='ocrx_word' id='word_1_667' title='bbox 950 4585 996 4627; x_wconf 90' lang='lat' dir='ltr'><strong>ror</strong></span> <span class='ocrx_word' id='word_1_668' title='bbox 1013 4572 1077 4626; x_wconf 89' lang='lat' dir='ltr'><strong>mihi</strong></span> <span class='ocrx_word' id='word_1_669' title='bbox 1106 4570 1132 4626; x_wconf 92' lang='lat' dir='ltr'><strong>in</strong></span> <span class='ocrx_word' id='word_1_670' title='bbox 1148 4571 1253 4626; x_wconf 86' lang='lat' dir='ltr'><strong>Christo</strong></span> <span class='ocrx_word' id='word_1_671' title='bbox 1268 4570 1402 4636; x_wconf 86' lang='lat' dir='ltr'><strong>amabilis,</strong></span> <span class='ocrx_word' id='word_1_672' title='bbox 1419 4569 1481 4627; x_wconf 87' lang='lat' dir='ltr'><strong>nudi</strong></span> <span class='ocrx_word' id='word_1_673' title='bbox 1497 4573 1633 4646; x_wconf 70' lang='lat' dir='ltr'><strong>exe-pla</strong></span> <span class='ocrx_word' id='word_1_674' title='bbox 1646 4590 1675 4631; x_wconf 88' lang='lat' dir='ltr'><strong>sa</strong></span> 
     </span>
     <span class='ocr_line' id='line_1_51' title="bbox 96 4655 1675 4734; baseline 0.006 -24"><span class='ocrx_word' id='word_1_675' title='bbox 96 4655 157 4710; x_wconf 89' lang='lat' dir='ltr'><strong>aliis</strong></span> <span class='ocrx_word' id='word_1_676' title='bbox 171 4659 256 4725; x_wconf 90' lang='lat' dir='ltr'><strong>possit</strong></span> <span class='ocrx_word' id='word_1_677' title='bbox 271 4658 367 4713; x_wconf 83' lang='lat' dir='ltr'><strong>uideri.</strong></span> <span class='ocrx_word' id='word_1_678' title='bbox 382 4659 455 4734; x_wconf 82' lang='lat' dir='ltr'><strong>Ergo</strong></span> <span class='ocrx_word' id='word_1_679' title='bbox 471 4675 520 4730; x_wconf 91' lang='lat' dir='ltr'><strong>pro</strong></span> <span class='ocrx_word' id='word_1_680' title='bbox 538 4660 597 4716; x_wconf 85' lang='lat' dir='ltr'><strong>sola</strong></span> <span class='ocrx_word' id='word_1_681' title='bbox 622 4677 689 4716; x_wconf 82' lang='lat' dir='ltr'><strong>tana</strong></span> <span class='ocrx_word' id='word_1_682' title='bbox 702 4661 791 4733; x_wconf 91' lang='lat' dir='ltr'><strong>gloria</strong></span> <span class='ocrx_word' id='word_1_683' title='bbox 806 4663 891 4719; x_wconf 77' lang='lat' dir='ltr'><strong>vesu-</strong></span> <span class='ocrx_word' id='word_1_684' title='bbox 948 4675 1018 4726; x_wconf 89' lang='lat' dir='ltr'><strong>rum,</strong></span> <span class='ocrx_word' id='word_1_685' title='bbox 1034 4658 1081 4731; x_wconf 90' lang='lat' dir='ltr'><strong>qni</strong></span> <span class='ocrx_word' id='word_1_686' title='bbox 1095 4674 1144 4732; x_wconf 86' lang='lat' dir='ltr'><strong>per</strong></span> <span class='ocrx_word' id='word_1_687' title='bbox 1154 4659 1389 4731; x_wconf 87' lang='lat' dir='ltr'><strong>compunctionem</strong></span> <span class='ocrx_word' id='word_1_688' title='bbox 1400 4659 1567 4730; x_wconf 83' lang='lat' dir='ltr'><strong>ctlaerymas</strong></span> <span class='ocrx_word' id='word_1_689' title='bbox 1579 4662 1675 4734; x_wconf 89' lang='lat' dir='ltr'><strong>apndl</strong></span> 
     </span>
     <span class='ocr_line' id='line_1_52' title="bbox 97 4737 1675 4822; baseline 0.003 -24"><span class='ocrx_word' id='word_1_690' title='bbox 97 4754 217 4799; x_wconf 88' lang='lat' dir='ltr'><strong>mentum</strong></span> <span class='ocrx_word' id='word_1_691' title='bbox 245 4737 392 4815; x_wconf 78' lang='lat' dir='ltr'><strong>pretiosum</strong></span> <span class='ocrx_word' id='word_1_692' title='bbox 411 4748 551 4819; x_wconf 82' lang='lat' dir='ltr'><strong>quaeritur.</strong></span> <span class='ocrx_word' id='word_1_693' title='bbox 580 4750 661 4822; x_wconf 87' lang='lat' dir='ltr'><strong>Virgo</strong></span> <span class='ocrx_word' id='word_1_694' title='bbox 674 4751 848 4820; x_wconf 83' lang='lat' dir='ltr'><strong>venerabilis,</strong></span> <span class='ocrx_word' id='word_1_695' title='bbox 864 4752 892 4807; x_wconf 90' lang='lat' dir='ltr'><strong>in</strong></span> <span class='ocrx_word' id='word_1_696' title='bbox 949 4746 1125 4802; x_wconf 86' lang='lat' dir='ltr'><strong>obtinuerunt</strong></span> <span class='ocrx_word' id='word_1_697' title='bbox 1139 4746 1245 4802; x_wconf 87' lang='lat' dir='ltr'><strong>veniam</strong></span> <span class='ocrx_word' id='word_1_698' title='bbox 1261 4757 1577 4816; x_wconf 80' lang='lat' dir='ltr'><strong>peccatorumsuomm.</strong></span> <span class='ocrx_word' id='word_1_699' title='bbox 1595 4751 1675 4807; x_wconf 79' lang='lat' dir='ltr'><strong>Anne</strong></span> 
     </span>
     <span class='ocr_line' id='line_1_53' title="bbox 97 4831 1675 4911; baseline 0.004 -23"><span class='ocrx_word' id='word_1_700' title='bbox 97 4833 152 4889; x_wconf 92' lang='lat' dir='ltr'><strong>hoc</strong></span> <span class='ocrx_word' id='word_1_701' title='bbox 171 4835 368 4906; x_wconf 88' lang='lat' dir='ltr'><strong>cognoscimus</strong></span> <span class='ocrx_word' id='word_1_702' title='bbox 395 4837 470 4907; x_wconf 89' lang='lat' dir='ltr'><strong>quod</strong></span> <span class='ocrx_word' id='word_1_703' title='bbox 498 4837 626 4893; x_wconf 73' lang='lat' dir='ltr'><strong>seculum</strong></span> <span class='ocrx_word' id='word_1_704' title='bbox 656 4837 804 4910; x_wconf 87' lang='lat' dir='ltr'><strong>diligimus,</strong></span> <span class='ocrx_word' id='word_1_705' title='bbox 831 4839 895 4911; x_wconf 88' lang='lat' dir='ltr'><strong>qnia</strong></span> <span class='ocrx_word' id='word_1_706' title='bbox 948 4841 989 4892; x_wconf 83' lang='lat' dir='ltr'><strong>ter</strong></span> <span class='ocrx_word' id='word_1_707' title='bbox 1004 4831 1139 4892; x_wconf 81' lang='lat' dir='ltr'><strong>Samuelis</strong></span> <span class='ocrx_word' id='word_1_708' title='bbox 1154 4852 1202 4906; x_wconf 88' lang='lat' dir='ltr'><strong>per</strong></span> <span class='ocrx_word' id='word_1_709' title='bbox 1211 4836 1446 4907; x_wconf 87' lang='lat' dir='ltr'><strong>compunctionem</strong></span> <span class='ocrx_word' id='word_1_710' title='bbox 1460 4847 1488 4892; x_wconf 89' lang='lat' dir='ltr'><strong>et</strong></span> <span class='ocrx_word' id='word_1_711' title='bbox 1501 4835 1675 4909; x_wconf 70' lang='lat' dir='ltr'><strong>lacrymose</strong></span> 
     </span>
     <span class='ocr_line' id='line_1_54' title="bbox 96 4921 1675 5000; baseline 0.004 -23"><span class='ocrx_word' id='word_1_712' title='bbox 96 4921 217 4994; x_wconf 88' lang='lat' dir='ltr'><strong>preliosa</strong></span> <span class='ocrx_word' id='word_1_713' title='bbox 231 4923 393 4980; x_wconf 80' lang='lat' dir='ltr'><strong>vestimenta</strong></span> <span class='ocrx_word' id='word_1_714' title='bbox 406 4941 540 4982; x_wconf 85' lang='lat' dir='ltr'><strong>amamus.</strong></span> <span class='ocrx_word' id='word_1_715' title='bbox 569 4925 622 4996; x_wconf 88' lang='lat' dir='ltr'><strong>Qui</strong></span> <span class='ocrx_word' id='word_1_716' title='bbox 637 4928 766 4983; x_wconf 76' lang='lat' dir='ltr'><strong>seculum</strong></span> <span class='ocrx_word' id='word_1_717' title='bbox 782 4926 837 4985; x_wconf 83' lang='lat' dir='ltr'><strong>non</strong></span> <span class='ocrx_word' id='word_1_718' title='bbox 850 4928 895 4983; x_wconf 88' lang='lat' dir='ltr'><strong>di-</strong></span> <span class='ocrx_word' id='word_1_719' title='bbox 948 4923 1162 4992; x_wconf 82' lang='lat' dir='ltr'><strong>habereftliurn;</strong></span> <span class='ocrx_word' id='word_1_720' title='bbox 1179 4925 1291 4995; x_wconf 90' lang='lat' dir='ltr'><strong>insuper</strong></span> <span class='ocrx_word' id='word_1_721' title='bbox 1305 4925 1422 4980; x_wconf 79' lang='lat' dir='ltr'><strong>obtinuit</strong></span> <span class='ocrx_word' id='word_1_722' title='bbox 1438 4925 1507 4994; x_wconf 89' lang='lat' dir='ltr'><strong>apud</strong></span> <span class='ocrx_word' id='word_1_723' title='bbox 1526 4925 1622 4983; x_wconf 86' lang='lat' dir='ltr'><strong>Deum</strong></span> <span class='ocrx_word' id='word_1_724' title='bbox 1637 4944 1675 5000; x_wconf 79' lang='lat' dir='ltr'><strong>pu</strong></span> 
     </span>
     <span class='ocr_line' id='line_1_55' title="bbox 96 5011 1675 5086; baseline 0.001 -19"><span class='ocrx_word' id='word_1_725' title='bbox 96 5011 166 5083; x_wconf 85' lang='lat' dir='ltr'><strong>ligit,</strong></span> <span class='ocrx_word' id='word_1_726' title='bbox 178 5011 299 5083; x_wconf 87' lang='lat' dir='ltr'><strong>pretiosa</strong></span> <span class='ocrx_word' id='word_1_727' title='bbox 312 5013 476 5069; x_wconf 82' lang='lat' dir='ltr'><strong>vestimenta</strong></span> <span class='ocrx_word' id='word_1_728' title='bbox 489 5028 544 5070; x_wconf 95' lang='lat' dir='ltr'><strong>non</strong></span> <span class='ocrx_word' id='word_1_729' title='bbox 557 5016 665 5086; x_wconf 79' lang='lat' dir='ltr'><strong>querit.</strong></span> <span class='ocrx_word' id='word_1_730' title='bbox 681 5013 795 5084; x_wconf 88' lang='lat' dir='ltr'><strong>Quando</strong></span> <span class='ocrx_word' id='word_1_731' title='bbox 812 5017 894 5074; x_wconf 90' lang='lat' dir='ltr'><strong>homo</strong></span> <span class='ocrx_word' id='word_1_732' title='bbox 948 5012 1103 5070; x_wconf 82' lang='lat' dir='ltr'><strong>tioedonum</strong></span> <span class='ocrx_word' id='word_1_733' title='bbox 1119 5013 1148 5086; x_wconf 86' lang='grc'><strong>(1</strong></span> <span class='ocrx_word' id='word_1_734' title='bbox 1162 5015 1226 5084; x_wconf 69' lang='lat' dir='ltr'><strong>lien.</strong></span> <span class='ocrx_word' id='word_1_735' title='bbox 1247 5014 1280 5084; x_wconf 82' lang='lat' dir='ltr'><strong>r).</strong></span> <span class='ocrx_word' id='word_1_736' title='bbox 1301 5013 1384 5069; x_wconf 81' lang='lat' dir='ltr'><strong>Dauid</strong></span> <span class='ocrx_word' id='word_1_737' title='bbox 1409 5029 1455 5083; x_wconf 88' lang='lat' dir='ltr'><strong>per</strong></span> <span class='ocrx_word' id='word_1_738' title='bbox 1468 5016 1675 5082; x_wconf 71' lang='lat' dir='ltr'><strong>compunctioni</strong></span> 
     </span>
     <span class='ocr_line' id='line_1_56' title="bbox 96 5100 1675 5175; baseline 0.005 -21"><span class='ocrx_word' id='word_1_739' title='bbox 96 5100 198 5173; x_wconf 86' lang='lat' dir='ltr'><strong>gaudet</strong></span> <span class='ocrx_word' id='word_1_740' title='bbox 212 5101 245 5157; x_wconf 90' lang='lat' dir='ltr'><strong>dc</strong></span> <span class='ocrx_word' id='word_1_741' title='bbox 263 5101 481 5170; x_wconf 88' lang='lat' dir='ltr'><strong>pulchritnndinc</strong></span> <span class='ocrx_word' id='word_1_742' title='bbox 495 5102 630 5174; x_wconf 86' lang='lat' dir='ltr'><strong>corporis,</strong></span> <span class='ocrx_word' id='word_1_743' title='bbox 645 5121 721 5160; x_wconf 89' lang='lat' dir='ltr'><strong>mens</strong></span> <span class='ocrx_word' id='word_1_744' title='bbox 739 5106 800 5175; x_wconf 86' lang='lat' dir='ltr'><strong>ejus</strong></span> <span class='ocrx_word' id='word_1_745' title='bbox 818 5104 897 5162; x_wconf 70' lang='lat' dir='ltr'><strong>don·</strong></span> <span class='ocrx_word' id='word_1_746' title='bbox 948 5101 1083 5174; x_wconf 80' lang='lat' dir='ltr'><strong>lacrymas</strong></span> <span class='ocrx_word' id='word_1_747' title='bbox 1097 5102 1214 5159; x_wconf 90' lang='lat' dir='ltr'><strong>obtinuit</strong></span> <span class='ocrx_word' id='word_1_748' title='bbox 1227 5101 1334 5158; x_wconf 84' lang='lat' dir='ltr'><strong>veniam</strong></span> <span class='ocrx_word' id='word_1_749' title='bbox 1349 5101 1493 5172; x_wconf 78' lang='lat' dir='ltr'><strong>perpetrati</strong></span> <span class='ocrx_word' id='word_1_750' title='bbox 1511 5103 1658 5163; x_wconf 89' lang='lat' dir='ltr'><strong>homicidii</strong></span> <span class='ocrx_word' id='word_1_751' title='bbox 1671 5127 1675 5160; x_wconf 83' lang='grc' dir='ltr'>ι</span> 
     </span>
     <span class='ocr_line' id='line_1_57' title="bbox 95 5190 1675 5264; baseline 0.004 -21"><span class='ocrx_word' id='word_1_752' title='bbox 95 5199 177 5261; x_wconf 89' lang='lat' dir='ltr'><strong>gntor</strong></span> <span class='ocrx_word' id='word_1_753' title='bbox 191 5191 225 5245; x_wconf 89' lang='lat' dir='ltr'><strong>ab</strong></span> <span class='ocrx_word' id='word_1_754' title='bbox 239 5205 331 5247; x_wconf 89' lang='lat' dir='ltr'><strong>amora</strong></span> <span class='ocrx_word' id='word_1_755' title='bbox 345 5191 492 5248; x_wconf 79' lang='lat' dir='ltr'><strong>Crantoris.</strong></span> <span class='ocrx_word' id='word_1_756' title='bbox 508 5191 615 5259; x_wconf 89' lang='lat' dir='ltr'><strong>Quanto</strong></span> <span class='ocrx_word' id='word_1_757' title='bbox 636 5192 755 5264; x_wconf 87' lang='lat' dir='ltr'><strong>amplius</strong></span> <span class='ocrx_word' id='word_1_758' title='bbox 777 5193 806 5249; x_wconf 94' lang='lat' dir='ltr'><strong>in</strong></span> <span class='ocrx_word' id='word_1_759' title='bbox 819 5208 893 5248; x_wconf 92' lang='lat' dir='ltr'><strong>com·</strong></span> <span class='ocrx_word' id='word_1_760' title='bbox 947 5190 1085 5247; x_wconf 88' lang='lat' dir='ltr'><strong>adulterii.</strong></span> <span class='ocrx_word' id='word_1_761' title='bbox 1102 5191 1146 5246; x_wconf 92' lang='lat' dir='ltr'><strong>Sic</strong></span> <span class='ocrx_word' id='word_1_762' title='bbox 1160 5190 1234 5245; x_wconf 82' lang='lat' dir='ltr'><strong>enirn</strong></span> <span class='ocrx_word' id='word_1_763' title='bbox 1247 5190 1406 5261; x_wconf 84' lang='lat' dir='ltr'><strong>andivitper</strong></span> <span class='ocrx_word' id='word_1_764' title='bbox 1420 5191 1602 5261; x_wconf 68' lang='lat' dir='ltr'><strong>prophetam:</strong></span> <span class='ocrx_word' id='word_1_765' title='bbox 1616 5195 1675 5253; x_wconf 82' lang='lat' dir='ltr'><strong>Noe</strong></span> 
     </span>
     <span class='ocr_line' id='line_1_58' title="bbox 97 5278 1675 5357; baseline 0.006 -24"><span class='ocrx_word' id='word_1_766' title='bbox 97 5278 232 5349; x_wconf 85' lang='lat' dir='ltr'><strong>positione</strong></span> <span class='ocrx_word' id='word_1_767' title='bbox 244 5280 367 5352; x_wconf 88' lang='lat' dir='ltr'><strong>corporis</strong></span> <span class='ocrx_word' id='word_1_768' title='bbox 387 5280 519 5349; x_wconf 79' lang='lat' dir='ltr'><strong>laetamur,</strong></span> <span class='ocrx_word' id='word_1_769' title='bbox 540 5289 613 5338; x_wconf 78' lang='lat' dir='ltr'><strong>hnto</strong></span> <span class='ocrx_word' id='word_1_770' title='bbox 638 5282 726 5357; x_wconf 87' lang='lat' dir='ltr'><strong>magis</strong></span> <span class='ocrx_word' id='word_1_771' title='bbox 747 5297 894 5355; x_wconf 87' lang='lat' dir='ltr'><strong>nsoperno</strong></span> <span class='ocrx_word' id='word_1_772' title='bbox 948 5281 1041 5343; x_wconf 80' lang='lat' dir='ltr'><strong>rieris.</strong></span> <span class='ocrx_word' id='word_1_773' title='bbox 1052 5282 1120 5353; x_wconf 81' lang='lat' dir='ltr'><strong>quio</strong></span> <span class='ocrx_word' id='word_1_774' title='bbox 1138 5279 1273 5337; x_wconf 83' lang='lat' dir='ltr'><strong>Dominus</strong></span> <span class='ocrx_word' id='word_1_775' title='bbox 1284 5279 1438 5339; x_wconf 75' lang='lat' dir='ltr'><strong>transtulit</strong></span> <span class='ocrx_word' id='word_1_776' title='bbox 1447 5284 1601 5352; x_wconf 81' lang='lat' dir='ltr'><strong>peccatum</strong></span> <span class='ocrx_word' id='word_1_777' title='bbox 1615 5288 1675 5343; x_wconf 74' lang='lat' dir='ltr'><strong>teas</strong></span> 
     </span>
     <span class='ocr_line' id='line_1_59' title="bbox 97 5363 1675 5443; baseline 0.006 -25"><span class='ocrx_word' id='word_1_778' title='bbox 97 5379 191 5423; x_wconf 88' lang='lat' dir='ltr'><strong>amore</strong></span> <span class='ocrx_word' id='word_1_779' title='bbox 203 5368 395 5443; x_wconf 79' lang='lat' dir='ltr'><strong>disjungimur.</strong></span> <span class='ocrx_word' id='word_1_780' title='bbox 411 5370 587 5441; x_wconf 82' lang='lat' dir='ltr'><strong>Quantoplns</strong></span> <span class='ocrx_word' id='word_1_781' title='bbox 601 5370 895 5429; x_wconf 86' lang='lat' dir='ltr'><strong>interrenisettrsnsi-</strong></span> <span class='ocrx_word' id='word_1_782' title='bbox 947 5372 1011 5442; x_wconf 80' lang='lat' dir='ltr'><strong>llcp.</strong></span> <span class='ocrx_word' id='word_1_783' title='bbox 1026 5383 1077 5436; x_wconf 81' lang='lat' dir='ltr'><strong>nn,</strong></span> <span class='ocrx_word' id='word_1_784' title='bbox 1095 5370 1150 5437; x_wconf 80' lang='lat'><strong>13).</strong></span> <span class='ocrx_word' id='word_1_785' title='bbox 1165 5363 1336 5424; x_wconf 62' lang='lat' dir='ltr'><strong>Peterssw</strong></span> <span class='ocrx_word' id='word_1_786' title='bbox 1346 5367 1446 5425; x_wconf 85' lang='lat' dir='ltr'><strong>Tobios</strong></span> <span class='ocrx_word' id='word_1_787' title='bbox 1455 5374 1675 5443; x_wconf 68' lang='lat' dir='ltr'><strong>percompnncsi</strong></span> 
     </span>
     <span class='ocr_line' id='line_1_60' title="bbox 97 5453 1675 5540; baseline 0.004 -28"><span class='ocrx_word' id='word_1_788' title='bbox 97 5453 173 5513; x_wconf 77' lang='lat' dir='ltr'><strong>toria</strong></span> <span class='ocrx_word' id='word_1_789' title='bbox 195 5455 275 5514; x_wconf 84' lang='lat' dir='ltr'><strong>rebus</strong></span> <span class='ocrx_word' id='word_1_790' title='bbox 300 5457 467 5530; x_wconf 74' lang='lat' dir='ltr'><strong>gestemus,</strong></span> <span class='ocrx_word' id='word_1_791' title='bbox 483 5464 558 5518; x_wconf 71' lang='lat' dir='ltr'><strong>huto</strong></span> <span class='ocrx_word' id='word_1_792' title='bbox 586 5459 676 5519; x_wconf 84' lang='lat' dir='ltr'><strong>ninas</strong></span> <span class='ocrx_word' id='word_1_793' title='bbox 698 5458 893 5520; x_wconf 61' lang='lat' dir='ltr'><strong>emanuele·</strong></span> <span class='ocrx_word' id='word_1_794' title='bbox 946 5465 974 5515; x_wconf 89' lang='lat' dir='ltr'><strong>et</strong></span> <span class='ocrx_word' id='word_1_795' title='bbox 993 5457 1125 5533; x_wconf 68' lang='lat' dir='ltr'><strong>lacrymas</strong></span> <span class='ocrx_word' id='word_1_796' title='bbox 1142 5454 1242 5514; x_wconf 76' lang='lat' dir='ltr'><strong>mouit</strong></span> <span class='ocrx_word' id='word_1_797' title='bbox 1263 5457 1388 5531; x_wconf 77' lang='lat' dir='ltr'><strong>aecipue</strong></span> <span class='ocrx_word' id='word_1_798' title='bbox 1415 5458 1585 5540; x_wconf 64' lang='lat' dir='ltr'><strong>mationem</strong></span> <span class='ocrx_word' id='word_1_799' title='bbox 1608 5461 1675 5523; x_wconf 74' lang='lat' dir='ltr'><strong>enei</strong></span> 
     </span>
    </p>
   </div>
   <div class='ocr_carea' id='block_1_3' title="bbox 0 0 1858 5962">
    <p class='ocr_par' dir='ltr' id='par_1_3' title="bbox 0 0 1858 5962">
     <span class='ocr_line' id='line_1_61' title="bbox 0 0 1858 5962; baseline 0 0"><span class='ocrx_word' id='word_1_800' title='bbox 0 0 1858 5962; x_wconf 95' lang='lat' dir='ltr'><strong> </strong></span> 
     </span>
    </p>
   </div>
  </div>
 </body>
</html>
