3706 5962
120 171 156 234 tt
755 169 953 232 atttttthlttl
970 169 1107 231 italus
1739 173 1776 231 28

118 293 173 351 lide
191 286 354 351 continetur.
377 291 409 361 ln
428 289 610 368 intelligentia
631 305 714 365 quarn
737 291 765 348 in
788 291 841 351 hdo
860 308 916 352 non
934 308 958 389 fl
975 292 1145 368 sequentiam
1155 291 1183 348 in
1198 291 1303 360 ordine,
1319 300 1348 348 ut
1363 292 1428 349 etin
1441 306 1472 349 se
1486 290 1546 364 ipsa
1559 291 1675 364 pulchra
1684 294 1732 362 sit,
1746 309 1777 356 ev

118 381 250 441 certitudo
278 381 366 450 major
396 379 476 445 inest,
494 378 543 435 sed
567 381 702 437 serenitas
722 399 730 438 ι
750 390 849 438 neutra
872 383 917 440 vel
973 383 1002 439 in
1016 382 1193 440 universitate
1217 397 1386 454 supervacua
1404 397 1459 439 non
1480 381 1526 451 sit,
1542 387 1646 439 etcum
1660 381 1776 455 reliquis

117 477 201 536 crrat,
222 471 266 526 vel
288 470 384 524 haeret.
408 467 460 526 Ubi
483 469 527 526 vel
551 485 629 527 error
643 470 687 526 vel
703 470 838 527 haesitatio
864 481 915 540 cst,
970 471 1170 544 inconsequens
1185 477 1213 527 et
1239 487 1395 546 repugnans
1418 487 1474 528 non
1498 470 1544 528 sit.
1559 471 1623 527 Sive
1637 470 1711 527 enirn
1726 489 1774 529 res

117 556 297 632 intelligentia
312 572 368 613 non
383 564 423 613 est
446 575 452 614 τ
478 555 525 613 ubi
549 557 684 614 haesitatio
701 565 753 625 est,
770 557 838 616 fides
862 576 917 617 non
971 568 1076 617 naturae
1090 570 1189 634 agatur
1202 568 1287 628 motu,
1304 560 1362 615 sive
1383 560 1468 616 libero
1493 559 1598 615 arbitrii
1616 557 1670 616 19
1692 569 1775 627 nutu,

118 654 170 706 est.
195 648 228 703 Et
251 645 275 702 si
303 645 372 701 fides
399 645 543 703 admittere
558 663 640 718 posse
660 646 766 703 videtur
780 664 915 719 errorem,
971 648 1028 707 sive
1043 650 1141 707 divinae
1155 650 1283 706 instinctu
1298 648 1404 722 gratim,
1421 649 1478 706 sive
1494 648 1609 722 singulis
1625 649 1667 703 his
1682 651 1772 706 ratio-

117 750 172 792 ιιι
186 740 229 792 ιιι
251 750 317 791 vera
339 750 392 791 nec
416 734 550 792 catholica
564 736 643 805 sides,
659 735 707 791 sed
722 751 838 793 erronea
856 753 917 794 ore·
971 737 1061 806 nibus,
1079 738 1136 794 sive
1150 738 1306 810 conjunctis
1320 754 1363 794 res
1378 746 1486 809 agatur,
1505 736 1635 810 quaelibet
1650 753 1668 793 a
1682 738 1776 796 divina

117 823 225 881 dulitns.
242 823 334 890 Fides,
355 831 384 879 ut
409 822 449 880 sic
473 823 572 894 dicam,
588 823 730 881 veritatem
753 833 854 882 rectam
877 828 917 882 te-
971 826 1044 883 intns
1057 827 1229 884 invisibiliter
1251 835 1382 899 operante
1397 827 1521 884 efficacia
1535 834 1561 882 ot
1576 827 1687 884 modum
1701 829 1775 885 acci·

116 919 165 970 net
180 915 208 971 et
232 911 368 983 possidet;
393 911 571 987 intelligentia
595 912 744 969 revelatam
767 923 795 969 et
818 914 917 970 nudam
970 913 1010 986 pit
1028 923 1053 970 et
1078 923 1179 971 motum
1205 931 1211 970 :
1233 916 1343 971 modum
1360 921 1388 971 et
1412 915 1489 988 qnasi
1513 915 1603 989 legem
1627 918 1774 990 quamdam

116 1008 274 1067 contuetnr;
291 1000 361 1056 ratio
375 1009 488 1058 conatur
502 1001 638 1058 revelare.
653 1002 732 1059 liatio
753 1002 822 1059 inter
836 1001 916 1059 fidem
969 1002 1073 1058 ordinis
1094 1012 1122 1059 et
1144 1011 1248 1060 motum
1264 1003 1388 1059 actionis.
1412 1005 1474 1059 Non
1495 1006 1576 1061 modo
1592 1005 1665 1061 enim
1680 1007 1715 1060 ab
1739 1022 1774 1063 eo

116 1081 379 1162 intelligentiamque
407 1089 576 1157 discurrens,
601 1091 636 1145 ad
663 1089 737 1145 illam
765 1108 795 1146 se
824 1091 915 1162 erigit,
969 1091 1115 1163 cujuslibet
1143 1091 1270 1148 motionis
1295 1091 1385 1148 nativa
1402 1091 1525 1159 facultas,
1553 1093 1603 1150 sed
1629 1094 1775 1165 cujuslibet

116 1179 164 1236 aed
178 1178 229 1235 ista
243 1194 274 1235 se
289 1178 370 1250 regit.
388 1179 466 1235 Ratio
491 1178 552 1250 plus
574 1177 678 1251 aliquid
701 1195 783 1252 qnam
804 1179 917 1237 credere
968 1180 1108 1236 lacultatis
1121 1180 1327 1237 administratur
1341 1181 1435 1248 motio,
1456 1188 1487 1237 ut
1502 1182 1583 1238 simul
1598 1183 1633 1238 ab
1656 1183 1716 1255 ipso
1738 1185 1774 1239 sit
1790 1247 1796 1262 ι

116 1267 183 1326 vult.
209 1267 279 1338 Quid
307 1267 399 1323 aliud?
420 1268 595 1340 conspicere.
619 1266 701 1323 llud
724 1276 767 1324 est
790 1267 914 1336 credere,
969 1277 997 1324 et
1012 1268 1109 1335 virtus,
1125 1277 1151 1325 et
1171 1276 1261 1326 motus
1275 1268 1392 1324 virtutis.
1418 1271 1584 1326 llotusvero
1610 1270 1772 1327 intentionis

115 1356 190 1413 alind
206 1364 248 1413 est
270 1372 387 1414 cernere
413 1373 492 1414 :non
515 1364 607 1412 tamen
630 1356 712 1427 ahud,
737 1374 818 1429 quam
842 1359 915 1430 quod
968 1373 1068 1430 pravae,
1085 1364 1112 1413 et
1126 1359 1161 1412 ab
1179 1359 1241 1429 ipso
1255 1358 1336 1413 hebet
1350 1358 1423 1430 quod
1437 1366 1528 1414 motus
1542 1364 1594 1427 est,
1612 1367 1639 1416 et
1652 1360 1687 1415 ab
1709 1358 1771 1430 ipso

115 1445 170 1503 lide
194 1445 320 1517 concipit,
350 1446 510 1518 conspicere
537 1454 662 1502 conatur.
689 1446 771 1502 Etsi
795 1447 915 1502 nondum
968 1461 1023 1502 non
1038 1446 1121 1502 habet
1135 1446 1208 1520 quod
1219 1462 1319 1518 pravus
1332 1453 1384 1504 est.
1399 1446 1493 1518 Neque
1504 1448 1576 1504 euim
1592 1448 1700 1519 abipso
1715 1457 1768 1518 est,

115 1534 221 1591 sincere
247 1534 342 1590 videre
368 1537 471 1606 potest,
497 1534 660 1606 quibusdam
688 1542 780 1590 temen
804 1550 914 1591 accom·
969 1535 1042 1608 quod
1057 1535 1085 1590 in
1107 1535 1199 1595 minus
1213 1535 1367 1591 ordinatum
1381 1535 1464 1591 linem
1483 1535 1640 1611 dirigitur:
1665 1537 1712 1593 sed
1734 1537 1769 1591 ab

115 1622 231 1679 modatis
260 1622 454 1693 experimentis
483 1621 619 1691 conjicere
647 1630 745 1688 tentat,
774 1639 835 1695 quae
858 1625 914 1694 jam
968 1623 1026 1696 ipso
1042 1632 1092 1691 est,
1109 1624 1183 1697 quod
1197 1623 1362 1680 inordinatio
1376 1622 1435 1696 ipsa
1449 1624 1517 1680 mira
1531 1641 1644 1696 prorsus
1663 1625 1768 1682 ratione

114 1709 200 1768 ιοιιι
215 1710 269 1765 ιιι
283 1709 418 1782 concepti.
434 1708 514 1766 narro
529 1726 612 1782 supra
627 1709 709 1767 suem
723 1719 846 1780 enatus,
860 1712 913 1769 sue
930 1695 953 1774 Β
968 1712 995 1768 ιι
1011 1712 1135 1769 ornnem
1155 1712 1298 1787 redigitur.

114 1805 206 1856 ιιιιιι
220 1797 323 1866 nititur,
339 1797 393 1855 fide
407 1797 561 1856 cohibetur.
584 1799 614 1854 ln
634 1799 721 1871 primo
741 1800 840 1857 devota
854 1809 911 1871 est;
1003 1804 1029 1860 l.
1047 1800 1114 1858 vide
1131 1801 1318 1857 venditionem
1332 1801 1443 1873 ioseph,
1460 1801 1626 1858 descensum
1639 1801 1668 1856 in
1687 1803 1769 1877 AEgy·

114 1886 285 1944 insecundo
309 1887 443 1958 prudens3
467 1886 496 1943 in
520 1886 600 1944 tertio
623 1888 742 1944 sobria:
767 1896 804 1956 et,
820 1897 851 1945 ut
873 1890 913 1947 sic
967 1897 1059 1961 ptum;
1075 1905 1218 1964 egressum
1232 1897 1260 1946 et
1282 1889 1491 1947 insectationem
1516 1890 1674 1957 Pharaonis,
1700 1892 1768 1946 sub·

114 1974 212 2042 dicam,
235 1975 302 2033 fides
317 1983 401 2044 tenet,
419 1983 509 2033 tuetur
523 1975 602 2046 ratio,
618 1976 798 2049 intelligentia
819 1977 912 2035 intue·
967 1978 1134 2035 mersionem
1156 1978 1301 2045 exercitus,
1328 1987 1356 2035 et
1382 1979 1552 2051 ereptionem
1575 1978 1669 2046 lsrael,
1696 1995 1767 2052 quo-

115 2074 168 2122 tur.
191 2066 281 2122 Bonus
307 2064 358 2122 iste
386 2064 525 2134 circuitus,
556 2064 661 2138 inquo
690 2081 769 2122 meus
798 2067 912 2123 rationis
966 2066 1049 2123 modo
1072 2066 1267 2123 incarnationis
1294 2074 1321 2123 et
1350 2067 1484 2138 passionis
1510 2067 1621 2136 Christi,
1651 2076 1678 2125 et
1705 2084 1767 2124 ere·

113 2153 198 2211 ductu
221 2154 431 2227 pervestigando
446 2155 579 2227 procedit,
599 2154 649 2211 sed
661 2169 678 2208 a
692 2154 746 2212 lide
764 2172 819 2212 uon
835 2173 913 2213 reee-
966 2155 1068 2227 ptionis
1081 2163 1184 2211 nostrae
1198 2155 1318 2211 serviant
1332 2155 1491 2228 mysteriis:
1507 2163 1535 2213 et
1549 2155 1642 2212 multis
1655 2157 1767 2228 quidem

114 2241 163 2311 dit,
180 2242 317 2300 instructa
330 2261 346 2300 ι
360 2242 423 2310 fide,
445 2252 472 2301 et
486 2245 611 2301 restricta
624 2243 659 2300 ed
681 2243 773 2300 sidem.
790 2246 912 2303 Erronea
965 2243 994 2300 in
1012 2245 1080 2302 locis
1095 2243 1193 2300 similia
1208 2243 1327 2319 diligens
1343 2245 1474 2316 reperies.
1489 2244 1549 2301 Non
1571 2261 1638 2316 ergo
1652 2253 1768 2317 possent

113 2331 203 2405 plane,
224 2331 248 2387 si
271 2349 327 2389 non
345 2338 442 2390 cuncta
461 2333 496 2389 ad
520 2334 581 2404 ejus
606 2332 707 2388 reserat
731 2349 856 2401 eramen,
885 2342 912 2390 et
966 2332 1078 2406 antiqua
1110 2332 1208 2389 delicta
1232 2334 1310 2389 novis
1339 2333 1475 2390 deservire
1499 2333 1684 2399 sacramentis,
1713 2333 1766 2389 nisi

112 2419 196 2477 citum
219 2420 333 2478 rationis
355 2421 493 2479 incessum
512 2420 547 2477 ad
569 2421 632 2477 fidei
655 2422 839 2478 maturitatem
862 2438 911 2479 ca-
966 2421 1072 2478 occulta
1088 2421 1193 2477 ratione
1216 2421 1307 2478 divina
1328 2421 1402 2478 intus
1424 2428 1556 2494 operante
1580 2419 1764 2492 providentia.

112 2507 204 2583 stiget.
228 2509 319 2565 Bonus
344 2509 483 2577 circuitus,
504 2509 551 2564 ubi
571 2508 676 2581 justitia
701 2509 753 2565 Dei
776 2509 912 2566 revelatur
964 2508 1022 2565 Nec
1036 2508 1109 2566 enim
1125 2508 1169 2564 illa
1190 2510 1303 2582 antiqua
1317 2525 1383 2566 casu
1396 2510 1516 2582 quodam
1528 2517 1556 2565 et
1574 2507 1766 2562 indilierenter

113 2614 147 2654 ιι
169 2597 223 2652 fide
247 2595 275 2651 in
290 2596 383 2653 fidem.
406 2597 496 2652 Bonus
510 2595 649 2663 circuitus,
669 2596 715 2651 ubi
738 2596 800 2669 quis
824 2606 913 2654 trans·
964 2596 1003 2651 ita
1016 2613 1178 2668 provenere.
1195 2598 1295 2668 quibus
1319 2612 1388 2652 nova
1404 2596 1580 2668 postmodum
1603 2611 1619 2650 ι
1639 2596 1766 2667 prudenti

112 2684 245 2742 formatur
271 2698 287 2736 a
309 2683 434 2741 claritate
457 2682 485 2739 in
500 2683 650 2739 claritatem
674 2690 833 2755 tanquama
852 2686 911 2743 Do·
965 2672 1152 2756 dispensatore
1180 2693 1208 2739 et
1221 2683 1397 2739 observatore
1421 2682 1545 2753 diligenti
1569 2683 1766 2753 adaptarentur

113 2771 179 2829 mini
193 2771 295 2844 Spiritu
320 2771 359 2845 (ll
373 2774 434 2830 Cor.
453 2787 496 2838 ιιι,
514 2771 567 2843 ιιι).
587 2772 678 2828 Βοιιι
701 2771 838 2841 ιιιιιιῑιι,
864 2774 910 2830 ιιι
965 2773 1094 2845 mysteria
1110 2789 1117 2828 r
1133 2771 1222 2845 magis
1239 2780 1331 2826 autem
1344 2769 1392 2826 illa
1412 2770 1447 2826 ad
1466 2771 1563 2826 borum
1587 2782 1654 2827 sunt
1676 2771 1765 2844 signi-

112 2859 174 2934 qnis
188 2859 372 2933 posteriorum
384 2860 496 2929 oblitus,
520 2860 556 2914 ad
574 2859 713 2916 anteriora
727 2861 849 2917 extendit
862 2879 910 2920 se·
964 2860 1118 2918 ficationem
1143 2861 1209 2929 (non
1232 2857 1342 2914 homine
1366 2858 1432 2914 illud
1447 2858 1618 2926 intendente,
1641 2860 1691 2916 sed
1706 2861 1765 2916 Deo

112 2948 268 3020 metipsum,
282 2948 305 3003 si
321 2964 375 3022 quo
390 2949 472 3004 modo
487 2948 702 3021 comprehendat
712 2950 849 3025 [Philipp.
866 2967 908 3016 ur,
963 2949 1136 3022 disponente)
1159 2955 1322 3019 preparata,
1339 2964 1419 3020 quam
1434 2948 1493 3004 haec
1506 2947 1559 3003 illis
1574 2955 1675 3019 aptata.
1692 2948 1764 3017 Quid

112 3039 156 3105 ιι,
175 3039 230 3109 ts).
241 3037 333 3093 Bonus
347 3046 423 3093 certe
437 3036 578 3105 circuitus,
595 3054 649 3094 non
664 3038 747 3095 modo
762 3055 825 3096 cum
839 3054 910 3097 nova
926 3080 947 3158 c
963 3037 1092 3111 denique,
1122 3036 1197 3109 qnod
1221 3037 1353 3092 Dominus
1380 3051 1414 3094 eo
1440 3036 1612 3109 potissimum
1639 3045 1763 3109 tempore

112 3141 223 3197 semper
249 3131 278 3181 et
300 3123 450 3182 occultiora
476 3124 755 3196 comprehenduntur,
773 3126 822 3183 sed
847 3143 909 3184 cum
963 3126 999 3183 ad
1024 3125 1180 3201 passionem
1204 3124 1339 3191 addictus,
1363 3125 1437 3199 quod
1454 3126 1504 3181 hac
1529 3127 1606 3192 hora,
1627 3127 1680 3182 hoc
1704 3125 1761 3191 die,

109 3215 166 3287 jam
178 3215 350 3288 apprehensa
362 3230 436 3271 novo
455 3221 483 3270 et
503 3214 602 3272 recenti
618 3230 728 3287 semper
743 3215 845 3273 allecta
859 3233 909 3273 ro·
963 3216 1016 3273 hoc
1030 3214 1125 3271 mortis
1140 3214 1257 3271 allectus
1272 3216 1395 3285 genere?
1411 3213 1457 3289 qui
1472 3213 1525 3270 iste
1538 3221 1584 3270 aut
1597 3223 1681 3288 neget
1698 3231 1761 3285 my·

110 3303 257 3362 volvuntur
273 3323 279 3362 :
296 3318 358 3362 oum
368 3320 423 3361 non
438 3304 520 3360 modo
534 3304 607 3377 quod
621 3311 714 3372 restat,
729 3313 905 3378 penetratum
962 3304 1039 3373 stica,
1056 3311 1102 3360 aut
1116 3303 1212 3360 credat
1227 3303 1359 3359 fortuita?
1375 3302 1435 3372 Quo
1458 3302 1503 3359 die
1527 3309 1569 3358 est
1586 3303 1669 3359 homo
1689 3317 1761 3359 con-

109 3391 161 3451 ted
187 3393 260 3466 quod
283 3394 340 3465 jan
367 3400 538 3467 penetratum
562 3401 614 3462 est,
645 3392 804 3467 frequenter
828 3394 910 3451 itera·
962 3392 1043 3459 ditus,
1060 3408 1093 3450 eo
1109 3400 1251 3465 reparatus
1268 3406 1275 3445 :
1291 3408 1345 3464 qua
1364 3393 1431 3447 hora
1455 3390 1618 3448 sententiam
1642 3391 1758 3462 pertulit,

109 3488 164 3541 tur.
187 3482 327 3540 iucundas
350 3482 488 3552 circuitus,
518 3489 546 3539 et
573 3497 681 3555 sponsae
709 3498 764 3539 non
787 3484 906 3557 ignotus.
961 3481 1160 3554 indulgentiam
1182 3480 1293 3538 meruit.
1323 3482 1376 3537 Per
1402 3479 1507 3552 lignum
1535 3496 1610 3536 mors
1633 3479 1758 3548 inducta,

108 3569 174 3628 ldeo
187 3571 361 3628 confidenter
383 3571 472 3630 dicit:
499 3573 631 3643 Surgam,
649 3575 680 3628 ct
693 3571 820 3631 circuibo
834 3576 906 3632 ct'vi-
960 3587 1010 3645 per
1032 3570 1137 3645 lignum
1160 3570 1216 3626 vita
1238 3569 1371 3626 restituta.
1396 3570 1431 3624 Et
1445 3567 1539 3624 nescio
1559 3568 1620 3639 quis
1635 3569 1686 3623 ista
1703 3584 1759 3623 nou

110 3662 212 3717 tatem.
960 3658 1091 3716 divinitus
1120 3659 1290 3730 dispensata,
1317 3657 1365 3714 sed
1390 3657 1548 3713 humanitus
1574 3656 1759 3712 administrata

144 3751 172 3803 3.
187 3746 254 3818 Qua
269 3745 359 3820 aptius
379 3762 440 3803 esse
463 3746 563 3819 poterit
581 3745 676 3804 civitas
698 3765 779 3822 quam
802 3748 857 3817 illa,
872 3750 906 3808 de
959 3748 1108 3805 contendit.
1126 3747 1218 3804 Habes
1233 3746 1296 3820 agni
1310 3746 1445 3818 paschalis
1469 3754 1586 3817 tempus,
1607 3746 1692 3802 habes
1708 3746 1759 3803 im-

109 3852 162 3910 qua
176 3836 278 3892 dictum
294 3842 336 3892 est
352 3850 358 3890 :
375 3838 500 3895 Glorioso
513 3837 592 3894 dicto
605 3841 677 3895 sent
695 3838 728 3896 dc
753 3842 789 3908 te,
806 3841 906 3899 civitas
959 3837 1121 3894 maculatam
1149 3835 1283 3901 hostiam3
1312 3836 1399 3892 habes
1427 3834 1575 3907 ereptionis
1604 3834 1759 3891 lsraeliticae

108 3925 184 3985 bet?
197 3925 283 3999 (Paci.
300 3941 415 3993 cxxxvi,
431 3926 471 4000 3.)
483 3928 518 3983 Et
531 3926 640 3999 quidem
655 3927 817 3985 universitas
827 3944 906 3985 crea·
960 3925 995 3983 de
1022 3926 1139 3998 AEgypto
1168 3927 1264 3982 horam
1291 3925 1378 3980 habes
1400 3923 1549 3995 ereptionis
1568 3929 1621 3980 tue
1642 3923 1757 3995 gratiam

109 4022 176 4072 turoe
190 4014 243 4072 dici
266 4022 359 4088 potest
373 4031 428 4071 non
449 4014 674 4074 inconvenienter
686 4017 782 4074 civitas
796 4017 853 4085 Dei,
870 4018 906 4074 ab
959 4013 994 4071 de
1006 4014 1097 4071 saecnh
1121 4029 1226 4084 errore,
1243 4014 1278 4070 de
1300 4012 1432 4083 vanitate,
1454 4013 1489 4069 de
1511 4011 1649 4068 nativitate
1664 4026 1757 4066 corru-

106 4116 141 4161 eo
154 4103 275 4171 condita,
299 4111 327 4161 et
349 4105 384 4161 ab
412 4120 446 4162 eo
470 4104 610 4176 disposita.
626 4105 752 4163 Gloriosa
774 4106 854 4178 plene
877 4114 905 4162 et
958 4110 1029 4177 pta:
1046 4104 1143 4160 etheo
1165 4103 1325 4175 simpliciter
1339 4102 1488 4176 contigisse
1509 4100 1608 4165 credis,
1628 4100 1686 4155 Deo
1701 4115 1756 4153 non

106 4208 157 4265 pro
180 4192 280 4265 specie,
306 4201 334 4250 et
356 4209 406 4266 pro
430 4192 535 4250 ordine.
561 4194 630 4249 liam
651 4212 702 4267 pro
725 4195 830 4251 actibus
854 4195 904 4250 mi·
958 4192 1145 4266 dispensante,
1166 4192 1215 4250 sed
1228 4191 1323 4250 ludeo
1338 4199 1482 4265 operante,
1502 4188 1626 4263 quamvis
1639 4204 1694 4243 non
1709 4187 1758 4242 oh·

106 4296 158 4339 nus
180 4282 269 4353 justis,
294 4299 363 4354 quos
377 4281 532 4354 depravatae
550 4283 651 4340 mentis
670 4282 797 4356 producit
819 4283 904 4340 liber·
957 4281 1334 4353 eminentissimum,
1362 4297 1423 4354 quae
1445 4287 1501 4335 tam
1515 4285 1578 4351 apte
1593 4284 1758 4335 concurrunt

105 4378 158 4440 tas,
173 4381 305 4446 quantum
320 4371 347 4427 in
366 4371 432 4445 ipsis
446 4378 497 4441 ost,
513 4371 604 4428 minus
623 4370 674 4445 [cl.
699 4371 790 4446 nimis]
804 4372 831 4427 in
845 4373 905 4444 glo·
958 4369 993 4428 de
1007 4370 1096 4427 crucis
1120 4370 1207 4444 ligno,
1235 4371 1270 4428 de
1294 4378 1430 4443 tempore,
1445 4369 1480 4423 de
1503 4368 1581 4434 horn,
1604 4364 1637 4422 de
1651 4365 1706 4430 die,
1731 4372 1758 4421 ct

105 4459 147 4518 ria
162 4479 169 4518 ι
190 4477 242 4520 ιιι
257 4478 290 4519 ex
305 4462 371 4533 ipsis
385 4468 438 4530 est,
455 4463 528 4536 quod
541 4460 668 4519 ordinem
688 4460 787 4518 divinae
806 4461 902 4534 dispo·
919 4457 942 4536 Ι)
957 4459 1152 4534 reliquasque
1167 4460 1319 4528 observari,
1336 4458 1484 4531 prudenter
1500 4459 1628 4525 possunt,
1642 4453 1759 4509 circum·

105 4549 213 4608 titionis
238 4566 293 4608 non
316 4551 460 4625 effugiunt,
485 4567 568 4624 quem
591 4566 647 4609 non
670 4549 824 4608 intendunt.
846 4550 904 4608 Soli
957 4549 1081 4617 stantius,
1106 4549 1228 4607 iudaicae
1251 4550 1367 4621 deputas
1388 4541 1554 4608 dementia,
1574 4556 1630 4596 non
1659 4540 1757 4598 divinae

101 4646 194 4697 antem
226 4656 292 4696 vere
312 4640 425 4712 gloriosi
446 4647 519 4707 sunt,
544 4641 590 4713 qui
609 4640 707 4697 divine
730 4639 904 4713 dispositioni
957 4637 1119 4710 sapientire?
1133 4637 1285 4696 Prorsusin
1301 4650 1362 4692 eam
1374 4629 1478 4687 salubri
1496 4630 1630 4699 remedio,
1646 4638 1674 4687 et
1693 4646 1756 4688 curn

103 4734 261 4801 supponunt
285 4728 414 4795 studium,
437 4728 544 4786 solliciti
558 4729 654 4802 primae
673 4729 838 4786 conditionis
860 4729 903 4786 in·
957 4728 1076 4801 antiquis
1098 4729 1126 4783 in
1148 4741 1230 4783 unam
1252 4724 1368 4780 iorrnam
1392 4728 1573 4778 concurrente
1603 4736 1757 4777 sacramen·

105 4825 212 4891 tagram
229 4832 339 4875 servare
363 4817 489 4891 gratiam,
516 4817 558 4874 vel
574 4817 710 4875 resarcire
734 4827 902 4893 corruptam.
960 4817 1002 4885 tis,
1019 4823 1047 4874 et
1061 4814 1187 4872 fortuitus
1210 4828 1291 4870 casus
1312 4810 1475 4877 excluditur,
1506 4817 1533 4865 et
1551 4810 1686 4865 humanus
1710 4809 1755 4863 in-

106 4908 154 4965 lsti
168 4906 279 4983 gemino
299 4907 410 4979 quidem
425 4907 506 4964 modo
528 4908 640 4982 gloriosi
656 4908 812 4967 cfficiuntur
828 4926 835 4966 ε
852 4924 903 4965 na·
958 4906 1052 4976 tuitus,
1076 4904 1124 4961 sed
1148 4919 1203 4960 non
1231 4901 1340 4958 divinus
1362 4908 1455 4957 nutus.
1485 4900 1520 4956 Et
1538 4899 1566 4954 in
1590 4898 1666 4955 lsaiae
1690 4915 1755 4968 pro·

106 4994 186 5054 turali
215 5013 277 5055 cum
300 4997 407 5054 caeteris
428 4997 594 5065 conditione,
624 5006 652 5055 et
673 4998 824 5057 voluntaria
847 5016 904 5070 prae
956 4995 1049 5069 phetie
1076 4992 1198 5049 invenies
1225 4992 1258 5047 ad
1273 4991 1417 5049 Ezechiam
1442 4988 1545 5047 dictum
1568 4991 1666 5046 :licto
1688 4993 1756 5046 sunt

107 5087 213 5143 ceteris
237 5085 408 5158 coaptatione
432 5085 467 5142 ιιι
481 5087 633 5145 ordinantis
647 5095 674 5145 et
688 5088 831 5162 dirigentis
854 5087 904 5143 Dei
957 5085 1056 5142 omnic
1070 5082 1129 5140 haec
1142 5083 1176 5138 in
1189 5098 1294 5138 monus
1312 5080 1509 5139 Chaldaeorum
1522 5079 1587 5153 (lac.
1602 5093 1703 5144 xxxix,
1720 5080 1756 5147 6).

70 5202 73 5208 Δ
106 5181 215 5231 nutum.
240 5175 343 5232 Dicitur
366 5190 434 5248 ergo
448 5174 544 5233 civitas
568 5176 617 5234 Dei
632 5176 804 5235 universitas
823 5191 902 5233 crea·
956 5173 1007 5233 ilbi
1035 5172 1100 5228 data
1123 5187 1185 5229 esse
1208 5169 1284 5240 dicit,
1308 5169 1427 5251 ostendit
1443 5186 1499 5227 non
1522 5175 1625 5226 tanturn
1639 5169 1759 5239 prophe·

106 5268 190 5330 ιιιιιῑ
215 5263 315 5335 quippe
342 5265 450 5340 legibus
477 5265 665 5324 administrata
691 5263 904 5338 dispensationis
958 5263 1009 5320 tice
1024 5261 1162 5336 predicta,
1190 5259 1239 5317 sed
1260 5259 1342 5316 etiam
1362 5259 1510 5331 judiciaria
1532 5256 1649 5330 (quadam
1671 5257 1758 5329 aequi·

105 5346 201 5423 ipatus.
226 5353 288 5425 lpse
311 5354 446 5413 universe
466 5365 602 5416 creature
622 5355 740 5429 speeiem
755 5351 904 5411 existentia
956 5357 1013 5409 tate
1025 5351 1136 5408 dictata.
1149 5349 1190 5407 Ex
1200 5349 1243 5406 his
1252 5357 1280 5406 et
1289 5351 1446 5423 hujusmodi
1456 5346 1559 5421 passim
1572 5361 1623 5419 par
1634 5362 1756 5404 omnem.

107 5449 219 5519 prestat
240 5440 392 5519 inproprie
406 5462 521 5521 genere,
536 5445 565 5504 in
578 5461 631 5503 asa
652 5434 813 5510 efficaciam,
838 5456 904 5501 con·
958 5440 1159 5516 Scriptumrum
1191 5447 1303 5512 textum,
1327 5441 1371 5499 cui
1389 5438 1501 5497 dubiam
1525 5434 1665 5501 residebit,
1690 5435 1757 5492 divi-
