3706 5962
105 171 157 232 327

721 159 874 223 cuidonis
891 157 1145 219 animositatis

1701 161 1755 223 διδ

139 294 184 346 311.
200 289 255 345 Scit
279 289 359 344 etiam
384 267 538 360 quicunque
557 302 668 342 sensum
683 285 781 342 Christi
805 284 897 347 habet,
917 299 939 376 Α
958 296 1041 347 mum,
1058 288 1086 335 ut
1100 281 1188 336 aliena
1202 279 1323 353 cogitare
1342 295 1397 335 nou
1411 279 1505 338 libeat.
1525 282 1698 339 llauriendus
1711 300 1753 349 ιιι

103 387 236 451 quantum
250 377 345 449 pietati
369 375 526 432 christiana
541 374 677 447 expediat,
703 380 833 445 quantum
851 370 900 426 Dei

103 483 220 533 servum,
240 473 266 521 et
283 481 393 521 serrum
419 462 617 534 redemptionis
641 461 740 516 Christi
761 461 859 516 deceat
873 464 901 513 ιι

103 555 169 612 utile
184 555 209 610 ei
225 555 269 620 sit,
285 570 340 609 una
359 554 457 608 saltem
471 553 562 624 aliqua
572 551 626 606 diei
639 552 716 615 liora,
725 548 862 621 passionis
874 554 901 602 et

103 643 301 716 redemptionis
322 641 407 713 ipsius
426 641 556 697 attentius
572 640 695 695 recolere
710 637 854 704 beneticia,
866 634 901 688 ad

101 733 247 788 fruendum
277 730 395 787 suaviter
418 730 445 784 in
460 728 638 797 couscientia,
654 736 681 781 et
696 725 900 782 recondendum

104 821 220 875 lideliter
230 819 257 873 in
269 818 413 875 memoria:
425 818 496 889 quod
502 825 542 872 est
552 815 727 887 spiritualiter
735 813 901 867 manducare

103 925 204 978 corpus
219 906 330 971 Christi,
347 914 375 960 et
389 905 482 960 bibere
498 905 557 974 ejus
572 902 731 973 sangninem
756 900 782 954 in
794 915 899 954 memo·

105 996 174 1049 riam
190 997 258 1063 ejus,
275 992 321 1064 qui
336 993 464 1047 omnibus
483 992 510 1045 in
531 1009 560 1046 se
580 988 755 1045 credentibus
771 986 902 1058 praecepit

103 1084 208 1150 diceus,
222 1084 275 1137 lloc
285 1083 371 1151 focile
381 1085 413 1137 ιἰι
423 1077 815 1136 meomcommemorotionem
823 1075 899 1145 (Luc.

103 1187 175 1239 xxxx,
194 1172 249 1237 19].
261 1170 291 1222 ln
305 1185 360 1239 quo
371 1169 454 1223 etiam
469 1174 581 1238 propter
591 1172 732 1236 peccatum
745 1161 902 1218 inobedien-

106 1254 160 1320 tiae,
176 1269 259 1326 quam
285 1253 396 1325 impium
417 1253 452 1306 sit
467 1251 604 1305 homiuem
621 1255 704 1303 tantae
733 1247 781 1302 Dei
794 1246 901 1319 pietatis

103 1344 291 1398 immemorem
306 1358 375 1406 esse,
391 1340 481 1413 palam
497 1337 622 1395 omnibus
645 1344 687 1391 est
713 1350 797 1390 :cum
821 1334 901 1389 amici

104 1429 222 1484 bominis
242 1429 367 1484 abeuntis
383 1428 433 1482 suh
449 1426 570 1499 quolibet
584 1423 664 1495 siguo
679 1423 901 1477 commendatam

103 1517 263 1575 memoriam
278 1516 354 1572 nefas
368 1516 403 1570 sit
418 1513 551 1571 oblivisci.
577 1510 716 1583 Siquidem
731 1515 833 1564 sanotae
848 1509 898 1560 hu-

102 1609 146 1678 jus
160 1622 192 1661 ac
205 1606 365 1662 reverendae
380 1600 647 1661 commemorationis
662 1598 833 1670 mysterium,
850 1611 900 1650 suo

956 384 1029 440 saepe
1047 369 1082 425 de
1097 367 1220 425 lectionis
1234 369 1305 425 serie
1319 367 1444 435 aflectus,
1460 378 1488 425 ιι
1502 370 1646 427 formanda
1655 374 1752 442 oratio,

955 471 1017 526 quae
1030 455 1175 511 lectionem
1185 455 1375 526 interrumpat,
1388 464 1416 511 ιι
1431 472 1486 512 uon
1500 466 1554 512 tam
1566 457 1698 530 impediat
1712 460 1753 514 iu-

955 546 1159 616 terrumpendo,
1177 560 1258 617 quam
1273 544 1412 617 puriorem
1427 545 1557 601 continno
1576 546 1698 603 animum
1719 549 1753 603 ad

954 633 1160 704 intelligentiam
1190 633 1313 689 lectionis
1339 632 1471 688 restituat.
1493 633 1641 691 Intentioni
1669 637 1753 693 servit

955 720 1043 775 lertio.
1061 721 1090 775 Si
1105 737 1169 777 vere
1190 721 1217 776 iu
1240 721 1357 776 lectione
1373 721 1461 776 Deum
1485 721 1582 793 quaerit
1606 723 1654 795 qui
1677 724 1752 801 legit,

955 809 1044 864 onmia
1059 827 1120 881 quae
1134 809 1200 884 legit
1214 817 1394 880 cooperantur
1410 810 1435 864 oi
1446 810 1473 864 iu
1490 811 1604 879 bonum,
1620 819 1650 867 et
1661 814 1751 885 capti-

954 905 998 951 vat
1011 912 1109 951 sen—us
1123 895 1250 966 legentis,
1268 903 1295 950 et
1311 895 1337 948 in
1353 895 1513 951 servitutem
1529 895 1629 971 redigit
1642 913 1751 954 omnem

955 982 1079 1038 lectionis
1097 983 1266 1038 intellectum
1289 983 1317 1036 in
1332 982 1496 1055 obsequium
1522 984 1635 1042 Christi.
1664 984 1693 1041 Si
1723 987 1751 1041 in

955 1071 1026 1125 aliud
1050 1071 1170 1126 declinat
1194 1087 1294 1126 sensus
1314 1071 1441 1142 legentis,
1463 1071 1555 1126 omnia
1580 1073 1661 1128 trahit
1688 1084 1748 1145 post

954 1158 1277 1230 semetipsum,⁴rrihilque
1293 1167 1346 1212 tam
1362 1167 1497 1227 sanctum,
1514 1169 1569 1215 tam
1582 1160 1656 1232 pium
1671 1162 1748 1218 inve-

955 1248 995 1301 nit
1010 1247 1037 1302 in
1054 1247 1212 1319 Scripturis,
1228 1246 1300 1318 quod
1315 1263 1364 1302 seu
1379 1263 1429 1317 per
1450 1263 1547 1303 vanam
1562 1249 1689 1323 gloriam,
1703 1268 1750 1306 seu

955 1353 1004 1407 per
1018 1336 1158 1391 distortum
1175 1352 1297 1400 sensum,
1313 1352 1362 1391 ιιιι
1387 1352 1436 1406 per
1450 1352 1563 1407 pravum
1582 1337 1750 1395 intellectum

954 1440 1008 1479 non
1024 1423 1151 1495 applicet,
1167 1425 1208 1479 ιιι
1228 1423 1347 1492 malitia,
1370 1424 1413 1478 ιιι
1428 1425 1547 1480 vanitati.
1570 1425 1601 1480 ln
1625 1428 1752 1484 omnibus

955 1513 1027 1567 enim
1053 1511 1200 1582 Scripturis
1224 1511 1348 1586 legendis
1372 1511 1476 1567 initium
1496 1513 1579 1570 debet
1594 1531 1656 1571 esse
1673 1518 1752 1573 timor

956 1600 1071 1667 bomini,
1088 1610 1117 1654 ut
1132 1600 1159 1654 in
1184 1615 1218 1655 ιο
1232 1599 1320 1672 primo
1335 1598 1467 1657 solidetur
1487 1601 1602 1658 intentio
1625 1603 1749 1675 legentis,

102 1694 195 1762 modo,
211 1711 261 1749 suo
276 1702 410 1764 tempore,
428 1708 478 1745 suo
496 1690 557 1745 loco
571 1688 712 1743 celebrare
731 1686 794 1742 licet
807 1684 901 1756 paucis
917 1678 939 1755 Β
955 1696 982 1743 ιι
998 1704 1030 1743 ex
1046 1704 1079 1743 eo
1094 1696 1221 1760 exsurgat
1237 1696 1265 1743 et
1285 1687 1427 1745 ordinetur
1441 1690 1525 1745 totius
1539 1690 1752 1748 lectionisintel·

104 1780 269 1848 bominibus,
294 1778 393 1850 quibus
414 1778 467 1831 boc
494 1774 629 1830 creditum
654 1781 696 1828 est
717 1771 898 1844 mysterium:

103 1884 162 1922 rem
175 1882 241 1924 vero
257 1864 421 1920 sacramenti
437 1863 479 1919 vel
494 1861 618 1935 mysterii
631 1862 658 1915 in
675 1861 749 1916 omni
768 1868 897 1930 tempore,

102 1963 130 2011 ιι
145 1955 219 2011 omni
233 1954 294 2010 loco
310 1952 502 2009 dominationis
526 1951 585 2022 Dei,
601 1950 682 2005 modo
702 1966 756 2021 quo
772 1948 899 2003 traditum

102 2056 153 2109 est,
165 2045 218 2099 lroc
232 2051 273 2099 ιιι
286 2042 388 2113 debitae
399 2041 508 2113 pietatis
524 2039 633 2107 aflectu,
649 2055 741 2111 agere,
757 2046 784 2093 ιι
799 2044 899 2092 tracta-

956 1777 1041 1831 lectus
1055 1784 1081 1830 ιι
1096 1791 1202 1830 sensus.

1263 1864 1376 1920 CAPUT
1391 1866 1442 1922 Xl.

958 1971 1153 2042 Corporalium
1182 1972 1405 2040 exercitiorum,
1430 1972 1501 2029 item
1526 1973 1582 2029 cibi
1606 1981 1752 2050 somnique

1234 2039 1348 2098 modum
1370 2041 1469 2101 tradit.

101 2149 142 2197 re,
166 2140 194 2188 et
211 2148 319 2187 sumere
347 2130 399 2185 sibi
417 2129 445 2183 in
469 2129 583 2185 salutem
606 2127 732 2183 omnibus
760 2123 845 2181 214
873 2125 899 2178 in
990 2133 1035 2184 ait.
1063 2129 1288 2201 Aspiritualibus
1307 2146 1373 2186 vero
1392 2131 1529 2187 exercitiis
1554 2133 1580 2188 in
1604 2135 1753 2207 corporalia

101 2227 229 2293 promptu
243 2229 295 2287 est,
313 2219 412 2291 quibus
431 2217 530 2274 dicitur
546 2233 552 2271 t
571 2219 618 2275 Vos
630 2219 728 2272 eutem
743 2231 829 2287 penca
842 2215 900 2271 ele·
955 2235 1094 2290 nunquam
1114 2218 1207 2293 louge,
1221 2218 1263 2273 vel
1278 2217 1305 2272 in
1322 2224 1406 2274 totum
1422 2221 1585 2278 recedatur:
1602 2222 1650 2279 sed
1674 2223 1751 2281 lacile

101 2303 890 2382 ctumreqolesacerdotioro,qeoesancto,popcturocqui
954 2306 1035 2361 adea
1057 2322 1137 2377 posse
1153 2306 1242 2361 redire
1267 2308 1372 2362 animus
1393 2316 1542 2376 assuescat,
1564 2320 1591 2365 et
1616 2327 1679 2366 cum
1701 2311 1754 2370 illis

102 2396 671 2466 titionis:ctuirtutercoouotietisejus,
680 2393 769 2465 quide
778 2391 899 2446 tenebris
954 2412 984 2450 ιι
1008 2403 1123 2463 mutuat,
1148 2397 1205 2451 istis
1223 2411 1333 2466 semper
1348 2395 1487 2452 intereat.
1512 2399 1588 2454 Sicut
1609 2399 1681 2457 enim
1704 2418 1751 2457 sn-

102 2504 147 2543 vor
162 2489 268 2544 vocarit
279 2487 311 2540 ιιι
319 2485 488 2541 admirabile
500 2486 595 2539 lumea
609 2498 694 2538 ruam
703 2480 811 2552 (lPetr.
821 2481 896 2549 ιιι),
954 2500 1003 2556 pra
1018 2485 1119 2540 dictum
1134 2492 1185 2552 est,
1202 2499 1257 2539 nou
1272 2484 1314 2541 vir
1331 2492 1444 2558 propter
1459 2486 1614 2559 mulierem,
1629 2491 1679 2546 sed
1693 2507 1752 2546 mu-

100 2575 170 2629 Nam
185 2583 212 2630 ιι
226 2575 433 2630 Sacramentum
445 2573 516 2628 sicut
529 2571 628 2643 accipit
640 2569 676 2625 ad
690 2567 897 2640 illamdiguus3
953 2574 1003 2628 lier
1016 2580 1130 2645 propter
1153 2573 1240 2631 virum
1266 2575 1293 2644 (l
1319 2575 1381 2631 Cor.
1401 2589 1442 2640 xx,
1464 2575 1492 2645 9)
1508 2594 1515 2634 :
1532 2593 1584 2633 uec
1604 2578 1752 2650 spiritualia

100 2663 139 2718 sic
153 2665 187 2717 aa
210 2669 326 2716 mortem
346 2677 424 2715 suam
452 2667 480 2714 et
500 2658 642 2729 judicium,
673 2656 800 2727 indignus
817 2672 824 2712 :
842 2672 898 2710 rem
952 2667 1067 2733 propter
1093 2661 1221 2728 carnalia,
1246 2661 1295 2715 sed
1316 2661 1434 2717 carnalia
1453 2672 1566 2735 propter
1590 2665 1750 2737 spiritualia.

101 2764 166 2806 verit
181 2747 350 2804 sacramenti
378 2761 457 2802 nemo
481 2745 595 2816 percipit
613 2744 666 2797 nisi
684 2743 784 2815 dignus
800 2751 827 2796 el
841 2742 898 2796 ido·
954 2750 1110 2822 corporalia
1124 2765 1189 2806 vero
1213 2749 1340 2806 exercitia
1364 2766 1438 2806 nunc
1461 2752 1587 2822 dicimus,
1608 2771 1669 2826 φης
1692 2771 1751 2809 ma.

103 2853 181 2892 neus.
193 2837 400 2892 Sacramentum
412 2833 486 2890 euim
494 2833 552 2887 sine
563 2848 592 2887 re
602 2831 772 2886 Sacramenti
782 2831 897 2885 sumenti
955 2838 1028 2893 unali
1049 2854 1133 2909 opere
1155 2838 1333 2909 corporaliter
1355 2847 1520 2895 exercentur
1542 2840 1613 2896 Nam
1638 2850 1702 2901 sunt
1726 2853 1752 2898 ei

102 2933 248 2980 morsest:
265 2939 310 2978 les
332 2940 398 2980 1θ10
413 2921 591 2988 580111111θῦῑῑ,
616 2920 710 2989 etiam,
731 2929 831 2992 llll&ter
845 2919 897 2973 Sa·
952 2928 1005 2981 aria
1020 2927 1143 2999 corporis
1158 2927 1297 2993 exercitia,
1312 2928 1452 3000 inquibus
1468 2933 1581 2986 necesse
1595 2940 1637 2986 ιιι
1652 2947 1752 3005 corpus

102 3021 284 3078 aramentum,
301 3011 417 3065 sumenti
432 3010 485 3066 vita
499 3017 602 3067 aeterna
625 3016 677 3063 est.
696 3008 725 3063 Si
739 3014 830 3063 autern
844 3007 894 3074 vis,
954 3016 1088 3085 laborare,
1105 3016 1175 3071 sicut
1189 3024 1252 3071 sunt
1267 3016 1375 3089 rigiliae,
1397 3017 1510 3088 ieiunia,
1533 3028 1562 3073 et
1584 3019 1635 3074 alia
1656 3021 1752 3090 hujus·

103 3110 129 3158 et
144 3118 207 3158 vere
221 3102 272 3167 vis,
288 3099 415 3155 omnibus
436 3098 520 3164 noris,
549 3105 602 3152 triu
626 3097 681 3152 diei
700 3112 781 3169 quum
798 3098 894 3164 noctis,
914 3060 935 3139 c
953 3103 1047 3158 moui:
1078 3120 1138 3175 quae
1153 3103 1302 3174 spiritualia
1322 3120 1377 3160 uon
1394 3104 1554 3176 impediunt,
1577 3107 1625 3162 sed
1644 3109 1749 3178 jurant,

103 3191 156 3245 hod
176 3191 223 3245 tibi
238 3190 266 3244 in
280 3188 350 3245 cella
366 3197 413 3243 tua
425 3196 526 3260 praesto
540 3193 592 3244 ιιι.
604 3186 718 3255 Quoties
734 3185 762 3239 in
777 3200 897 3240 comme·
952 3191 974 3245 si
991 3207 1053 3247 cum
1069 3191 1173 3247 ratione
1195 3193 1369 3248 discretionis
1383 3193 1460 3249 liant.
1481 3193 1548 3264 Quae
1567 3195 1590 3249 ai
1614 3211 1646 3251 ex
1671 3196 1752 3252 indis

101 3279 279 3338 mutationem
298 3276 418 3349 ejusqui
442 3291 491 3348 pro
514 3283 540 3330 te
555 3291 652 3347 passus
674 3281 724 3345 ιιι,
755 3275 807 3330 ιιοι
827 3274 896 3330 lacto
951 3279 1079 3336 cretionis
1094 3281 1158 3337 ritio
1174 3281 1213 3337 sic
1226 3290 1353 3360 agantur,
1376 3290 1405 3336 ut
1421 3284 1463 3338 ιιι
1483 3282 1626 3340 deficiente
1641 3285 1749 3356 spiritu,

99 3373 160 3441 ejus
187 3370 230 3441 pie
255 3382 287 3423 ιθ
312 3364 428 3421 fideliler
456 3362 540 3419 fueris
567 3361 693 3435 ffleclus,
715 3378 814 3434 10111115
836 3363 896 3433 elus
951 3369 995 3424 ιιι
1010 3369 1156 3444 languente
1172 3385 1287 3440 corpore
1308 3369 1459 3441 spiritualia
1478 3372 1663 3443 impediantur
1680 3393 1686 3429 z
1703 3375 1748 3447 qui

100 3461 258 3528 inanducas,
274 3463 301 3511 et
322 3455 482 3529 sanquinem
500 3452 581 3511 bibis.
606 3453 731 3523 Quandiu
747 3451 774 3506 in
790 3468 822 3508 eo
838 3469 895 3507 ma·
950 3457 990 3511 sic
1005 3466 1056 3526 est,
1068 3458 1176 3530 corpori
1188 3474 1237 3512 suo
1252 3458 1313 3512 tulit
1327 3457 1391 3513 boni
1405 3462 1496 3531 operis
1510 3460 1650 3531 elt‘ectum,
1666 3463 1747 3534 spiri·

98 3566 148 3605 nes
162 3563 212 3620 per
226 3560 360 3611 amorem,
376 3550 404 3598 ιι
417 3540 514 3614 ipsein
529 3548 555 3596 ιι
575 3556 625 3612 per
649 3538 802 3595 sanctitatis
812 3548 839 3595 ιι
852 3541 895 3611 ju·
949 3546 987 3601 tui
1012 3545 1151 3616 allectum,
1176 3546 1301 3618 proximo
1325 3547 1491 3619 exemplum,
1515 3548 1573 3604 Deo
1603 3550 1745 3615 honorem,

98 3637 178 3692 stitioe
192 3633 389 3704 operationem,
405 3631 433 3683 in
447 3633 508 3699 ejus
517 3645 631 3699 corpore
647 3638 673 3683 et
691 3628 819 3683 membris
833 3630 894 3698 ejus
950 3633 1101 3710 sacrilegus
1127 3644 1179 3700 ιιι,
1205 3642 1234 3690 ιι
1255 3635 1349 3690 horum
1374 3635 1496 3690 omnium
1519 3635 1547 3691 in
1567 3637 1655 3692 Deum
1674 3654 1745 3693 reus.

95 3722 272 3796 computaris.
948 3724 1009 3778 Non
1033 3723 1105 3794 quod
1130 3725 1280 3778 secundum
1299 3723 1420 3794 Apostoli
1439 3739 1551 3779 sensum
1576 3740 1631 3781 non
1656 3726 1747 3781 videa·

132 3819 176 3868 31.
193 3808 297 3865 Deinde
308 3805 390 3863 etiam
406 3807 488 3861 cortis
509 3804 591 3870 nuris,
614 3813 698 3860 ccltae
714 3804 825 3861 lecllfflli
845 3822 893 3861 va·
951 3821 993 3867 tur
1008 3812 1153 3866 humanum
1168 3813 1249 3867 etiarn
1268 3814 1329 3880 hoc,
1347 3821 1374 3867 et
1389 3829 1443 3868 non
1459 3813 1563 3880 deceat,
1579 3823 1608 3869 ιι
1623 3830 1677 3870 nou
1696 3817 1746 3869 de-

96 3901 213 3958 randum
230 3904 282 3952 est.
303 3894 423 3951 Fortuita
437 3893 509 3949 euim
523 3893 635 3949 etruria
661 3893 750 3963 leotio,
766 3901 794 3949 et
816 3894 893 3965 quasi
950 3903 1025 3969 beai,
1040 3908 1068 3954 et
1080 3901 1182 3971 justum
1197 3917 1251 3956 non
1267 3901 1302 3956 sii
1327 3911 1407 3973 eaput
1431 3902 1578 3974 aliquando
1601 3902 1695 3958 dolere
1719 3904 1746 3958 in

95 4006 162 4047 casu
176 3993 296 4058 reperta,
313 3998 367 4038 uon
381 3982 506 4048 aediticat,
535 3981 584 4036 sed
600 3982 687 4036 reddit
701 3983 820 4039 animum
848 3984 893 4037 in·
948 3989 1059 4044 servitio
1079 3989 1138 4055 bei,
1155 3991 1228 4060 quod
1248 3989 1312 4045 olim
1327 4006 1500 4063 saepeusque
1515 3992 1549 4045 ad
1565 3993 1688 4049 dolorem
1706 3993 1747 4048 la·

95 4077 239 4143 stabilem
254 4083 281 4130 et
296 4073 391 4130 leviter
407 4071 525 4127 admissa
540 4070 626 4127 larius
642 4070 743 4126 recedit
757 4086 773 4125 a
787 4087 892 4127 memo·
950 4077 1054 4135 berarii
1073 4077 1100 4132 iu
1120 4078 1240 4133 vanitate
1264 4078 1370 4149 saeculi3
1392 4079 1496 4134 esurire
1516 4088 1639 4135 uentrem
1662 4098 1747 4155 usque

95 4169 144 4225 ria.
161 4165 216 4222 Sed
230 4162 313 4219 certis
338 4160 452 4235 ingeniis
467 4158 669 4215 immorandum
685 4167 735 4227 eat,
753 4170 780 4215 et
793 4176 891 4216 assue-
948 4167 982 4221 ad
998 4166 1126 4238 rugitum,
1152 4166 1199 4238 qui
1220 4183 1294 4238 saepe
1318 4167 1439 4238 repletus
1454 4177 1495 4223 ιιι
1514 4184 1599 4241 usque
1613 4168 1695 4227 215
1710 4171 1746 4226 ad

94 4255 237 4315 faciendus
252 4262 293 4308 ιιι
313 4251 430 4307 animus·
447 4254 506 4318 Quo
529 4248 602 4304 euim
623 4248 719 4320 spiritu
744 4249 892 4321 Scriptura·
948 4257 1080 4312 vomitum
1098 4274 1104 4310 ι
1121 4259 1169 4312 ιιι
1185 4258 1281 4311 modus
1295 4257 1323 4310 in
1337 4258 1462 4312 omuibus
1478 4258 1617 4314 habendus
1632 4268 1684 4315 ιιι.
1699 4261 1746 4315 ιι·

94 4347 173 4403 iactae
187 4351 261 4410 sunt,
273 4357 306 4398 eo
317 4340 412 4413 spiritu
427 4338 482 4410 legi
495 4338 652 4394 desiderant
667 4356 673 4395 :
692 4338 751 4409 ipso
763 4338 844 4394 etiam
855 4340 892 4393 in·
949 4346 1098 4418 lligendum
1112 4353 1155 4402 est
1169 4362 1269 4417 corpus
1287 4345 1442 4417 aliquando,
1459 4347 1508 4401 sed
1523 4363 1578 4402 non
1599 4360 1745 4406 couteren-

95 4434 250 4511 telligendae
259 4430 479 4501 sunt.Nunquam
489 4427 652 4500 ingredieris
661 4427 689 4481 in
700 4444 811 4484 sensum
819 4431 890 4485 Pauli
949 4437 1024 4491 dum.
1040 4435 1109 4489 Nam
1126 4434 1277 4505 corporalis
1291 4432 1449 4489 exercitatio
1473 4435 1508 4489 ad
1527 4437 1663 4493 modicum
1688 4439 1745 4510 qui·

94 4526 182 4595 donec
196 4539 247 4580 usu
263 4523 341 4577 bonae
354 4517 512 4576 intentionis
528 4516 555 4570 in
572 4516 688 4572 lectione
703 4519 772 4587 ejus,
793 4527 821 4573 el
834 4528 890 4574 slu-
947 4522 1011 4579 dem
1026 4523 1108 4591 valet,
1124 4533 1152 4579 ιι
1168 4524 1255 4596 pietas
1269 4522 1303 4577 ad
1322 4521 1414 4578 omnia
1429 4522 1501 4578 utilis
1514 4534 1556 4579 est
1571 4527 1598 4596 (1
1616 4527 1686 4582 Tim.
1704 4543 1742 4596 ιι,

94 4618 139 4672 dio
159 4614 276 4669 assidua
291 4608 483 4677 meditationis,
507 4607 632 4680 spiritum
656 4607 716 4676 ejus
737 4608 889 4665 imbiberis.
946 4617 983 4686 it).
1003 4616 1117 4687 Propter
1126 4616 1199 4687 quod
1210 4621 1238 4670 ιι
1252 4614 1284 4669 ad
1300 4613 1446 4680 modicum,
1464 4614 1515 4668 boc
1524 4622 1566 4668 est
1578 4629 1632 4668 uon
1643 4615 1670 4669 in
1681 4631 1744 4671 oon-

94 4707 235 4775 Nunquam
258 4700 396 4773 intelliges
415 4696 512 4764 David,
537 4697 624 4752 donec
646 4697 705 4768 ipsa
723 4698 891 4769 experientia
944 4703 1130 4774 cupiscentiis,
1158 4702 1206 4757 sed
1231 4711 1321 4756 tamen
1350 4715 1417 4756 cura
1444 4703 1534 4756 caruis
1553 4701 1659 4772 agenda
1688 4715 1741 4760 ιιι.

94 4795 168 4868 ipsos
183 4789 350 4845 Psalnioruur
366 4786 481 4842 allectus
504 4784 638 4841 indueris.
658 4787 755 4858 Sicqne
771 4789 805 4842 dc
826 4788 889 4842 reli·
944 4793 1059 4864 Agenda
1074 4809 1138 4849 vero
1163 4799 1204 4847 est
1218 4792 1318 4858 sobrie,
1333 4805 1395 4846 cum
1418 4790 1551 4860 spirituali
1565 4792 1681 4862 quadam
1697 4794 1740 4847 di·

94 4883 163 4956 quis.
180 4881 214 4936 Et
238 4875 354 4936 inomni
373 4875 508 4946 scriptura
525 4880 627 4930 tantum
641 4875 724 4930 distat
741 4875 860 4931 studium
875 4892 890 4931 a
944 4881 1070 4952 sciplina,
1087 4891 1116 4936 ut
1131 4881 1257 4953 nequein
1272 4880 1353 4936 modo
1369 4882 1438 4951 ejus,
1455 4896 1544 4950 neque
1558 4881 1584 4935 in
1600 4883 1740 4953 qualitate,

94 4972 220 5040 lectione,
236 4974 366 5041 quantum
386 4963 504 5019 amicitia
518 4963 553 5017 ab
570 4963 697 5034 hospitio,
722 4963 832 5020 socialis
844 4964 889 5020 ai-
944 4985 1034 5042 noque
1048 4969 1076 5022 in
1090 4969 1240 5042 quantitate
1255 4976 1386 5041 appareat
1401 4968 1512 5041 aliquid,
1530 4970 1601 5041 quod
1625 4987 1680 5027 uon
1694 4972 1741 5028 de

95 5062 206 5118 lectioa
226 5056 334 5115 lbrtuita
355 5053 528 5110 salutatione.
554 5051 609 5108 Sed
624 5058 652 5108 ιι
679 5051 713 5106 de
733 5053 889 5125 quotidiana
943 5068 1004 5114 ceat
1017 5074 1126 5114 servum
1140 5059 1200 5116 Dei.
1216 5059 1263 5114 Eis
1279 5059 1350 5113 enim
1370 5073 1431 5131 quae
1445 5059 1588 5114 inhonesta
1604 5069 1667 5116 suni
1686 5079 1739 5119 uo·

92 5150 210 5206 lectione
220 5145 323 5222 aliquid
339 5143 461 5218 quotidie
484 5145 512 5198 iu
531 5152 653 5199 ventrem
680 5141 818 5196 memoriae
837 5142 887 5197 de·
943 5156 1009 5213 stra,
1028 5148 1254 5204 abundantiorem
1265 5151 1398 5204 honorem
1409 5147 1578 5204 circumdare
1593 5150 1737 5207 debemus.

94 5238 255 5318 mittendum
269 5243 322 5306 est,
338 5234 410 5307 quod
435 5231 541 5289 tidelius
566 5231 714 5304 digeratur,
730 5237 757 5284 et
781 5245 888 5286 sursum
944 5237 1061 5291 Honesta
1085 5252 1150 5294 vero
1172 5246 1264 5294 nostra
1287 5237 1385 5293 nullius
1404 5243 1486 5308 egent
1499 5238 1526 5307 ιι
1541 5239 1603 5294 Cor.
1624 5255 1675 5308 xn,
1691 5245 1736 5308 aa,

94 5333 254 5382 resecatum
268 5326 392 5380 crebrius
411 5323 563 5379 ruminetur
573 5321 660 5394 ;quod
674 5319 814 5394 proposito
823 5335 888 5376 con·
944 5326 1000 5398 ιι).
1015 5325 1076 5383 Non
1091 5327 1180 5385 solum
1194 5335 1287 5384 autem
1297 5329 1361 5395 hoc,
1376 5325 1423 5382 sed
1435 5334 1462 5381 ιι
1476 5340 1586 5381 omnem
1600 5329 1682 5385 vitam
1691 5347 1738 5387 no

95 5414 197 5483 ιιιιιιιι,
214 5413 288 5487 quod
298 5413 440 5469 intentioni
453 5409 586 5484 proficiat,
602 5412 674 5483 quod
692 5410 811 5467 ‹tedneat
828 5410 886 5465 ani·
942 5424 1040 5483 stram,
1053 5416 1176 5488 quamvis
1186 5415 1340 5472 bominibus
1354 5415 1499 5479 occultam,
1509 5414 1640 5474 exhibere
1650 5417 1736 5476 debe.
