3706 5962
68 256 123 318 tta
611 247 804 312 ustulatus
824 248 866 308 Dii
883 247 960 309 JESU
979 248 1158 310 nunbuurtt.
1662 251 1718 312 85ss

67 379 237 450 Apostolum,
255 377 309 436 imo
323 377 455 450 Spiritum
473 377 523 435 Dei
537 378 564 435 in
576 379 720 452 apostolo,
736 377 782 451 qui
797 393 859 434 cum
874 391 901 473 ss
915 375 998 433 scitur
1016 376 1112 432 mortis
1129 375 1224 433 vicinas
1250 389 1372 434 :nouum
1386 373 1588 433 introducturus
1622 391 1716 433 exem·

67 486 175 524 summa
184 469 328 524 verborum
338 468 462 524 libertate
472 465 859 543 magissccuraeambiguitati,
918 466 1002 537 plum,
1036 465 1122 535 aperit
1151 465 1317 521 latitudinem
1357 463 1503 533 charitatis,
1534 471 1563 520 et
1584 462 1715 536 apertiori

66 573 148 629 qnam
163 557 325 628 periculosas
334 555 484 612 definitioni
499 557 550 612 ista
569 557 713 614 committit
730 573 737 610 ε
754 559 821 614 Sine
832 556 865 611 ier
919 570 1016 629 campo
1038 555 1166 612 terminos
1190 556 1293 612 traditae
1313 555 1383 628 legis
1403 553 1557 625 amplificat,
1575 555 1633 624 iam
1661 570 1715 612 non

66 662 193 719 corpore,
204 646 301 716 inquit,
317 650 466 703 siueestro
480 655 592 719 corpur,
602 647 709 717 nascio,
719 648 791 702 Deus
809 645 865 702 ecit
920 645 1008 700 solum
1027 644 1128 701 amicus
1141 643 1246 714 amieis,
1268 644 1316 700 sed
1330 642 1423 712 velint,
1438 642 1535 708 nolint,
1550 643 1653 699 amicus
1666 656 1716 713 pa·

66 734 179 803 tllCor.
196 748 247 789 xri.
270 737 297 799 Ξ,
313 733 352 804 3).
373 734 530 790 Exclamant
548 734 639 790 statim
661 734 782 790 clamore
797 734 864 789 hor·
920 732 986 788 riter
999 732 1122 791 inimicis.
1138 735 1234 804 Peter,
1248 732 1343 806 inquit,
1359 733 1469 805 ipnosoe
1482 732 1551 797 illis,
1580 732 1648 804 quio
1668 746 1718 788 ne-

66 820 149 888 ribili,
164 828 304 877 continent
318 838 396 877 aures
406 836 479 890 suas,
494 833 521 879 et
535 837 580 877 eas
595 823 740 879 obstruunt
751 819 865 886 veritati,
921 823 1019 880 sciunt
1033 823 1099 895 qnid
1108 823 1222 894 sociant
1232 823 1309 894 (Lac.
1320 836 1405 884 xxiii,
1421 819 1545 891 etymon
1560 819 1715 890 potuitesse

64 912 204 982 impetum
218 913 332 982 sociaret
346 912 525 970 unanimiter
535 913 566 966 in
577 927 653 978 eum,
669 910 731 966 lacti
745 909 825 966 amici
838 910 866 966 in
922 909 1046 968 inefficax
1062 912 1146 968 orabo
1157 910 1315 977 morientis;
1332 909 1404 966 nuda
1427 916 1453 965 et
1468 907 1641 965 inimicorum
1660 923 1715 964 nu-

64 1007 152 1055 morte
165 998 294 1057 iDiuszct
305 999 450 1071 ejicientes
459 1016 525 1057 eum
535 1003 620 1057 extre
629 1001 772 1059 civitatem
793 1000 866 1072 lapi·
922 999 1064 1058 morositas
1075 999 1108 1055 ad
1128 1016 1270 1057 numerum
1286 999 1434 1056 amicorum
1449 997 1584 1053 transivit.

64 1087 181 1168 want.
199 1088 313 1157 Ejioitur
327 1097 426 1158 martyr
440 1100 516 1146 extra
532 1089 667 1148 ciuitatem
691 1090 866 1161 sanguinum,
956 1090 983 1143 t.
1004 1089 1073 1145 Vide
1099 1104 1178 1161 quam
1204 1095 1278 1147 recto
1298 1103 1381 1143 cursu
1405 1085 1560 1157 Stephanus
1586 1083 1637 1140 etsi
1660 1099 1715 1140 uon

62 1176 92 1230 ¹n
105 1191 158 1247 qus
171 1175 246 1246 prius
255 1176 361 1246 justitia
382 1173 520 1247 habitavit,
544 1195 617 1235 nuno
630 1187 721 1235 autem
749 1177 866 1235 bomini·
921 1186 1019 1249 aequat,
1035 1179 1161 1249 sequitur
1174 1184 1263 1232 tamen
1291 1177 1510 1245 Redemptorem.
1534 1172 1615 1228 Volat
1629 1188 1712 1232 saxo·

63 1264 171 1320 diazde
185 1263 311 1334 quadicit
325 1273 445 1332 sanctus,
460 1268 597 1336 moniam
615 1267 672 1326 uidi
681 1268 866 1340 iniquitatem
920 1281 980 1321 rum
998 1266 1094 1331 imber,
1128 1272 1155 1320 et
1169 1263 1324 1320 fortissimis
1342 1262 1495 1320 invidorum
1511 1259 1637 1317 manibus
1652 1258 1712 1316 loca

62 1355 92 1410 et
99 1351 353 1411 contradictionem
362 1354 394 1410 in
407 1354 535 1412 civitate.
548 1355 611 1411 llaec
619 1364 661 1413 ast
669 1355 772 1424 deitas,
784 1371 865 1428 quern
920 1354 1060 1410 vulnerum
1075 1353 1247 1426 duplicantur
1262 1371 1269 1409 ε
1286 1352 1334 1408 scd
1350 1351 1483 1422 patienter
1511 1350 1613 1423 patitur
1629 1363 1713 1405 corn-

63 1439 111 1498 dc'e
121 1455 153 1496 cc
168 1446 250 1500 nocte
264 1443 423 1499 circumdet
437 1443 625 1515 impulisset
637 1443 714 1502 labor
727 1444 760 1499 in
773 1442 866 1502 medio
920 1453 998 1500 natus
1011 1453 1113 1512 noster,
1133 1444 1167 1499 de
1185 1457 1286 1499 corona
1300 1440 1416 1497 nominis
1438 1440 1473 1496 ad
1487 1455 1612 1497 coronam
1637 1438 1713 1512 regi-

62 1530 416 1604 ey'usetinjnstitinll'ml.
426 1544 482 1586 niv.
495 1535 538 1598 to,
551 1532 606 1605 tt).
618 1532 718 1590 Civitas
727 1531 865 1589 castellum
919 1530 1000 1586 minis
1036 1528 1246 1587 transferendus.
1281 1528 1374 1586 Nescit
1401 1526 1528 1585 allectum
1556 1526 1656 1593 carnis,
1685 1532 1714 1583 et

64 1617 218 1687 despective
232 1625 339 1686 vocam,
359 1619 432 1690 quod
446 1627 540 1675 contra
559 1620 697 1693 apostolos
711 1628 739 1676 et
755 1631 866 1692 aposto·
921 1621 1015 1676 mortis
1032 1621 1126 1676 liorem
1140 1619 1256 1690 ignorat
1269 1620 1303 1675 Et
1317 1618 1378 1675 rme
1393 1618 1458 1690 qnid
1468 1615 1601 1673 deliberet
1615 1614 1713 1670 incien-
1751 1611 1754 1615 ’

62 1703 154 1760 lorum
183 1705 326 1762 Dominum
342 1705 493 1762 durissimis
506 1706 671 1765 infidelitatis
685 1708 806 1766 uectibus
826 1717 868 1768 est
919 1711 993 1765 dum.
1008 1710 1119 1775 Positis,
1136 1708 1184 1774 ait,
1202 1707 1317 1780 panibus
1340 1706 1476 1763 clamauit
1504 1721 1567 1762 voce
1586 1715 1711 1777 mopso:

64 1792 219 1849 munitum.
248 1795 332 1849 Extra
369 1802 473 1866 portam
506 1795 619 1853 civitatis
650 1797 730 1868 hujus
771 1814 869 1869 pasena
919 1801 1047 1867 Domina,
1063 1813 1099 1855 rte
1113 1796 1296 1854 statuarillia
1311 1791 1715 1868 bocpecoutum.Clamntroce

64 1887 107 1936 est
121 1881 265 1953 Dominus,
282 1893 360 1938 extra
380 1899 440 1940 eam
454 1883 591 1956 lapidatur
602 1901 699 1943 seruus
713 1885 807 1944 exiens
833 1888 866 1943 ad
920 1890 1100 1965 magnu,quia
1115 1903 1214 1962 magna
1223 1885 1462 1959 utiqueelraritate.
1475 1886 1576 1943 Positis
1586 1882 1713 1956 penam,

63 1983 128 2023 enm
146 1977 223 2025 extra
248 1980 348 2040 castra,
364 1980 391 2027 et
408 1982 523 2044 portans
537 1974 743 2031 similitudinem
761 1975 868 2047 impro·
919 1981 982 2052 quia
997 1994 1059 2035 uera
1072 1987 1099 2034 et
1112 1977 1207 2033 humili
1221 1974 1392 2048 simplicitate
1407 1990 1456 2046 pro
1469 1989 1500 2030 ae
1514 1988 1596 2030 orans
1609 1979 1664 2028 atat
1687 1975 1715 2026 et

63 2057 133 2127 perii
157 2059 229 2128 ejus.
249 2060 427 2131 Deponuntur
445 2063 603 2119 vestimenta
618 2063 743 2136 martyris
767 2066 803 2120 ad
817 2082 867 2136 pe·
920 2068 1050 2141 erigitur3
1066 2081 1117 2138 pro
1132 2064 1312 2137 lapidantibus
1329 2063 1415 2120 tlectit
1433 2077 1534 2136 genua.
1550 2060 1619 2130 Quis
1634 2058 1715 2116 audi·

63 2146 112 2200 des
141 2147 345 2217 persecutoris,
362 2149 814 2220 quiattsctusnerarnmaestium
839 2161 867 2212 ct
919 2157 958 2213 vit
973 2172 1089 2228 unquam
1104 2149 1715 2225 tale‘letquisuiditboicsimileiPlusdo-

64 2231 233 2289 orationibus
248 2235 384 2307 lapidandi
399 2235 487 2293 tuerat
501 2238 710 2294 convertendus.
919 2246 956 2302 let
969 2243 1190 2320 persequentium
1205 2248 1354 2313 peccatum,
1371 2255 1453 2311 quam
1467 2254 1517 2294 sua
1529 2237 1638 2292 uulnera
1653 2253 1660 2290 ε
1680 2234 1717 2299 il·

98 2324 126 2376 6.
133 2323 171 2376 st
179 2322 355 2395 lapidadant,
367 2325 462 2396 inquit,
470 2327 646 2399 Stephanum
655 2330 866 2388 innocentemet
920 2340 1007 2394 lorum
1021 2333 1197 2406 iniquitatem,
1212 2346 1294 2402 quam
1305 2344 1381 2385 suam
1396 2336 1521 2384 mortem.
1536 2329 1569 2382 lit
1582 2342 1648 2383 cum
1663 2325 1714 2383 ltus·

62 2408 202 2467 ‘15⁶0an
225 2413 369 2469 :Domine
396 2415 472 2479 lesu,
491 2416 587 2488 accipe
606 2419 744 2489 spiritum
759 2436 865 2478 meum
918 2429 1047 2496 dixisset,
1057 2406 1222 2481 obdormivit
1236 2420 1267 2475 in
1278 2419 1408 2475 Domino.
1424 2416 1498 2472 Felix
1518 2430 1631 2471 mmnns
1652 2429 1715 2471 omn

63 2498 181 2553 Currunt
204 2498 243 2555 illi
264 2500 299 2554 ad
326 2498 438 2570 lapides,
461 2511 488 2557 et
510 2501 602 2559 illaad
624 2521 729 2575 preces.
748 2507 865 2580 Lapides
918 2514 1024 2588 requie,
1039 2512 1147 2585 requies
1167 2525 1227 2566 cum
1242 2509 1389 2579 uolnptate,
1406 2505 1531 2579 uoluptas
1549 2519 1611 2560 eum
1630 2502 1715 2560 satie·

64 2587 183 2658 lapidem
198 2589 359 2660 percutiunt,
374 2590 420 2645 sed
435 2590 556 2661 lapidem
571 2593 732 2664 molliorem,
760 2598 794 2651 de
809 2613 864 2670 quo
918 2614 981 2669 tate,
996 2602 1104 2658 mtietas
1126 2614 1187 2656 cum
1207 2596 1359 2661 securitate,
1373 2593 1505 2650 securitas
1527 2607 1591 2648 cum
1604 2589 1714 2647 oetmni·

61 2674 121 2729 fluit
135 2676 225 2732 oleum
245 2676 392 2744 charitatis,
406 2686 433 2733 ct
467 2680 579 2738 tinnitus
602 2683 723 2744 redditur
738 2684 856 2756 pietatIs.
913 2696 977 2762 pate,
999 2689 1179 2752 oederenina't,
1200 2685 1296 2756 inquit,
1321 2687 1353 2741 in
1376 2683 1668 2753 nominenominee
1686 2679 1715 2736 in

61 2766 180 2821 Domine
193 2767 268 2835 leae,
285 2766 380 2838 inquit,
396 2772 552 2827 nestntnas
562 2770 622 2828 attis
637 2772 687 2829 boc
696 2778 855 2846 peccatum.
912 2781 1043 2843 claritatis
1061 2779 1200 2848 abyssum,
1217 2781 1245 2830 et
1269 2773 1337 2827 inter
1359 2771 1411 2827 Dei
1425 2770 1467 2826 sni
1483 2769 1591 2825 brachie
1610 2768 1716 2839 requie·

61 2855 150 2923 Rogat
164 2855 303 2924 suscipere
321 2855 446 2926 spiritum
459 2872 550 2925 suum,
564 2860 687 2931 spiritum
703 2861 807 2935 utique,
830 2869 858 2920 et
912 2888 1002 2929 scens.
1027 2865 1142 2930 sedebat
1169 2878 1185 2917 a
1207 2860 1310 2917 dextris
1328 2859 1378 2914 Dei
1403 2857 1533 2914 Dominus
1556 2857 1645 2921 lesus,
1666 2852 1715 2909 aad

60 2950 214 2998 sanctum:
240 2944 316 2999 illum
343 2962 424 3015 quem
451 2948 590 3020 signanter
617 2951 693 3022 quasi
720 2953 857 3021 quoddam
911 2960 999 3030 primo
1022 2951 1132 3025 martyri
1146 2957 1294 3022 martyrum
1318 2954 1409 3019 caput.
1431 2943 1558 3001 Decolitis
1581 2943 1654 3014 quod
1668 2940 1714 2996 illa

61 3031 232 3103 signaculum
252 3031 400 3102 Apostolus
414 3036 442 3089 in
471 3037 581 3094 horisius
603 3039 725 3110 praecipit
739 3055 855 3097 conser-
910 3044 1039 3104 Ecclesiae
1054 3042 1148 3113 lingna
1162 3035 1358 3114 (augustinum
1373 3032 1482 3106 loquor)
1496 3035 1531 3088 de
1551 3033 1603 3088 boc
1617 3038 1716 3104 marty·

58 3119 130 3177 vari.
140 3122 173 3179 Ut
180 3122 296 3193 inteper,
307 3122 404 3194 inquit,
414 3127 513 3182 enimn
520 3130 549 3182 et
558 3126 818 3203 sparteuseteorpas
825 3133 856 3188 tn
911 3152 941 3194 ra
954 3132 1076 3199 senserit,
1092 3145 1174 3203 quem
1189 3137 1250 3199 post
1265 3134 1380 3183 mortem
1389 3131 1491 3194 septem
1503 3130 1623 3177 mortuos
1642 3135 1715 3177 asse·

60 3207 109 3267 die
120 3212 231 3267 Domini
245 3213 307 3267 aine
317 3215 431 3283 querele
447 3219 574 3271 seruetur
587 3217 614 3285 (l
630 3218 746 3284 Theseu,
763 3219 856 3290 adpo
911 3225 948 3281 rit
960 3221 1114 3280 suscitasse.
1126 3218 1175 3274 Eia
1185 3232 1243 3282 vos,
1260 3213 1307 3286 qui
1322 3211 1420 3270 levitali
1434 3211 1530 3267 ordine
1544 3208 1714 3283 praefulgetis

58 3306 160 3369 quante
174 3298 268 3370 pietas,
280 3309 398 3371 quantus
407 3300 530 3372 allectus,
540 3310 569 3358 et
582 3305 775 3362 ardentissimae
794 3309 858 3363 oha-
911 3319 1015 3368 cantate
1036 3308 1100 3365 huic
1117 3305 1249 3363 canticum
1278 3317 1392 3364 norum,
1409 3308 1435 3353 et
1462 3303 1541 3352 tantae
1573 3295 1712 3353 festivitati

60 3386 149 3442 sitatis
163 3386 321 3460 integritasl
353 3389 436 3446 Recte
463 3391 584 3463 martyrii
605 3393 701 3448 florem
728 3393 779 3450 iste
806 3396 858 3451 sibi
912 3397 1016 3454 lestinis
1035 3394 1147 3450 vocibus
1161 3392 1331 3447 inclamante.
1346 3383 1479 3443 Fortassis
1493 3383 1711 3449 concinentibus,

58 3475 255 3546 praevindicat,
271 3477 297 3531 in
312 3491 365 3548 quo
381 3477 528 3535 similitudo
547 3480 656 3535 Domini
672 3481 814 3550 pendentia
830 3483 857 3539 in
911 3485 993 3543 etiam
1010 3489 1139 3557 suggeret
1152 3481 1187 3533 de
1210 3477 1290 3535 vobis
1303 3474 1419 3532 Domino
1437 3487 1487 3527 suo
1509 3471 1595 3527 ludici
1609 3478 1710 3538 uestro,

59 3578 141 3620 cruce
164 3564 331 3622 mirabilibus
354 3566 478 3623 formulis
500 3576 541 3623 est
568 3568 714 3641 impresse.
737 3572 766 3627 ln
782 3571 856 3644 ligno
912 3589 947 3629 ne
968 3580 1066 3627 statuat
1080 3569 1134 3625 illis
1166 3565 1266 3638 aliquid
1280 3566 1314 3620 ad
1330 3568 1479 3634 peccatum,
1498 3559 1544 3635 qui
1572 3572 1614 3616 est
1637 3561 1712 3616 Deus

60 3654 136 3710 enim
148 3655 239 3725 spinis
254 3664 409 3722 coronatus,
425 3655 518 3713 lancea
536 3657 695 3728 confossus,-
712 3662 785 3716 cruoi
814 3659 857 3716 ol·
912 3660 1069 3718 benedictus
1083 3659 1111 3714 in
1126 3658 1236 3714 saecula.
1248 3655 1348 3711 Amen.

59 3741 145 3811 fixus,
166 3742 317 3800 dissimulat
331 3745 407 3801 illum
430 3746 543 3803 unicum
566 3745 699 3817 dolorem,
715 3755 743 3804 et
758 3749 857 3806 oblisi-

400 4039 483 4099 w
534 4059 773 4151 AELREDl
807 4061 1034 4153 ABBA'DS
1062 4057 1350 4153 DIEVALLlS

434 4221 670 4287 reinnerus
695 4225 746 4288 nn
767 4226 860 4290 insu
879 4225 1011 4292 nonno
1033 4225 1233 4291 ononnnut
1256 4220 1336 4308 (aa).

126 4387 158 4441 ln
173 4386 356 4457 bonocellum
371 4387 484 4444 Dareine¹
493 4387 572 4458 infre
586 4389 715 4445 octavam
723 4387 901 4462 Epiphaniae,
915 4411 927 4439 ι
950 4390 1020 4446 Cam
1029 4391 1123 4460 sectus
1142 4391 1213 4446 asset
1228 4389 1307 4444 tesca
1317 4401 1461 4442 neaeram
1471 4385 1618 4440 duodecim
1638 4402 1651 4433 s

790 4483 867 4555 linc.
882 4499 913 4554 tt,
928 4482 984 4557 42).

101 4722 127 4772 l.
151 4715 223 4772 Petis
245 4704 268 4771 a'
285 4732 339 4784 ma,
360 4716 397 4773 lili
425 4717 592 4791 charissime,
609 4724 741 4791 quotenus
763 4733 795 4776 ex
818 4718 859 4773 le·
873 4741 898 4819 n
914 4716 1054 4786 senserim,
1080 4714 1144 4790 quid
1168 4714 1195 4770 in
1214 4729 1259 4770 me
1284 4712 1344 4786 ipso
1360 4714 1515 4787 evangelica
1535 4715 1619 4772 verba
1635 4729 1707 4772 non-

64 4805 154 4863 ctione
169 4805 333 4878 evangelica,
348 4823 402 4879 qua
428 4807 582 4865 duodennis
596 4807 671 4881 pueri
697 4808 763 4864 lesu
784 4815 861 4881 gesta
914 4821 1054 4879 nunquam
1067 4806 1183 4879 egerint,
1197 4804 1241 4862 uel
1256 4820 1318 4861 oum
1333 4804 1497 4877 legerentur,
1513 4805 1554 4864 uel
1570 4821 1632 4862 cum
1646 4819 1712 4862 can·

65 4907 218 4965 namantnr,
234 4894 323 4966 aliqum
338 4895 389 4967 pias
403 4895 584 4952 meditationis
599 4905 626 4952 et
640 4898 740 4954 sanctis
762 4897 862 4954 amoris
916 4903 1047 4953 tarentur.
1077 4894 1194 4965 Respexi
1222 4894 1318 4963 miser,
1350 4893 1466 4966 respexi,
1496 4904 1522 4952 et
1549 4894 1603 4951 ridi
1629 4909 1710 4967 qnam

65 4983 172 5039 eliciam
187 4983 300 5051 semina,
312 4992 339 5038 et
353 4986 481 5056 sportulis
496 4984 647 5041 litterarum
670 4987 862 5043 commendans
917 4986 998 5058 longe
1015 4994 1075 5058 post
1088 4994 1193 5056 tergum
1206 4999 1294 5039 meum
1310 4983 1355 5040 illa
1372 4982 1466 5040 suavia
1486 4992 1513 5040 et
1523 4983 1644 5053 jucunda
1662 4997 1711 5037 re-

65 5071 116 5126 tibi
130 5072 287 5144 colligenda
314 5075 502 5131 transmittam.
517 5072 616 5130 Adbuc
631 5074 740 5130 nuntius
754 5075 807 5130 ista
821 5073 863 5129 lo·
917 5073 1039 5146 liquerim
1056 5088 1155 5146 :quam
1169 5072 1250 5146 longe
1265 5075 1298 5129 ab
1313 5073 1356 5128 his
1370 5073 1476 5129 deliciis
1500 5071 1712 5143 occupationum

64 5163 215 5234 qoebatur3
243 5173 270 5218 et
296 5177 358 5218 ecce
386 5163 459 5219 sensi
486 5163 513 5217 in
535 5163 602 5234 ipsis
617 5162 743 5219 medullis
771 5162 861 5220 cordis
916 5167 944 5218 et
968 5162 1177 5220 sollicitudinum
1192 5177 1236 5217 me
1264 5161 1344 5217 lunas
1358 5161 1559 5228 abstraxerint;
1587 5161 1655 5218 adeo
1683 5167 1712 5218 ut

66 5250 129 5319 mei,
145 5259 300 5324 exquanto,
317 5268 349 5307 ex
364 5253 448 5324 quali,
463 5267 587 5325 ecquam
601 5251 714 5320 amenti,
730 5267 763 5308 ex
782 5266 863 5324 quam
916 5267 977 5325 qum
1004 5258 1069 5308 tono
1092 5261 1201 5322 tangere
1216 5250 1325 5306 nolebat
1349 5249 1437 5305 anima
1464 5266 1535 5319 mea,
1565 5266 1637 5307 nunc
1657 5265 1712 5321 prm

67 5338 142 5396 dulci
158 5348 202 5396 tua
219 5339 245 5394 id
261 5341 426 5397 Fraternitas
440 5341 548 5414 potebat
561 5339 660 5396 ellectu
676 5354 757 5397 :cum
771 5339 863 5396 subito
919 5340 1042 5413 augustia
1055 5338 1110 5396 eibi
1125 5336 1176 5394 mei
1187 5340 1251 5393 sint.
1267 5338 1331 5394 llaec
1344 5339 1502 5396 recordatus
1516 5355 1586 5406 sum,
1598 5338 1713 5394 etellndi

67 5428 134 5486 mibi
148 5429 265 5487 venitin
293 5439 411 5490 mentem
440 5431 486 5488 nbi
508 5430 654 5503 aliquando
668 5428 776 5498 luerim,
799 5428 865 5503 qnid
920 5426 949 5485 in
972 5427 1144 5483 meanimam
1170 5441 1273 5492 nieam3
1290 5441 1352 5482 eum
1367 5423 1465 5483 emissa
1489 5424 1524 5482 ad
1542 5443 1586 5485 me
1614 5442 1713 5485 manua

106 5552 166 5628 (51)
191 5555 287 5614 Exstat
299 5555 328 5614 in
355 5565 429 5616 tomo
456 5556 518 5615 Xlll
532 5553 706 5615 autumna
736 5553 864 5614 Veterum
876 5553 998 5621 romu,
1012 5549 1069 5608 suit
1082 5548 1182 5609 Galum
