3706 5962
144 215 210 301 sri'

804 236 961 300 domnini
984 237 1136 300 deestis
1178 244 1181 250 '

1738 236 1819 311 ars-³

144 372 246 441 egeant
257 365 343 438 pratia
356 363 418 420 Dei.
433 363 575 432 AEstimas,
599 379 615 420 o
638 363 729 430 homo,
754 365 817 438 qnia
840 381 937 437 perso·
952 380 976 460 Α
989 364 1110 421 retinent
1124 371 1153 420 et
1166 363 1259 420 amicis
1278 363 1350 435 quod
1369 363 1531 434 abjiciunta
1553 362 1719 434 semetipsis,
1740 380 1790 436 pro

143 469 240 512 narum
266 451 388 523 acceptio
416 452 450 507 sit
478 449 550 525 apud
578 452 675 517 Deum,
705 460 733 509 et
761 468 813 509 non
842 468 938 509 omnes
990 468 1084 510 eorum
1100 451 1279 523 prosperitate
1299 452 1433 524 prasenti.
1458 450 1530 506 inani
1552 466 1666 521 prorsus
1690 457 1719 508 et
1734 468 1788 510 sae·

143 541 236 599 omnia
258 540 444 615 relinquentes
469 547 522 595 tam
546 540 658 612 copiose
682 540 856 598 consoletur?
877 541 937 598 Noli

95 621 100 628 ¹
143 646 205 688 csse
232 627 398 693 incredulus,
424 628 629 703 acquiesceret
654 629 776 698 Veritati,
798 629 833 685 de
861 630 937 699 cnjus

143 717 298 776 testimonio
313 717 379 773 nulli
392 716 457 774 licet
470 717 595 774 dubitare
611 717 700 774 ildeli:
716 721 752 774 ut
772 718 876 784 omnis,
896 718 937 772 in-

143 807 211 882 quit,
227 806 275 881 qai
289 806 438 880 reliquerit
454 809 577 878 petrem,
600 810 652 862 aot
667 810 799 872 matrem,
815 810 869 863 cut
887 806 937 862 do-

142 912 232 962 mam,
248 902 300 952 out
313 911 395 968 apros
406 898 524 969 propter
536 911 637 953 acmen
651 912 754 961 ineam,
771 897 937 968 centuplum

142 984 266 1058 accipiet
280 983 391 1056 (satit.
416 998 479 1049 xxx,
503 985 558 1051 lb).
582 983 724 1039 Neminem
749 984 868 1038 Christus
890 999 936 1039 ex·

142 1072 218 1144 cipit.
233 1069 325 1127 Miseri
339 1071 422 1143 igitur
435 1070 481 1142 qni
497 1069 599 1136 dieunt,
613 1072 717 1129 Praeter
736 1088 799 1142 nos3
821 1072 866 1143 qui
885 1087 935 1127 ex·

57 1170 63 1189 ¹
140 1158 254 1218 cludunt
276 1159 438 1231 semetipsos
465 1166 493 1214 et
521 1158 697 1229 excipiente
725 1158 857 1215 beneficio
884 1176 937 1233 ge·

141 1248 238 1306 nersli.
252 1247 384 1304 Nimirum
402 1247 529 1320 indignos
553 1263 583 1302 se
604 1247 728 1316 judicant
747 1248 830 1304 multo
849 1248 936 1321 magis

140 1323 204 1394 vita
229 1344 349 1402 eternas,
375 1334 422 1409 qui
450 1351 501 1391 nec
527 1336 615 1408 ipsum
643 1335 753 1409 quidem
781 1336 934 1408 centuplum

139 1431 262 1497 sperant.
290 1424 344 1479 Sed
368 1423 432 1496 quia
452 1424 526 1480 Deus
549 1439 631 1478 verax
658 1431 698 1479 est
725 1424 770 1490 qni
793 1424 934 1497 promittit,

139 1512 222 1569 homo
236 1509 328 1584 itaque
343 1510 461 1567 mendax
474 1519 515 1567 est
529 1511 575 1585 qni
590 1510 699 1567 diffidit.

138 1597 232 1661 8⁰0
241 1599 391 1659 tlt-be
407 1600 451 1657 bis
467 1601 515 1673 qui
525 1600 657 1658 uidentur
670 1604 767 1657 omnia
776 1601 933 1674 reliquisse,

355 1704 407 1746 ricc
425 1691 591 1761 centuplum
607 1688 721 1746 babent.

175 1779 219 1833 oo.
233 1775 271 1832 Et
280 1779 372 1836 omnir
385 1777 434 1851 qui
445 1775 592 1850 reliquerit
604 1780 727 1849 patrem,
740 1782 790 1833 unt
801 1782 934 1842 matrem,

137 1869 191 1924 cat
209 1866 335 1936 domam,
345 1870 395 1922 cat
410 1882 489 1937 aqros
504 1870 619 1938 propter
633 1882 734 1924 nomen
749 1883 853 1930 mcum,
870 1882 935 1922 cers-v

141 1955 254 2029 triplam
268 1954 400 2027 accipiet,
415 1955 541 2011 civitam
557 1958 694 2010 eternam
706 1955 870 2026 possidebit.
887 1955 935 2009 Fa-

990 539 1075 597 culari
1094 539 1272 597 sollicitudine
1296 547 1457 607 aestuantem
1482 538 1606 595 crudeles
1630 539 1721 610 plane,
1742 529 1791 614 qui

990 645 1161 703 nequaquam
1178 629 1315 700 proximos
1330 628 1443 704 diligant
1467 635 1595 699 tanquam
1614 643 1661 684 se:
1682 629 1788 687 crude—

991 717 1046 781 les,
1069 718 1193 792 inquam,
1218 717 1261 773 vel
1284 717 1311 771 in
1334 733 1377 784 se,
1401 716 1445 772 rel
1468 716 1496 770 in
1520 732 1599 781 suos:
1620 716 1688 787 imo,
1715 719 1788 791 quod

991 806 1082 864 verius
1104 818 1157 874 est,
1178 806 1205 860 in
1229 812 1369 879 utrosque.
1397 806 1482 861 Nemo
1505 821 1582 877 ergo,
1606 821 1667 862 oum
1691 822 1722 862 se
1744 808 1788 863 ri-

991 894 1038 951 det
1060 911 1115 950 non
1136 896 1227 951 omnia
1257 893 1415 966 reliquisse,
1444 894 1600 966 centuplum
1629 909 1683 951 non
1710 911 1787 952 acoe-

990 983 1064 1056 pisse
1078 983 1200 1039 miretur.
1665 1024 1668 1029 ,

989 1073 1044 1130 lv.
1056 1104 1090 1112 —
1099 1072 1175 1143 Quod
1189 1073 1296 1130 coebsti
1309 1071 1503 1130 consolatione
1518 1089 1547 1129 se
1558 1073 1676 1144 priserit
1685 1074 1733 1145 qui
1741 1089 1786 1128 re·

1151 1161 1232 1217 sitire
1247 1160 1347 1233 parati
1362 1164 1431 1215 suot
1446 1158 1482 1214 ad
1501 1164 1625 1218 terrena.

1026 1253 1070 1304 bb.
1101 1249 1223 1305 Pretiosa
1253 1249 1389 1321 siqnidem
1417 1248 1508 1303 divina
1541 1247 1690 1305 consolatio
1728 1257 1784 1313 est,

990 1352 1042 1394 neo
1069 1338 1180 1393 omnino
1204 1337 1331 1392 tribuitur
1357 1336 1562 1393 admittentibus
1589 1336 1717 1394 alienam.
1742 1339 1786 1393 ln-

989 1423 1053 1481 ielix
1069 1433 1108 1494 tn,
1123 1427 1206 1495 Esau,
1223 1426 1267 1498 qui
1282 1425 1387 1480 dixisti:
1406 1427 1478 1482 Num
1492 1442 1581 1482 onom
1598 1430 1715 1482 tortium
1740 1426 1787 1483 bc-

989 1515 1178 1572 sedictionem
1190 1514 1280 1578 babes,
1292 1517 1395 1590 poter?
1409 1516 1488 1583 (Gen.
1504 1500 1596 1580 xxiii,
1611 1515 1670 1584 38.)
1680 1514 1789 1584 Quanto

989 1602 1085 1658 melius
1099 1603 1205 1658 diceres
1223 1619 1284 1658 eum
1306 1603 1457 1674 Propheta:
1486 1605 1582 1665 dnum.
1594 1602 1670 1675 petii
1692 1621 1709 1658 a
1732 1606 1788 1660 Do·

952 1682 974 1759 B
989 1691 1330 1765 minabanoreqairam?
1339 1691 1426 1762 (Psoi.
1439 1706 1519 1762 xxvi,
1531 1693 1568 1762 b.)
1578 1690 1706 1763 indignus
1715 1692 1789 1746 enim

989 1778 1180 1836 benedictione
1202 1780 1305 1836 ooelesti
1326 1778 1494 1837 convincitur
1520 1779 1566 1853 qui
1587 1779 1669 1835 dubio
1693 1780 1791 1852 quaerit

989 1867 1100 1934 abiectu,
1116 1867 1217 1940 duplici
1232 1867 1300 1939 petit
1315 1867 1476 1933 intentione,
1497 1867 1570 1922 aliud
1586 1867 1637 1922 sibi
1652 1868 1788 1941 retugium

990 1972 1100 2029 parans,
1126 1956 1149 2012 si
1173 1955 1244 2012 lorte
1267 1973 1327 2011 eam
1350 1972 1405 2013 non
1421 1956 1545 2013 obtinere
1564 1955 1713 2026 contingat.
1732 1957 1789 2013 lia-

139 2033 191 2124 cilo
205 2058 258 2119 ego
270 2048 393 2116 poteram
414 2042 655 2099 contradictionem
677 2045 812 2099 sustinere
831 2043 937 2116 lingua·
985 2047 1091 2118 jorest
1105 2045 1244 2119 iniquibus
1268 2063 1340 2111 men,
1364 2045 1401 2099 ait
1413 2044 1550 2101 fratricida
1570 2045 1680 2116 primus,
1701 2062 1788 2118 quam

139 2147 209 2199 runt,
234 2132 258 2188 si
279 2131 308 2187 id
331 2133 460 2204 loquerer
483 2148 517 2187 ox
545 2147 588 2187 me
610 2131 688 2203 ipso;
719 2131 853 2205 siquidem
882 2149 935 2188 non

138 2220 254 2294 percipit
268 2210 383 2278 carnalis
403 2221 485 2277 homo
509 2237 570 2294 quae
593 2228 656 2275 sunt
678 2219 788 2291 spiritus
811 2220 870 2287 Dei,
887 2221 935 2276 sed

138 2309 251 2367 stultitia
269 2309 306 2365 illi
329 2310 456 2367 videntur
478 2310 505 2382 (l
525 2311 586 2368 Cor.
611 2326 641 2376 n,
670 2310 723 2382 li).
746 2311 824 2364 Nune
846 2317 934 2365 antem

140 2413 198 2471 ipse
212 2397 381 2471 idloquitur‚
405 2400 483 2470 cuius
505 2396 598 2463 verba,
623 2397 704 2453 etiam
728 2397 798 2454 coelo
817 2405 845 2454 et
863 2406 935 2454 terra

139 2487 352 2568 transeuntibus,
370 2502 425 2543 non
441 2486 592 2544 transibunt
617 2486 692 2559 (bae.
715 2503 779 2553 xxi,
803 2487 859 2559 33).
880 2487 935 2542 Sed

138 2574 239 2642 andini,
255 2576 291 2631 ait
314 2577 394 2632 homo
418 2575 463 2649 qni
491 2575 652 2648 perditionis
675 2591 731 2632 suae
753 2574 933 2640 occasionem,

139 2669 178 2735 et,
202 2670 231 2718 ut
260 2663 341 2735 vulgo
367 2663 473 2731 dicitur,
494 2662 636 2735 ¹iestucam
660 2663 755 2737 quaerit
783 2664 856 2720 unde
882 2662 935 2718 sibi

989 2138 1024 2192 at
1040 2134 1150 2192 ueniam
1173 2149 1294 2191 merear.
1320 2130 1390 2201 Quid
1414 2135 1502 2206 ergu‘l
1524 2133 1627 2188 Renunt
1652 2133 1789 2189 consolari

989 2222 1079 2278 anima
1094 2232 1150 2288 tua,
1166 2221 1189 2277 si
1203 2221 1310 2277 veniam
1326 2237 1380 2278 nou
1395 2230 1527 2278 meretur.
1551 2222 1608 2277 lloc
1631 2221 1719 2277 solum
1733 2222 1788 2279 de·

989 2311 1075 2381 plora,
1101 2311 1154 2367 hoo
1178 2310 1265 2366 solum
1289 2312 1405 2385 planqe3
1431 2310 1503 2366 aliud
1532 2326 1567 2366 ne
1597 2311 1702 2389 cogites
1730 2312 1791 2384 qui-

989 2399 1062 2455 dem.
1080 2400 1134 2456 Sed
1154 2416 1238 2463 nunc,
1255 2397 1351 2471 inquit,
1374 2399 1468 2455 omnis
1482 2399 1533 2472 qui
1548 2398 1688 2455 subvenerit
1706 2398 1790 2467 Cain,

989 2489 1159 2553 occimtme,
1175 2489 1256 2561 (Gerr.
1272 2504 1310 2556 tv,
1339 2491 1384 2554 ts,
1401 2487 1451 2557 lii.
1479 2486 1568 2543 Grave
1583 2485 1688 2542 scilicet
1711 2487 1790 2542 dam·

989 2589 1064 2639 num,
1084 2572 1196 2648 grandis
1213 2573 1329 2642 jactura,
1346 2572 1368 2627 si
1387 2572 1538 2642 perimatur
1563 2587 1673 2644 eorpus,
1700 2587 1789 2644 quan

989 2661 1134 2732 doquidem
1149 2660 1240 2716 anima
1253 2658 1351 2731 periitl
1369 2660 1424 2715 Sed
1446 2659 1626 2715 occidendum
1651 2674 1713 2715 sese
1727 2674 1792 2714 oan-

138 2758 217 2807 ornat
231 2749 349 2818 oculum;
366 2749 479 2819 andivi,
490 2749 586 2822 inquit,
608 2749 643 2805 do
656 2749 702 2806 iilo
717 2759 745 2805 et
762 2750 807 2805 illo
822 2750 868 2822 qui
892 2765 936 2805 re·
989 2750 1100 2805 sabatur
1114 2748 1219 2812 infelix,
1233 2756 1360 2820 tanquam
1383 2764 1433 2821 pro
1456 2763 1554 2820 magno
1565 2747 1711 2805 ‚beneficio
1739 2748 1790 2801 ha-

138 2837 275 2912 liquerant
290 2838 390 2903 omnia,
406 2845 434 2893 et
453 2837 488 2891 ad
502 2839 632 2893 vomitum
651 2846 714 2893 sunt
734 2838 850 2904 reversi3
868 2853 935 2910 quo·
988 2835 1094 2891 biturus
1109 2836 1131 2890 si
1146 2835 1337 2907 prohiberetur
1358 2835 1456 2892 occidi.
1476 2835 1555 2905 Quod
1570 2843 1599 2890 et
1619 2834 1789 2895 factumest,
1808 2876 1813 2882 .

138 2926 221 2985 modo
249 2925 286 2981 illi
313 2935 475 2997 acceperuut
505 2925 682 2997 centuplum?
710 2926 847 2998 Exsurge.
876 2927 934 2982 Do·
989 2924 1207 2981 consolationem
1237 2924 1362 2980 miseram
1391 2923 1509 2981 obtinuit
1532 2938 1613 2994 quam
1637 2923 1787 2996 quaerebat,

139 3014 222 3082 mine,
238 3014 329 3085 judica
342 3029 448 3071 causam
469 3021 552 3070 tuam.
569 3016 604 3070 Et
627 3015 740 3070 istorum
764 3030 864 3086 nempe
888 3033 935 3070 oa·
952 2983 974 3060 c
989 3022 1018 3070 et
1036 3012 1133 3068 oblitus
1148 3021 1191 3069 est
1210 3012 1387 3069 desolationis
1409 3011 1459 3085 [ai.
1485 3014 1560 3070 mute
1582 3010 1787 3084 consolationis]

140 3101 254 3170 lamnia,
283 3109 311 3159 et
332 3118 453 3159 murmur
477 3103 596 3176 ipsorum
619 3103 664 3174 qui
688 3103 757 3159 forte
779 3103 869 3158 omnia
893 3120 936 3159 re·
990 3101 1122 3168 maxima,
1144 3117 1194 3172 pro
1221 3117 1275 3173 qua
1297 3101 1381 3157 multo
1405 3099 1551 3158 studiosius
1576 3099 1729 3172 supplicare
1760 3110 1788 3155 et

139 3180 264 3270 linquere
290 3191 339 3247 visi
368 3197 439 3256 sunt,
465 3190 574 3246 minime
594 3199 688 3247 tamen
713 3190 868 3262 centuplum
892 3207 936 3247 ae·
991 3189 1142 3247 remedium
1166 3205 1291 3262 quaerere
1315 3190 1469 3264 oportebat.
1492 3189 1585 3247 Simile
1609 3186 1736 3260 quiddam
1760 3195 1787 3243 et

140 3288 356 3351 ceperannum
374 3286 468 3335 contra
491 3295 550 3343 nos,
576 3279 626 3335 sed
646 3287 741 3336 contra
766 3288 793 3336 te
817 3285 867 3346 est,
891 3280 936 3353 qui
991 3282 1025 3338 de
1041 3279 1122 3336 Saule
1136 3279 1237 3353 legisti,
1254 3296 1328 3350 oum,
1348 3277 1557 3336 amalecitarum
1576 3293 1642 3350 rege
1665 3284 1784 3344 servato,

140 3367 245 3425 dixisti:
264 3367 362 3424 Omnis
384 3368 433 3441 qai
451 3367 601 3442 reliquerit
612 3372 738 3441 patrem,
759 3376 812 3425 eto.
833 3373 936 3426 centa·
992 3369 1109 3441 primum
1123 3369 1234 3443 quidem
1256 3368 1374 3425 Samueli
1398 3375 1492 3424 sonmo
1506 3368 1580 3423 visus
1603 3373 1646 3422 est
1668 3381 1718 3437 pro
1741 3366 1786 3422 in-

136 3456 219 3532 pium
238 3455 370 3530 accipiet.
387 3456 457 3524 Quid
473 3464 564 3513 tamen
578 3455 712 3512 dicimus?
735 3459 778 3512 An
799 3473 834 3513 ex
855 3455 937 3514 colle·
991 3457 1130 3528 dulgentia
1153 3457 1315 3529 supplicare:
1343 3458 1392 3513 sed
1416 3473 1449 3512 eo
1470 3464 1561 3512 tamen
1589 3455 1616 3509 in
1652 3454 1787 3511 sententis

139 3544 185 3619 gio
206 3544 397 3626 discipulorum
420 3544 561 3616 reprobari
583 3545 644 3618 quis
662 3553 760 3616 potest,
786 3544 838 3603 nisi
860 3546 937 3603 locu·
991 3548 1165 3620 persistente,
1181 3549 1271 3618 Nunc,
1286 3546 1382 3618 inquit,
1399 3547 1658 3604 bonoramecoram
1671 3546 1785 3616 populo.

139 3632 182 3691 los
196 3633 321 3689 habens?
348 3633 417 3689 Sunt
438 3633 511 3688 enim
533 3632 614 3690 loculi
633 3649 688 3690 non
705 3633 789 3690 modo
803 3634 936 3706 peonniae,
991 3635 1110 3692 Hoccine
1131 3644 1173 3692 est
1196 3634 1269 3706 quod
1298 3635 1426 3691 dicebas:
1453 3635 1574 3702 Perconi,
1604 3650 1672 3702 roqa
1692 3631 1786 3688 Domi·

140 3721 190 3778 ssd
203 3721 322 3794 propriae
337 3721 490 3778 voluntatis.
509 3722 651 3777 Scrutatur
666 3721 780 3792 proinde
801 3723 859 3778 rias
873 3738 937 3778 suas
991 3738 1062 3781 num
1074 3741 1126 3796 pro
1140 3723 1204 3780 me?
1218 3723 1245 3793 (l
1257 3725 1320 3796 lieq.
1337 3741 1381 3790 xv,
1398 3726 1493 3794 nl-so)
1518 3722 1613 3778 Nerito
1628 3718 1717 3778 81⁰
1733 3735 1788 3776 non

141 3818 170 3870 ot
182 3810 270 3866 studia
284 3825 343 3877 sna,
360 3811 406 3882 qui
420 3808 582 3882 promissam
605 3809 726 3881 centupli
746 3810 861 3882 gratiam
885 3809 937 3866 sibi
992 3812 1114 3884 pepercit
1128 3812 1174 3884 qui
1192 3811 1349 3867 intuebatur
1363 3827 1420 3878 cor,
1441 3828 1491 3868 nec
1512 3811 1644 3866 simulatae
1669 3817 1712 3866 est
1735 3810 1788 3865 bn-

140 3900 239 3957 doessc
263 3906 406 3956 munstur:
432 3913 483 3955 neo
506 3897 618 3954 dubium
647 3897 713 3970 quin
740 3898 861 3954 inveniat
889 3914 936 3953 an·
984 3901 1130 3956 miliationi
1149 3901 1286 3956 miserius.
1302 3901 1363 3957 Non
1379 3900 1415 3955 ita
1439 3917 1516 3966 sane,
1541 3910 1603 3972 post
1624 3901 1729 3970 majora
1756 3898 1789 3954 li·

140 3985 244 4062 gulum,
260 3995 288 4044 et
306 3986 495 4053 diversorium,
516 3985 782 4060 reclinatoriumque,
805 4001 859 4042 non
874 3987 936 4058 qui·
991 3994 1035 4044 cet
1049 3985 1173 4050 crimina,
1189 3986 1384 4042 inexorabilem
1399 4002 1460 4043 eum
1475 3985 1573 4050 David,
1599 3985 1686 4056 potuit
1708 3985 1795 4040 inve·

140 4075 206 4134 dom
221 4074 280 4132 Filii
293 4074 420 4144 hominis,
437 4077 484 4133 scd
508 4082 555 4131 ant
572 4073 678 4131 foram
701 4074 799 4146 vulpis,
818 4083 866 4131 aut
885 4091 936 4132 vo·
992 4076 1061 4131 nire.
1086 4076 1210 4147 Denique
1233 4073 1387 4132 vix·adhno
1410 4075 1516 4132 dixerat
1539 4074 1638 4140 David,
1657 4075 1790 4132 Perconi!

140 4162 223 4223 lucris
253 4164 357 4222 nidum.
387 4164 472 4238 blaqis
498 4173 589 4220 autem
617 4161 775 4234 perfectius,
805 4164 935 4230 obsecro,
991 4171 1019 4219 et
1034 4180 1192 4235 responsum
1202 4162 1240 4220 illi
1251 4171 1303 4230 est,
1313 4165 1458 4228 Dominus,
1473 4165 1625 4222 transtulit
1637 4168 1789 4236 peccatum

141 4251 277 4328 relinquat
298 4252 398 4326 omnia,
424 4259 452 4309 et
474 4252 560 4308 solnm
583 4257 713 4326 sequatur
731 4252 876 4319 Christum,
890 4253 935 4323 ja·
994 4260 1105 4311 neuras
1127 4258 1154 4308 ie
1169 4252 1208 4324 (ll
1226 4255 1291 4325 licq.
1306 4268 1359 4321 xxx,
1377 4253 1428 4325 tt).

140 4346 218 4400 cuns
239 4342 387 4416 cogitatum
410 4356 488 4396 suum
511 4339 539 4396 in
563 4355 606 4406 eo,
631 4338 811 4396 enutriendus
834 4341 867 4395 ab
891 4355 936 4405 eo,
1028 4344 1072 4400 o'l.
1098 4341 1143 4398 Sic
1165 4341 1301 4411 nimirum,
1327 4341 1366 4398 sio
1384 4357 1471 4414 usque
1494 4341 1585 4411 hodie,
1610 4342 1789 4408 dilectissimi,

140 4437 171 4488 ot
183 4430 338 4502 centuplum
353 4428 412 4487 sine
426 4429 510 4485 dnbio
533 4439 721 4501 percepturus.
745 4429 842 4500 Neque
865 4427 937 4485 enim

139 4525 233 4594 potest
245 4519 314 4576 solvi
330 4519 479 4591 Scriptura,
497 4534 558 4592 quae
572 4527 627 4574 tam
641 4524 715 4575 certa
738 4517 852 4575 veritate
871 4518 937 4573 suh-

140 4606 215 4675 nixa,
234 4607 360 4663 omnibus
384 4607 411 4663 id
434 4607 494 4663 sinc
516 4606 677 4677 exceptione
700 4605 843 4679 promittit.
867 4605 937 4661 Nihil

139 4692 192 4752 sibi
220 4695 347 4763 retineat,
376 4694 443 4749 nihil
472 4695 593 4761 suisne
618 4694 754 4751 modicum
776 4693 937 4751 fermentum

81 4831 84 4836 .
140 4786 225 4840 wiern
240 4796 358 4837 massam
373 4788 529 4854 corrumpat
545 4783 573 4851 (l
585 4783 647 4838 Cor.
672 4799 700 4849 v,
715 4783 753 4855 6).
777 4783 844 4839 Sunt
866 4783 938 4839 enim

141 4872 188 4948 qui
203 4870 254 4928 sibi
267 4870 387 4928 retinent
406 4869 516 4943 aliquid,
532 4869 681 4926 Domioieae
695 4871 769 4927 vocis
782 4871 869 4938 obliti,
895 4872 938 4943 qui

141 4977 197 5021 non
211 4977 287 5018 suam
302 4960 376 5018 venit
390 4959 480 5016 iacere
494 4957 677 5015 voluntatem:
694 4967 722 5015 et
744 4959 772 5013 in
785 4959 852 5030 ipsis
872 4975 938 5030 quo-

141 5067 195 5126 qne
210 5058 365 5108 sanctorum
378 5047 501 5122 collegiis
519 5045 629 5120 proprio
652 5053 698 5103 aut
722 5046 870 5112 desiderio,
894 5056 940 5102 aut

141 5137 257 5198 fortasse
279 5137 392 5198 oonsilio
422 5136 603 5210 importunius
629 5135 812 5199 adherentes,
842 5135 940 5192 sciolos

142 5244 204 5286 sese
227 5229 336 5298 iaciunt,
369 5223 412 5285 de¹
426 5244 456 5284 so
479 5227 531 5283 sibi
554 5225 659 5300 aliquid
682 5224 841 5290 retinentes,
872 5241 940 5298 qnos

142 5316 251 5395 penitus
265 5319 429 5393 abnegasse,
446 5324 474 5374 et
488 5316 587 5374 dinnao
608 5314 798 5390 providentiae,
819 5329 851 5369 ac
870 5315 938 5369 obe-

96 5416 104 5423 ·
140 5404 251 5463 dientito
273 5415 392 5480 patrum,
418 5405 542 5464 consiliis
567 5422 674 5479 quoqne
699 5403 877 5478 spiritualium
904 5403 940 5459 vi·

137 5483 234 5554 rorum
256 5494 408 5554 debuerant
429 5496 607 5554 commisisse.
632 5494 702 5552 Sunt
715 5495 761 5568 qni
775 5492 935 5568 propinquis

993 4432 1071 4501 cnjus
1093 4446 1171 4485 mens
1194 4430 1229 4485 ad
1253 4429 1320 4485 alias
1343 4428 1540 4485 consolationes
1563 4429 1657 4495 inhiat,
1683 4435 1710 4484 et
1735 4444 1790 4486 non

993 4519 1101 4591 penitus
1114 4517 1143 4573 iu
1161 4517 1270 4574 caducis
1293 4525 1321 4574 et
1345 4516 1507 4574 transitoriis
1531 4519 1620 4574 renuit
1642 4516 1790 4582 consolari,

993 4607 1051 4680 ipse
1067 4607 1118 4662 sibi
1138 4604 1260 4678 prolecto
1284 4606 1405 4663 ecelesiis
1427 4605 1563 4662 subtrahit
1584 4604 1699 4678 gratiam
1724 4619 1792 4660 oon-

993 4695 1145 4752 solationis:
1172 4709 1254 4768 quam
1282 4694 1304 4750 si
1329 4694 1412 4769 digna
1434 4694 1589 4766 devotione,
1610 4692 1692 4766 pleno
1717 4692 1790 4749 aile-

994 4791 1048 4849 otu,
1066 4783 1201 4840 desiderio
1219 4783 1374 4841 vehementi
1395 4793 1500 4854 petere,
1526 4798 1659 4856 quaerere,
1680 4781 1790 4855 pulsare

994 4880 1141 4943 satageret,
1158 4872 1218 4927 sine
1228 4871 1311 4928 dubio
1325 4880 1423 4943 petens
1437 4871 1583 4943 acciperet,
1601 4885 1727 4943 quaereus
1749 4871 1792 4926 in·

994 4960 1109 5024 veniret,
1121 4958 1238 5031 pulsanti
1252 4960 1414 5032 aperiretur.
1432 4960 1560 5032 hlioquin
1573 4960 1596 5015 si
1615 4957 1686 5016 forte
1707 4959 1791 5031 (quod

994 5048 1093 5116 obsiti)
1115 5046 1272 5118 pudendum
1288 5047 1362 5104 illum
1387 5049 1533 5121 apostasiae
1552 5048 1648 5104 saltum
1664 5063 1795 5119 praesum-

994 5136 1090 5210 pserit‚
1116 5143 1219 5192 eertum
1253 5137 1364 5193 omnino
1391 5136 1427 5194 sit
1453 5137 1639 5195 testimonium
1672 5136 1796 5194 veniatis

994 5226 1199 5298 accipientibus,
1223 5234 1270 5280 aui
1288 5242 1425 5299 nunquam
1440 5243 1503 5283 enm
1524 5229 1616 5283 omnio
1640 5226 1795 5301 reliquisse,

995 5322 1041 5371 ant
1070 5315 1158 5388 ipsum
1184 5330 1291 5388 qnoque
1320 5323 1414 5387 postea
1447 5316 1605 5372 deseruisse
1638 5316 1796 5388 centuplum

994 5405 1068 5478 quod
1089 5403 1202 5474 accepit.
1228 5403 1355 5460 Nonnulli
1380 5404 1512 5477 siqnidem
1535 5420 1596 5460 oum
1625 5405 1721 5477 spiritu
1741 5420 1797 5460 coe·

992 5494 1091 5567 posint,
1115 5492 1186 5549 beni
1214 5506 1297 5550 carne
1322 5501 1419 5566 postea
1446 5503 1679 5552 consummantur.
1710 5492 1791 5565 Quod
