3706 5962
52 240 107 300 993
466 266 473 280 ι
496 239 606 302 sartho
625 240 658 301 tlt
677 240 876 302 distillans
895 241 924 302 S.
943 242 1079 305 totuuls
1092 242 1266 308 Bhl’l'lS’lAE.
1647 254 1699 316 tut

54 367 139 441 llegis
153 369 263 425 militam
286 366 471 433 honoramus),
488 379 551 421 curn
564 364 610 423 ille
632 367 775 436 Dominus,
806 367 849 423 hic
864 385 888 465 g
906 368 1030 435 ltomino,
1048 387 1129 441 quem
1155 374 1269 446 angelus
1297 373 1411 442 nuntiat,
1441 377 1589 434 sanctificat
1615 379 1699 445 fleus,

54 473 165 528 servits;
186 459 230 514 ille
253 457 380 522 Creator,
405 454 449 510 hic
476 460 608 523 creatura,
640 452 756 528 digniori
778 470 849 526 pre-

53 546 249 603 monstratione
262 543 526 602 loannesnuntiatur
536 543 758 617 quemchristus.
773 543 849 599 Chri·

55 642 113 689 stus
126 635 248 693 fortassis
260 636 286 691 ιιι
301 635 421 691 thalamo
438 651 445 693 :
460 635 580 689 loannes
594 634 621 688 in
632 633 747 706 templo,
758 643 847 689 etnon

55 725 143 779 solum
159 726 186 780 in
202 726 314 796 templo,
332 724 379 781 sed
395 722 477 779 etiarn
490 725 552 778 aute
565 723 662 779 Sancta
677 729 846 793 sanctorum;

54 822 80 868 et
97 815 195 887 insigni
206 815 250 871 die
260 813 436 871 solemnitatis
448 827 543 868 aarum
555 812 689 879 ;Joannes
704 812 739 867 ah
753 812 849 868 eodem

54 903 224 975 archangelo,
248 903 276 957 in
304 903 363 959 loco
386 902 516 975 digniori,
546 911 670 972 tempore
711 899 848 965 sanctiori,

55 992 182 1059 apertiori
205 992 332 1048 miraculo
348 992 518 1063 predicatur.
543 990 640 1047 llecole
654 991 728 1046 lsaac
742 989 776 1044 ab
790 989 849 1045 hn-

54 1081 123 1155 galis
138 1081 291 1138 nuntiatum
312 1083 391 1150 (Gen.
408 1096 488 1147 xvttt,
510 1079 571 1150 lo);
597 1081 713 1136 Samson
728 1094 776 1150 prr
791 1078 848 1133 Au-

55 1169 146 1241 gelum
174 1171 346 1242 predicatum
376 1169 476 1241 (tudic.
497 1171 603 1240 ιιιιι,3),
640 1178 668 1225 ct
695 1168 847 1225 universam

54 1259 244 1315 Nazareorum
259 1269 357 1315 sectam
374 1258 523 1328 conspire3
543 1267 569 1312 et
584 1256 674 1314 solum
689 1256 848 1326 baptistam,

57 1357 109 1402 lam
126 1348 152 1403 in
168 1350 230 1419 hoc,
242 1364 321 1419 qnam
338 1348 364 1402 in
378 1346 438 1402 aliis
452 1345 573 1402 inteuies
587 1345 749 1417 digniorem.

93 1439 119 1491 5.
137 1436 276 1492 Secundus
291 1437 378 1492 honor
401 1442 442 1491 est
456 1435 634 1491 sanctificatio
649 1433 676 1487 iu
696 1443 772 1488 utero
789 1447 848 1486 ma·

59 1525 116 1581 tris.
147 1526 307 1596 Quicunque
335 1524 369 1580 de
398 1539 486 1579 massa
512 1521 705 1594 prevaricautc
721 1520 849 1575 mundum

56 1611 234 1685 ingredimur,
255 1613 365 1684 longam
380 1619 478 1667 restem
494 1608 632 1681 originalis
650 1607 853 1682 peccatinobis·

905 459 1023 527 Spiritus
1037 460 1134 531 replet,
1157 464 1211 516 vit-t
1231 463 1409 518 commendat.
1429 465 1605 523 lnaffabiliori
1624 469 1696 524 enim

904 546 984 603 ruodo
998 551 1158 617 supervenit
1182 551 1208 605 iu
1223 551 1370 623 Virginem,
1392 568 1472 623 quam
1486 563 1540 610 tota
1555 553 1638 612 67⁷
1656 559 1699 611 di·

906 636 1025 694 viuitais
1040 637 1180 705 plenitudo
1195 639 1254 694 sina
1269 655 1403 694 mensure
1417 640 1576 698 discretione
1602 645 1699 714 perfu-

903 723 953 794 dit,
984 734 1011 780 ut
1027 734 1110 780 totum
1127 738 1235 798 captaret
1249 729 1295 798 qui
1311 727 1376 782 fecit
1393 734 1492 792 toturn,
1504 740 1597 783 utnon
1611 733 1700 786 solum

905 816 1052 883 sperantis
1081 812 1183 878 abluta,
1204 823 1231 871 et
1259 817 1361 885 repleta
1376 815 1478 886 Spiritu
1492 825 1594 884 sancto,
1610 818 1657 873 sed
1673 827 1701 874 et

904 901 937 957 tic
952 901 1052 969 S,iriru
1067 912 1161 959 stucto
1179 903 1334 976 concepisse
1349 906 1492 961 credatur:
1510 905 1573 976 quia
1587 906 1700 978 quodie

910 1007 943 1047 co
957 995 1116 1060 detumeat,
1133 990 1166 1049 dc
1176 993 1286 1064 Spiritu
1302 998 1410 1059 cuncto,
1421 997 1463 1049 eat
1478 995 1591 1063 (tlfutttt.
1606 1011 1626 1060 r,
1642 998 1699 1066 20).

903 1078 967 1134 lnde
980 1086 1021 1135 est
1034 1079 1106 1151 quod
1126 1078 1256 1152 singulari
1274 1081 1451 1152 prerogativa
1472 1081 1540 1136 fides
1568 1083 1701 1139 catholica

904 1167 1000 1223 Filium
1016 1167 1064 1222 hri
1084 1177 1177 1224 uatum
1191 1169 1225 1223 de
1237 1168 1357 1239 Virgine,
1368 1181 1530 1240 cttrccptum
1549 1169 1582 1225 dc
1598 1169 1701 1243 Spiritu

904 1263 997 1312 sancto
1016 1255 1166 1323 confitetur,
1180 1266 1211 1313 ut
1235 1255 1384 1314 divinitatis
1403 1266 1430 1313 et
1447 1257 1617 1314 humanitatis
1630 1258 1701 1313 indi·

905 1343 1018 1400 risibilis
1031 1344 1147 1401 adunata
1161 1345 1293 1402 connexio
1308 1344 1501 1402 vocabulorum
1517 1345 1701 1403 indifferentia

904 1432 1070 1506 designetur.
1101 1432 1185 1490 Vides
1203 1450 1267 1507 ergo
1291 1451 1371 1505 quam
1400 1435 1537 1492 remotiori
1557 1428 1702 1508 privilegio

905 1520 1044 1590 spaciosus
1062 1521 1148 1576 forma
1163 1538 1218 1593 pre
1240 1521 1301 1578 filiis
1321 1523 1505 1589 hominumn
1525 1523 1587 1578 liliis
1612 1523 1703 1579 homi·

906 1627 971 1665 num
985 1611 1012 1666 in
1022 1610 1202 1682 concipiendo
1217 1612 1351 1668 discretus
1363 1611 1409 1668 sit.
1425 1611 1467 1666 ltli
1481 1612 1580 1667 etenim
1593 1612 1628 1668 de
1638 1628 1702 1684 pec·

56 1718 118 1756 enm
134 1702 277 1757 trahimus.
294 1700 374 1755 Solus
397 1700 440 1754 illc
465 1698 512 1779 qui
537 1705 678 1772 peccatum
703 1712 757 1753 non
779 1695 850 1765 fecit,
868 1687 890 1765 Β
907 1699 1009 1756 catiset
1025 1700 1182 1772 inpeccatis
1197 1701 1321 1771 concepti
1335 1708 1418 1757 sunt:
1437 1701 1481 1757 hic
1508 1701 1536 1757 in
1550 1702 1653 1773 Spiritu
1674 1709 1702 1757 et
1788 1740 1792 1746 ·

57 1789 199 1860 excipitur,
217 1805 294 1859 quant
315 1787 454 1860 virginalis
470 1786 536 1843 uteri
554 1787 688 1842 thalamus
702 1785 853 1857 ignorantis

58 1879 145 1933 ritum
163 1878 240 1934 terris
254 1877 362 1934 effudit.
379 1877 473 1948 Longe
497 1875 599 1947 quippe
614 1874 691 1932 aliter
706 1888 788 1946 qnam
803 1888 853 1928 nos

58 1976 85 2023 et
107 1966 232 2023 dissimili
251 1967 331 2022 modo
347 1972 493 2036 conceptus
509 1974 559 2034 est,
575 1963 677 2034 Spiritu
692 1970 784 2019 sancto
800 1970 854 2019 tota

57 2057 197 2125 majestate
219 2054 358 2127 Virginem
379 2054 533 2120 inundante,
550 2068 683 2123 superans
697 2067 777 2109 nsunt
796 2066 855 2106 car-

58 2147 111 2214 nis,
146 2153 248 2199 nature
288 2142 422 2209 ordinem,
455 2142 504 2197 riri
541 2140 769 2197 commixtionem.
811 2139 856 2197 Sic

57 2235 157 2308 qnippe
172 2234 283 2289 darahtt
298 2239 327 2287 ut
342 2239 482 2303 paccatum
503 2234 629 2300 nesciret,
644 2228 691 2303 qui
715 2236 854 2300 peccatum

61 2324 185 2390 tollcbnt3
200 2321 401 2378 similitudinem
411 2319 500 2378 caruis
510 2320 613 2389 peccati
622 2318 785 2389 susciperet,
801 2332 852 2373 non

60 2421 148 2470 autem
158 2427 265 2467 carnem
282 2409 392 2480 pcccati.
409 2410 476 2464 Cum
495 2407 577 2478 igitur
592 2422 686 2464 omnes
708 2407 735 2461 itt
750 2406 852 2476 iniqni-

61 2502 160 2559 tatibus
170 2499 294 2571 concepti
318 2499 383 2565 sint,
412 2497 547 2554 nemiuem
561 2512 677 2568 unquam
701 2494 854 2550 mortalium

907 1790 942 1846 de
956 1788 1058 1859 Spiritu
1072 1803 1166 1845 sancto
1181 1788 1342 1856 concipitur.
1359 1789 1423 1845 llec
1437 1804 1502 1844 sane
1516 1790 1588 1845 dicta
1608 1791 1661 1846 sint
1671 1793 1704 1848 dc

907 1877 1085 1948 conceptione
1108 1878 1228 1933 loannis.
1250 1878 1303 1932 Sed
1324 1876 1346 1931 si
1373 1876 1401 1931 iu
1425 1877 1536 1949 aliquod
1550 1888 1703 1934 sanctorum

908 1966 1114 2022 auctoritatibus
1129 1966 1255 2026 ridemur
1281 1967 1403 2034 obviare,
1437 1971 1563 2024 volumus
1589 1974 1619 2023 ut
1645 1966 1704 2022 sine

908 2055 983 2112 omui
997 2057 1202 2112 excusationum
1215 2055 1255 2111 tel
1264 2054 1453 2113 defensionum
1472 2056 1622 2128 patrocinio
1635 2057 1704 2113 snb·

909 2151 1035 2200 ruantur.

946 2235 971 2287 l.
987 2231 1094 2287 Tertius
1116 2230 1204 2286 honor
1217 2238 1259 2287 cst
1284 2229 1454 2287 Excellentia
1468 2231 1497 2286 in
1513 2231 1703 2289 exsultatione.
1798 2270 1804 2276 -

908 2322 933 2376 il
948 2320 1117 2376 seculorton
1140 2326 1183 2375 est
1207 2320 1338 2388 auditum,
1354 2321 1427 2392 quod
1448 2320 1509 2392 quis
1529 2322 1704 2379 exsultaverit

909 2410 937 2464 in
953 2414 1031 2465 utero
1041 2409 1146 2474 matris,
1162 2424 1223 2464 cutn
1238 2409 1280 2464 hic
1302 2407 1330 2463 iu
1345 2407 1444 2480 gaudio
1458 2409 1606 2465 exsultasse
1625 2409 1705 2486 lega-

909 2505 963 2557 tur.
980 2497 1094 2554 Prorsus
1107 2498 1277 2569 obstupenla
1302 2497 1435 2569 dignatio,
1460 2514 1573 2568 puerum
1588 2499 1631 2554 virt
1645 2514 1707 2554 cou-

60 2586 592 2645 iatramaternarisccrasanctihcatum
611 2584 737 2657 legimus,
758 2590 857 2654 preter
910 2595 1029 2657 ceptum,
1045 2584 1073 2640 in
1098 2592 1200 2640 motum
1227 2585 1414 2641 manationis
1447 2601 1598 2656 erumpere,
1626 2590 1706 2659 eique

58 2677 214 2743 Joremiam,
229 2684 256 2732 et
280 2677 413 2732 loannem
428 2675 588 2746 baptistam.
606 2672 765 2745 Quanquam
779 2678 807 2726 ct
822 2670 855 2725 de
909 2681 1047 2746 gratanter
1070 2688 1213 2730 occurrere
1239 2673 1351 2730 servitio
1368 2673 1492 2746 dulciori,
1512 2691 1593 2745 quem
1621 2675 1705 2749 virgi·
1750 2684 1758 2703 ‘

59 2765 308 2840 singularillirgine
324 2762 635 2835 nullasitambiguitas,
650 2760 855 2833 quinipsama-
910 2763 962 2819 nali
995 2762 1151 2820 substantie
1177 2761 1317 2833 presensit
1348 2761 1477 2818 infusum.
1505 2762 1588 2819 Beata
1606 2764 1704 2829 anima,

59 2857 144 2913 ternis
158 2856 337 2926 circumsepta
355 2853 514 2921 visceribus,
535 2850 687 2908 sublimiori
704 2847 856 2905 sanctifica·
911 2850 1013 2923 quein
1034 2853 1076 2908 ria
1086 2861 1256 2922 prccttorum
1271 2866 1326 2908 non
1340 2850 1422 2916 stetit,
1436 2850 1485 2906 sed
1500 2851 1638 2908 secretiori
1657 2869 1705 2908 ss·

60 2945 143 3001 tionis
158 2960 259 3018 genere
269 2944 399 2999 mundata
414 2942 459 3008 sit,
475 2950 568 3013 utpote
581 2939 763 2998 sanctuarium
779 2937 855 3006 illud,
909 2943 973 2996 mita
987 2940 1022 2997 de
1036 2939 1191 2997 coelctihus
1209 2938 1323 2996 cilicinis
1337 2940 1491 3013 egrediens,
1509 2940 1635 2997 inaudite
1646 2957 1707 3014 gra·

63 3035 91 3092 in
107 3050 161 3108 quo
177 3035 252 3090 oeus
276 3041 303 3088 ct
316 3032 366 3088 Dei
381 3031 464 3088 Filius
479 3046 587 3087 carnem
606 3028 691 3085 fuerat
713 3035 856 3099 susceptu-

62 3124 187 3182 rossad
206 3122 387 3197 longaminor
410 3121 536 3178 feremie
563 3118 752 3186 sanctificatio,
777 3133 856 3194 quam

60 3213 182 3270 loannis.
204 3212 251 3270 lllo
273 3210 381 3285 quidem
408 3212 435 3265 in
451 3218 527 3266 utcro
545 3209 639 3265 matris
663 3205 857 3273 sanctificatus,

61 3303 106 3360 hic
118 3302 220 3375 Spiritu
231 3307 326 3357 sancto
340 3298 460 3370 repletus
475 3297 559 3353 fuisse
574 3297 758 3370 cognoscitur.
775 3296 856 3351 llulto

64 3392 165 3464 quippe
179 3388 355 3446 excellentius
369 3395 410 3442 est
423 3385 526 3457 Spiritu
541 3393 634 3441 sancto
644 3383 754 3454 repleri,
775 3398 855 3454 quatu

62 3478 235 3537 sanctificari.
259 3477 300 3534 lbi
321 3476 395 3533 cuim
413 3473 588 3531 sanctificatio
615 3472 857 3530 emundationem:

64 3569 107 3626 bic
128 3569 240 3640 repletio
264 3565 467 3620 inundationem
483 3563 580 3634 signat.
598 3560 721 3632 Denique
734 3567 761 3616 ct
785 3559 860 3631 lipo-

63 3659 135 3727 stoli,
154 3657 201 3729 qui
216 3656 339 3712 manibus
354 3653 409 3708 suis
424 3658 606 3709 tractaverunt
625 3651 659 3707 de
679 3649 769 3706 Verbo
787 3649 860 3715 vitae,

63 3764 124 3803 cum
147 3746 276 3820 Spiritum
305 3749 428 3800 sanctum
451 3740 620 3814 accepissant
648 3739 683 3795 de
711 3736 857 3793 Salvatoris

64 3836 165 3909 afflatu,
192 3835 235 3891 rix
258 3830 484 3908 quinquagesimo
508 3845 524 3885 a
547 3825 745 3886 resurrectione
769 3825 813 3882 die
828 3824 861 3879 arl

65 3925 138 3980 illum
154 3924 266 3995 gradum
284 3927 429 3994 potuerunt
452 3918 606 3993 peruenire,
621 3928 651 3975 ut
672 3917 806 3972 diceretur
828 3914 862 3969 da

871 2990 1048 3087 ctutationis
1061 3038 1104 3086 est
1126 3029 1220 3086 sortita
1245 3028 1437 3087 dulcedinem!
1457 3026 1531 3086 Felix
1557 3029 1705 3095 Elisabeth,

910 3122 1169 3192 adquamproperat
1187 3118 1521 3191 lluterSalvatoris,quam
1542 3121 1707 3176 salutatoriis

911 3208 1051 3281 obsequiis
1061 3208 1195 3264 coelorutn
1206 3208 1363 3277 inperatrix
1379 3206 1508 3280 [impertit
1521 3209 1705 3282 uaitnpetiti'l

911 3298 964 3354 Sed
977 3312 1045 3368 puer
1061 3297 1146 3352 multo
1174 3294 1288 3362 felicior,
1304 3295 1350 3366 qui
1377 3295 1518 3350 saluhutis
1537 3300 1705 3366 majestatem

911 3400 1073 3457 agnoscens,
1083 3385 1153 3439 inha
1168 3381 1451 3439 viscerumtenchrosa
1459 3383 1597 3440 volumina
1606 3385 1707 3456 gaudio

912 3473 1023 3546 gaudet,
1048 3472 1113 3544 quia
1143 3471 1196 3528 vitn
1219 3479 1272 3526 tam
1297 3472 1382 3525 beate
1397 3471 1567 3527 salutationis
1587 3474 1709 3530 attendit.

913 3565 950 3621 Et
961 3564 1073 3632 suctum
1082 3564 1136 3627 ert,
1144 3559 1240 3630 inquit,
1248 3564 1281 3616 att
1292 3557 1609 3618 nudioitsotututionem
1616 3563 1711 3640 ιιιινιιιι

915 3650 1070 3714 Elisabeth,
1079 3649 1234 3706 exercitavit
1249 3649 1280 3704 ιιι
1294 3646 1501 3720 poudtoinforts
1510 3652 1542 3705 iu
1551 3653 1711 3723 ateroejar.

916 3738 1044 3795 Ascendit
1064 3753 1126 3794 cum
1145 3736 1320 3794 festinatione
1339 3738 1424 3810 Virgo
1438 3740 1465 3794 iu
1485 3740 1595 3797 domum
1610 3743 1712 3796 Zacha-

917 3827 963 3883 riae
982 3826 1016 3882 ad
1031 3826 1202 3883 salutandam
1219 3826 1366 3895 Elisabeth,
1382 3834 1494 3898 portans
1507 3829 1536 3883 iu
1561 3841 1637 3885 utero
1665 3829 1711 3884 Fi·

916 3916 982 3971 lium
1000 3915 1058 3983 Dei,
1076 3917 1176 3988 flagem
1189 3916 1295 3990 glorie,
1312 3916 1457 3973 Dominum
1480 3917 1638 3988 majestatis.
1654 3921 1712 3976 tlo-

64 4014 104 4069 eis
119 4031 125 4070 :
143 4012 252 4084 ficplett'
270 4015 338 4067 sont
351 4025 445 4068 omncs
461 4009 573 4080 Spiritu
586 4011 687 4064 cuncto
696 4005 771 4078 (fot.
780 4021 811 4075 ιι,
823 4005 861 4074 l).
916 4005 999 4063 currit
1011 4005 1160 4074 Elisabeth,
1171 4013 1198 4062 et
1212 4005 1332 4079 antique
1346 4005 1494 4064 sterilitatis
1508 4023 1602 4064 carens
1615 4025 1714 4080 oppro-

66 4102 99 4154 Et
114 4101 175 4154 licet
195 4099 312 4169 Spiritus
336 4104 444 4152 sanctus
465 4097 575 4169 largiori
589 4105 654 4152 tunc
673 4110 787 4152 munorc
803 4109 861 4149 cre·
916 4095 991 4166 briis,
1018 4095 1135 4152 amicum
1159 4096 1262 4169 sponsi,
1290 4112 1442 4168 preconem
1458 4096 1541 4154 Verbi
1558 4097 1713 4154 felicissimo

66 4188 191 4243 dentium
209 4189 290 4243 corda
306 4184 459 4256 repleverit,
477 4186 528 4240 hoc
544 4192 634 4241 tamnu
660 4185 778 4242 loannes
794 4180 862 4255 legi·
917 4193 1011 4242 ventre
1037 4184 1168 4258 deportat.
1198 4186 1353 4257 tanguntur
1375 4185 1527 4255 amplexus,
1551 4187 1659 4243 venitur
1680 4185 1714 4240 ad

67 4289 111 4335 tur
135 4280 162 4331 in
186 4285 262 4332 utero
289 4279 442 4342 assecutus,
471 4272 546 4345 quod
565 4273 713 4343 apostolica
731 4271 862 4328 celsitudo
918 4275 1021 4342 oscula,
1033 4284 1060 4330 ct
1073 4274 1234 4344 copulantur
1248 4272 1344 4329 fehccs
1359 4273 1451 4329 uteri:
1468 4275 1573 4346 liegem
1586 4283 1612 4329 et
1642 4274 1714 4329 utili·

67 4368 175 4423 tandem
203 4365 319 4438 longiori
341 4362 521 4435 promissione
547 4360 645 4418 meruit
663 4360 799 4416 obtinere.
816 4359 863 4414 ht·
919 4371 971 4418 tem
985 4361 1094 4417 nonnisi
1108 4361 1163 4417 duo
1179 4361 1317 4417 tenerrimi
1332 4363 1449 4432 parietes
1464 4363 1628 4434 abjungunt.
1644 4361 1714 4431 Quid

66 4458 160 4527 tande,
181 4458 302 4520 obsecro,
324 4453 482 4525 diligenter,
506 4465 587 4522 quam
604 4450 726 4506 orlinata
747 4448 864 4517 disposi·
918 4452 1029 4520 mirum,
1053 4450 1076 4505 si
1105 4453 1218 4506 miratur
1237 4464 1306 4520 puer
1333 4463 1361 4505 ct
1395 4448 1510 4506 exsultat
1537 4459 1639 4506 atacttt
1660 4458 1715 4506 tatu

70 4550 142 4602 tione
157 4544 272 4617 Spiritus
287 4543 332 4598 illc
356 4541 496 4613 multiplex
525 4539 669 4595 lasciuiam
702 4535 862 4605 sanctificat,
919 4538 1051 4611 proxime
1078 4537 1228 4595 divinitatis
1250 4544 1278 4594 et
1305 4537 1416 4594 afflatu?
1437 4539 1579 4596 Poteratne
1592 4556 1717 4599 mcarea

32 4704 38 4713 .
70 4639 200 4693 tanmem
218 4635 312 4706 replet,
338 4642 365 4688 ct
380 4630 540 4702 supervenit
553 4630 580 4684 in
595 4629 715 4684 Mariam.
738 4627 769 4682 Et
788 4625 865 4681 tert·-
921 4642 1084 4699 quocunque
1101 4624 1241 4693 miraculo,
1262 4627 1307 4683 cui
1331 4635 1526 4699 presenserat
1544 4629 1626 4702 hogis
1646 4647 1716 4703 pre·

71 4726 132 4781 mie
155 4724 264 4797 quidem
289 4719 446 4778 admiranda
469 4716 662 4784 sanctificatio;
683 4715 746 4788 quia
769 4714 817 4771 etsi
836 4714 865 4770 in

69 4823 183 4888 peccato
198 4822 343 4884 conceptus
356 4818 415 4880 cst,
433 4809 553 4866 nascitur
567 4816 654 4863 tamen
667 4805 724 4861 sine
745 4811 864 4876 peccato.

70 4904 142 4962 Ante
160 4904 231 4960 enim
255 4917 334 4974 qnam
348 4898 478 4955 exirctdc
492 4907 596 4966 ventre,
610 4894 793 4952 sanctificatus
812 4899 865 4949 est.

71 4995 127 5050 Nec
141 5000 246 5066 poterat
261 4992 333 5045 nasci
357 5004 412 5044 non
426 4994 544 5054 sanctus,
565 4987 611 5058 qui
636 4985 663 5041 iu
674 4991 751 5041 utero
776 4982 867 5039 matris

69 5093 126 5141 erat
156 5079 335 5137 sanctificatus
359 5079 429 5149 (ter.
456 5095 476 5148 1,
506 5080 544 5146 3),
574 5074 639 5131 ltfira
666 5091 720 5144 res,
745 5082 772 5130 et
793 5079 867 5129 retro

70 5172 209 5228 transactis
247 5168 354 5224 secutis
379 5166 507 5234 inaudita,
536 5164 673 5220 hominem
705 5169 865 5234 conceptum

71 5263 235 5333 inpeccatis,
252 5257 326 5312 nasci
342 5256 399 5310 sinc
415 5252 542 5325 peccato!
560 5254 693 5310 loannem
706 5266 767 5308 vcro
786 5250 868 5322 longa

72 5350 218 5425 gloriosior
231 5348 317 5406 virtus
333 5342 463 5415 implevit,
486 5342 534 5416 qui
553 5350 579 5400 et
592 5340 776 5399 sanctificatus
799 5347 837 5396 est
854 5355 868 5395 t

75 5447 197 5514 peccato,
213 5444 240 5494 at
268 5435 305 5491 ita
327 5433 486 5491 dominante
503 5432 605 5505 Spiritu
619 5433 784 5504 superfusus,
800 5439 828 5488 ut
840 5435 868 5486 et

74 5536 207 5604 put-gntus
221 5535 308 5598 exart,
324 5531 351 5580 rt
388 5523 520 5595 repletus.
546 5521 619 5580 Vere
646 5536 760 5597 mugnus
774 5535 867 5577 coram

920 4716 1015 4784 sentia,
1032 4715 1169 4788 regnantis
1198 4717 1290 4784 lfatcr,
1321 4717 1417 4773 mundi
1437 4717 1623 4791 Redemptor?
1645 4719 1716 4792 Quid

921 4807 995 4878 quod
1009 4820 1063 4862 non
1073 4805 1157 4862 sentcl
1172 4812 1226 4860 um
1245 4814 1401 4863 sanctorum
1419 4807 1590 4879 amplexuum
1605 4808 1654 4864 fuit
1667 4827 1716 4866 ce·

923 4896 1028 4951 lehrata
1041 4894 1216 4966 coniunctio?
1238 4896 1342 4952 floruit
1364 4900 1461 4954 autem
1476 4897 1565 4954 llttrt'o
1582 4914 1648 4954 cum
1663 4897 1717 4955 itta

923 4985 1005 5058 quusi
1010 4985 1101 5042 tribua
1112 4984 1266 5055 mensibus,
1275 4984 1311 5041 ait
1321 4985 1495 5057 Evangelista
1504 4985 1580 5056 (tac.
1591 5000 1611 5055 1,
1619 4987 1663 5051 ll,
1671 4987 1716 5057 Sti)

923 5072 1010 5130 Tanto
1024 5081 1241 5146 temporemanet
1255 5090 1317 5130 curu
1331 5074 1467 5130 Elisabeth
1485 5073 1625 5145 virginalis
1647 5075 1718 5132 iute-

922 5161 1016 5235 gritas,
1032 5170 1059 5219 et
1077 5177 1149 5218 nunc
1167 5161 1283 5218 dulciori
1297 5163 1414 5234 cloquio,
1438 5178 1509 5219 nuuc
1525 5162 1637 5219 feliciori
1657 5178 1718 5219 am·

923 5252 1003 5326 plexu
1031 5252 1160 5310 loannem
1189 5268 1304 5323 puerum
1317 5256 1456 5309 consecet
1484 5259 1511 5307 ct
1534 5252 1656 5324 insignit.
1675 5252 1719 5327 [Et
1811 5241 1814 5245 ’

924 5342 1051 5399 fortassis
1079 5357 1166 5412 usque
1198 5341 1232 5396 ad
1255 5340 1327 5397 ιιιιιιι
1341 5339 1486 5398 natiuitatis
1505 5341 1564 5411 ejus
1601 5342 1720 5416 gloriosa

912 5431 1013 5506 ‚Virgo
1030 5443 1094 5488 cum
1107 5437 1221 5504 cognata
1245 5437 1349 5487 monta
1372 5438 1423 5498 ast,
1438 5432 1528 5489 donec
1541 5445 1655 5503 puerum
1669 5448 1720 5488 na-

926 5527 984 5578 tum
1003 5519 1066 5578 sinn
1080 5518 1233 5578 ltatdssimo
1255 5520 1428 5581 conlocaret:
1444 5522 1472 5579 a't
1494 5535 1550 5579 nno
1564 5520 1666 5601 pariata
1677 5537 1722 5581 ra-
