3706 5962
95 222 154 289 469

508 223 778 285 DBGLdeTIONEd
805 226 851 286 EX
877 227 905 286 S.

928 224 1095 308 εεειιιιιιιι
1125 221 1339 283 εειιιοιιιειιε.
1697 222 1752 282 no

96 349 168 407 dum
190 352 364 435 stercoratur,
387 353 497 417 putatur
518 349 619 403 ornari.
643 348 768 405 Boserat
790 350 897 418 Paulus,
913 367 936 445 Δ
953 358 982 407 ut
1004 351 1030 405 in
1059 347 1245 420 corporalibus
1272 345 1369 401 credas
1398 346 1522 416 spiritum
1552 364 1632 418 posse
1662 340 1761 423 meg'is

98 437 230 493 triturans
243 433 271 489 in
286 449 350 490 area
364 434 483 499 Domini,
499 443 617 493 etenum
637 437 731 510 utique
746 453 900 513 agnoscens
953 454 1033 510 quam
1047 436 1076 491 in
1091 433 1271 507 spiritualibus
1286 432 1426 490 oblectari.
1443 432 1493 488 Vel
1515 435 1659 492 humanam
1681 453 1749 496 con·

98 539 305 598 possessorem:
326 522 401 579 unde
421 530 448 579 et
467 523 585 593 dicebat,
609 528 728 599 Propter
751 527 897 585 Christum

97 613 198 671 omnin
205 611 415 670 detrimentum
424 613 492 683 seri,
504 613 665 670 etnrditror
674 618 707 671 ut
717 618 853 683 stercora,
865 621 899 672 ut

100 697 249 761 Cbriet'um
266 700 451 773 lucrifacium
468 701 604 776 (Philipp.
616 718 655 768 ιιι,
668 707 705 772 8).
717 705 781 760 Haec
790 705 897 777 ample-

96 800 178 848 xatur
200 788 335 859 stercora,
359 788 464 845 etiamsi
488 790 625 861 quondam
646 793 761 848 nutritus
776 792 898 850 fueritin

96 879 205 937 croceis
224 880 338 951 (ibren.
358 893 398 944 ιιι,
423 878 466 949 5);
497 878 539 934 his
567 879 704 951 lapidatur
732 882 898 939 stercoribus

98 966 189 1041 piger,
215 967 260 1039 qui
283 965 420 1022 Christum
444 964 605 1023 lucrifacere
633 967 785 1044 negligens,
815 970 897 1026 corde

96 1071 185 1114 vacuo
207 1065 236 1112 et
259 1056 367 1112 deserto
391 1054 464 1110 foras
487 1054 593 1130 cogitur
617 1057 736 1131 evagari.
758 1058 898 1130 Siquidem

98 1145 180 1201 tamis
219 1142 381 1200 necessitate
409 1144 493 1200 laceb
520 1143 674 1214 patriarcha
688 1147 855 1203 descendere
869 1147 897 1202 in

97 1235 247 1306 Egyptum
272 1232 346 1304 taen.
371 1247 449 1298 xcvi,
475 1236 517 1304 6);
542 1241 570 1289 et
596 1234 727 1306 prodigus
754 1235 799 1293 ille
827 1235 897 1292 filius

97 1317 204 1380 servire
222 1321 322 1394 porcis,
337 1320 441 1377 esurire
456 1320 566 1393 siliquas
591 1331 715 1397 egestate
729 1331 839 1381 coactus
854 1331 897 1379 est

97 1415 176 1484 (rac.
193 1427 243 1478 xv,
264 1414 304 1476 rs,
322 1410 376 1483 ιε).

241 1500 272 1556 L.
285 1502 364 1557 -De
379 1515 470 1555 verme
482 1499 530 1574 qni
545 1516 603 1556 nou
617 1501 752 1559 moritur.

133 1594 180 1646 ot.
196 1590 251 1645 Sed
266 1588 330 1661 qnid
345 1586 411 1644 dicit
424 1587 580 1659 Scriptura?
596 1589 716 1647 Habenti
731 1591 854 1656 debitur,
867 1596 896 1648 et

918 522 921 529 ’
953 529 1011 584 sule
1026 526 1169 590 rationem,
1185 524 1206 579 si
1225 525 1292 580 sides
1306 524 1332 578 in
1349 532 1375 579 te
1389 523 1499 595 penitus
1512 523 1684 582 obdormirit.
1761 553 1767 563 ·

988 618 1045 672 Lll.
1057 618 1139 672 -De
1154 613 1243 671 tribus
1258 614 1289 668 in
1306 629 1426 678 carcere,
1443 615 1473 667 et
1483 610 1575 669 tribus
1590 613 1623 669 in
1637 632 1730 673 cruce.

988 710 1032 762 63.
1048 705 1115 760 Tres
1129 703 1157 759 in
1171 718 1280 760 carcere
1295 702 1432 774 quondam
1447 699 1531 756 inisse
1544 700 1672 774 legimus,
1693 704 1749 760 tres

952 797 979 852 in
993 810 1083 851 cruce.
1098 793 1198 862 loseph
1214 790 1348 864 siquidem
1370 806 1432 844 eum
1452 788 1582 860 pincerna
1605 797 1632 845 et
1647 791 1767 863 pistore*
1845 827 1847 831 ι

952 885 1025 958 regis
1040 880 1169 940 carcerali
1184 879 1312 936 custodia
1328 879 1510 950 mancipatus;
1532 879 1654 936 Christus
1665 897 1750 939 verus

952 975 1052 1046 ioseph
1073 988 1135 1028 cum
1155 970 1260 1025 duobus
1275 968 1368 1042 utique
1383 968 1524 1025 sceleratis
1538 975 1680 1042 reputatus
1695 979 1746 1026 eet.
1761 968 1768 998 ³

952 1064 986 1118 Et
1001 1060 1039 1116 illi
1053 1060 1163 1132 quidem
1178 1058 1205 1113 in
1220 1074 1330 1113 carcere
1347 1056 1439 1112 ridere
1453 1057 1569 1127 somnia,
1586 1064 1613 1113 et
1636 1057 1748 1115 audiere
1765 1070 1769 1081 ’

951 1148 1222 1221 interpretationem:
1238 1145 1282 1201 isti
1297 1145 1323 1199 in
1338 1161 1419 1201 eruce
1434 1146 1517 1201 verba
1532 1145 1614 1202 locuti
1629 1156 1704 1216 sunt,
1719 1155 1748 1204 et
1765 1162 1768 1167 ’

951 1255 1021 1294 unus
1033 1236 1138 1308 aceepit
1151 1233 1370 1307 promissionem.
1386 1233 1510 1289 Priorum
1525 1234 1659 1308 siquidem
1679 1235 1748 1293 alter
1762 1246 1768 1265 ⁷·

951 1324 1112 1400 propinabat
1124 1324 1193 1398 regi,
1213 1331 1241 1379 et
1257 1321 1378 1379 audivit:
1395 1324 1566 1380 destitueris
1580 1324 1613 1380 in
1630 1324 1765 1396 predum·

948 1412 1332 1491 pristinumdlterpaseebat
1340 1428 1405 1468 ares
1417 1411 1467 1485 [al.
1479 1411 1596 1487 corrosl,
1605 1411 1765 1486 etrespon-'

951 1521 1011 1561 sum
1018 1503 1112 1560 mortis
1127 1505 1232 1574 aceepit
1246 1501 1327 1574 (Gen.
1336 1503 1395 1574 ιιι).
1406 1502 1460 1574 1ρεί
1474 1501 1576 1576 quippe
1586 1510 1649 1557 sunt
1660 1503 1767 1575 porci,·'

952 1610 1019 1667 quos
1032 1594 1105 1665 pavit
1119 1591 1164 1647 ille
1179 1591 1308 1664 prodigus
1332 1590 1492 1648 adolescens
1513 1591 1592 1661 (duc.
1617 1605 1667 1658 ει,
1691 1589 1767 1652 lbl·‘

97 1678 274 1738 adamabit:
288 1694 344 1738 non
360 1677 477 1734 debenti
492 1682 600 1747 autem,
616 1682 645 1735 et
660 1680 710 1738 boc
723 1679 817 1752 ipsum
827 1680 899 1753 quod
915 1681 936 1758 Β
952 1682 1050 1755 Spurci
1068 1680 1203 1753 siquidem
1222 1685 1250 1734 et
1265 1679 1327 1735 elati
1343 1679 1440 1736 merito
1455 1696 1600 1750 porcomm
1615 1687 1643 1735 et
1656 1679 1767 1736 arium‘

98 1769 215 1827 uidetur
235 1766 345 1832 bebere,
362 1769 514 1837 auferetur
528 1766 562 1822 ab
577 1784 607 1825 eo
621 1765 735 1838 (natet.
755 1784 820 1835 xm,
841 1770 897 1840 tt).

98 1858 217 1913 Arescet
232 1856 335 1924 tenum,
353 1861 380 1910 et
394 1854 502 1910 decidet
516 1854 580 1910 llos:
597 1855 663 1927 ipsae
678 1873 788 1928 quoque
805 1855 898 1913 fenes-

97 1956 148 2002 troe
161 1943 335 2010 claudentur,
350 1950 380 1997 ut
394 1943 459 1997 nibil
476 1942 545 1998 ultra
565 1952 680 2000 terrene
704 1944 812 2001 valeant
830 1961 898 2002 eon-

98 2032 243 2089 eolationis
267 2031 390 2098 baurire;
405 2031 533 2103 denique,
550 2034 671 2104 ,trauain
690 2038 725 2100 te,
750 2035 788 2089 ait
803 2035 898 2089 Domi-

99 2138 160 2187 nus,
169 2120 551 2190 etstotuemeontrasaeiom
563 2124 642 2177 luein
653 2115 737 2192 (Psoi.
751 2137 827 2189 xtrx,
840 2124 896 2192 at).

98 2210 171 2280 Quid
193 2206 259 2266 illud
275 2209 445 2266 contusionis
459 2211 521 2278 erit,
537 2211 601 2282 quid
617 2210 741 2277 miserias,
762 2213 826 2284 qnid
846 2213 898 2269 do·

99 2299 175 2365 loris,
193 2298 312 2372 quando,
329 2297 465 2370 dissipatis
485 2298 554 2355 toliis
575 2312 603 2355 ot
616 2299 756 2372 dispersis,
773 2301 899 2358 universa

99 2388 249 2463 nudabitur
263 2386 412 2458 turpitudo,
437 2387 602 2444 revelabitur
623 2388 782 2463 ignominia,
807 2390 898 2445 sanies

97 2477 258 2550 apparebit;
275 2477 383 2547 quando
403 2477 459 2545 iam
481 2476 640 2533 immortalis
663 2477 750 2533 iactus
773 2478 898 2533 internus

98 2563 336 2622 illeoonscientiae
359 2563 466 2630 vermis,
491 2571 546 2620 tota
570 2564 736 2635 malignitate
759 2565 895 2631 corrodet,

100 2653 150 2710 sed
167 2669 225 2709 non
240 2660 384 2709 consumet
397 2652 513 2707 animam
529 2652 679 2718 infelicem
705 2669 756 2709 nec
771 2655 823 2709 erit
836 2670 896 2711 om-

100 2742 166 2799 nino
192 2740 413 2797 dissimulationis
433 2740 518 2808 locus,
544 2750 590 2796 aut
610 2757 674 2812 spes
694 2741 747 2797 ulla
768 2742 896 2799 consola-

101 2829 206 2891 tionisi
219 2829 290 2899 Quid
309 2829 379 2885 enim
396 2846 484 2886 causae
499 2837 539 2884 est
555 2831 627 2903 quod
642 2847 676 2887 ne
688 2831 768 2888 modo
788 2831 897 2903 quidem

98 2918 277 2975 conacientiae
295 2918 417 2973 stimulos
433 2919 567 2974 sustinere
582 2919 752 2991 aliquatenus
771 2929 895 2992 possunt,

953 1771 1063 1827 nomine
1077 1768 1265 1844 designantur.
1285 1770 1371 1825 Porro
1384 1783 1478 1824 eorum
1493 1768 1539 1838 qui
1555 1767 1674 1824 crucifixi
1684 1779 1748 1825 sunt

953 1876 1013 1916 cum
1032 1858 1184 1924 Salvatore,
1200 1857 1277 1913 alteri
1292 1858 1384 1929 utique
1410 1856 1547 1913 confitenti
1573 1856 1675 1913 dictum
1694 1864 1747 1925 est,

952 1947 1038 2005 Hodie
1053 1964 1162 2004 mecum
1178 1947 1235 2003 eris
1248 1949 1279 2003 ire
1288 1946 1436 2018 perediam
1451 1944 1529 2000 alteri
1539 1939 1768 2016 blasphemanti*

954 2053 1007 2093 non
1023 2036 1132 2110 quidem
1147 2035 1287 2092 aDomiuo
1302 2035 1404 2107 (neque
1419 2034 1491 2090 enirn
1506 2041 1570 2090 tunc
1585 2033 1629 2089 ille
1641 2026 1762 2105 judica·'

952 2127 998 2181 bat
1011 2126 1197 2198 quemquam),
1208 2123 1256 2179 sed
1267 2140 1282 2178 a
1292 2124 1366 2179 socio
1377 2138 1537 2194 responsum
1549 2125 1599 2194 est,
1617 2125 1706 2196 Neque
1717 2128 1749 2180 tu

954 2216 1140 2280 limenorum,
1148 2212 1196 2286 qui
1205 2215 1236 2268 ia
1244 2211 1340 2268 eedem
1350 2213 1533 2268 damnatione
1542 2213 1590 2267 es?
1600 2210 1669 2280 Quid
1683 2226 1763 2284 ergo

951 2313 1086 2376 putamus,
1111 2301 1176 2373 quid
1198 2300 1304 2356 duobus
1325 2299 1386 2368 iltis,
1412 2315 1526 2371 quorum
1548 2299 1627 2355 alteri
1646 2300 1749 2356 dictum

952 2401 1004 2458 est,
1017 2390 1257 2461 destituerispost
1273 2391 1330 2446 tres
1344 2390 1419 2454 dies,-
1434 2387 1522 2456 alteri,
1538 2388 1624 2446 Hodie
1638 2392 1762 2446 mecum'

952 2480 1009 2537 eris
1026 2480 1057 2534 iu
1069 2479 1213 2551 paradiso,
1224 2485 1324 2548 praeter
1332 2476 1417 2547 ipsam
1431 2493 1496 2531 sane
1511 2476 1667 2531 dilationem
1677 2475 1749 2532 inte-

953 2568 1003 2623 rim
1021 2566 1107 2639 potuit
1121 2581 1183 2621 esse
1197 2564 1362 2620 molestum?
1383 2564 1454 2633 Quid
1476 2579 1541 2621 uero
1563 2563 1636 2619 illum
1660 2565 1761 2635 potuit'

952 2655 1098 2721 delectare,
1114 2653 1157 2709 cni
1173 2653 1343 2709 dictumest:
1367 2654 1502 2709 Truncato
1521 2652 1609 2722 capite
1624 2659 1686 2723 post
1700 2651 1747 2706 tri-

952 2745 1035 2800 duum
1051 2741 1236 2812 suspenderis,
1253 2742 1342 2798 avium
1358 2758 1421 2797 esca
1436 2740 1560 2796 iuturus?
1574 2739 1645 2795 Sane
1655 2741 1682 2794 in
1697 2741 1749 2796 lroc

954 2833 1034 2904 positi
1049 2848 1142 2886 sumus
1156 2846 1262 2897 omnes,
1279 2837 1306 2886 et
1320 2845 1401 2885 uerno
1425 2829 1476 2884 nisi
1503 2828 1666 2894 incarcere,
1687 2828 1746 2884 sine

953 2937 1033 2977 cruce
1049 2919 1158 2975 interim
1173 2919 1223 2991 [nl.
1243 2918 1375 2991 interiori]
1400 2933 1494 2973 nemo:
1511 2917 1610 2989 quippe
1632 2916 1678 2971 ubi
1701 2932 1751 2972 nec

97 3007 149 3064 sed
177 3015 305 3063 avertunt
332 3008 426 3063 oculos
447 3007 548 3074 cordis,
578 3018 606 3063 et
634 3008 667 3062 ad
701 3009 900 3066 consolationes
915 2978 938 3057 c
953 3010 1085 3067 innocens
1103 3007 1240 3063 invenitur
1262 3007 1397 3073 immunis,
1425 3006 1534 3078 quando
1557 3014 1684 3077 peccator
1709 3020 1761 3060 rea

99 3095 218 3152 miseras
232 3102 433 3160 convertuntur,
461 3105 508 3150 aut
530 3104 604 3151 certe
619 3097 837 3154 simulationibus
851 3096 901 3153 ali·
940 3098 1045 3170 ¹quiem
1060 3095 1171 3168 speret?
1186 3097 1321 3151 Caeterum
1346 3095 1368 3150 si
1391 3095 1450 3166 quis
1473 3096 1568 3150 volens
1591 3094 1706 3150 sustinet
1725 3099 1753 3151 et

98 3183 201 3254 quibus
215 3181 356 3255 decipiunt
369 3184 543 3254 semetipsos,
568 3193 595 3240 et
618 3186 748 3240 mentitur
771 3186 901 3258 iniquitas
954 3186 1029 3256 dicit,
1039 3188 1092 3243 Nos
1102 3185 1214 3259 quidem
1219 3184 1471 3258 juste(Luc.xxrrr,
1481 3183 1585 3253 :ae-ts),
1597 3183 1753 3239 mercedem

96 3270 164 3327 sibi:
183 3270 235 3325 nisi
252 3270 323 3342 quod
337 3270 516 3328 intolerabilis
535 3271 580 3327 ille
603 3281 646 3329 est
669 3273 802 3329 cruciatus
826 3274 901 3345 (lieet
954 3275 1077 3330 habebit:
1095 3274 1136 3328 sin
1152 3281 1242 3328 autem
1254 3273 1353 3328 inritus
1373 3279 1401 3327 et
1424 3272 1629 3342 blasphemans,
1654 3278 1682 3326 et
1701 3287 1750 3326 ne-

95 3359 188 3416 tdhnc
203 3358 355 3414 blandiatur
370 3377 434 3431 spus
444 3367 471 3415 et
486 3369 614 3417 extenuet
628 3362 738 3418 omnino
753 3363 898 3432 dolorem),
954 3380 1022 3437 gans
1037 3365 1123 3419 Deum
1138 3361 1227 3433 iactis,
1250 3361 1350 3433 duplex
1375 3360 1400 3415 ei
1420 3359 1546 3415 contritio
1570 3365 1621 3413 est.
1648 3358 1675 3414 si
1690 3359 1750 3432 quis

96 3449 163 3504 dnm
178 3448 231 3504 sibi
245 3449 312 3520 ipsis
326 3464 375 3520 pro
390 3450 468 3505 libitu
479 3458 602 3522 tempora
613 3451 768 3518 metiuntur,
782 3462 809 3509 et
818 3468 899 3509 omne
954 3451 1139 3509 testimonium
1156 3451 1238 3504 habet
1253 3449 1355 3513 salutis,
1382 3447 1463 3503 etiam
1484 3455 1511 3503 et
1533 3461 1596 3502 caro
1620 3449 1680 3516 ejus
1699 3462 1746 3502 re-

60 3540 64 3549 '
95 3535 171 3609 qnod
185 3545 271 3609 egunt
285 3535 364 3592 facile
379 3537 549 3603 diluendum,
571 3538 811 3611 deserendumque
827 3543 900 3612 quod
953 3539 1070 3612 quiescit
1093 3522 1206 3608 in”spe,
1226 3544 1254 3592 et
1276 3537 1419 3607 Prophetae
1441 3533 1555 3590 larinula
1577 3533 1755 3604 pulmentum·
1785 3535 1787 3538 ‘

95 3633 244 3699 appetunt,
265 3627 408 3682 temeraria
421 3628 633 3698 presumptione
649 3628 829 3699 promittenti
845 3630 899 3686 Sed
953 3627 1045 3685 condit
1059 3634 1141 3698 atque
1156 3624 1288 3692 dulcorat,
1304 3631 1334 3679 ut
1348 3623 1375 3678 in
1390 3622 1442 3680 olla
1460 3624 1516 3693 jam
1530 3637 1585 3677 non
1599 3636 1683 3688 mors,
1699 3623 1758 3677 aad

95 3722 124 3773 et
135 3715 201 3789 ipsa
214 3714 411 3771 consuetudine
427 3722 455 3770 et
478 3715 582 3771 incuria
602 3716 701 3786 stupidi
724 3726 752 3772 et
768 3718 898 3774 insensati
952 3717 1007 3773 rita
1018 3715 1053 3771 sit
1066 3715 1115 3787 (lV
1132 3716 1195 3787 Περ.
1211 3729 1248 3779 ιιι,
1266 3715 1322 3784 dl).
1751 3728 1757 3738 ·

95 3803 195 3868 corde,
210 3803 267 3860 fere
287 3803 351 3858 nihil
367 3804 502 3859 sentiunt:
521 3821 582 3876 quae
606 3805 714 3877 quidem
731 3807 821 3861 omnia
836 3807 898 3863 lon·
952 3799 1758 3876 Llll.—Quodsiueexceptionecentuplumpromittitur(

94 3894 159 3966 qius
174 3893 300 3959 ebemnt,
316 3893 364 3948 ubi
379 3891 426 3948 fiet
436 3894 645 3966 quodscriptum
661 3903 716 3951 est:
734 3901 899 3969 tequemio
988 3882 1041 3949 bi.
1057 3893 1181 3965 Denique
1206 3907 1286 3949 nemo
1307 3906 1381 3947 sanae
1395 3890 1494 3945 mentis
1512 3887 1670 3958 ampliorem
1691 3893 1755 3946 esse¹

95 3987 124 4041 et
143 3986 276 4040 statuum
289 3983 509 4052 contrafaciant
524 3990 613 4040 tuom.
952 3983 979 4038 in
992 3981 1065 4038 vitiis
1078 3988 1183 4051 credat,
1202 3997 1283 4053 quam
1307 3979 1335 4035 in
1357 3979 1504 4038 virtutibus
1528 3977 1756 4043 delectationem,¹

96 4071 143 4129 Ll.
156 4100 194 4111 -
211 4071 286 4140 Quod
307 4069 393 4127 aliter
415 4071 551 4142 spiritum
581 4076 710 4129 nostrum
739 4074 898 4147 corporatio
953 4069 1103 4142 praesertim
1116 4068 1225 4126 cumsit
1239 4069 1313 4125 Deus
1326 4048 1471 4139 virtutum:
1480 4067 1563 4124 totins
1576 4067 1755 4151 reraejucun-

285 4176 369 4232 quom
384 4159 551 4233 spiritualia
568 4167 700 4234 torpunt.
953 4159 1044 4214 ditatis
1068 4157 1138 4223 lons,
1161 4157 1260 4214 letitiae
1284 4164 1312 4212 et
1333 4156 1519 4214 exsultationis
1542 4155 1630 4230 origo.
1654 4155 1752 4228 Neque

133 4251 179 4305 62.
195 4245 305 4318 Quanto
321 4247 393 4303 enim
409 4248 460 4303 sibi
473 4249 597 4321 vicinior,
617 4261 645 4305 et
665 4249 782 4305 naturali
800 4265 897 4305 neces-
914 4280 938 4359 υ
954 4248 1025 4305 enim
1049 4247 1123 4303 carni
1138 4262 1187 4303 seu
1211 4246 1313 4302 mundo
1336 4254 1383 4302 aut
1406 4245 1526 4320 maligno
1550 4243 1675 4315 principi,
1700 4245 1753 4301 sed

96 4336 218 4395 situdine
233 4335 341 4392 charior
354 4336 444 4391 anima
463 4354 545 4394 carne
567 4347 686 4403 maest,
712 4345 787 4394 tanto
810 4339 898 4394 acrius
954 4338 1059 4393 Christo
1073 4335 1167 4406 utique
1182 4333 1294 4396 servire,
1309 4350 1426 4409 regnare
1440 4345 1492 4389 est.
1516 4331 1587 4387 Audi
1612 4331 1752 4387 bominem

97 4425 192 4482 doleat
221 4440 334 4481 necesse
358 4433 409 4493 est,
441 4432 469 4481 et
497 4427 635 4483 molestius
664 4427 731 4482 ierat
760 4428 897 4499 propriam
953 4425 988 4482 de
1009 4424 1117 4498 propria
1141 4423 1234 4494 utique
1258 4423 1427 4495 experientia
1451 4419 1640 4493 perhibentem
1668 4418 1749 4475 fidele

96 4529 182 4588 qnam
205 4528 366 4584 corpoream
389 4513 538 4579 lesionem,
564 4515 609 4570 ubi
633 4531 649 4570 a
672 4525 783 4586 stupore
803 4516 855 4572 isto
870 4525 897 4570 et
954 4512 1135 4569 testimonium
1154 4510 1277 4566 veritati:
1305 4510 1337 4565 ln
1362 4512 1416 4576 ein,
1437 4508 1539 4580 inquid,
1567 4507 1749 4565 testimonio-

95 4599 308 4659 insensibilitate
322 4600 401 4658 luerit
421 4601 551 4658 excitata:
576 4601 646 4658 sicut
670 4618 685 4658 e
708 4610 801 4657 contra
827 4604 897 4659 bona
953 4619 1018 4659 rum
1034 4606 1149 4657 tuorum
1163 4599 1394 4655 delectatussum
1408 4598 1481 4656 deut
1493 4597 1524 4651 in
1537 4595 1752 4653 omuibusdiei-

96 4690 221 4762 propria,
238 4697 266 4745 et
279 4689 391 4747 delicias
411 4689 581 4762 spirituales(
602 4692 792 4764 internamque
816 4692 899 4747 animi
954 4691 1004 4747 tiis
1019 4688 1107 4759 (Pani.
1123 4702 1222 4754 exvrrr,
1244 4687 1299 4759 lt).
1323 4687 1395 4758 Quid
1409 4685 1462 4743 erit
1476 4685 1505 4740 in
1528 4684 1624 4757 patria,
1641 4684 1663 4741 si
1677 4693 1751 4741 tanta

97 4777 266 4850 voluptatem
281 4779 327 4834 ubi
342 4779 488 4852 contigerit
502 4779 629 4851 experiri,
650 4796 684 4838 eo
705 4781 799 4854 utique
819 4783 897 4837 dele·
953 4786 995 4834 est
1018 4778 1095 4849 copia
1118 4775 1306 4832 delectationis
1329 4776 1356 4832 in
1379 4776 1443 4834 viai
1467 4775 1512 4832 Sic
1539 4784 1567 4832 et
1595 4775 1751 4847 Apostolus,

96 4865 225 4921 stabilius
238 4867 426 4936 amplectatur,
441 4867 644 4940 jucundiusque
660 4867 765 4924 truatur
778 4877 896 4941 oportet,
954 4882 1009 4923 non
1022 4868 1049 4922 in
1064 4881 1113 4937 spe
1128 4866 1225 4934 solum,
1241 4864 1386 4922 sedetiam
1410 4865 1438 4921 in
1463 4864 1637 4921 tribulatione
1661 4856 1752 4920 docuit

97 4971 153 5025 quo
167 4954 297 5026 proprius
316 4963 344 5010 et
358 4955 514 5026 expressius
529 4973 590 5011 eam
606 4964 729 5029 tangunt,
750 4974 801 5014 uec
820 4970 898 5015 exte·
954 4956 1062 5031 gloriari
1084 4957 1175 5028 (Rom.
1202 4972 1229 5014 v.
1253 4958 1279 5023 2,
1305 4954 1344 5028 3).
1368 4955 1415 5012 llle
1433 4955 1545 5027 quidem
1564 4955 1610 5021 sie,
1632 4952 1670 5007 ait
1684 4953 1753 5006 ami·

98 5042 153 5097 rins
169 5042 368 5098 mendicantur.
385 5043 472 5100 Nemo
491 5041 738 5117 quippeffllfleo
754 5047 834 5104 modo
848 5049 896 5118 ju·
954 5062 1001 5101 cus
1030 5046 1111 5117 hujus
1138 5046 1242 5115 saeculi,
1274 5044 1392 5103 auctoris
1416 5045 1507 5100 saeculi
1539 5041 1679 5108 inimicus,
1710 5039 1755 5096 illa

97 5129 249 5196 noetiani,
267 5146 321 5204 quo
344 5131 467 5203 corporis
484 5133 534 5200 sui,
562 5132 710 5191 reiectione
729 5137 830 5207 poterit
846 5136 898 5193 de·
954 5133 1064 5207 quidem
1079 5135 1132 5191 sic:
1150 5150 1203 5210 ego
1217 5133 1287 5192 forte
1303 5150 1356 5189 nou
1373 5133 1420 5189 ita.
1436 5133 1573 5190 Delicatus
1583 5147 1656 5194 sum,
1671 5129 1754 5186 homo

96 5219 202 5283 lectari.
219 5221 309 5278 Placet
324 5221 436 5296 quidem
456 5232 483 5279 et
498 5223 557 5278 illa:
582 5223 630 5278 sed
654 5223 735 5295 longe
750 5224 829 5281 aliter
848 5226 899 5281 ista
955 5220 1080 5296 peccalor
1094 5240 1165 5288 sum,
1182 5240 1233 5279 nec
1252 5223 1402 5278 subsistere
1427 5221 1453 5276 in
1480 5228 1555 5276 tanto
1579 5218 1671 5275 labore
1692 5208 1753 5275 sine
1835 5285 1840 5291 Ι

96 5307 179 5380 sapit,
195 5310 329 5384 aliterque
348 5312 475 5368 sentitur.
490 5310 604 5383 Quodsi
626 5315 778 5383 jumentum
801 5313 899 5372 animae
953 5313 1041 5386 gratia
1055 5313 1147 5378 multa,
1166 5328 1217 5369 nec
1240 5311 1326 5385 ipsam
1350 5310 1465 5384 gratiam
1489 5310 1565 5366 raleo
1590 5308 1752 5381 promereri.

97 5413 197 5469 eorpus
213 5413 274 5454 esse
293 5397 510 5466 serenantem
529 5400 622 5474 utique
637 5399 706 5455 ratio
728 5399 776 5455 tibi
800 5401 898 5456 obser-
954 5403 1035 5472 Quasi
1049 5417 1114 5458 vero
1132 5401 1223 5474 qratia
1242 5416 1298 5456 non
1313 5400 1349 5455 sit
1362 5399 1460 5472 gratia,
1477 5400 1526 5456 sed
1541 5416 1656 5474 operum
1675 5415 1751 5457 mer-

97 5485 186 5542 randa
202 5494 244 5543 est
259 5495 286 5543 et
299 5487 326 5543 in
341 5488 416 5561 ipsis.
436 5488 497 5546 Noli
512 5505 579 5565 ergo
594 5501 698 5555 errare,
725 5487 778 5544 noli
791 5488 894 5557 seduci,
953 5509 1011 5562 ces,
1027 5490 1103 5567 quasi
1119 5505 1173 5546 non
1192 5504 1288 5546 omnes
1302 5488 1482 5561 peccaverint,
1505 5496 1552 5546 aut
1575 5505 1629 5548 non
1653 5505 1749 5547 omnes
