3706 5962
135 210 194 272 927
713 201 904 265 emutatus
920 200 965 265 uu
983 201 1181 266 multitu.
1734 200 1788 265 Μ

109 372 114 381 .
139 346 267 399 mmrore,
282 327 510 386 resurrectionem
522 343 539 384 a
553 335 650 394 morte,
664 327 748 382 uitam
763 334 890 383 aeternsm
919 342 975 424 ιι
993 328 1042 385 bec
1064 328 1249 386 misericordia
1269 336 1297 385 et
1320 328 1359 384 ira
1386 327 1517 399 propbeta
1534 326 1657 398 loquitur
1680 327 1787 392 dicent.

139 421 254 478 uansitu
268 419 350 490 hujus
363 417 445 475 rita:
460 415 593 488 promittit
606 431 719 490 regnum
733 415 876 484 ooelorum,
891 431 934 472 re-
995 414 1789 490 Quissapieas,ctcvstvdietitoec,etiuteliipetmisericar

139 509 290 568 lesionem
308 506 337 563 in
360 521 455 562 mensa
473 505 558 561 Patris
570 500 580 559 ἐ
600 504 730 574 promittit
751 502 824 575 quod
842 504 936 561 oculus
990 506 1052 563 dias
1061 506 1176 563 Domini
1189 504 1246 578 (Ps.
1257 521 1315 572 cvr,
1325 505 1387 575 itii
1396 511 1423 560 et
1432 503 1515 573 idem,
1529 503 1596 574 Quis
1605 505 1686 563 rtovt't
1695 509 1776 579 potes

140 613 195 658 non
209 597 285 665 vidit,
297 610 349 652 nec
359 591 549 661 aurisaudiuit,
560 592 645 649 necin
655 607 703 650 cor
713 592 830 648 hominis
844 606 937 649 ascen·
993 597 1083 651 tatem
1092 597 1145 651 ira
1154 599 1221 661 tuae,
1232 593 1349 666 autqnis
1359 594 1528 665 poteritprve
1539 592 1641 651 timore
1651 597 1702 651 tuo
1711 593 1790 651 iram

142 687 192 758 dit,
200 685 270 742 sicut
280 682 382 756 paravit
390 681 565 757 diligentibus
578 680 705 752 se(idor.
717 695 747 747 ιι,
759 680 798 750 9).
807 679 938 735 Promittit
994 687 1073 740 tuam
1087 682 1288 742 dinumeraret
1301 681 1388 754 (Psai.
1401 696 1516 746 sxxxtn,
1532 685 1577 747 ll,
1590 683 1646 752 ta.)
1666 683 1686 741 0
1700 698 1791 756 poam

141 777 255 848 insuper
274 783 302 830 et
316 772 434 843 seipsum
449 786 455 825 :
472 772 582 828 iuravit
607 770 645 826 ad
665 769 806 828 Abrabam
828 775 939 842 patrem
992 772 1175 845 mapaifieata
1188 774 1257 827 suut
1271 787 1355 844 opera
1365 776 1425 838 tua,
1435 770 1526 827 Deus!
1537 770 1626 826 mimis
1637 771 1793 844 profundae

141 859 460 922 nostrumdaturumse
474 855 553 913 uobis
567 857 644 926 (buc.
659 872 679 920 1,
689 857 747 929 73).
762 858 791 912 in
814 856 940 913 omnibus
991 861 1418 932 sactoesuatcvpitattouestuoe.
1434 859 1684 933 Vtriusipieusuou
1695 875 1793 931 copus·

143 947 384 1025 promissionibus,
414 960 475 1017 qne
500 960 581 1002 omne
609 944 771 1001 desiderium
798 948 939 1015 superent,
994 953 1101 1016 scatet
1115 945 1793 1020 stultusuoaiuteltipetboec(l’s.retusi).Pro·

144 1047 201 1097 tota
221 1036 317 1094 nume
328 1033 508 1108 possibilitate
530 1048 681 1090 curramus.
698 1032 771 1090 iicet
792 1033 863 1089 enim
881 1032 941 1091 sine
994 1046 1087 1110 pterea
1100 1036 1262 1108 prosperitas
1271 1036 1413 1093 stultorum
1425 1033 1517 1104 perdet
1526 1049 1573 1091 eos
1583 1036 1677 1107 (Prov.
1690 1050 1713 1101 t,
1733 1034 1790 1108 99).

144 1126 225 1184 modo
234 1123 335 1184 debeat
345 1138 406 1178 esse
416 1122 451 1177 ud
462 1122 514 1177 hoc
527 1121 644 1177 bominis
653 1121 817 1178 desiderium
832 1128 941 1194 3tamen
1032 1129 1076 1181 90.
1092 1125 1170 1197 Quod
1185 1125 1239 1182 sie
1260 1126 1319 1181 Deo
1342 1123 1522 1195 corrigentur,
1543 1137 1633 1196 neque
1656 1122 1793 1183 mundau-

144 1232 180 1274 ex
203 1212 312 1271 deiectu
336 1209 456 1267 bominis
478 1210 575 1280 recipit
593 1210 621 1264 ln
633 1227 663 1267 se
683 1209 802 1266 modum.
825 1208 943 1279 Quodsi
996 1221 1050 1286 tur,
1065 1213 1359 1284 nequeemendsntnr:
1375 1211 1424 1268 sed
1438 1218 1478 1268 est
1497 1211 1654 1268 emundatio
1672 1211 1715 1270 eis
1734 1227 1793 1271 oute

145 1301 313 1362 medanum
334 1306 425 1355 temen
459 1315 492 1355 ex
519 1298 627 1356 deiectu
651 1297 723 1355 circa
746 1298 943 1371 promissiones
994 1300 1186 1358 destructionis
1200 1301 1315 1367 occasio,
1344 1302 1420 1371 juxta
1443 1299 1525 1368 illud,
1550 1300 1727 1358 Destruuisti
1747 1313 1794 1359 sos

145 1389 315 1450 Daimodum
329 1387 443 1445 excedat
458 1403 468 1458 ·,
481 1402 536 1443 non
550 1388 631 1443 habet
645 1386 689 1444 bic
701 1401 827 1444 excessus
847 1402 942 1444 exces-
997 1388 1032 1446 ab
1046 1389 1248 1449 emundatione
1261 1388 1350 1461 (Psoi.
1367 1403 1505 1457 uxxtvur,
1524 1387 1579 1459 dd).
1595 1387 1642 1443 lsti
1658 1388 1730 1443 inter
1748 1385 1796 1443 tis·

146 1496 225 1550 svm,
241 1487 269 1536 et
281 1485 321 1535 est
341 1475 506 1550 impatientis
532 1475 767 1542 commendabilis,
788 1491 850 1530 cnm
880 1490 944 1546 spes
997 1480 1068 1553 gella
1082 1478 1131 1534 Dei
1146 1485 1314 1534 murmurant
1323 1486 1351 1534 et
1363 1476 1560 1548 blasphemant,
1573 1480 1601 1533 et
1619 1475 1709 1548 poenls
1727 1488 1797 1548 pras·

146 1566 351 1644 quediliertnr,
366 1564 464 1636 aflligit
476 1564 593 1619 ammam
604 1563 696 1632 (Pron.
713 1578 776 1628 ιιιιι,
788 1564 844 1634 ιι).
860 1563 945 1618 umor
998 1567 1118 1623 sentibus
1137 1582 1232 1638 poenas
1245 1566 1405 1639 gehennales
1419 1564 1599 1623 accumulant.
1617 1563 1708 1621 Sancti
1727 1577 1799 1622 vero

147 1675 180 1717 ex
198 1656 334 1714 desiderio
345 1655 413 1727 juge
437 1652 536 1722 recipit
556 1653 761 1709 incrementum.
778 1650 864 1707 David
878 1649 946 1706 dila·
960 1617 983 1696 Β
999 1653 1107 1712 Domini
1120 1653 1191 1709 inter
1204 1652 1318 1726 Depelle,
1334 1661 1362 1708 et
1374 1651 1481 1725 flogella
1497 1650 1585 1723 ipsius
1599 1649 1718 1721 diligunt
1730 1665 1799 1721 pro·

150 1747 248 1802 tionem
276 1743 346 1797 hanc
369 1738 602 1810 impatientissime
624 1737 736 1794 terens:
763 1738 946 1808 Quemadmv·
1000 1752 1059 1816 pter
1080 1742 1166 1798 Deum
1184 1759 1190 1798 :
1211 1740 1312 1814 gratias
1334 1739 1414 1797 etiam
1436 1747 1520 1813 agunt
1540 1739 1599 1795 Deo
1622 1738 1657 1795 de
1681 1737 1801 1809 judiciis

149 1831 332 1902 dumpnquit,
343 1828 590 1886 desideratumvus
600 1826 891 1900 adfantesapuarum,
903 1827 947 1885 ita
999 1832 1069 1902 ejus,
1084 1846 1113 1886 se
1127 1837 1284 1887 accusantes
1299 1837 1326 1885 et
1340 1844 1400 1885 cum
1412 1829 1540 1900 propbeta
1551 1827 1682 1897 dicentes,
1696 1827 1802 1884 Dmus‘a

150 1919 292 1980 madeat
306 1919 405 1975 auimo
415 1932 478 1973 mea
488 1914 571 1981 adia,
579 1918 652 1972 Deus
664 1914 750 1984 (Psoi.
760 1918 866 1986 ιιιι,9).
879 1919 948 1987 lpo-
1000 1935 1064 1993 quoe
1084 1917 1180 1990 secute·
1194 1916 1283 1987 actu,
1294 1918 1425 1986 Domine,
1442 1916 1475 1973 ia
1490 1930 1553 1973 vero
1564 1915 1679 1988 judicia
1688 1915 1798 1987 fecisti,

150 2007 237 2066 stolus
251 2006 332 2063 etiam
355 2004 491 2076 patientie
508 2003 668 2074 impatiens:
689 2004 832 2075 coarctor,
848 2004 946 2077 inquit,
1000 2009 1069 2083 puta
1095 2008 1269 2080 peccavimus
1283 2005 1354 2074 titt·
1369 2005 1416 2063 scd
1430 2004 1603 2077 duplarium
1615 2003 1733 2073 nomini,
1752 2007 1801 2061 tm

149 2116 166 2158 ο
183 2092 485 2162 immacutatum
502 2090 607 2150 babens
631 2092 754 2158 dissolvi,
770 2096 798 2151 et
814 2108 870 2150 csse
883 2110 949 2150 cum
1002 2100 1087 2168 (Dan.
1096 2112 1140 2163 ιιι,
1150 2102 1177 2150 et
1189 2097 1292 2153 terem
1303 2093 1375 2166 ιιιιι).
1390 2093 1501 2151 Talibus
1511 2091 1638 2149 conrasit
1652 2092 1721 2148 illud
1736 2105 1801 2163 pro·

152 2184 265 2245 Christo
279 2203 288 2240 ε
304 2183 396 2240 mutto
406 2183 483 2238 emim
497 2181 608 2239 meiius.
624 2183 794 2241 Permanere
808 2186 906 2240 autem
916 2183 950 2239 iu
1002 2185 1139 2259 pneucum
1156 2201 1162 2241 z
1178 2183 1401 2240 exsultaverunt
1418 2181 1476 2251 filii
1494 2181 1572 2239 tadu
1590 2185 1708 2254 propter
1716 2179 1802 2253 judi-

150 2289 238 2333 caruc
246 2272 441 2330 necessarium
449 2273 567 2343 propter
581 2286 626 2327 vos
645 2269 782 2344 (Philipp.
794 2288 815 2337 ι,
831 2275 875 2341 23,
891 2273 949 2342 Di).
1003 2274 1049 2331 cia
1065 2277 1126 2340 tua,
1136 2275 1252 2332 Domine
1261 2272 1349 2343 (Psoi.
1360 2286 1439 2338 xcvi,
1450 2273 1487 2340 8).
1498 2270 1567 2327 Sunt
1580 2269 1627 2341 qui
1641 2284 1700 2325 non
1713 2267 1800 2325 solnm

151 2360 260 2433 Sponsa
278 2359 360 2416 etiam
383 2357 519 2416 desiderio
545 2357 645 2430 Sponsi
668 2360 792 2416 ardenter
814 2369 841 2417 et
867 2360 952 2433 impa-
1002 2361 1104 2432 indicia
1117 2361 1168 2418 Dei
1186 2359 1317 2417 sustinent
1331 2359 1475 2432 patienter,
1491 2358 1538 2413 sed
1554 2356 1605 2430 ipsi
1624 2373 1655 2412 se
1673 2355 1801 2427 ipsosju·

152 2449 250 2507 tienter
277 2457 441 2513 exaestuans,
469 2453 547 2519 atque
561 2445 711 2502 eoelestium
736 2447 866 2503 virtutum
890 2464 952 2504 san·
1005 2451 1105 2519 dicent,
1124 2461 1150 2507 et
1170 2465 1278 2504 menum
1308 2449 1438 2517 adjuvant
1458 2446 1619 2520 flagellantis
1644 2461 1651 2498 ε
1677 2448 1803 2502 ocenum

152 2545 313 2612 ctornmque
340 2536 466 2608 precibus
497 2550 562 2590 suos
585 2535 777 2591 commendans
809 2536 951 2594 alieuius:
1007 2555 1047 2606 ss,
1077 2537 1256 2595 testificantur
1284 2547 1376 2592 contra
1400 2551 1441 2599 se,
1470 2551 1501 2592 se
1524 2534 1598 2605 ipsos
1619 2533 1755 2604 judicant,
1778 2540 1804 2588 ct

152 2629 261 2701 ,idjam
272 2641 328 2696 vos,
338 2624 437 2698 inquit,
447 2625 516 2695 filiu
525 2625 693 2690 ierusalem,
704 2627 729 2683 si
739 2626 905 2682 irtveueritis
914 2624 955 2681 di·
1010 2628 1128 2701 propria
1142 2635 1206 2683 sunt
1220 2631 1393 2682 exsecutores
1407 2623 1556 2679 sententiae.

155 2715 455 2787 tectum,uuatioteei
465 2715 635 2784 quiaomvre
646 2713 904 2786 iaupuev(daut.v,
915 2715 953 2783 8).
1046 2719 1090 2772 9ι.
1110 2714 1245 2770 iudicium
1260 2713 1309 2769 Dei
1323 2719 1451 2784 operatur
1468 2710 1626 2781 patientiam
1647 2709 1675 2766 in
1688 2709 1803 2768 afflictis.

123 2837 133 2852 ·
154 2807 190 2863 lit
203 2805 351 2860 notandum
366 2802 441 2874 qnod
456 2816 532 2857 amor
555 2803 600 2873 qui
618 2802 743 2872 procedit
760 2818 793 2859 ex
816 2802 953 2859 desiderio
1008 2802 1159 2860 Tribulutio
1175 2799 1259 2858 499
1274 2801 1344 2857 enirn
1356 2800 1510 2872 patientiam
1525 2808 1661 2870 operatur,
1675 2798 1805 2870 pauentia

154 2892 362 2968 promissorum,
386 2889 512 2962 proprius
527 2899 568 2946 est
589 2889 697 2947 animae.
718 2891 787 2946 Nam
801 2889 829 2946 in
844 2889 989 2968 sancto-c
1006 2892 1202 2966 probationem,
1219 2889 1342 2960 probatio
1366 2904 1454 2962 spem,
1477 2904 1541 2958 spes
1561 2897 1647 2945 autern
1664 2903 1723 2943 non
1736 2901 1804 2943 cou-

156 2998 216 3040 rum
230 2979 372 3038 desideriis
387 2980 446 3036 hac
460 2976 570 3035 allectio
584 2978 682 3034 animae
695 2977 849 3049 frequenter
863 2979 952 3051 expri·
1006 2981 1095 3037 tundit
1111 2983 1198 3052 idom.
1215 2996 1242 3048 r,
1257 2977 1325 3049 9-5).
1349 2977 1463 3048 Quando
1490 2977 1560 3033 enim
1582 2984 1654 3032 esset
1669 2974 1804 3040 contnuo,

152 3071 286 3138 >mitnr,nt
298 3069 366 3126 illud
381 3077 434 3136 est,
442 3069 621 3141 concupiscit
635 3072 664 3124 et
675 3067 769 3138 deficit
780 3072 879 3126 auimo
889 3086 953 3127 mea
1005 3070 1053 3125 nbi
1067 3068 1193 3139 estquod
1208 3081 1317 3122 omnem
1332 3080 1407 3137 spem
1421 3072 1447 3119 et
1458 3080 1565 3120 omnem
1580 3063 1706 3120 fiduciam
1721 3071 1807 3119 trans·

158 3160 193 3217 iu
204 3159 285 3217 atria
297 3156 413 3216 Domini
424 3157 511 3228 (Psoi.
532 3171 642 3226 uxxxur,
659 3158 688 3228 9)
706 3171 712 3210 :
728 3156 841 3226 etitem,
857 3156 955 3215 sitivit
1008 3158 1109 3224 cendit,
1132 3165 1239 3212 aeternae
1259 3156 1362 3213 scilicet
1384 3153 1478 3227 glorie
1502 3153 1661 3211 certitudo?
1676 3154 1735 3210 Sub
1758 3154 1808 3209 bac

158 3251 257 3307 auimo
272 3263 335 3306 mea
348 3247 386 3304 ad
402 3249 439 3311 te,
452 3249 523 3303 Deus
537 3245 625 3315 (Psoi.
641 3260 695 3310 xm,
707 3244 736 3316 9)
748 3260 754 3299 ;
767 3254 794 3301 et
807 3243 873 3301 alibi
888 3261 956 3317 pro·
1010 3245 1207 3318 exspectatione
1221 3246 1354 3317 propbeta
1371 3243 1488 3311 dicebat,
1498 3243 1627 3311 Domice,
1642 3243 1676 3298 s'u
1690 3241 1808 3313 iudiciis

159 3339 251 3410 pheta,
263 3337 369 3394 liomcu
381 3334 610 3400 tuum,Damiue,
621 3334 821 3392 etvsemoriale
834 3337 916 3390 tuum
925 3337 957 3391 ia
1013 3337 1071 3394 tuis
1084 3334 1281 3408 supersperavi
1295 3334 1384 3404 (Psoi.
1396 3348 1497 3402 exurit,
1513 3335 1558 3402 tu)
1577 3351 1584 3388 z
1597 3331 1716 3399 elidem,
1730 3332 1811 3390 iudi·

159 3423 298 3482 desiderio
307 3423 531 3481 auimoe.dnimn
538 3436 603 3478 mea
611 3419 779 3479 desideravit
791 3424 818 3478 te
825 3421 858 3476 iu
866 3425 959 3489 uecta
1013 3427 1059 3482 cia
1068 3426 1182 3484 Domiui
1192 3439 1266 3490 veru,
1277 3422 1473 3481 desiderabilia
1482 3413 1685 3494 supernarum
1694 3425 1724 3479 et
1738 3419 1812 3493 tupi·

161 3510 959 3588 sedetspiritusmeusiuproecvrdiismeisllsamxvuu,9).
1014 3509 1810 3588 dompretiosttm,etduteivrasupermatetfavumii’sat

84 3600 88 3607 '
441 3598 555 3655 CAPUT
572 3598 679 3656 XXIX.
1014 3619 1096 3671 xvnr,
1113 3605 1157 3668 ιθ,
1183 3603 1237 3671 ιι).
1255 3602 1313 3658 dur
1327 3615 1392 3674 ergo
1411 3601 1511 3658 timebo
1523 3601 1555 3655 iu
1569 3598 1613 3656 dic
1628 3599 1708 3654 mato
1722 3598 1810 3670 (Psoi.

296 3692 384 3747 Deum
399 3684 575 3759 dilipertdum
589 3688 621 3742 t'u
634 3688 693 3744 suis
702 3687 828 3758 iudiciis.
1014 3707 1112 3757 xnvrrn,
1137 3688 1178 3762 6))
1197 3688 1353 3746 consultius
1372 3696 1412 3744 est
1429 3687 1475 3744 hic
1494 3686 1595 3760 puniri,
1624 3687 1669 3743 bic
1689 3685 1743 3751 uri,
1767 3682 1813 3740 bic

199 3776 444 3836 sustentantem
462 3789 496 3829 er
515 3773 653 3832 beneficiis
675 3777 724 3832 Dei
747 3776 871 3848 procedit
892 3775 961 3834 atie·
1015 3796 1066 3838 nos
1080 3780 1230 3837 accusando
1245 3787 1272 3834 et
1282 3776 1429 3847 judicando
1451 3775 1582 3845 torqueri,
1596 3790 1679 3847 quam
1693 3772 1813 3831 incidere

163 3867 230 3934 ctio,
246 3879 299 3938 qna
312 3866 400 3922 Deum
415 3868 473 3920 toto
487 3861 570 3918 corde
584 3861 742 3938 diligimns3
756 3880 789 3920 ex
805 3865 961 3937 promissio·
1016 3871 1044 3926 in
1059 3883 1154 3924 manns
1173 3867 1223 3922 Dei
1245 3865 1359 3923 uiuentis
1372 3863 1465 3935 (idcir.
1480 3882 1507 3931 x,
1534 3866 1590 3933 al),
1606 3869 1634 3918 et
1657 3862 1686 3918 in
1700 3862 1746 3919 die
1759 3868 1813 3917 tre-

164 3953 246 4012 nibus
272 3968 336 4013 vero
364 3952 416 4009 Dei
439 3949 605 4008 desiderium
632 3952 729 4024 surgit,
749 3969 802 4024 quo
828 3953 963 4012 mediante
1017 3958 1124 4025 menda,
1135 3953 1316 4012 damnationis
1330 3962 1437 4010 ueterum
1452 3951 1642 4024 supplicinma
1657 3949 1772 4008 terribili
1786 3955 1815 4005 et

166 4043 255 4099 Deum
280 4048 336 4099 tote
358 4039 447 4098 anima
475 4038 635 4096 affectamus
652 4053 658 4095 :
674 4041 714 4096 sic
727 4055 760 4096 er
778 4039 963 4112 iudiciisDei
1017 4044 1178 4104 inexorabili
1185 4044 1277 4114 judice
1291 4050 1459 4114 exspectare.
1766 4044 1781 4061 '

167 4144 274 4191 censam
289 4137 315 4186 et
332 4129 466 4202 judicium
481 4129 565 4185 hebet
579 4143 664 4197 emor,
681 4143 735 4202 qno
745 4124 832 4185 De'nm
843 4137 898 4185 tota
908 4131 963 4186 vir·
1301 4131 1413 4187 CAPUT
1437 4129 1531 4188 XXX.

167 4228 234 4288 tute,
250 4219 369 4293 totisque
391 4216 505 4286 viribus,
525 4217 605 4274 idest
629 4217 735 4276 fortiter
747 4227 773 4275 et
796 4226 960 4289 constanter,
1110 4225 1199 4281 Deum
1215 4221 1296 4295 ditipi
1311 4219 1409 4279 debere
1433 4222 1465 4276 iu
1483 4221 1544 4276 suis
1560 4214 1717 4274 mutatu.

167 4324 300 4368 emamus.
332 4309 383 4365 Est
416 4312 506 4362 autem
533 4305 667 4377 judicium
693 4306 743 4362 Dei
774 4306 963 4376 desiderabile,
1054 4316 1098 4371 99.
1113 4313 1187 4368 Dens
1209 4320 1264 4368 tota
1282 4307 1605 4381 mentediligendnsest
1624 4304 1652 4360 in
1667 4304 1816 4361 suisman·

166 4400 243 4471 juxta
251 4396 332 4454 illud:
342 4396 440 4469 Aspice
449 4398 481 4452 iu
490 4399 576 4454 meet
588 4396 798 4464 misereremei,
811 4397 965 4454 seeundum
1018 4401 1096 4458 datis.
1113 4400 1177 4458 Vult
1191 4400 1266 4456 onim
1280 4400 1362 4470 Dens,
1378 4406 1409 4454 nt
1424 4407 1478 4454 tots
1495 4411 1569 4452 mens
1583 4393 1703 4450 hominis
1718 4393 1757 4448 its
1770 4391 1816 4446 io·

165 4486 607 4562 ,iudiciumdilipcmtivmuomert
618 4489 700 4542 tuum
715 4485 964 4557 (Pscxvurtsa).
1019 4491 1102 4549 ebnet
1115 4503 1145 4544 se
1163 4490 1196 4544 ad
1211 4486 1404 4554 obediendum,
1428 4494 1457 4543 ut
1481 4498 1692 4553 omnespsensns
1706 4489 1733 4537 et
1746 4478 1817 4536 stie-

169 4576 252 4634 Etest
267 4572 399 4645 indicium
410 4572 539 4641 terribile,
550 4574 648 4644 dequo
658 4572 758 4630 dicitur
776 4592 782 4628 :
800 4574 861 4631 Noa
872 4573 965 4630 intres
1019 4579 1121 4638 oriones
1142 4591 1208 4633 suas
1244 4575 1383 4648 impendat
1415 4572 1605 4637 obseruantia¹
1626 4570 1817 4626 mandatorum

170 4661 353 4735 injudieium
362 4677 428 4719 cum
439 4676 517 4719 torvo
530 4666 591 4727 ιιι),
601 4663 718 4718 Domine
728 4663 814 4734 (Psoi
828 4678 915 4732 extu,
925 4662 964 4735 ii·
1019 4667 1182 4726 coelestium.
1192 4664 1312 4722 Obedire
1325 4663 1460 4735 siqnidem
1473 4663 1541 4728 Deo,
1554 4668 1595 4717 est
1606 4658 1744 4736 uoluntati
1757 4658 1817 4729 ejus

172 4749 212 4807 iix
225 4748 277 4805 hoc
289 4749 425 4806 horrendo
437 4749 540 4820 iudicio
557 4763 639 4804 nemo
649 4750 737 4805 Deum
751 4751 849 4825 diligit,
869 4760 915 4808 aut
938 4765 966 4807 se
1020 4774 1069 4831 per
1082 4754 1173 4813 omnia
1186 4752 1347 4819 consentire,
1368 4752 1449 4809 etsie
1464 4750 1614 4809 obediendo
1633 4748 1741 4817 urere,
1754 4747 1820 4820 qtria

172 4840 273 4914 ipsum.
298 4838 370 4894 Deus
392 4835 757 4910 itaquejmtissimojudicio
778 4854 829 4896 suo
853 4840 965 4909 qubus·
1019 4846 1130 4902 vitaest
1146 4844 1174 4898 in
1197 4842 1333 4900 voluntate
1356 4842 1416 4910 ejus
1432 4840 1519 4911 (Psoi.
1540 4855 1614 4906 xxix,
1630 4838 1669 4907 6).
1685 4837 1755 4895 Corn
1769 4851 1819 4891 su-

171 4928 234 4986 dam
250 4925 294 4983 bic
307 4926 459 4991 miseretur,
474 4941 531 4981 non
545 4925 702 4982 miserturus
718 4927 745 4982 in
760 4928 868 4999 iutur03
884 4943 967 5000 quos-
1021 4938 1076 4986 tem
1101 4927 1225 4985 voluntas
1248 4926 1296 4982 Dei
1321 4929 1485 4998 exprimatur
1512 4924 1540 4978 in
1564 4922 1700 4978 mandetis
1723 4919 1818 4989 ipsius.

171 5018 336 5075 numanum
353 5013 474 5090 flagellet
488 5020 615 5087 tanquam
629 5014 723 5085 iratus,
744 5023 773 5072 nt
789 5017 827 5072 ire
842 5024 870 5073 et
878 5016 968 5089 flagei·
1020 5032 1070 5073 nec
1087 5017 1173 5072 Deum
1186 5016 1246 5088 quis
1262 5015 1347 5086 possit
1370 5013 1484 5088 diligere
1499 5012 1551 5068 nisi
1574 5012 1635 5082 ejus
1655 5009 1752 5082 diliget
1768 5023 1820 5064 ro·

171 5105 297 5177 laipsins
320 5101 429 5161 afflictis
450 5102 477 5158 in
496 5102 612 5177 gloriam
631 5111 835 5164 conveuantur.
855 5103 969 5160 Dimittit
1021 5107 1159 5172 luntatem,
1180 5114 1286 5162 constat
1315 5103 1400 5161 Deum
1423 5100 1560 5158 neminem
1586 5115 1668 5172 posse
1690 5097 1818 5170 diligere,

172 5193 234 5251 iilos
247 5191 399 5250 meandum
415 5189 550 5247 desideria
564 5190 656 5248 cordis
678 5190 811 5263 ipsorum,
826 5200 856 5247 ut
867 5198 930 5247 eant
940 5191 968 5247 in
1021 5194 1074 5250 nisi
1087 5194 1179 5269 diligat
1193 5194 1319 5250 mandata
1336 5193 1410 5262 eius.
1426 5192 1473 5247 list
1494 5190 1612 5263 deniqne
1636 5188 1762 5261 probatio
1776 5186 1821 5241 di-

173 5280 408 5339 adinrentionibus
436 5278 494 5336 suis
521 5279 608 5352 (Psoi.
623 5294 708 5345 cxxx,
725 5282 779 5352 13),
797 5287 826 5336 nt
840 5279 968 5351 iniquite—
1022 5283 1147 5341 lectionis
1165 5299 1198 5338 es
1213 5280 1349 5338 mandatis
1367 5280 1428 5347 Del,
1453 5280 1477 5334 si
1496 5278 1576 5334 ineis
1600 5276 1818 5339 mediterranei

174 5374 228 5425 tem
241 5367 377 5440 iniquitati
394 5377 533 5441 apponant
546 5369 634 5441 (Deci.
649 5369 827 5440 uvu1,ittt);
842 5376 871 5423 nt
884 5367 967 5440 quiin
1023 5372 1172 5428 seeundum
1193 5384 1396 5442 cooperemur,
1421 5369 1443 5424 si
1461 5368 1489 5423 in
1504 5381 1597 5424 eorum
1617 5364 1746 5421 exercitio
1761 5378 1810 5419 ser

173 5454 300 5514 sordibus
326 5466 389 5516 suut
401 5458 463 5530 pius
475 5459 635 5517 sordescant
645 5459 739 5531 (apoc.
760 5472 829 5524 xxn,
857 5460 912 5529 ιι).
928 5457 969 5515 De
1022 5475 1124 5521 semor.
1139 5458 1218 5533 Quod
1233 5458 1371 5514 insinuans
1385 5458 1528 5530 propheta,
1546 5453 1706 5521 statutor,
1719 5450 1822 5526 inquit,
