3706 5962
165 183 218 242 987
624 177 734 240 statio
752 177 795 238 DE
814 175 1044 239 EXClthliN'llh
1063 173 1108 234 SS.
1129 167 1350 232 secansthtt.
1761 178 1815 240 988

165 314 193 362 et
214 304 294 362 sentit
320 303 447 374 Spiritum
473 313 594 360 sanetum
617 320 633 360 a
653 305 731 360 l‘atre
754 314 781 360 et
802 304 869 360 Filio
889 322 957 377 pro·
974 317 997 397 Α
1013 316 1066 358 non
1077 296 1232 370 temporalis
1246 295 1376 367 alimenti,
1392 296 1439 351 sed
1455 298 1558 358 eterni.
1569 297 1623 369 Qui
1640 317 1704 357 sum
1720 314 1814 359 aneson

163 395 315 461 cedentem,
339 392 517 448 domesticum
541 393 595 448 sibi
618 409 687 460 esse,
711 393 842 450 fautorem
868 394 957 450 etde·
1013 389 1145 455 muneris,
1159 384 1219 456 ipse
1237 401 1296 441 sum
1311 384 1389 439 testis
1411 385 1541 442 veritatis.
1565 389 1662 446 Altare
1682 391 1813 449 cuiassi.

164 483 299 541 lensorem
316 497 404 546 suum,
420 481 483 554 quia
498 483 557 553 ipse
573 482 732 538 consolator
755 490 796 538 est
819 498 881 541 vere
894 499 957 555 poe-
1012 479 1070 542 stis,
1086 492 1166 548 quarn
1181 491 1231 545 pro
1252 482 1279 529 te
1302 474 1418 529 sustinui
1442 485 1616 545 representat
1641 494 1770 550 crueem;
1788 491 1813 539 et

162 570 315 639 nitentium,
355 572 504 627 advocatus
536 572 563 626 in
601 586 630 627 se
670 570 846 642 sperantium.
881 572 958 628 Videt
1011 567 1090 632 calix,
1110 565 1265 637 sepulcrum
1290 563 1318 619 in
1339 579 1394 636 quo
1417 572 1539 619 mortuus
1560 566 1670 637 quievi:
1701 577 1811 641 patena,

161 658 258 715 iterum
272 667 298 716 et
312 660 393 715 sentit
419 658 555 732 angelicos
579 657 690 732 spiritus
713 658 878 730 profectibus
901 660 957 714 suis
1010 655 1125 727 lapidem
1139 652 1358 723 superpositun13
1386 653 1535 725 corporale,
1560 657 1721 726 sudarium;
1750 663 1814 716 sul>-

161 748 356 820 applaudentes
394 757 419 801 et
459 753 489 801 ut
522 747 643 805 concinis
687 749 807 820 ipsorum
840 747 956 805 adscribi
1010 745 1133 802 stratorio
1164 741 1321 813 corporalis,
1358 740 1511 798 linteamina
1540 743 1642 814 quibus
1670 746 1812 805 involutus

162 845 307 903 mereatur,
330 835 467 891 ardentius
490 835 632 894 inhiantes.
650 838 702 892 lsta
723 835 843 894 Ecclesia
861 850 955 908 prom·
1010 833 1059 890 lui.
1075 831 1167 889 Hostia
1181 846 1261 904 quam
1281 829 1365 897 vidus,
1379 830 1435 900 jam
1451 846 1503 886 non
1516 840 1557 897 est
1572 834 1657 901 panis,
1678 835 1729 890 sed
1748 853 1811 894 esre

162 926 294 995 ptuarium
325 926 435 998 quidem
464 933 505 982 est
533 942 628 982 eorum
647 926 694 998 qui
726 927 753 982 in
780 925 858 984 omlis
886 941 955 983 con·
1010 936 1081 990 rnna,
1097 935 1158 992 qun
1181 919 1308 992 pependit
1327 918 1354 972 in
1373 933 1454 975 eruce
1478 935 1525 990 pro
1541 922 1634 976 rnundi
1650 923 1715 980 rita.
1739 925 1811 982 Sane

161 1014 254 1087 scripti
282 1022 354 1070 sunt.
383 1015 450 1071 Huic
478 1015 605 1072 Ecclesiae
645 1015 689 1070 illa
718 1031 779 1086 quae
814 1014 956 1086 suspensis
1010 1008 1124 1066 rnotatio
1142 1008 1195 1063 ista
1216 1005 1412 1063 herredictionis
1435 1021 1504 1077 opus
1524 1018 1577 1078 est,
1599 1025 1654 1066 aon
1679 1011 1809 1083 originis.

160 1103 270 1178 organis
297 1104 330 1158 ad
358 1104 446 1159 Deum
476 1105 594 1174 suspirat
616 1104 703 1160 adhuc
731 1119 812 1176 super
844 1104 955 1161 llumina
1010 1099 1100 1156 l'irtus
1122 1098 1175 1152 hoc
1198 1095 1272 1164 lacit,
1287 1110 1343 1150 noa
1367 1110 1451 1192 usus:
1474 1094 1590 1152 eiiectus
1611 1101 1810 1170 estpotentioe,

159 1191 315 1264 Babylonis,
354 1191 478 1265 originali
508 1192 667 1266 cognatione
705 1193 889 1266 conjungitur,
927 1201 955 1249 et
1009 1203 1064 1245 non
1082 1203 1150 1244 usus
1170 1198 1290 1240 rietur-se:
1315 1183 1437 1254 dignatio
1461 1193 1513 1255 est,
1528 1201 1581 1242 non
1604 1187 1686 1245 ratio.
1704 1189 1810 1244 lliseri-

161 1281 275 1336 naturali
303 1278 442 1348 alfinrhte,
457 1281 580 1338 moribus
602 1289 629 1337 et
652 1281 721 1338 votis
740 1281 841 1338 unitur.
862 1282 905 1336 Ab
921 1295 954 1339 eo
1009 1275 1100 1334 cordia
1114 1281 1167 1344 est,
1182 1289 1237 1330 non
1251 1271 1368 1328 miseria.
1384 1271 1444 1329 Non
1459 1286 1614 1344 commune,
1635 1276 1682 1331 sed
1699 1277 1809 1334 solum:

160 1367 252 1441 utique
273 1370 395 1427 ministro
424 1370 471 1442 qui
495 1371 651 1440 hujusmodi
679 1380 730 1439 est,
756 1369 856 1429 virulos
876 1370 953 1444 sagi·
1008 1365 1129 1423 diuinum
1144 1370 1195 1429 est,
1210 1377 1265 1418 non
1283 1361 1432 1417 humanum
1445 1381 1456 1460 :⁸
1469 1361 1576 1432 pietatis
1594 1376 1810 1463 sacramentum,

159 1463 248 1527 natus,
266 1457 372 1532 integer
384 1475 415 1516 ac
440 1459 586 1532 perlectus,
605 1472 703 1531 agnus,
718 1459 875 1529 anniculus,
892 1458 953 1529 ple·
1007 1471 1062 1513 non
1078 1452 1192 1510 Deitatis
1210 1449 1409 1507 detrimentum.
1425 1450 1474 1505 llre
1488 1458 1583 1551 pereat
1597 1452 1738 1524 physicale
1758 1471 1810 1511 nu·

160 1562 212 1602 nus
235 1556 264 1604 et
281 1546 483 1618 immaculatus,
501 1563 563 1605 cum
591 1549 664 1604 omni
688 1548 829 1620 suauitate,
854 1545 953 1604 dulcis·
1007 1545 1173 1601 trimentum.
1192 1540 1277 1599 Cibus
1291 1539 1343 1595 iste
1370 1546 1479 1595 nonest
1497 1546 1612 1612 ventris,
1627 1542 1680 1597 sed
1698 1545 1809 1602 mentis.

160 1636 232 1691 simo
260 1652 366 1709 sapore,
390 1636 542 1710 gratissima
559 1637 727 1707 jucunditate
752 1636 907 1708 percipitur,
926 1642 954 1691 et
969 1619 991 1697 fl
1008 1635 1120 1690 Nonest
1133 1630 1205 1688 enim
1219 1630 1298 1686 datus
1313 1629 1347 1684 ad
1362 1627 1452 1685 minas
1463 1629 1543 1698 hujus
1557 1628 1631 1697 vitm,
1645 1646 1712 1702 quae
1725 1647 1811 1704 sapor

160 1734 283 1797 sumptus
305 1742 359 1782 non
374 1725 552 1783 consumitur.
575 1726 657 1782 Cibus
676 1725 749 1781 enim
763 1726 825 1782 vite
841 1732 891 1789 est.
907 1724 953 1798 qui
1008 1722 1091 1780 estad
1106 1719 1242 1777 modicum
1262 1734 1370 1790 pareas,
1385 1722 1432 1775 sed
1447 1719 1482 1774 ad
1497 1726 1628 1775 aeternam
1643 1719 1732 1778 ritem
1750 1723 1809 1778 ani·

159 1812 193 1868 de
207 1815 276 1870 coelo
291 1813 438 1870 descendit.
1007 1827 1059 1867 mes
1083 1809 1287 1869 conserendam.
1311 1808 1364 1865 lste
1387 1816 1430 1864 est
1448 1807 1527 1880 penis
1549 1807 1737 1881 Angelorum,
1763 1813 1810 1886 qni

196 1903 239 1958 ro.
257 1902 373 1958 Potesne
395 1902 528 1960 aestimare
543 1903 621 1974 quale
640 1903 680 1958 vel
705 1912 833 1973 quantum
849 1908 889 1959 est
902 1903 954 1959 hoe
1007 1899 1093 1959 nescit
1106 1906 1280 1973 putrescere:
1305 1912 1362 1954 non
1377 1897 1451 1955 radit
1473 1896 1501 1953 in
1515 1912 1664 1966 secessum,
1681 1901 1733 1956 sed
1746 1909 1807 1958 ten·

159 1989 287 2047 Sanctum
307 1997 472 2061 sanctornm,
496 2000 522 2049 et
545 1993 746 2049 sacamentum
767 1998 953 2047 sacramento·
1007 1987 1047 2045 dit
1064 1987 1092 2044 in
1110 1986 1255 2045 excelsum.
1276 1987 1342 2043 llluc
1357 1985 1462 2042 reducit
1476 1985 1614 2043 hominem
1630 1988 1707 2044 unde
1728 1994 1808 2049 traxit

159 2094 230 2147 rom,
246 2094 322 2135 amor
340 2094 470 2146 amorum,
495 2080 610 2136 dulcedo
627 2080 746 2136 omnium
761 2080 953 2136 dntoedinumt
1007 2076 1160 2152 imaginem.
1179 2076 1247 2133 Coro
1262 2082 1351 2131 autem
1365 2089 1428 2131 men
1440 2090 1502 2132 ocra
1515 2080 1557 2132 est
1572 2077 1663 2135 cibas
1678 2077 1808 2136 Similiter

159 2165 221 2221 llaee
236 2174 298 2222 sunt
316 2182 379 2224 vers
401 2168 468 2225 testa
483 2169 630 2240 paschalis,
656 2170 714 2225 haee
728 2176 792 2224 sirnt
805 2168 907 2241 gaudia
925 2176 952 2226 et
1006 2165 1097 2237 liquor
1119 2162 1208 2222 618
1220 2164 1272 2221 iste
1286 2178 1367 2236 quem
1389 2162 1476 2228 uides,
1495 2165 1554 2234 jam
1568 2179 1624 2222 non
1638 2176 1685 2222 est
1704 2167 1805 2237 vinnm

157 2254 261 2311 fercula
274 2256 369 2312 uitalia
389 2262 534 2328 iustorum,
559 2259 617 2314 haee
640 2265 704 2313 sunt
724 2257 878 2328 spirituales
901 2258 952 2313 de-

158 2342 225 2400 licias
243 2343 382 2415 justorum
398 2354 425 2402 et
444 2355 609 2403 sanctorum.
635 2345 683 2403 llic
697 2345 826 2404 bibuntur
849 2347 875 2402 in
891 2347 951 2405 loco

157 2431 233 2488 uberi
247 2438 381 2490 torrentes
398 2433 486 2502 lactis,
510 2434 619 2490 humina
634 2434 731 2504 mellis,
749 2434 870 2508 liquores
889 2436 950 2492 bal-

156 2519 224 2576 sami
243 2522 371 2578 coelestis.
397 2521 459 2579 llaec
480 2523 596 2581 efficitur
613 2538 669 2580 uns
687 2538 752 2582 caro
766 2540 866 2597 sponsa
889 2541 950 2583 cum

156 2624 268 2680 sponso,
293 2626 365 2667 nnus
380 2611 492 2684 spiritns
513 2621 606 2670 saneta
628 2611 717 2669 anima
739 2628 800 2669 eum
832 2613 949 2671 Christo.

156 2696 327 2768 Experientin
341 2700 437 2757 horum
454 2708 480 2756 et
495 2701 634 2771 similium,
655 2702 767 2772 spiritus
782 2710 810 2758 et
824 2702 878 2760 vita
891 2711 948 2759 est:

1007 2254 1055 2311 sed
1070 2253 1181 2327 sanquis
1196 2268 1283 2320 mens,
1298 2267 1377 2323 quem
1395 2269 1447 2324 pro
1462 2261 1488 2307 te
1499 2251 1555 2308 ludi
1570 2254 1599 2309 irr
1614 2255 1746 2327 pretium,
1760 2259 1805 2314 tihi

1007 2356 1147 2399 reservans
1168 2341 1195 2398 in
1209 2340 1288 2398 altari
1310 2341 1447 2413 paralum,
1469 2341 1496 2396 in
1515 2342 1740 2415 peregrinatione
1762 2356 1805 2404 tus

1007 2430 1175 2506 presidium,
1189 2430 1217 2486 in
1230 2430 1304 2487 edtu
1318 2431 1353 2488 de
1364 2431 1481 2505 AEqypto
1495 2431 1672 2502 conductum,
1689 2434 1718 2490 ia
1737 2437 1803 2494 coeto

1005 2521 1143 2580 viaticum.
1162 2519 1221 2594 Ego
1239 2520 1333 2578 betrus
1347 2520 1448 2591 cornis,
1472 2535 1520 2592 pro
1542 2521 1630 2578 salute
1645 2529 1695 2578 tna
1708 2533 1801 2595 ports·

1006 2619 1051 2670 tus
1064 2627 1124 2669 snm
1138 2609 1173 2667 sd
1191 2609 1310 2668 ummo
1323 2609 1429 2667 erucis:
1445 2607 1509 2666 inde
1521 2609 1674 2682 eliquatum
1690 2622 1733 2670 est
1746 2631 1803 2671 mn·

1005 2712 1077 2759 stum
1087 2707 1142 2759 tuae
1153 2698 1356 2772 redemptionis.
1366 2699 1485 2771 &nauh
1498 2708 1679 2760 summosses
1689 2720 1753 2762 vars
1761 2711 1801 2763 cst

156 2800 207 2843 nec
219 2787 343 2843 animalis
357 2789 437 2845 homo
452 2790 548 2847 horum
562 2806 644 2847 sensu
659 2790 754 2847 fruitur
772 2792 814 2847 vel
832 2808 951 2856 accessu.
1002 2796 1085 2866 potas
1099 2788 1191 2861 (loon.
1207 2789 1315 2859 v1,l56).

156 2875 242 2931 Amici
258 2877 360 2948 sponsi,
386 2878 412 2932 id
433 2884 483 2950 est,
507 2879 572 2936 honi
591 2879 723 2951 episcopi,
743 2880 806 2936 boni
826 2882 948 2952 abbates,

155 2963 285 3019 etoaetcri
301 2965 418 3022 timorati
448 2975 475 3023 et
499 2967 618 3040 religiosi
642 2968 700 3035 viri,
723 2976 901 3040 gustaverunt
924 2985 951 3030 et

157 3051 314 3121 plenissime
333 3060 396 3109 sunt
410 3056 512 3126 experti
526 3056 599 3128 quod
615 3071 665 3112 nos
680 3057 805 3114 dicimus.
829 3058 950 3131 ideoque

156 3138 188 3192 ad
207 3154 327 3195 mensam
343 3141 437 3198 altaris
456 3143 623 3215 frequentius
639 3144 778 3212 accedunt,
795 3146 868 3201 omni
884 3155 951 3202 tern-

156 3239 222 3294 pore
240 3227 354 3284 candida
373 3229 500 3288 iacientes
524 3232 692 3299 vestimento,
715 3233 799 3289 idest
823 3248 948 3304 corpora,

154 3325 236 3385 prout
254 3327 368 3387 possunt
385 3320 492 3387 melius,
509 3326 602 3390 utpote
624 3322 712 3376 Deum
727 3338 808 3377 suum
822 3337 904 3379 manu
923 3331 950 3379 et

154 3417 202 3458 ore
216 3408 416 3475 contrectaturi,
433 3422 459 3466 et
470 3409 669 3482 colloquentem
685 3411 735 3467 sihi
746 3411 947 3482 ipsisaudituri.

155 3490 194 3546 lhi
209 3495 279 3550 enim
294 3497 447 3553 celebratur
457 3497 587 3554 lamiliare
600 3499 763 3571 colloquium
777 3500 847 3557 inter
866 3503 949 3557 Deum

154 3587 182 3636 et
195 3581 305 3652 Moysen
322 3584 438 3642 amicum
460 3602 550 3658 suum,
565 3587 647 3643 idest
671 3588 776 3644 bonurn
798 3598 826 3645 et
840 3587 948 3645 fidelem

153 3669 318 3725 ministrum.

191 3758 235 3811 ll.
258 3756 388 3815 Caeterum
409 3776 497 3818 sermo
511 3761 556 3817 ille
569 3776 623 3817 non
649 3769 690 3817 est
709 3778 819 3834 sonans,
836 3765 883 3821 sed
898 3782 947 3837 pe-

154 3851 284 3916 netrans;
303 3863 358 3906 non
376 3850 487 3923 loquax,
517 3849 564 3906 sed
579 3848 688 3923 silicam
714 3868 769 3908 non
788 3854 949 3926 obstrepens

154 3932 274 4003 auribus,
290 3935 347 3992 'sed
370 3937 511 3994 blandiens
534 3936 695 3996 aflectibus:
721 3957 811 3999 sermo
832 3941 878 3999 ille
893 3960 948 4002 non

1042 2883 1086 2937 tt.
1100 2878 1177 2947 llira,
1190 2885 1264 2944 sunt,
1275 2876 1381 2945 iratres,
1392 2892 1454 2950 qnae
1464 2877 1499 2934 de
1513 2877 1690 2938 Sacrameoto
1702 2881 1803 2940 istodi

1005 2977 1113 3028 eantur.
1122 2967 1203 3025 Fides
1212 2968 1429 3025 estnecessnria:
1447 2967 1563 3024 scientia
1572 2969 1684 3027 rationis
1697 2988 1803 3044 snper·

1004 3071 1098 3115 vacua.
1114 3053 1231 3113 Scientia
1253 3053 1356 3110 ratione
1369 3064 1396 3110 et
1411 3055 1547 3113 intellectu
1561 3056 1713 3133 colligitur:
1730 3059 1803 3119 fides

1004 3144 1059 3202 sola
1073 3144 1234 3202 auebritate
1242 3142 1388 3200 inducitur.
1406 3144 1580 3214 Augustinus
1592 3154 1687 3203 contra
1696 3148 1803 3206 attten-

1004 3249 1068 3290 num
1083 3229 1252 3290 :slloofldes
1266 3231 1617 3304 eradat,intelligentianon
1630 3235 1803 3308 requiratne

1003 3332 1050 3379 aut
1060 3336 1113 3378 non
1122 3320 1261 3377 inventum
1276 3327 1350 3391 putet
1361 3318 1525 3389 incredibile,
1539 3329 1587 3377 sut
1599 3334 1800 3393 repertnmnon

1002 3412 1094 3469 eredat
1107 3409 1257 3483 singulare.
1272 3430 1284 3459 s
1300 3409 1364 3465 llaec
1378 3418 1453 3480 sunt,
1469 3408 1573 3475 intras,
1589 3427 1654 3484 quae
1666 3412 1749 3472 fidem
1760 3433 1802 3474 ne·

1003 3498 1121 3556 cessario
1140 3497 1262 3574 erigunt,
1279 3498 1410 3555 rationem
1433 3497 1544 3555 omnino
1567 3514 1625 3558 oon
1645 3503 1799 3561 admittant.

1003 3585 1135 3658 Expetunt
1148 3586 1299 3656 simplicem
1313 3585 1482 3655 creditorem,
1498 3597 1618 3661 arguunt
1634 3591 1751 3664 impium
1763 3595 1801 3652 di·

1003 3689 1164 3733 scussorem.
1180 3675 1214 3730 Et
1222 3673 1283 3732 ideo
1292 3673 1366 3731 credi
1376 3682 1483 3747 oportet
1493 3676 1664 3749 simpliciter,
1679 3684 1756 3754 quod
1765 3684 1802 3739 irr-

1004 3761 1131 3837 restigsri
1141 3777 1197 3819 non
1205 3770 1295 3835 potest
1303 3762 1413 3821 utiliter.
1421 3764 1520 3822 llicest
1530 3765 1576 3822 ille
1584 3775 1708 3837 torrens,
1723 3788 1799 3845 quera

1004 3851 1176 3910 transvadare
1191 3865 1246 3908 non
1262 3852 1348 3923 potuit
1362 3854 1485 3911 lllisaeus.
1501 3854 1591 3912 Nolite
1601 3855 1710 3932 itaque,
1724 3862 1800 3919 nolite

1003 3957 1126 4015 querere
1139 3941 1277 4014 quomodo
1297 3940 1362 4001 det:
1387 3944 1473 4002 nolite
1496 3945 1622 4003 dubitare
1637 3956 1736 4007 atram
1748 3949 1798 4007 liat.

155 4020 305 4092 popularis,
329 4024 377 4080 sed
393 4024 539 4098 singularis
562 4032 589 4081 et
604 4027 736 4098 privatus.
750 4030 809 4087 Non
824 4040 902 4087 sonat
919 4032 948 4088 in
1001 4029 1090 4086 Nolite
1115 4029 1296 4087 irreverenter
1314 4032 1453 4103 accedere,
1477 4049 1513 4090 ne
1538 4034 1617 4091 robis
1639 4038 1675 4093 ad
1692 4046 1798 4096 mortens

153 4109 224 4180 loro,
248 4126 302 4169 non
321 4113 431 4171 auditur
452 4115 480 4170 in
499 4114 619 4185 publico.
641 4116 778 4174 Secretum
805 4120 947 4177 consilium
1002 4119 1058 4174 hat.
1078 4119 1151 4174 Deus
1179 4117 1253 4173 enim
1268 4127 1326 4186 est;
1346 4129 1374 4179 et
1396 4137 1562 4194 quamquam
1578 4124 1659 4192 pariis
1675 4128 1798 4200 armeris

153 4207 286 4257 secretam
315 4203 411 4276 quaerit
438 4205 577 4262 amicum:
611 4206 714 4263 auditui
743 4209 840 4279 procul
863 4209 946 4267 dubio
962 4221 986 4299 ss
1002 4206 1091 4272 hahet,
1111 4210 1231 4263 muhdar
1245 4214 1333 4263 umen
1347 4207 1376 4264 in
1390 4223 1508 4265 wocar-
1522 4210 1796 4285 Deosethamoast,

151 4288 279 4363 madium
303 4291 378 4348 dabit
401 4305 427 4350 et
452 4292 582 4361 laetitiam,
606 4295 630 4350 si
655 4295 746 4351 sobria
772 4297 860 4353 cordis
881 4314 945 4355 aure
1002 4295 1048 4367 qni
1063 4303 1174 4352 testatur
1190 4310 1286 4367 panem
1302 4297 1431 4354 veraciter
1444 4296 1504 4354 lieri
1516 4311 1628 4356 carnem
1642 4304 1796 4360 sumtus

153 4378 308 4452 percipitur,
329 4382 411 4454 dadi,
433 4382 521 4454 inquit
538 4384 678 4454 Dominus,
703 4386 801 4458 lsrael,
828 4392 856 4444 ct
872 4390 944 4448 tace.

150 4466 300 4539 Respondit
321 4469 407 4528 fidelis
421 4471 524 4529 amicus
546 4481 573 4529 et
587 4473 673 4530 fidelis
688 4490 784 4531 servus
799 4476 850 4546 pise
865 4476 944 4532 lansi-

151 4556 273 4614 liaritatis
288 4574 365 4631 ausu,
381 4577 435 4618 non
459 4571 547 4619 mmen
566 4565 652 4622 vocali
675 4565 782 4637 plausu,
809 4566 857 4621 sed
872 4568 945 4623 suari

153 4645 274 4718 planctu,
299 4647 391 4704 dicens
414 4667 473 4705 enm
490 4652 625 4709 Samuele.
655 4655 787 4726 laquem,
817 4656 943 4724 Domine,

151 4737 217 4808 qat'o
231 4734 313 4791 cadit
322 4752 418 4795 servas
433 4742 500 4796 tana
514 4740 539 4809 (l
552 4743 615 4811 llep.
631 4755 672 4808 ιιι,
690 4744 734 4811 ιο)
748 4757 754 4796 :
769 4751 867 4800 etcum
883 4761 946 4817 pro-

150 4825 242 4897 pheta,
258 4824 377 4881 sudeam
391 4826 457 4898 qaid
473 4829 650 4900 loquelaris
664 4843 709 4884 me
724 4831 860 4890 Dominus
873 4835 945 4891 Deos

150 4912 239 4986 (Psoi.
256 4927 365 4970 axxxrr
384 4915 423 4983 9).
438 4915 518 4972 Certe
539 4915 578 4970 ibi
600 4916 720 4988 loquitur
741 4919 863 4977 Christus
883 4939 945 4978 curn

150 4999 275 5057 ministro
289 5015 357 5058 sno:
373 5002 471 5068 Pensa,
487 5001 584 5075 inquit,
598 5004 711 5077 jugiter,
732 5022 832 5079 repone
855 5008 945 5068 fideli-

152 5097 193 5145 ter
205 5106 212 5158 ς
222 5088 388 5162 amplectere
398 5089 517 5147 suaviter
529 5093 601 5163 quod
616 5092 693 5150 vides
706 5094 777 5166 qnod
788 5096 857 5167 agis,
873 5101 944 5169 quod

152 5186 239 5237 tenes.
255 5180 437 5253 Amplectere,
453 5181 574 5253 inquam,
595 5182 648 5254 pie
661 5183 857 5241 recordationis
875 5186 944 5241 nile·

152 5273 206 5331 eta,
228 5277 254 5324 et
269 5268 320 5341 piae
334 5271 492 5328 imitationis
512 5271 619 5340 ellectrr,
634 5272 723 5332 sciens
738 5273 866 5345 quonism
882 5274 944 5332 talia

152 5363 260 5424 oportet
275 5366 301 5413 te
316 5377 478 5434 praeparare.
495 5362 648 5435 Apparatus
662 5378 765 5420 menam
787 5363 874 5431 istius,
889 5381 945 5421 aon

153 5443 272 5500 hominis
285 5456 336 5519 est,
351 5451 399 5504 sed
417 5448 499 5506 fidei:
515 5467 570 5506 nors
585 5451 722 5519 facinoris,
741 5454 787 5510 sed
804 5453 943 5525 mysterii:

999 4384 1138 4440 electionis
1152 4396 1201 4449 est,
1218 4385 1263 4456 qui
1283 4386 1543 4456 minaturjadrcium
1564 4401 1622 4445 nors
1636 4392 1795 4463 dijudicant

1001 4479 1053 4528 um
1067 4485 1187 4530 sanotmn
1201 4488 1321 4530 earnem.
1332 4475 1360 4530 ld
1377 4474 1503 4546 ipsum,o
1517 4475 1678 4551 christiane,
1689 4482 1726 4539 de
1737 4484 1795 4539 nno

1000 4564 1110 4630 marias,
1125 4562 1150 4617 id
1165 4563 1284 4620 honores
1299 4565 1325 4618 in
1339 4564 1410 4620 sino.
1426 4563 1537 4621 Creator
1549 4565 1605 4623 vini
1619 4574 1676 4635 est,
1692 4570 1742 4644 qni
1757 4570 1797 4629 ri·

1001 4666 1065 4707 nam
1077 4651 1237 4723 provehitis
1252 4651 1410 4724 sanguinem
1426 4653 1525 4709 Christi
1541 4670 1548 4708 t
1563 4653 1672 4712 Doctor
1682 4662 1798 4731 peritiam

1001 4751 1050 4807 est,
1066 4741 1145 4811 eujus
1171 4740 1320 4799 assertione
1338 4753 1451 4798 mortem
1475 4742 1544 4800 bibit
1564 4742 1668 4803 bibens
1688 4748 1798 4825 indigus

1003 4830 1164 4900 sanquinem
1179 4830 1277 4885 Christi
1291 4831 1316 4899 (l
1331 4831 1392 4887 Cor.
1408 4846 1449 4901 xr,
1463 4832 1521 4901 at).

1038 4923 1081 4977 lt.
1098 4919 1132 4974 lit
1144 4918 1285 4974 sciendam
1308 4920 1382 4992 quod
1402 4935 1470 4992 aqut
1490 4920 1577 4976 mixta
1589 4938 1655 4980 cum
1672 4924 1737 4984 rino
1750 4940 1799 4985 tto·

1002 5013 1040 5063 tat
1053 5008 1182 5063 unionem
1210 5008 1394 5064 membrorum
1417 5023 1479 5064 cum
1505 5011 1594 5080 capite
1620 5026 1689 5070 suo.
1717 5016 1799 5089 hqoa

1001 5096 1073 5153 enim
1088 5095 1188 5164 multae,
1205 5097 1298 5169 populi
1318 5098 1394 5153 multi
1415 5099 1508 5168 (spon.
1524 5114 1593 5168 xvir,
1611 5103 1670 5170 ld),
1682 5102 1800 5162 amu

1001 5193 1053 5243 nm
1068 5184 1207 5258 portiones
1229 5201 1290 5257 quae
1305 5187 1332 5242 in
1356 5187 1434 5244 altari
1448 5189 1515 5243 hunt
1528 5188 1563 5245 de
1581 5204 1707 5263 corpore
1725 5193 1800 5252 Chri·

1001 5275 1046 5344 sti,
1066 5275 1207 5348 mysticam
1221 5273 1442 5349 significationem
1456 5276 1566 5334 hahent.
1582 5279 1631 5335 liat
1647 5281 1726 5339 enim
1739 5298 1802 5341 cor·

1002 5380 1053 5438 pas
1071 5363 1169 5421 Christi
1194 5363 1321 5423 universa
1346 5364 1480 5435 ileolesia,
1508 5376 1589 5439 caput
1615 5371 1727 5432 ratiost
1744 5388 1802 5434 nn

1008 5453 1139 5511 membris
1153 5470 1161 5514 ε
1175 5461 1201 5511 at
1219 5451 1389 5512 inveniuntur
1403 5455 1431 5512 in
1458 5470 1573 5530 corpore
1586 5456 1643 5520 isto
1655 5465 1739 5539 qun·
1751 5472 1805 5522 tres
