3706 5962
105 158 157 220 ¹39
756 150 948 239 dtttsulhll
965 152 1102 213 lustris
1235 212 1237 216 ,
1695 155 1748 216 tto

103 283 177 341 velut
205 288 312 339 scutum
336 279 420 357 gratis
449 277 587 352 dependet
611 275 782 350 amplexibus
809 275 895 332 Patris
911 291 935 370 q
952 279 1007 338 duo
1022 277 1748 355 hinnattcopraoeqemalti‚qniporcantarinta'tiis.

103 369 233 439 Verbum,
259 370 370 440 veritas,
398 376 426 425 et
448 368 545 425 uirtus.
562 369 607 426 Au
630 382 685 422 nou
709 365 757 421 tibi
782 364 896 422 delicate
950 365 1052 424 Videtis
1062 382 1143 440 quam
1151 367 1289 439 multiplex
1299 368 1415 423 uberum
1427 366 1639 424 commendatio.
1653 367 1681 423 Si
1692 385 1749 424 ma·

102 466 243 531 proteotus
257 457 374 525 ridetur,
399 456 444 529 qui
459 455 559 511 talibus
573 461 719 512 coronatur
731 461 758 510 et
781 453 897 510 circum·
950 461 992 512 ter
1006 463 1055 523 est,
1072 465 1224 512 maternum
1244 465 1340 528 pectus
1364 454 1493 511 uberibus
1516 470 1610 510 carere
1631 471 1686 511 uon
1702 457 1750 513 dc-

103 547 183 602 datur
201 546 321 619 undique
336 545 420 602 scutis
430 553 492 600 aute
508 552 535 600 et
554 544 650 599 retro?
661 541 799 598 Fidelibus
811 541 897 614 paxil-
951 552 1005 600 cet.
1020 545 1111 601 Ubera
1122 554 1234 600 noverat
1247 544 1344 599 Paulus
1353 543 1454 599 babere
1465 559 1527 598 cum
1547 542 1652 599 diceret
1667 561 1673 598 :
1691 548 1748 601 Fo-

101 635 155 707 lus,
183 634 210 689 in
234 650 288 706 quo
313 641 352 689 tot
370 632 478 690 diversa
499 649 625 688 vasorum
648 647 751 703 genera
765 631 895 702 pendent.
949 634 990 692 cti
1003 633 1261 706 sumerparuutia'n
1271 633 1361 689 inedia
1372 632 1650 704 castrametantem
1660 635 1686 688 ai
1698 650 1750 690 nra-

102 724 176 779 Bene
190 724 248 777 lraec
272 738 288 775 a
311 720 381 777 collo
401 720 539 776 charitatis
555 718 684 791 pendent,
701 718 774 791 quod
789 719 848 789 ipsa
863 717 897 772 sit
952 723 1013 778 trix
1026 724 1120 792 foueat
1142 723 1217 792 filios
1237 738 1301 778 artos
1319 721 1344 793 (l
1360 721 1433 780 Thea.
1460 736 1490 786 rr,
1511 722 1550 791 7).
1566 723 1607 774 du
1628 736 1682 777 non
1699 721 1750 777 tibi

103 811 194 868 unctio
209 825 269 882 quae
285 825 335 864 uos
347 809 427 865 docet
445 808 480 864 de
495 808 632 877 omnibuS,
649 814 674 862 et
689 807 779 862 omnia
799 820 897 878 sugge-
950 809 1059 866 videtur
1073 809 1160 866 factus
1185 810 1260 882 quasi
1285 809 1418 876 hinnulus,
1443 809 1489 881 qui
1509 808 1596 863 faetus
1610 815 1653 864 est
1668 802 1748 878 quasi

104 899 139 955 rit
156 897 247 971 :quod
265 896 293 951 iu
313 897 369 969 ipsa
389 912 482 953 omues
496 896 591 968 gratiae
612 894 797 958 conferuntur,
813 902 840 948 et
853 909 897 948 re·
951 898 1103 969 parvulus?
1120 898 1198 954 Unde
1218 898 1327 953 fovebat
1351 896 1420 952 idios
1443 896 1520 968 quasi
1536 896 1638 961 nutrix,
1654 896 1676 951 si
1690 911 1749 951 uon

2 1009 4 1012 ·
103 987 228 1044 feruutur
242 987 275 1041 ad
291 987 386 1057 ipsam,
414 994 440 1041 et
464 1003 496 1042 ex
520 986 606 1058 ipsius
624 992 773 1058 pensantur
788 991 814 1038 et
827 999 897 1054 peu·
951 986 1067 1041 habebat
1082 987 1188 1043 ubera?
1209 985 1292 1055 Quasi
1308 984 1361 1040 duo
1377 985 1480 1039 hinnuli
1494 999 1602 1055 capreae
1622 983 1675 1041 duo
1699 982 1749 1037 filii

102 1074 203 1130 duntur
215 1089 353 1129 mensura.
372 1074 447 1129 ltttte
459 1075 549 1145 clypei
561 1073 685 1144 pendent
694 1088 729 1127 em
744 1088 785 1141 co,
805 1071 898 1127 omnia
950 1074 1082 1130 Ecclesiae
1094 1092 1101 1130 ε
1113 1075 1182 1129 alter
1196 1074 1229 1129 de
1241 1073 1461 1139 circumcisione,
1474 1072 1541 1128 alter
1555 1072 1747 1129 deflentibus.

102 1167 250 1221 armatura
268 1165 399 1231 sortium.
425 1163 570 1216 Armatura
585 1160 676 1230 plane,
693 1174 774 1230 quam
799 1158 897 1212 Paulus
951 1162 1018 1218 Vide
1032 1162 1168 1235 quomodo
1188 1161 1285 1217 Paulus
1305 1161 1427 1232 utrisque
1451 1161 1537 1216 ubera
1556 1166 1674 1232 coaptat.
1690 1164 1748 1217 Fo-

101 1252 136 1307 ad
151 1251 284 1323 Ephesios
299 1257 427 1307 numeral
441 1250 552 1321 (Ephet
572 1264 610 1314 Vl·
625 1247 724 1318 ¹3·¹8)·
743 1246 840 1303 Omnis
850 1262 897 1302 ar·
951 1254 1014 1306 ctus
1029 1267 1102 1314 auen,
1116 1249 1213 1322 iuquit,
1229 1250 1332 1308 iudaeis
1347 1251 1427 1322 quari
1440 1247 1553 1316 tudoeua
1569 1251 1634 1306 :lus
1647 1253 1748 1304 cratem

100 1343 351 1411 maturusortium,
366 1339 392 1394 id
403 1346 445 1393 est
455 1336 715 1393 amantium.Fortis
728 1338 770 1390 eat
781 1333 852 1389 euim
863 1339 897 1390 art
951 1339 1070 1412 quisine
1086 1339 1141 1410 lcqc
1152 1343 1241 1403 cram,
1257 1337 1336 1411 quoti
1353 1340 1414 1394 aine
1430 1337 1486 1408 lege
1501 1352 1598 1393 essem.
1612 1335 1748 1393 Omnibus

100 1447 176 1487 mors
189 1427 244 1485 8⁷
256 1428 371 1486 dilectio
383 1426 478 1497 (Cant.
489 1440 550 1489 vrrr,
562 1423 599 1494 6).
616 1422 685 1491 Quid
696 1422 896 1492 ergoftantum
951 1428 1048 1483 omnia
1057 1427 1152 1495 scotus
1162 1443 1235 1490 sum,
1247 1429 1280 1482 ut
1293 1442 1388 1483 omnes
1400 1425 1580 1492 lucrifaciam
1595 1426 1619 1493 (l
1630 1426 1692 1481 Cor.
1704 1439 1747 1490 rx,

100 1512 139 1569 ibi
154 1522 216 1568 sunt
231 1529 306 1568 arma
321 1513 441 1579 fortium,
458 1526 512 1565 non
528 1509 670 1564 infantium
689 1509 794 1567 ubera?
809 1509 831 1563 si
846 1526 897 1565 ex·
952 1514 1060 1584 bil-22).
1081 1515 1123 1566 dn
1147 1528 1202 1569 non
1226 1512 1311 1567 ubera
1336 1510 1455 1565 hinnulis
1479 1511 1539 1565 istis
1564 1517 1748 1581 coaptaverat,

100 1601 173 1658 cedit
196 1599 274 1674 quasi
296 1599 380 1655 turris
405 1598 538 1671 quaedam,
566 1597 684 1653 ebaritas
707 1613 762 1653 uon
781 1597 897 1653 condes·
951 1600 1042 1654 omnia
1065 1599 1152 1655 factus
1167 1598 1311 1655 omnibus?
1333 1598 1466 1654 Omnibus
1490 1597 1581 1654 omnia
1606 1600 1692 1653 lactus
1706 1605 1751 1652 est

100 1688 212 1746 cendit?
227 1689 394 1746 stramento
404 1687 575 1752 excedimus,
592 1687 663 1754 Deo,·
679 1685 737 1741 siue
748 1685 834 1742 sobrii
847 1702 897 1741 ru·
951 1703 1006 1742 uon
1031 1687 1182 1742 simulantis
1205 1695 1281 1754 astu,
1306 1687 1355 1741 sed
1378 1685 1568 1758 compatientis
1596 1685 1696 1742 affectu
1720 1693 1751 1741 et

100 1793 173 1847 mus,
189 1775 274 1834 vohis.
292 1775 424 1833 Charites
449 1775 555 1831 Christi
568 1776 650 1845 tarpei
664 1788 715 1828 aros
729 1772 768 1844 (ll
785 1775 846 1831 Gor.
867 1789 895 1839 v,
951 1776 1044 1830 habitu
1058 1775 1218 1848 coaptantis.
1229 1775 1352 1846 Denique
1368 1775 1490 1847 utrisque
1505 1790 1538 1847 sc,
1546 1774 1748 1842 conformabat,

101 1865 203 1937 ld-ll).
438 1934 440 1940 .
951 1880 1023 1921 nuuc
1039 1880 1068 1919 se
1085 1881 1146 1920 cum
1165 1863 1218 1918 illis
1242 1879 1257 1917 a
1275 1862 1353 1918 licitis
1375 1863 1518 1928 cohibens,
1538 1877 1611 1917 nuuc
1627 1862 1662 1916 ad
1675 1861 1750 1917 licita

136 1956 163 2008 9.
179 1951 300 2008 Audistis
325 1950 504 2007 excedentem
531 1963 537 2003 :
557 1948 639 2006 vultis
654 1949 771 2004 sobriam
788 1957 814 2004 et
835 1963 898 2005 cou·
951 1952 1187 2022 condesceudeus3
1203 1958 1378 2023 utrorumque
1393 1951 1493 2023 ubique
1507 1949 1647 2006 declinans
1663 1966 1745 2005 scan-

81 2040 314 2111 =descendentem
324 2039 448 2110 accipere
463 2037 615 2109 sponsam?
628 2036 723 2103 Ubera,
739 2037 835 2109 iuquit,
848 2043 898 2094 luo
951 2040 1052 2107 dalum,
1074 2041 1120 2096 ubi
1143 2039 1207 2095 fidei
1228 2056 1283 2095 uon
1307 2039 1454 2095 obsistebat
1476 2037 1584 2109 injuria.
1610 2037 1749 2095 Omnibus

100 2128 176 2185 sicat
204 2128 257 2183 duo
285 2127 402 2183 iniuncti
432 2141 541 2198 capreae
567 2125 688 2198 pamelii.
717 2127 792 2181 Bona
816 2125 897 2181 turris
952 2128 1041 2183 omnia
1056 2127 1143 2185 factus
1162 2137 1214 2194 est,
1227 2143 1278 2183 uec
1292 2127 1393 2182 tudaeis
1408 2127 1488 2181 ritum
1508 2126 1536 2180 in
1550 2125 1632 2180 initiis
1643 2125 1748 2182 licitum

101 2231 211 2289 sponsa,
228 2232 289 2287 quae
304 2232 334 2272 se
348 2232 398 2287 per
417 2213 633 2270 conversationis
655 2213 826 2286 disciplinam
842 2230 897 2269 un-
952 2217 1061 2283 toUens,
1086 2232 1138 2271 nec
1156 2216 1190 2270 ad
1216 2231 1308 2272 eorum
1328 2214 1508 2270 irritationem
1530 2214 1651 2270 Gentiles
1671 2230 1748 2270 oom-

100 2302 182 2376 dique
200 2303 310 2369 claudit,
335 2310 363 2360 et
384 2319 435 2375 per
458 2301 661 2373 seripturarum
676 2301 826 2357 doctrinam
846 2300 897 2356 sibi
950 2305 1065 2378 pellens.
1083 2304 1216 2359 Omnibus
1230 2303 1323 2358 omnia
1344 2303 1431 2359 factus
1445 2310 1497 2370 est,
1513 2318 1563 2374 pro
1577 2301 1748 2358 audientium

100 2392 212 2465 clypeos
227 2392 336 2464 copiose
347 2391 485 2463 appendit,
502 2398 529 2444 et
542 2406 593 2461 per
605 2388 839 2460 contemplationis
849 2405 897 2445 ex·
951 2392 1100 2463 capacitate
1114 2401 1142 2447 et
1156 2391 1319 2463 praecipiens
1332 2390 1454 2460 moralia,
1467 2399 1496 2446 et
1518 2390 1655 2446 disserens
1674 2407 1749 2461 mys·
1787 2399 1789 2405 ·

100 2496 205 2537 cessum
222 2480 250 2534 iu
269 2479 386 2536 sublime
411 2477 540 2549 assurgit.
555 2477 642 2550 lpsius
656 2477 737 2534 etiarn
751 2476 896 2535 eontinen·
950 2481 1013 2538 tica.
1030 2482 1060 2536 ln
1074 2480 1125 2537 bac
1139 2479 1241 2549 duplici
1259 2480 1371 2535 materia
1394 2479 1466 2537 velut
1488 2478 1542 2535 duo
1556 2479 1640 2534 ubera
1661 2478 1748 2551 porri·

99 2568 138 2626 tia
151 2568 240 2637 fortis,
255 2575 284 2623 et
297 2567 424 2624 doctriua
443 2564 540 2638 fidelis,
561 2573 588 2621 et
603 2581 733 2622 excessus
753 2565 871 2622 caelestis
887 2582 895 2619 :
952 2567 993 2639 git
1008 2567 1139 2624 doctrinae
1162 2567 1293 2639 planioris
1311 2568 1396 2623 lactea
1414 2567 1499 2623 ubera
1512 2567 1630 2639 parvulis
1645 2575 1749 2638 tempe·

101 2664 190 2713 tamen
206 2665 234 2712 et
255 2657 316 2725 eius
336 2654 487 2710 sublimitas
507 2653 731 2710 condescendere
751 2652 852 2719 didicit,
870 2660 897 2709 et
951 2671 1026 2712 raus.
1043 2656 1156 2713 iuterna
1176 2655 1327 2727 compassio
1349 2656 1434 2712 ubera
1453 2655 1563 2727 quidem
1587 2656 1680 2724 babet,
1696 2654 1747 2712 sed

101 2744 233 2800 doctrinae
256 2741 333 2812 copia
358 2741 392 2795 ad
408 2739 585 2795 sobrietatem
607 2739 714 2806 deduci,
731 2745 758 2794 et
771 2740 847 2810 rigor
861 2740 896 2794 li-
951 2743 1086 2814 coaptatio
1111 2742 1178 2799 foris
1201 2745 1287 2798 ubera
1306 2744 1424 2799 exhibet.
1449 2744 1497 2798 llla
1521 2743 1676 2814 miseretur,
1697 2744 1748 2800 sed

101 2845 232 2903 quesoere
259 2829 287 2884 iu
312 2829 457 2900 quamdam
483 2828 651 2882 rationabilis
676 2828 754 2883 lactis
778 2829 897 2884 dulcedi·
951 2830 1002 2886 ista
1026 2830 1161 2887 medetur.
1187 2831 1257 2901 Quid
1281 2831 1353 2887 enim
1376 2831 1442 2887 mibi
1462 2835 1572 2904 prodest
1591 2831 1613 2886 si
1640 2840 1746 2886 tantum

101 2936 173 2986 nem,
187 2925 214 2974 et
224 2933 298 2973 arma
314 2916 424 2973 fortium
441 2915 468 2970 in
483 2913 652 2971 infirmorum
667 2916 752 2971 ubera
762 2915 894 2973 converti.
911 2951 933 3030 c
950 2919 1123 2990 compateris,
1140 2927 1168 2975 et
1177 2919 1325 2975 infirmitati
1336 2928 1363 2975 et
1377 2920 1454 2992 quasi
1467 2919 1587 2976 infautiae
1595 2936 1664 2976 meae
1678 2936 1747 2976 con·

101 3009 207 3081 Ubique
225 3006 299 3061 illam
322 3014 403 3078 urget
422 3005 539 3060 charitas
552 3004 661 3072 Christi,
688 3022 796 3061 sursum
811 3005 846 3060 ad
861 3007 896 3060 il·
950 3016 1101 3080 temperare
1120 3015 1146 3065 te
1169 3008 1313 3065 commode
1336 3009 1447 3066 nescis?
1471 3008 1536 3080 quid
1550 3009 1616 3063 milri
1633 3008 1747 3088 prpdest

101 3096 158 3151 lum
178 3093 298 3166 rapiens,
323 3093 451 3149 deorsum
475 3100 588 3164 propter
611 3093 686 3148 illum
711 3095 831 3162 trahens,
847 3096 896 3150 sed
950 3095 973 3149 si
996 3095 1185 3168 compatieutis
1200 3097 1300 3153 affectu
1316 3112 1422 3153 causam
1446 3097 1474 3152 iu
1497 3105 1522 3152 te
1547 3113 1635 3152 meam
1659 3104 1747 3152 trans·

101 3200 157 3241 non
181 3191 277 3238 tenens
299 3181 410 3250 diutius,
435 3181 499 3236 dum
523 3181 556 3235 ad
579 3197 643 3236 suas
658 3181 773 3237 subinde
787 3182 896 3238 delicias
948 3183 1014 3250 fers,
1031 3183 1052 3238 si
1068 3199 1161 3239 curam
1180 3200 1261 3255 quam
1276 3184 1361 3240 debes
1375 3201 1431 3239 non
1445 3183 1548 3239 affers?
1563 3185 1681 3256 Utraque
1697 3200 1747 3239 ue·

101 3274 130 3329 iu
144 3286 288 3328 excessum
311 3270 436 3328 recurrit.
461 3268 526 3326 ldeo
550 3269 625 3336 dicit,
644 3270 729 3329 obera
751 3275 801 3328 tua
820 3271 895 3327 sicut
949 3271 1068 3326 cessaria
1082 3279 1135 3336 est,
1151 3283 1177 3327 et
1191 3272 1352 3344 compassio,
1374 3279 1402 3326 et
1415 3271 1539 3343 quaedam
1554 3271 1705 3342 discipliuae
1719 3279 1747 3328 et

102 3359 222 3419 hinnuli
235 3376 344 3432 cepreoe
357 3360 486 3433 gemelli,·
500 3357 573 3431 quod
588 3375 697 3431 semper
713 3359 896 3432 circumspicit
949 3357 1078 3414 doctriuae
1107 3360 1278 3432 compositio.
1306 3358 1463 3431 compassio
1483 3359 1612 3415 affectum
1640 3360 1746 3416 coufor-

101 3456 208 3505 moutes
232 3461 341 3520 pascuae
363 3462 428 3514 suae,
454 3445 525 3519 quod
542 3444 576 3499 ad
590 3446 801 3517 pascuaelocum
824 3446 895 3500 illam
949 3454 1013 3512 mat,
1040 3448 1200 3519 compositio
1224 3448 1297 3504 tead
1316 3449 1470 3504 laetandum
1493 3448 1619 3520 parvulos
1643 3447 1746 3505 utiliter

100 3540 238 3593 convertat
253 3544 280 3590 et
299 3533 385 3606 rapiat
399 3544 464 3589 uota
478 3533 601 3600 refectio,
618 3535 689 3605 quod
704 3533 845 3606 adspensi
860 3533 896 3587 li·
950 3534 1081 3592 incurvat.
1101 3536 1203 3592 Neutro
1218 3535 1245 3591 in
1264 3552 1368 3610 genere
1379 3536 1465 3592 sancti
1478 3535 1605 3592 doctores
1619 3536 1746 3592 auditori·

100 3624 137 3680 lia
150 3624 203 3679 levi
218 3624 287 3677 saltu
303 3622 392 3677 subito
407 3620 553 3690 relabatur,
573 3621 646 3677 uude
661 3622 777 3678 delicate
791 3621 896 3679 refecta
948 3623 1000 3678 bus
1014 3624 1123 3691 dosunt,
1150 3624 1212 3681 facti
1236 3626 1304 3681 siout
1327 3625 1376 3692 illi,
1400 3633 1429 3681 et
1451 3624 1558 3698 pietatis
1581 3624 1692 3695 affectu,
1717 3632 1746 3680 et

102 3708 253 3768 caelestium
268 3710 358 3765 succis
372 3710 527 3775 herbarum,
544 3708 662 3764 distenta
681 3711 763 3769 ubera
779 3710 812 3764 ad
827 3727 893 3780 par·
949 3711 1173 3768 conformationis
1188 3729 1248 3772 usu.

100 3799 285 3859 vulositerato
298 3802 428 3868 reportet.
447 3794 501 3851 Sed
516 3811 576 3866 quae
592 3795 626 3850 de
641 3797 771 3852 uberibus
785 3797 843 3852 istis
858 3797 896 3853 di·
983 3802 1010 3855 2.
1036 3799 1145 3855 Utinam
1169 3801 1242 3857 istud
1272 3801 1413 3858 attendant
1435 3803 1481 3875 qui
1506 3802 1603 3859 facturi
1628 3812 1691 3859 sunt
1716 3803 1745 3859 in

100 3887 187 3945 oenda
202 3894 273 3953 sunt,
298 3901 353 3941 non
368 3892 484 3956 possunt
497 3900 579 3939 aures
597 3885 717 3958 fatigatae
741 3885 854 3941 forsitan
869 3895 896 3942 et
952 3896 1087 3944 conventu
1111 3888 1223 3946 fratrum
1251 3907 1417 3947 sermonem.
1441 3892 1557 3948 Student
1577 3892 1666 3965 magis
1689 3891 1745 3948 alta

100 3978 168 4034 lrora
180 3975 287 4046 fugiens
302 3981 410 4046 portare
424 3973 514 4040 modo,
531 3979 558 4027 et
572 3981 667 4044 potum
686 3972 765 4031 lactis
779 3976 813 4030 ab
827 3978 895 4032 uhe-
950 3993 1031 4047 quam
1046 3984 1109 4048 apta
1128 3977 1229 4047 dicere,
1253 3978 1308 4035 88
1324 3979 1454 4036 facientes
1475 3980 1547 4052 apud
1565 3979 1690 4037 infirmas
1703 3981 1743 4036 iu·

100 4065 178 4122 ribus
196 4062 256 4117 istis
279 4060 441 4133 exprimere.
463 4060 581 4117 Uberius
604 4061 688 4117 otium
707 4071 736 4117 et
750 4063 843 4117 horam
859 4063 894 4117 li·
949 4052 1113 4137 telliger'rtias
1139 4066 1298 4124 miraculum
1323 4068 1374 4135 sui,
1400 4084 1455 4125 nou
1482 4067 1603 4140 ipsorum
1628 4068 1743 4127 salutem

100 4153 238 4209 beriorem
259 4151 402 4207 orantibus
420 4149 507 4216 vohis,
537 4163 599 4205 curn
627 4149 759 4207 Dominus
777 4151 892 4222 dederit,
949 4160 1105 4222 operantes.
1128 4152 1299 4211 Erubescunt
1319 4156 1429 4211 humilia
1445 4157 1562 4227 etplaua
1577 4154 1688 4223 docere,
1706 4172 1742 4212 ne

100 4242 156 4300 oris
170 4239 257 4297 nostri
270 4238 389 4297 officium
401 4254 455 4295 non
466 4238 619 4312 denegabo,
630 4239 700 4310 ipso,
717 4240 743 4294 in
758 4240 818 4310 ejus
828 4256 894 4312 prte-
949 4239 1007 4294 sola
1020 4241 1079 4296 baec
1093 4240 1178 4297 scisse
1196 4242 1347 4298 rideantur.
1362 4244 1533 4300 Erubescunt
1546 4245 1632 4300 ubera
1650 4243 1739 4299 babe-

99 4331 342 4401 couia,praestante
357 4326 474 4399 copiam,
491 4326 538 4398 qui
552 4335 664 4398 praestat
673 4283 932 4399 affectum,t}bri·n
950 4344 990 4396 re,
1005 4329 1108 4385 nudare
1130 4331 1390 4398 mammam,laotare
1413 4333 1549 4404 parvulos.
1572 4331 1643 4403 Quid
1667 4331 1740 4387 hlud

100 4429 143 4476 sto
157 4419 233 4486 lesu,
248 4416 293 4488 qui
309 4432 371 4472 curn
384 4417 442 4472 Deo
459 4417 537 4471 Patre
557 4422 585 4471 et
608 4415 709 4486 Spiritu
724 4425 819 4472 sancto
829 4416 894 4472 vivit
948 4415 1010 4473 est?
1025 4417 1124 4474 ldeoue
1148 4420 1293 4475 consedisti
1308 4420 1334 4475 iu
1351 4421 1438 4476 medio
1456 4422 1613 4477 cathedram
1627 4427 1736 4489 teneus,

100 4517 128 4566 et
146 4512 243 4581 regnat
256 4521 305 4577 per
319 4504 410 4561 omnia
424 4503 522 4559 saecula
535 4504 706 4560 surculorum.
721 4505 821 4562 Amen.
948 4511 977 4558 ut
987 4504 1126 4561 scientiam
1135 4508 1234 4579 jactes,
1249 4525 1283 4563 an
1292 4516 1321 4562 ut
1333 4515 1454 4564 teneram
1469 4509 1639 4565 subditorum
1653 4509 1741 4564 lactes

372 4610 489 4667 SERMO
508 4611 622 4667 qufl,
946 4591 1106 4652 infantiam?
1130 4595 1243 4652 Subtilia
1265 4596 1357 4653 texis:
1378 4605 1463 4654 artem
1488 4598 1533 4671 qui
1560 4597 1673 4653 audiunt
1694 4598 1743 4653 mi-

100 4723 161 4781 ΜΟ
178 4720 264 4778 „pm
284 4723 334 4775 pm,
353 4718 428 4774 ,pm
443 4719 496 4774 duo
517 4718 635 4774 mmuh·
647 4733 756 4792 caprea,
769 4719 890 4790 ymni,
946 4691 1054 4748 rantur;
1078 4683 1261 4756 eloquentiam
1286 4685 1402 4740 laudant.
1418 4686 1491 4742 Bene
1506 4686 1627 4757 quidem,
1648 4693 1741 4741 tamen

153 4793 184 4846 m·
201 4796 360 4863 pamm,
373 4793 406 4845 p„
422 4789 503 4856 pipp-3,
519 4790 604 4845 ,pom
625 4794 732 4862 (κρίνει
751 4791 818 4857 dm,
837 4797 890 4846 010,
945 4769 968 4824 si
984 4771 1100 4843 gratiam
1114 4773 1243 4843 sentiunt,
1260 4773 1282 4826 si
1297 4780 1323 4828 te
1333 4773 1487 4845 disputante
1502 4774 1669 4831 audientium
1684 4790 1743 4831 mo-

136 4812 231 4936 ?Cont.
246 4875 282 4927 xv,
299 4861 369 4932 5-6).
944 4869 1040 4917 ventur
1054 4860 1177 4929 affectus,
1192 4862 1343 4919 intellectus
1358 4864 1518 4921 instruatur.
1532 4864 1658 4938 Alioquin
1673 4864 1741 4936 quid

136 4956 161 5011 l.
189 4948 304 5018 Videtis,
328 4948 435 5018 fratres,
460 4948 595 5020 quomodo
619 4964 671 5006 nec
685 4950 768 5006 ubera
783 4964 890 5023 sponsae
945 4948 979 5005 ad
994 4965 1112 5020 praeseus
1126 4951 1267 5022 negotium
1288 4953 1433 5025 peregriua
1448 4953 1572 5024 quaedam
1591 4952 1739 5019 adducere,

97 5040 178 5100 laude
191 5040 342 5114 privantur.
367 5039 401 5093 Et
414 5038 523 5110 quidem
542 5038 658 5095 uberum
677 5039 816 5112 usurpatio
831 5040 889 5096 fre·
945 5053 1006 5109 quae
1029 5037 1212 5095 auscultantes
1236 5055 1290 5096 non
1314 5041 1441 5112 capiant?
1454 5044 1552 5116 llagna
1577 5041 1741 5114 eloquentiae

97 5149 185 5206 quens
196 5141 252 5187 tum
266 5129 294 5184 in
309 5127 368 5182 aliis
386 5127 463 5197 loris,
479 5135 536 5183 tum
550 5127 578 5182 in
593 5128 653 5185 istis
669 5129 806 5200 praecipue
816 5129 888 5184 Can·
944 5126 1003 5181 laus
1017 5132 1068 5192 est,
1085 5141 1195 5182 causam
1210 5145 1292 5201 quarn
1307 5130 1463 5204 susceperis
1485 5140 1548 5204 apte
1568 5130 1688 5204 exsequi,
1704 5131 1742 5186 ad

95 5221 166 5278 ticis.
183 5220 252 5275 Viuo
266 5220 351 5274 ubero
363 5216 472 5290 praefert
485 5218 580 5289 (Cant.
594 5233 613 5284 1,
635 5217 673 5289 l),
688 5217 767 5274 botro
783 5217 890 5273 confert
944 5216 1005 5286 ejus
1019 5216 1191 5271 commodum
1206 5225 1304 5274 cuncta
1319 5217 1432 5289 referre,
1457 5228 1582 5292 suscepto
1604 5218 1739 5277 inservire

95 5301 695 5379 (Cant.urr,i)‚assimilatturri(t3cnt.rtur,
709 5302 889 5374 l0):etquod
944 5303 1064 5378 negotio.
1092 5303 1232 5376 Nusquam
1261 5307 1413 5366 evidentius
1435 5309 1598 5382 eloquentiae
1622 5317 1676 5365 tuae
1699 5308 1739 5363 si-

96 5409 169 5453 nunc
182 5391 209 5446 iu
225 5391 352 5463 praesenti
370 5401 421 5459 est,
443 5393 513 5457 Duo,
533 5390 629 5463 iuquit,
650 5392 735 5448 ubera
750 5393 801 5446 tuo
816 5390 891 5449 sicut
945 5410 1029 5466 gnum
1039 5394 1126 5464 dahis,
1144 5393 1225 5468 quarn
1245 5396 1268 5453 si
1278 5397 1408 5455 humilem
1424 5398 1565 5475 materiam
1580 5397 1757 5479 exsequaris*
