3706 5962
94 133 145 194 sir
706 135 856 197 cursous
873 136 1129 203 utnrnumusrs
1302 98 1306 107 ’
1686 142 1739 204 ns
1784 202 1787 207 ,

95 268 124 317 et
137 259 204 315 alios
217 256 391 331 quamplures
413 258 441 314 in
457 268 558 316 sauctse
576 261 658 332 hujus
677 263 891 320 conversationis
905 287 930 365 Α
945 263 1018 320 intus
1031 279 1129 321 vacare
1152 271 1244 321 amant
1257 262 1345 323 m
1371 262 1495 322 charitati
1517 266 1738 338 contemplanda

27 358 32 365 ’
95 347 235 421 republica
249 346 406 404 consulares
419 349 502 415 viros,
519 351 630 423 egregia
649 351 760 408 nomina
773 353 801 408 in
821 353 889 410 civi-
944 351 1083 409 veritatis:
1098 360 1126 408 et
1140 368 1202 408 cum
1216 354 1367 411 necessitas
1380 362 1468 421 vocat,
1484 353 1527 410 vel
1543 352 1667 411 officium
1686 361 1739 410 tra·

96 447 151 494 tate
171 437 230 503 Dei,
248 435 352 492 nobiles
367 443 395 492 et
414 437 591 509 triumphales
604 439 696 496 titulos
709 442 842 499 habentes
855 443 890 498 de
944 441 993 508 hit,
1008 441 1211 513 promptissime
1224 457 1254 498 se
1274 441 1348 499 fores
1366 450 1501 510 mutuant,
1516 457 1574 499 nou
1588 442 1669 511 daut,
1691 458 1741 516 pro

96 525 208 583 victoria
222 525 303 593 buius
317 524 417 590 saeculi,
436 534 463 581 et
487 526 616 599 principis
639 530 720 600 hujus
743 530 847 596 muudi,
863 537 891 587 et
944 529 1057 585 veritate
1083 530 1264 601 adimplenda·
1285 531 1435 589 charitatis.
1453 531 1527 589 Care
1541 531 1637 598 etiarm
1662 548 1742 589 serre

96 615 219 685 corporis
232 612 284 679 sui,
297 614 331 669 de
345 613 418 669 cultu
432 615 524 681 enimi,
539 624 568 671 ει
581 617 690 673 Domini
705 620 755 675 Dei
770 619 822 675 sui.
844 619 889 675 Si·
945 617 1002 683 Dei,
1019 633 1085 674 euve
1103 633 1138 674 ne
1151 633 1329 691 quoscunque
1343 619 1440 675 imitari
1454 634 1509 676 non
1531 619 1585 689 vis,
1608 620 1741 677 domuere

96 703 171 758 leant
184 716 252 775 ergo
266 700 311 773 qui
334 701 362 756 in
382 702 503 759 tenebris
522 704 557 759 de
578 704 639 762 luce
657 705 824 778 judicantes,
840 723 890 762 vos
944 705 1070 762 videaris.
1088 706 1152 762 Volo
1168 708 1219 763 boc
1237 707 1320 764 facias
1344 709 1374 763 in
1398 707 1560 780 egritudine
1583 716 1641 777 tua,
1657 712 1741 782 quod,

97 796 215 864 arguunt
228 789 358 846 novitatis
379 806 413 846 ex
435 793 601 848 abundantia
624 795 701 851 malae
724 795 887 852 voluntatis:
943 809 1006 850 curn
1019 793 1178 850 sanissimus
1191 804 1272 864 esset,
1288 796 1460 868 faciebatqui
1470 795 1595 853 dicebat:
1614 799 1744 855 Vestite·

96 881 149 953 ipsi
163 882 253 953 potins
274 883 407 954 arguendi
429 885 572 940 vetustatis
586 893 614 942 et
632 886 767 943 vanitatis.
791 887 844 943 Sed
863 893 891 942 et
944 898 991 940 sos
1010 884 1139 940 Christos
1148 887 1308 956 peccatores
1323 885 1412 942 sulcos
1431 887 1535 956 scens,
1549 888 1743 961 qaorumpri·

97 970 252 1026 laudatores
266 976 293 1025 et
311 969 478 1027 detractores
500 988 608 1045 semper
629 975 694 1031 estis
712 975 837 1037 babituri.
852 976 889 1031 si·
944 987 1009 1027 mus
1019 986 1137 1043 sporum
1149 973 1173 1040 (l
1190 972 1250 1029 lim
1264 988 1283 1037 1,
1301 973 1358 1043 tu).
1372 973 1469 1045 Neque
1484 975 1558 1029 euim
1572 973 1626 1030 boc
1634 974 1743 1032 dicebat

97 1065 143 1114 cut
165 1065 194 1113 et
210 1058 351 1114 Dominus.
373 1059 538 1118 laudatores
560 1063 715 1134 praeterite;
736 1072 763 1120 ot
790 1066 891 1120 bouum
946 1059 1043 1114 Paulus
1057 1058 1205 1115 mentiendi
1219 1059 1743 1132 precipitationesedestimaurtislir-

96 1146 170 1220 quod
185 1146 213 1201 in
227 1147 305 1203 robis
317 1155 420 1210 amant,
437 1150 487 1205 boc
498 1152 526 1205 iu
540 1151 581 1207 eis
595 1160 684 1208 amate
701 1172 707 1206 :
722 1153 892 1210 detractores
944 1148 1043 1203 ctione·
1058 1147 1111 1218 oui
1126 1148 1200 1204 euim
1221 1148 1344 1220 perfecte
1359 1149 1541 1206 examinando
1565 1151 1742 1222 semetipsum

97 1233 275 1301 dissimulate,
298 1243 326 1290 er
343 1251 394 1307 pro
417 1235 457 1292 eis
470 1245 557 1294 orate.
580 1240 615 1295 Et
636 1239 711 1296 obtin
734 1256 795 1313 quae
819 1249 891 1297 retro
945 1235 1080 1308 irreligio,
1093 1244 1266 1307 suopeceato
1280 1237 1379 1293 uulnus
1393 1248 1536 1309 peccatum
1550 1240 1741 1310 parsucsxi·

97 1329 170 1389 sunt,
185 1323 381 1395 pretermissis
389 1325 531 1393 mandalis,
551 1344 612 1400 quae
625 1330 702 1399 juxta
720 1329 773 1385 iter
790 1329 892 1387 vobiss
945 1324 1049 1390 stimat,
1064 1327 1136 1397 quod
1150 1340 1205 1381 non
1220 1326 1288 1382 sicut
1303 1342 1380 1381 snum
1395 1325 1531 1397 iutelligit.
1548 1326 1619 1384 Nolo
1633 1343 1701 1401 ergo
1713 1339 1743 1384 nt

98 1410 244 1467 dextriset
265 1425 281 1464 a
303 1411 419 1467 sinistris
436 1414 524 1484 posita
547 1423 620 1482 sunt,
645 1416 672 1472 in
690 1417 891 1474 anteriorave-
946 1428 1080 1484 nusquam
1102 1413 1243 1469 arbitreris
1267 1413 1360 1470 lucere
1382 1415 1469 1470 solem
1495 1430 1669 1473 communem
1690 1414 1744 1472 dici

97 1506 154 1554 stra
171 1513 220 1554 vos
244 1499 390 1556 extendite.
416 1500 444 1556 Si
466 1502 540 1559 enim
555 1504 589 1559 nd
613 1505 719 1577 singula
741 1505 889 1572 volueritis,
946 1500 998 1556 uisi
1013 1501 1041 1556 iu
1056 1501 1124 1558 cella
1139 1509 1195 1567 tua,
1210 1518 1342 1575 nusquam
1361 1519 1424 1559 0⁵⁵0
1442 1518 1570 1559 serenum
1590 1503 1644 1559 niti
1658 1518 1745 1576 item

97 1586 141 1643 vel
154 1586 341 1644 laudatoribus
360 1590 538 1664 respondere,
554 1591 597 1648 vel
617 1610 678 1650 cum
693 1595 893 1650 detractoribus
948 1596 983 1654 ῑθ»
1000 1603 1132 1659 nusquam
1147 1589 1254 1659 θιιθιιιῐ
1269 1588 1385 1663 gratiam
1401 1589 1449 1645 Dei
1463 1589 1516 1645 nisi
1534 1591 1561 1645 in
1576 1590 1744 1648 tomenti!

97 1675 216 1746 litigare,
232 1683 339 1747 tempus
362 1677 485 1747 perditis,
502 1681 580 1750 cujus
597 1681 625 1735 in
647 1681 786 1752 proposito
800 1689 893 1738 sancto
909 1688 931 1766 Β
948 1683 1002 1731 tua.
1019 1677 1060 1762 bu
1075 1675 1258 1733 solitariorum
1268 1678 1343 1733 Dens
1360 1684 1466 1733 tautum
1477 1679 1492 1732 t
1502 1678 1558 1733 lmo
1569 1685 1598 1734 et
1610 1678 1742 1736 omnium.

98 1778 154 1819 nou
168 1761 235 1817 levis
248 1771 290 1818 εει
303 1763 418 1831 iactura.
437 1765 459 1818 A
475 1765 555 1821 terris
570 1766 643 1822 euim
664 1767 696 1822 ad
717 1770 799 1825 caelos
814 1768 892 1825 festi·
947 1763 1091 1819 miseretur
1105 1764 1176 1819 enim
1191 1765 1313 1820 omnium
1335 1767 1419 1831 Deus.
1437 1774 1465 1821 0²
1482 1765 1549 1820 nihil
1571 1766 1629 1822 odit
1650 1781 1744 1823 mm

99 1858 211 1906 nantem
226 1849 272 1920 qui
286 1857 417 1918 moratur,
431 1852 482 1907 etsi
500 1868 556 1910 non
569 1854 682 1926 detinet,
700 1856 844 1928 plurimum
859 1868 896 1914 ts·
948 1868 1009 1923 quae
1022 1850 1176 1926 fecitlbap.
1192 1868 1235 1920 ει,
1250 1855 1309 1924 25).
1320 1853 1389 1909 llalo
1398 1861 1424 1909 te
1433 1854 1553 1926 cogitare
1568 1854 1670 1928 ubique
1684 1870 1743 1911 ease

99 1955 163 1995 meu
178 1946 268 1995 nocet.
948 1954 1076 1995 serenum
1090 1940 1141 1995 nisi
1155 1955 1242 2013 penes
1256 1949 1294 2008 te,
1310 1948 1339 1997 et
1352 1943 1431 2012 pejus
1444 1941 1480 1998 de
1493 1948 1530 2007 ιε,
1546 1958 1630 2016 quam
1645 1944 1681 1999 de
1695 1942 1744 1999 ali-

421 2028 534 2086 CAPUT
542 2031 575 2087 ll.
948 2044 1002 2100 quo
1016 2028 1181 2086 existimare.

139 2118 230 2187 Quium
243 2117 336 2173 ordeo
353 2121 382 2173 et
396 2116 526 2175 sublimis
544 2123 583 2178 sit
600 2139 697 2179 eorum
709 2124 859 2196 professio.
1258 2118 1371 2175 CAPUT
1390 2118 1437 2174 lll-

137 2207 165 2266 5.
176 2204 265 2265 Nolite
286 2222 353 2279 ergo
368 2207 521 2281 negligere,
545 2211 628 2267 nolite
643 2212 752 2269 tradere
763 2229 771 2270 :
784 2213 896 2285 gramis
954 2205 1047 2261 Vt'rltw
1060 2208 1205 2274 ferventer
1213 2209 1330 2263 colenda
1344 2206 1376 2262 t'tt
1384 2211 1559 2279 posterorum
1573 2209 1743 2280 exmpleu-

100 2294 264 2351 enimvobis
283 2301 369 2351 restat
383 2295 434 2352 via.
459 2297 597 2355 ditissima
611 2300 685 2356 euim
704 2310 747 2356 est
761 2302 895 2372 professio
983 2292 1205 2349 7·C¹¹¹1¹liffl⁰f0
1224 2295 1312 2364 P⁰1i¹¹⁵
1335 2304 1363 2350 et
1386 2304 1506 2352 ‘remitte
1530 2302 1650 2352 *emm
1671 2296 1746 2367 59³⁰·

101 2392 202 2440 vestra.
220 2382 309 2441 Coelos
324 2386 487 2458 transit,par
501 2388 663 2460 augelisest‚
679 2390 810 2464 angelicse
822 2390 896 2446 simi·
950 2397 1009 2436 ³¹¹¹ss
1024 2381 1138 2437 saltuem
1153 2382 1315 2454 θΡθΓθῐΠῑΰῑ·
1340 2385 1399 2439 Νθθ
1424 2382 1520 2456 quales
1545 2384 1601 2439 ⁸5⁸¹
1622 2385 1679 2454 *liis
1697 2384 1745 2440 ⁵0⁶

101 2473 134 2529 iio
147 2472 266 2544 puriori,
287 2474 347 2530 rior
362 2474 436 2531 orior
451 2476 540 2533 ooiorrr
563 2477 675 2535 rovirrjo
698 2494 808 2536 ornnem
832 2495 897 2535 roo.
949 2469 1092 2542 qualesex
1107 2470 1184 2526 vobis
1206 2470 1281 2536 fiant,
1297 2472 1470 2543 quantumin
1490 2471 1568 2527 vobis
1592 2480 1645 2539 est,
1672 2473 1745 2545 cogi·

102 2564 232 2628 etitatem,
261 2565 310 2620 sed
337 2565 426 2620 omnis
451 2568 602 2623 sanctitatis
635 2568 841 2640 perlectionem,
870 2577 897 2625 et
951 2546 1016 2627 5⁸¹0,
1032 2573 1087 2613 ¹¹⁰⁰
1111 2558 1281 2614 ⁵⁰¹¹¹mffl⁰d⁰
1307 2558 1352 2630 qui
1377 2557 1458 2615 ¹¹¹⁰d⁰
1481 2566 1554 2627 ⁵⁰⁰¹»
1575 2559 1626 2614 ⁸0⁶
1650 2566 1679 2616 0²
1701 2559 1745 2631 qui

101 2651 190 2707 omnis
204 2651 445 2707 cousummationis
459 2651 551 2709 lipom.
565 2657 626 2711 Nori
641 2663 684 2710 ooo
695 2665 817 2712 rogorum
827 2658 898 2713 or'roo
950 2654 1013 2716 post
1028 2645 1110 2700 futuri
1126 2655 1198 2714 sunt,
1222 2662 1291 2717 quos
1310 2647 1337 2701 iu
1352 2649 1491 2718 proposito
1505 2655 1600 2702 sancto
1615 2647 1682 2703 estis
1696 2649 1746 2703 ba·

102 2737 256 2794 oommunio
269 2746 405 2809 precepta
418 2738 561 2810 languor-o,
579 2757 669 2814 noque
691 2744 743 2799 hoo
756 2743 843 2800 solum
857 2753 898 2798 oi.
952 2732 1033 2786 bituri
1048 2732 1205 2788 imitatores.
1218 2735 1258 2788 Ex
1269 2734 1346 2790 vobis
1355 2735 1441 2799 enim,
1457 2752 1490 2790 ex
1506 2744 1598 2791 vestro
1611 2735 1745 2808 exemplo.

102 2825 217 2882 pondero
232 2824 298 2896 quiri
319 2825 460 2897 proripiat
478 2827 567 2893 norro;
583 2829 632 2883 rori
646 2830 710 2900 quid
735 2831 810 2895 rofio,
834 2846 898 2901 pro.
952 2828 979 2873 ct
993 2826 1083 2873 vestra
1096 2820 1256 2875 auctoritate
1271 2821 1298 2876 in
1322 2823 1433 2896 regione
1458 2824 1508 2878 bac
1522 2822 1643 2892 pendere
1668 2823 1748 2878 babet

103 2914 201 2970 ωερε
214 2927 274 2983 quae
292 2913 327 2968 sit
345 2911 470 2969 voluntis
488 2915 538 2971 Doi
553 2917 635 2982 borio,
654 2924 682 2973 or
701 2919 898 2991 ionopiooong
953 2914 1009 2960 tota
1023 2907 1168 2977 posteritas
1183 2910 1264 2978 hujus
1279 2910 1365 2965 vestri
1374 2910 1484 2966 Ordinis
1495 2911 1591 2967 sancti.
1610 2912 1664 2967 Vos
1678 2914 1706 2966 iu
1716 2927 1749 2969 co

103 3009 132 3057 et
145 2999 266 3071 perlecta
280 3000 371 3070 (llum.
381 3016 429 3070 xu,
444 3001 616 3073 bibliorum
630 3013 673 3061 oor
685 3008 758 3062 orriri
773 3007 831 3064 noo
841 3023 898 3063 ior.
954 3000 1057 3065 putres,
1072 3009 1121 3050 vos
1135 2995 1162 3050 in
1176 3010 1209 3051 eo
1223 2997 1392 3055 institutores
1403 3014 1464 3057 oum
1479 2999 1571 3055 debita
1593 3000 1750 3056 imitationis

104 3089 172 3154 vire,
186 3094 307 3144 vestrum
317 3088 470 3146 adherere,
481 3089 603 3147 Aliorum
617 3101 659 3149 eoi
672 3095 760 3150 Deum
774 3095 898 3162 ogr-orioro,
915 3044 937 3123 c
954 3083 1107 3139 reverentia
1135 3084 1338 3156 appellabimini
1365 3104 1381 3143 a
1413 3088 1616 3144 successoribus
1638 3090 1747 3146 vestrl&

104 3175 187 3242 scire,
202 3189 303 3241 amare,
323 3176 464 3232 revereri:
480 3187 601 3234 vestrum
624 3190 666 3237 est
682 3197 789 3254 sapere,
806 3183 902 3239 iutelli-
953 3172 1116 3246 Quidquidl
1131 3174 1208 3231 V⁰b5⁸
1225 3183 1364 3241 millum,
1385 3176 1515 3249 quidquid
1528 3176 1607 3233 vobis
1634 3177 1752 3233 tenenti·

106 3279 184 3338 gere,
198 3278 375 3336 cognoscere,
391 3265 452 3322 frui.
470 3268 596 3340 liugnam
606 3279 648 3326 est
661 3271 723 3337 hoo,
734 3272 845 3328 arduum
860 3278 902 3328 ost
953 3264 1006 3318 bus
1020 3271 1048 3319 et
1062 3264 1234 3319 servantibus
1249 3264 1277 3319 in
1303 3265 1529 3321 consuetudinem
1544 3264 1627 3321 fuerit
1644 3264 1749 3322 admis-

106 3354 168 3410 boc.
183 3352 238 3408 Sed
252 3352 426 3424 omnipotens
439 3361 468 3410 et
481 3355 623 3413 bonusest
637 3359 723 3426 Deus,
740 3359 785 3431 qui
808 3360 836 3415 io
848 3374 900 3416 vo.
953 3366 1025 3419 snm,
1038 3350 1141 3422 absque
1155 3352 1229 3408 omni
1239 3353 1429 3409 retractatione
1443 3369 1459 3407 a
1474 3352 1590 3422 posteris
1600 3354 1699 3409 vestris
1713 3361 1753 3409 te-

107 3442 149 3497 bis
162 3448 205 3497 est
218 3440 279 3512 pius
293 3442 453 3512 promissor,
472 3442 560 3501 fidelis
575 3445 707 3514 redditor,
723 3453 751 3504 et
775 3446 899 3505 indefes·
954 3439 1074 3495 neudum
1089 3440 1140 3496 erit
1154 3449 1182 3495 et
1194 3440 1365 3508 servandum,
1382 3456 1434 3497 1¹00
1453 3439 1493 3497 fat
1508 3441 1560 3496 elil
1576 3440 1677 3513 aliquid
1702 3441 1754 3498 iffi·

106 3547 153 3587 sus
167 3531 290 3601 adjutor3
306 3530 353 3603 qui
369 3546 468 3604 magno
482 3534 542 3605 ejus
556 3550 649 3592 amoro
661 3536 900 3610 mogooprofirorr.
939 3529 1061 3605 mutari.
1078 3529 1122 3585 Sic
1142 3529 1213 3584 enim
1233 3528 1267 3585 de
1282 3528 1359 3585 vobis
1382 3529 1434 3584 erit
1455 3529 1528 3597 apud
1542 3543 1599 3596 eos,
1624 3529 1695 3584 sicam
1716 3528 1752 3584 de

107 3618 189 3688 tibus,
204 3627 232 3674 et
245 3618 273 3672 iu
292 3617 346 3674 fide
361 3626 389 3675 et
412 3636 460 3692 spe
482 3623 576 3695 gratiae
600 3624 660 3693 ejus
679 3626 782 3694 majore
800 3625 902 3681 viribus
954 3617 1220 3673 incommutabilibus
1233 3618 1341 3691 legibus
1355 3633 1469 3673 summer
1483 3625 1511 3673 et
1531 3627 1641 3673 eternae
1654 3617 1753 3673 verita-

108 3707 164 3761 suis
182 3705 415 3777 aggredientibus,
440 3716 468 3763 er
494 3709 660 3766 voluntatem
686 3720 713 3767 er
737 3712 901 3769 condemur
956 3705 990 3761 tie
1004 3712 1047 3760 est
1063 3705 1134 3776 spuo
1149 3720 1210 3774 nus,
1226 3721 1293 3778 quas
1317 3706 1431 3761 scrutari
1449 3706 1576 3761 omnibus
1590 3705 1703 3776 expedit
1724 3711 1754 3760 et

45 3832 50 3841 .
108 3792 231 3866 suggerit
245 3793 273 3848 irr
287 3793 315 3849 iri
328 3793 414 3864 ipsum
427 3811 435 3857 ;
447 3803 476 3851 or
488 3797 535 3867 qui
549 3797 695 3854 roiurrrorio
701 3799 818 3872 gratior„
831 3816 902 3870 prro.
956 3792 1036 3856 scire,
1053 3807 1107 3847 nou
1123 3799 1212 3848 cirtem
1227 3792 1290 3849 licet
1306 3792 1384 3849 elicui
1399 3793 1558 3862 diiudicare.
1580 3793 1637 3849 Deo
1661 3799 1753 3849 autem

108 3881 225 3952 rogarit,
240 3882 398 3955 subrogarit
421 3883 503 3939 etism
527 3884 654 3941 virtutem
667 3886 702 3941 sd
729 3895 901 3959 provorsum,
956 3880 1065 3954 gratim,
1088 3879 1150 3951 quie
1163 3897 1214 3936 noc
1233 3881 1374 3953 indiguum
1396 3881 1474 3937 vobis
1495 3882 1556 3944 erit,
1582 3896 1635 3937 uec
1658 3880 1754 3936 inutile

109 3969 159 4025 Cui
173 3984 234 4025 cum
256 3969 373 4026 fideliter
387 3970 483 4027 lecerit
504 3971 585 4030 bomo
607 3975 679 4045 quod
701 3976 829 4046 potuerit,
856 3993 903 4032 oo.
957 3968 1083 4039 posteris,
1105 3968 1126 4022 si
1140 3970 1194 4039 pie,
1210 3969 1232 4024 si
1248 3969 1354 4025 fortiter
1368 3976 1397 4025 ct
1419 3985 1468 4026 vos
1483 3969 1637 4037 tenueritis,
1660 3978 1688 4026 et
1702 3968 1755 4042 ipsi

109 4055 258 4114 lomnisnro
280 4057 487 4130 calumniatore,
515 4061 574 4132 ipro
598 4060 811 4119 misericorditer
835 4080 903 4135 por.
957 4055 985 4111 in
999 4056 1077 4112 vobis
1095 4055 1211 4111 fideliter
1222 4057 1361 4112 imitentur
1371 4058 1443 4127 quod
1458 4057 1567 4114 interim
1587 4057 1697 4114 tenetis.
1722 4059 1756 4114 bt

110 4145 169 4218 pori
182 4161 232 4204 suo
245 4146 376 4218 judicium
396 4147 476 4205 iooior
495 4158 522 4205 or
543 4163 662 4215 ooororr,
687 4150 749 4221 quir
764 4151 837 4224 qood
852 4154 904 4207 oo.
958 4144 980 4199 si
994 4143 1060 4216 quid
1073 4144 1162 4199 adbuc
1174 4144 1253 4200 aliter
1266 4161 1361 4216 sapere
1381 4146 1541 4219 oportuerit,
1557 4153 1586 4202 et
1608 4145 1660 4203 boo
1682 4147 1757 4203 noos

107 4233 168 4291 buit
181 4235 232 4292 hoc
246 4236 319 4293 fecit.
959 4235 1034 4290 vobis
1048 4235 1187 4292 revelabit.
1204 4235 1284 4292 Salva
1298 4236 1371 4291 enim
1390 4252 1440 4307 per
1454 4239 1547 4290 omnia
1561 4235 1693 4292 Cartusiae
1707 4235 1757 4293 de·

146 4322 173 4382 6.
185 4323 263 4381 suut
276 4331 378 4390 maren,
393 4324 527 4395 frutuosa
539 4325 712 4383 conscientie
723 4331 821 4383 restrae
835 4328 906 4383 sesti·
960 4322 1016 4378 bita
1029 4322 1180 4390 sanctitate,
1202 4333 1230 4379 et
1248 4340 1308 4380 curn
1323 4323 1397 4380 omui
1419 4323 1500 4379 laude
1514 4323 1688 4393 praedicanda
1707 4337 1756 4379 re·

111 4411 268 4479 motiones
283 4414 416 4486 parvitate
439 4423 467 4471 ει
481 4415 631 4472 bumilitate
645 4422 746 4483 vestra,
766 4424 795 4471 et
808 4416 843 4471 ab
857 4431 905 4473 ore
921 4424 944 4502 n
960 4412 1092 4478 verentia,
1107 4411 1190 4467 multa
1204 4413 1231 4467 iu
1255 4412 1359 4484 Alpinis
1382 4410 1433 4466 illis
1448 4411 1566 4467 horridis
1578 4419 1606 4466 et
1622 4411 1758 4466 continuis

111 4509 203 4559 vestro
217 4503 307 4559 omnis
318 4503 451 4560 altitudo:
468 4503 531 4577 quia
546 4504 629 4561 altum
643 4519 742 4575 sapere
756 4520 829 4562 mors
843 4513 904 4574 est;
961 4499 1107 4572 frigoribus
1119 4499 1274 4556 necessaria
1288 4508 1359 4566 sunt,
1375 4515 1435 4569 quie
1459 4498 1592 4571 frugalem
1614 4497 1757 4555 suflicien-

111 4597 140 4645 et
154 4589 230 4647 facile
244 4601 287 4647 est
299 4592 326 4646 iu
341 4591 396 4649 alto
410 4609 442 4649 se
461 4601 636 4651 contuentem
653 4594 858 4666 obstupescere,
871 4603 907 4650 ‘et
961 4588 1035 4655 tiam,
1052 4587 1271 4645 01l0¹1¹¹1l8ri8m
1286 4594 1477 4659 paupertatem
1488 4587 1665 4656 fflcfflsslibllssr
1676 4587 1704 4641 ¹¹1
1716 4587 1758 4643 hi!

111 4677 213 4733 devita
226 4680 384 4750 periclitari.
399 4681 504 4737 Nomen
518 4683 590 4739 aliud
618 4691 717 4739 vestre
744 4683 907 4754 professioni
961 4677 1093 4732 duntaxat
1114 4675 1273 4749 regionibns
1304 4689 1358 4730 non
1386 4675 1456 4733 adeo
1479 4674 1634 4732 necessaria
1657 4674 1757 4732 videu-

110 4765 253 4838 impouite‚
278 4764 359 4820 ulium
385 4768 490 4822 titulum
511 4769 601 4824 ordini
631 4778 724 4826 vestro
756 4772 905 4829 inscribite.
961 4775 1014 4824 lut·

110 4852 193 4912 iteras
205 4867 254 4910 vos
276 4853 366 4924 potius
390 4854 545 4921 indomitas,
570 4863 598 4912 ει
624 4856 780 4914 incaveatas
806 4861 908 4916 bestius
997 4859 1023 4910 8.
1040 4850 1191 4922 intelligitis
1205 4867 1266 4924 quaa
1286 4850 1363 4907 dico:
1380 4851 1455 4908 dabit
1470 4851 1543 4909 enim
1564 4850 1642 4906 vobis
1662 4850 1758 4906 llomi-

112 4945 185 5019 (que
199 4941 278 4999 aliter
300 4941 436 4998 communi
460 4941 598 4997 bominum
624 4959 701 4999 more
727 4944 831 5001 domari
851 4962 907 5002 uon
962 4957 1013 4998 uus
1028 4939 1203 4996 intellectum.
1219 4940 1331 4996 Gaudeo
1343 4939 1415 4996 euim
1435 4940 1463 4995 in
1482 4940 1569 5006 vobis,
1586 4947 1613 4994 et
1629 4938 1693 4993 licet
1707 4940 1757 4991 ab·

111 5039 248 5107 poterant)
267 5028 420 5087 existimate
438 5038 466 5087 et
484 5029 632 5102 appellate3
652 5031 735 5106 louge
758 5049 840 5107 supra
859 5050 908 5092 ros
961 5045 1025 5087 sens
1039 5026 1229 5099 corrosores
1251 5043 1373 5099 presens
1388 5029 1493 5101 spiritu,
1518 5037 1545 5084 et
1566 5027 1662 5084 videns
1680 5026 1758 5082 ordi-

112 5121 238 5178 virtutem
253 5134 347 5177 eorum
362 5118 551 5192 suspicientes,
565 5124 594 5175 et
602 5119 768 5176 admirantes
781 5122 905 5196 gloriam,
961 5132 1025 5175 uem
1039 5123 1169 5183 vestrum,
1184 5117 1232 5172 sed
1246 5117 1381 5173 fervorem
1404 5117 1529 5190 spiritus,
1544 5118 1592 5173 sed
1614 5115 1758 5171 abundan-

112 5208 160 5281 qui
174 5208 336 5265 ambidextri
348 5207 488 5267 sommum
504 5208 585 5279 (sicut
598 5208 678 5265 Abod
693 5208 738 5265 ille
756 5210 839 5279 judex
850 5213 907 5265 tor·
962 5207 1026 5262 tiam
1042 5207 1126 5277 pacis,
1142 5206 1191 5262 sed
1215 5205 1332 5277 gratiam
1351 5206 1544 5279 simplicitatis,
1565 5206 1593 5261 in
1616 5204 1758 5278 proposito

113 5295 235 5351 tissimus
249 5297 342 5364 lsrael,
359 5296 405 5371 qrri
419 5306 533 5371 utraque
547 5311 631 5355 mann
644 5298 773 5355 utebatur
782 5312 832 5371 pro
844 5297 909 5354 der·
963 5295 1092 5370 rigorem,
1107 5294 1133 5349 iu
1156 5295 1300 5352 dilectione
1315 5301 1408 5350 mutua
1422 5294 1508 5368 ipsam
1528 5294 1615 5350 sancti
1639 5291 1759 5363 Spiritus

112 5392 173 5439 tera
185 5383 301 5456 (tuom,
316 5401 359 5451 ur,
376 5390 433 5457 tbi,
452 5395 478 5443 et
493 5387 623 5461 quamdiu
638 5386 709 5456 licet,
730 5385 906 5445 devotissime
963 5384 1135 5455 suavitatem,
1149 5394 1177 5442 et
1188 5385 1297 5458 plenam
1309 5384 1421 5442 omuino
1434 5382 1462 5438 iu
1477 5382 1683 5441 conversatione
1697 5397 1760 5442 ves·
