3706 5962
65 254 135 316 nse
619 244 1152 310 ursunnuuomuuuuuvuuur.
1193 206 1197 213 ’
1642 251 1712 312 rese

61 381 124 436 dam
138 396 236 452 eorpus
263 377 369 436 Domini
397 385 440 434 est
453 377 518 444 rita,
547 375 708 449 quibusdam
735 390 799 431 nero
820 384 898 468 estg
915 382 1019 429 vestem
1036 389 1099 446 quae
1114 390 1195 444 sopra
1209 378 1252 430 est
1267 376 1350 432 currit
1372 385 1400 431 ut
1421 377 1505 434 restis
1530 377 1665 452 tingatur;
1683 392 1709 436 ct

61 484 141 541 poeua
162 477 190 524 et
219 469 381 537 supplicium
396 467 509 537 peceati.
534 465 638 536 Corpus
666 464 775 520 Domini
798 463 856 518 sine
915 461 1089 518 iudenomen
1105 465 1219 534 accepit,
1235 464 1358 521 uttiuctu
1374 467 1465 522 colore
1482 481 1619 536 purpureo
1646 481 1709 537 pur-

61 558 269 616 dutioestvita
292 558 343 612 illis
361 557 461 630 quibus
482 555 605 612 Christus
630 562 671 610 rst
700 554 774 608 vita:
804 552 857 608 illis
911 559 1102 619 puratocetur
1119 554 1416 623 :queomuiasanctae
1437 557 1523 611 menti
1544 564 1709 629 congruunt.

63 650 176 698 uerocst
194 659 279 714 mors,
290 642 335 715 qui
353 659 403 715 per
417 642 521 713 culpam
536 651 563 698 et
576 639 858 712 ignorantiam,atque
912 639 1005 695 Comae
1017 639 1117 712 quippe
1137 640 1235 711 capitis
1253 651 1315 697 suut
1329 643 1506 717 cogitationes
1524 649 1633 711 mentis,
1648 661 1709 715 quae

63 731 261 807 negligentiam
277 732 396 786 membra
412 739 473 785 suni
484 729 592 785 diaboli.
913 727 940 781 iu
954 726 1092 783 canalibus
1112 729 1241 801 ligantur,
1256 731 1320 802 quia
1340 734 1368 785 in
1384 732 1530 804 Scripturis
1552 733 1662 803 divinis,
1677 747 1711 788 ne

100 823 145 875 ot.
169 819 258 891 Dude,
282 834 360 875 soror
384 817 567 875 amantissima
587 817 655 872 mibi
683 817 711 872 iu
740 815 857 884 Christo,
913 815 1043 871 inutiliter
1057 815 1151 883 liuent,
1168 817 1346 893 stringuntur.

65 922 163 964 moereo
178 915 204 964 te
219 916 248 963 ut
262 909 333 963 aliud
350 908 485 980 gustando
500 907 646 981 intelligas,
671 906 779 978 quaudo
794 905 859 960 Cor·
950 907 995 959 89.
1009 904 1122 961 Custodi
1142 921 1209 979 ergo
1237 922 1283 964 cor
1309 917 1395 976 tuum,
1412 909 1574 966 uenerabilis
1591 909 1711 983 uirgo,a

66 1014 116 1069 pus
131 997 238 1053 Domini
258 997 364 1068 recipis,
380 1013 460 1069 quam
474 997 560 1051 odore
575 995 666 1051 senus.
683 993 859 1062 Audirtiam,
914 992 1077 1068 contagione
1099 995 1198 1062 uonia3
1224 1005 1339 1052 mentem
1368 1003 1440 1052 tuam
1469 997 1557 1069 turpis
1584 998 1712 1070 cogitatio

66 1086 179 1141 lrouesta
197 1086 286 1158 virgo,
302 1086 366 1157 quid
382 1087 509 1142 sacerdos
525 1084 552 1139 iu
576 1083 779 1141 consecratione
800 1097 861 1139 cor·
915 1097 970 1138 nou
991 1082 1134 1154 subrepat;
1151 1082 1186 1136 sit
1205 1099 1282 1138 mens
1305 1094 1350 1140 tua
1365 1101 1442 1156 pura.
1466 1086 1541 1142 Deus
1562 1087 1635 1142 euim
1658 1100 1713 1142 uon

66 1175 141 1246 poris
164 1175 263 1231 Christi
287 1175 371 1234 dicet.
397 1176 574 1250 «Rogamus,
603 1173 766 1245 »iuquit«
794 1172 863 1226 hauc
916 1175 1002 1227 solum
1032 1171 1167 1228 examinat
1194 1186 1314 1242 curnem,
1342 1174 1389 1229 sod
1409 1184 1552 1230 mentem:
1580 1174 1712 1230 Dominus

66 1263 234 1320 oblationem
249 1263 307 1320 lieri
324 1265 502 1333 benedictam,
519 1286 530 1314 r
548 1280 595 1333 per
611 1279 691 1334 quam
712 1275 763 1318 nos
781 1261 864 1317 bone·
914 1259 1018 1329 iudicat
1031 1259 1210 1316 conscientias
1222 1262 1380 1332 homiuom;
1394 1262 1469 1320 Deus
1482 1262 1567 1318 ludex
1582 1262 1663 1319 etiem
1678 1260 1713 1319 de

66 1353 190 1409 dicamur
206 1368 212 1407 :
227 1375 238 1404 ι
251 1354 423 1425 adscriptam,
440 1373 452 1406 s
480 1369 527 1424 per
540 1368 621 1424 quem
643 1368 692 1405 nos
719 1365 813 1405 omnes
836 1347 863 1402 iu
917 1347 1238 1422 cogitationibusjudiout
1251 1349 1378 1406 animum.
1395 1352 1512 1421 Quando
1528 1351 1615 1408 titillat
1644 1349 1713 1406 mala

67 1442 139 1498 coelu
157 1441 363 1498 conscribamur
377 1460 384 1497 :
404 1463 415 1493 ι
432 1449 524 1499 ratam.
541 1463 552 1490 ι
566 1456 614 1511 per
639 1456 718 1513 quam
732 1440 761 1494 in
778 1437 864 1493 uisce-
918 1437 1060 1507 cogitatio,
1074 1453 1127 1494 uon
1142 1440 1296 1495 consentias
1310 1439 1349 1495 illi
1362 1456 1370 1508 3
1386 1455 1441 1495 uon
1465 1439 1538 1496 siuas
1552 1439 1648 1495 malam
1664 1455 1713 1496 co-

67 1531 141 1587 ribus
165 1530 263 1586 Christi
292 1545 449 1587 censeamur
477 1548 484 1586 :
516 1549 529 1582 e
558 1528 755 1597 rationabilem,
773 1549 786 1576 ι
815 1540 863 1598 per
919 1523 1076 1598 gitatiouem
1093 1526 1242 1582 menereiu
1266 1528 1429 1585 cordetuo.
1457 1527 1622 1601 Quocunque
1649 1529 1716 1583 bora

68 1636 150 1692 quam
163 1635 179 1674 a
194 1619 297 1675 bestiali
313 1635 393 1674 sensu
408 1634 544 1676 exuamur
560 1635 566 1672 :
586 1641 597 1670 ι
615 1617 863 1690 acceptabilemque
920 1613 993 1670 mala
1006 1614 1134 1688 cogitatio
1148 1615 1261 1686 venerit,
1277 1615 1383 1687 expelle
1396 1633 1467 1673 eam.
1482 1615 1569 1687 Quam
1593 1616 1646 1673 cito
1664 1632 1716 1687 ap-

68 1709 159 1764 lacere
174 1708 304 1779 digneris,
322 1730 333 1757 ι
349 1719 483 1780 quotenus
497 1717 523 1764 et
538 1723 588 1765 uos
617 1723 665 1778 per
684 1708 736 1763 boc
750 1706 821 1777 quod
836 1703 864 1759 in
882 1674 904 1753 Β
921 1704 1041 1773 paruerit
1054 1704 1171 1776 scorpio,
1187 1710 1298 1761 contere
1313 1714 1394 1776 caput
1407 1709 1485 1776 ejus3
1504 1712 1614 1763 contme
1636 1712 1717 1775 caput

70 1796 149 1853 nobis
161 1795 346 1867 displicemus,
370 1796 551 1867 acceptabiles
577 1796 603 1851 in
618 1794 678 1864 ejus
692 1793 773 1851 unico
795 1792 865 1848 Filio
919 1791 1064 1864 serpentis,
1077 1791 1103 1847 id
1116 1803 1166 1859 est,
1186 1793 1264 1849 malae
1278 1794 1458 1867 cogitationis.
1472 1794 1511 1851 lbi
1525 1794 1641 1852 emenda
1654 1793 1716 1850 cul-

68 1886 131 1942 Jesu
145 1885 255 1942 cbristo
269 1885 363 1942 durus.
381 1885 477 1957 igitur,
496 1886 610 1941 honesta
623 1883 709 1957 virgo,
725 1885 795 1940 ocut
818 1898 866 1936 su·
920 1896 991 1951 pam,
1007 1883 1054 1937 ubi
1078 1881 1206 1950 nascitur,
1227 1882 1330 1939 scilicet
1343 1883 1370 1938 in
1389 1886 1488 1940 corde:
1504 1891 1587 1957 ceput
1610 1882 1716 1955 eogita-

70 1974 225 2045 periusjam
241 1974 342 2030 dictum
357 1983 409 2042 est,
424 1973 547 2030 Christus
561 1974 748 2044 insemetipso
762 1970 866 2028 incoelo
921 1968 1003 2024 tionis
1018 1984 1107 2042 pravae
1123 1969 1228 2041 expelle
1251 1971 1366 2028 acorde
1389 1979 1445 2029 tuo.
1467 1971 1510 2028 lbi
1539 1986 1623 2044 pecca
1636 1969 1716 2044 [sori.

71 2071 180 2118 sanctos
194 2062 314 2134 Angelos
338 2062 423 2131 pascit
444 2063 589 2119 :Christus
618 2063 699 2118 etiam
718 2061 745 2116 iu
768 2066 867 2115 semet·
921 2055 1040 2128 pacensi,
1057 2056 1105 2111 ubi
1126 2057 1290 2115 uescisesse
1304 2059 1402 2115 Deum.
1424 2060 1495 2116 uiuit
1519 2059 1589 2116 euim
1613 2059 1718 2117 celetur

71 2153 131 2222 ipso
145 2150 172 2206 in
188 2157 261 2205 terra
274 2165 369 2206 omnes
383 2148 477 2205 fideles
490 2148 585 2207 reiicit.
602 2149 722 2205 Christus
742 2163 789 2219 per
801 2162 866 2219 spe-
922 2153 984 2198 aute
999 2144 1096 2199 Deum.
1113 2141 1194 2200 Videt
1204 2144 1321 2215 mcults,
1335 2147 1382 2216 qui
1396 2145 1461 2201 lecit
1474 2147 1642 2204 abscondite.
1663 2146 1717 2202 Do·

71 2239 141 2294 ciem
161 2236 401 2309 sanciosAugelos
415 2238 495 2292 satiat
506 2236 535 2291 in
548 2237 637 2308 patria
656 2251 665 2288 .·
681 2235 803 2292 Christus
817 2249 868 2291 uos
922 2231 1011 2287 miuus
1024 2232 1126 2303 ubique
1144 2248 1266 2303 praesens
1285 2242 1344 2305 est3
1361 2235 1471 2306 spiritus
1489 2235 1540 2292 Dei
1564 2243 1649 2293 totum
1663 2235 1717 2290 im·
1820 2283 1823 2287 .

72 2326 159 2400 pascit
175 2341 224 2399 per
237 2325 316 2382 tidem
331 2324 359 2382 iu
372 2333 456 2397 terra,
467 2342 502 2383 ue
516 2325 674 2384 deficiamus
687 2326 713 2381 iu
723 2326 776 2383 viu.
787 2325 867 2382 cbri-
922 2319 994 2391 itleli
1012 2321 1137 2391 miieffl
1150 2320 1342 2392 ⁰¹1¹¹1illl>¹l³¹¹1il
1362 2323 1412 2379 Dei
1426 2323 1649 2395 Denelfflltlfflsslss
1661 2324 1718 2381 0¹0·

72 2411 230 2474 stusssbss
248 2414 369 2488 Angelos
386 2423 413 2471 et
426 2414 551 2473 homiues
562 2415 645 2474 reficit
657 2431 691 2472 ex
704 2413 864 2489 semetipso,
921 2419 1032 2466 monta:
1060 2409 1150 2466 nullus
1166 2410 1244 2467 locus
1258 2421 1301 2468 est
1319 2421 1394 2467 extra
1408 2413 1505 2483 Deum,
1521 2415 1654 2471 Dominus
1667 2413 1719 2471 ecit

74 2517 164 2563 temen
178 2506 283 2579 integre
296 2513 419 2562 remanet
441 2505 468 2562 iu
492 2522 553 2564 suo.
567 2505 653 2576 Quam
675 2506 763 2563 bouus
777 2504 867 2576 panis,
918 2496 1097 2570 cogitationes
1109 2498 1259 2556 bominum.
1276 2501 1359 2558 Soror
1379 2501 1487 2571 dilecta,
1516 2503 1557 2561 vis
1579 2517 1716 2576 nunquam

73 2603 101 2651 et
119 2612 201 2668 quam
220 2593 410 2664 mirabilis,de
423 2610 478 2668 quo
499 2596 526 2652 iu
540 2596 610 2653 coelo
631 2595 865 2668 Angellsaturan-
920 2603 982 2644 esse
996 2587 1101 2643 tristis?
1115 2618 1150 2628 -
1166 2588 1258 2646 Frater
1272 2590 1322 2661 mi,
1337 2591 1408 2647 volo.
1422 2621 1458 2631 -
1472 2592 1546 2666 Ergo
1559 2591 1630 2649 beuo
1644 2594 1716 2650 rive.

72 2688 127 2749 tur,
143 2680 212 2738 etin
230 2689 300 2737 terra
313 2681 437 2737 homiues
452 2679 623 2738 reficiuntur!
639 2696 720 2754 quem
750 2679 866 2735 maudu-
921 2676 950 2732 Si
965 2676 1034 2732 benc
1048 2675 1159 2745 vixeris,
1174 2692 1313 2749 nunquam
1329 2679 1382 2734 eris
1400 2679 1494 2736 tristis.
1511 2680 1610 2737 Secura
1629 2695 1716 2747 meus,

70 2779 114 2827 cat
129 2771 241 2844 augelus
255 2768 335 2841 pleno
350 2784 397 2826 ore
410 2769 438 2824 iu
452 2771 549 2841 putria,
571 2771 661 2842 ipsum
684 2768 803 2828 comedit
816 2784 866 2840 pe·
921 2764 1016 2821 leviter
1033 2765 1149 2822 sustinet
1175 2765 1320 2838 tristitiam,
1336 2768 1408 2824 boua
1422 2785 1498 2825 meus
1511 2783 1619 2842 semper
1637 2769 1717 2825 babet

72 2860 200 2932 regriuus
214 2861 296 2917 homo
311 2873 360 2931 pro
381 2859 491 2916 modulo
506 2874 556 2917 suo
574 2876 610 2916 ne
627 2859 741 2918 lassetur
766 2858 794 2914 in
813 2859 865 2917 via.
921 2854 1060 2927 gaudium.
1084 2853 1112 2910 Si
1132 2854 1202 2909 enim
1219 2854 1247 2910 in
1266 2857 1336 2912 bona
1356 2857 1410 2915 vita
1425 2857 1646 2929 perseveraveris,
1668 2858 1717 2913 tri·

72 2948 195 3007 Christus
218 2948 297 3022 penis
312 2948 401 3022 virus,
423 2949 470 3022 qui
494 2958 534 3006 est
553 2950 668 3008 relectio
691 2948 868 3023 Angelorum,
883 2944 906 3026 c
921 2944 994 2999 stitia
1012 2943 1186 3016 elongabitur
1201 2960 1217 2999 a
1232 2954 1275 3014 te;
1291 2945 1315 3000 si
1331 2944 1358 3001 iu
1374 2949 1514 3003 sanctitate
1527 2960 1702 3020 perseverare

71 3040 132 3110 ipse
155 3050 196 3096 est
216 3038 367 3110 redemptio
393 3040 421 3094 et
449 3038 583 3096 medicina
606 3039 757 3096 hominum.
791 3037 871 3094 Nunc
923 3032 971 3101 ris,
987 3030 1158 3089 trisutiauou
1173 3040 1296 3090 occurret
1310 3033 1377 3103 nbi;
1393 3035 1416 3089 si
1439 3036 1545 3091 beuem
1562 3035 1605 3105 pic
1620 3032 1721 3092 uinetis

71 3141 147 3199 ergo,
163 3141 240 3182 soror
254 3124 426 3193 charissima,
441 3125 587 3200 deprecere
606 3125 752 3183 Dominum
771 3123 800 3180 iu
815 3133 871 3182 tota
923 3135 1009 3194 neque
1024 3120 1145 3194 plagam,
1165 3136 1251 3194 neque
1266 3130 1380 3178 mortem
1410 3122 1525 3180 timebis.
1550 3120 1721 3180 Conscientia

70 3221 226 3282 mentetua,
251 3224 282 3270 ut
310 3214 422 3270 mundet
440 3216 633 3273 cenomanniam
652 3224 725 3273 tuam
748 3215 783 3270 ab
796 3215 871 3271 omui
923 3221 1013 3265 autem
1031 3210 1220 3281 peccatoribus
1249 3226 1356 3282 semper
1370 3218 1412 3267 est
1426 3211 1455 3266 iu
1473 3227 1561 3283 poeua.
1578 3213 1721 3284 Nunquam

71 3303 188 3375 melitia;
205 3308 341 3375 quatenus
362 3301 446 3374 digne
468 3303 558 3374 possis
572 3305 695 3375 accipere
708 3302 831 3375 corporis
844 3311 871 3358 et
925 3312 989 3353 reus
1000 3296 1082 3353 bomo
1097 3312 1208 3354 securus
1223 3305 1264 3354 eet
1284 3314 1291 3353 :
1321 3313 1399 3353 mens
1413 3298 1488 3356 enim
1501 3300 1570 3355 male
1585 3299 1639 3357 sibi
1652 3315 1721 3359 con·

71 3391 215 3465 sauguinis
230 3389 341 3447 Domini
351 3391 438 3446 nostri
451 3391 515 3448 Jesu
529 3390 629 3447 Christi
643 3389 780 3464 mysterio.
924 3385 980 3442 scia
1000 3385 1120 3456 propriis
1138 3384 1256 3457 agitatur
1283 3387 1410 3443 stimulis.
1439 3390 1522 3445 Soror
1547 3389 1720 3459 rerrerabilis,

267 3480 373 3536 χχιχ,
388 3509 425 3521 -
437 3482 477 3537 pe
490 3480 672 3556 cofinum,
925 3475 988 3529 audi
1004 3474 1070 3547 quid
1084 3473 1215 3530 Dormms
1228 3473 1301 3531 dicat
1315 3475 1349 3532 de
1363 3474 1477 3535 muliere
1495 3476 1529 3532 ad
1544 3485 1696 3550 serpentem
1711 3494 1720 3534 ι

109 3575 161 3626 88.
177 3572 258 3628 soror
273 3568 440 3638 charissima,
470 3570 533 3626 audi
555 3585 588 3629 ea
613 3587 675 3643 quae
689 3567 821 3626 Dominus
835 3569 872 3625 eit
925 3564 989 3635 Ipso
1004 3567 1130 3621 conteret
1144 3567 1230 3637 copul
1244 3568 1327 3621 tuom
1340 3563 1542 3637 (demmin).
1558 3569 1646 3639 Caput
1663 3583 1722 3624 ser·

72 3659 223 3735 perieulum
234 3659 408 3731 prophetem:
419 3659 538 3732 Auferte
545 3660 656 3717 matum
665 3659 871 3732 cogitationum
925 3650 1014 3722 peutis
1028 3651 1189 3723 conteritur,
1203 3653 1313 3725 quaudo
1337 3651 1373 3710 ibi
1388 3655 1466 3726 culpa
1480 3655 1649 3722 emendetur,
1674 3656 1722 3712 ubi

76 3750 291 3809 vestrarumque
312 3749 600 3822 oculisvegtmflm,
631 3765 652 3818 1,
667 3749 724 3824 ιι),
744 3745 872 3817 Quemvis
924 3739 1055 3795 nascitur.
1070 3738 1250 3813 Omnipotens
1273 3743 1347 3799 Deus
1374 3743 1487 3800 mundet
1509 3759 1557 3800 eor
1584 3750 1659 3801 tuum
1687 3744 1723 3800 ab

76 3839 157 3896 homo
169 3845 258 3896 cesset
266 3837 302 3894 ab
315 3852 398 3911 opere
412 3838 494 3911 malo,
510 3846 601 3896 rame„
616 3838 639 3896 εἰ
652 3837 752 3898 malam
766 3836 871 3911 003112.
925 3829 998 3885 omui
1013 3829 1175 3903 contagione
1190 3829 1273 3897 nuda,
1290 3838 1321 3887 ut
1331 3831 1357 3887 ei
1371 3832 1460 3903 possis
1474 3831 1575 3890 seruire
1593 3832 1653 3890 sine
1667 3847 1724 3888 me·

76 3926 177 3984 tionem
189 3926 269 3982 habet
283 3927 310 3981 iu
324 3927 407 3984 corde
420 3942 480 3997 suo,
495 3943 552 3985 uon
567 3928 676 3987 estsine
690 3928 779 4002 culpa.
795 3925 872 3984 Unde
925 3919 997 3976 cult·
1013 3920 1112 3977 Amen·
1500 3999 1504 4006 Ι

75 4017 172 4073 beatus
186 4013 329 4070 isidorus:
351 4033 363 4068 ι
379 4015 440 4070 Non
460 4017 547 4073 solum
565 4017 594 4073 iu
618 4017 693 4076 lactis
713 4028 870 4092 peccamus,
1157 4007 1250 4066 XXX·
1266 4038 1302 4051 -
1315 4011 1355 4068 ue
1368 4011 1493 4072 silentio.

74 4101 120 4158 sed
137 4109 166 4159 et
183 4101 210 4156 iu
229 4100 452 4173 cogitationibus,
467 4106 490 4160 si
503 4106 543 4160 eis
557 4105 647 4163 illicite
665 4104 873 4166 occurrentibus
963 4101 1009 4154 90·
1024 4097 1106 4156 lsaias
1116 4099 1251 4175 propheta
1263 4098 1346 4157 dicit:
1363 4101 1465 4159 uultus
1476 4103 1724 4164 iudtlaeeelot'lett·

77 4187 255 4244 delectemur.
273 4210 284 4239 r
299 4188 460 4248 sicutenim
480 4192 598 4266 uiperea
613 4195 674 4252 liliis
696 4198 752 4253 suis
766 4196 793 4251 iu
805 4209 873 4253 ven·
888 4227 913 4305 n
929 4189 1005 4246 lium
1015 4192 1044 4243 et
1055 4189 1196 4246 securitas
1208 4204 1295 4260 usquc
1310 4190 1725 4263 insempitemomlleo.xxnrr,

75 4283 116 4332 tre
131 4278 221 4335 adbuc
235 4277 331 4350 positis
345 4279 487 4352 occiditur,
512 4283 550 4338 ita
576 4299 627 4341 uos
649 4284 776 4341 occidunt
793 4281 872 4356 cogi·
930 4278 985 4348 ll).
1001 4275 1037 4331 El
1052 4276 1150 4332 iterum
1164 4273 1251 4332 David
1265 4276 1434 4333 obsecrando
1454 4277 1580 4347 postulet,
1600 4277 1722 4334 diceus:
1828 4283 1839 4305 ⁰

75 4366 192 4423 tationes
207 4377 308 4425 nostrae
323 4368 393 4426 iutra
409 4385 460 4426 uos
475 4371 609 4441 enutrita,
626 4373 691 4446 quia
708 4378 874 4430 consumunt
928 4366 1013 4429 Pone,
1028 4365 1157 4435 Domine,
1167 4363 1326 4423 melodiam
1342 4368 1386 4422 ori
1408 4381 1481 4436 meo,
1492 4374 1522 4425 el
1540 4369 1646 4425 otliom
1667 4367 1726 4424 clo

75 4455 192 4513 animam
216 4465 337 4514 nostram
350 4459 594 4532 veneuouiperiuo.
617 4462 713 4535 Igitur,
730 4477 808 4518 soror
827 4459 871 4516 di·
928 4452 1206 4512 constantiniensis
1217 4454 1288 4511 meis
1302 4454 1390 4525 (Ptol.
1401 4470 1468 4524 oxu,
1479 4457 1520 4528 3).
1531 4455 1623 4512 Sancti
1635 4462 1726 4529 patres

76 4545 146 4601 teu
159 4544 225 4601 nini
239 4545 266 4600 in
291 4546 408 4621 cbristo,
430 4563 529 4606 moneo
543 4557 581 4616 te,
596 4558 625 4606 ur
639 4565 685 4608 cor
710 4559 785 4607 uuum
812 4564 876 4605 eum
931 4557 1038 4599 sumna
1056 4558 1120 4600 cum
1137 4541 1277 4616 vigilantia
1294 4543 1428 4601 silentium
1450 4544 1641 4612 emendantes.
1665 4554 1725 4602 stu·

79 4634 152 4689 omui
168 4634 258 4692 studio
272 4636 424 4708 custodiam
439 4640 568 4712 quoniam
584 4637 621 4695 ibi
636 4636 678 4697 'est
690 4638 795 4695 initium
807 4636 874 4695 boni
929 4634 1045 4691 dueruut
1064 4631 1150 4690 SM
1161 4643 1302 4706 uacare,et
1311 4634 1400 4693 ridere
1413 4651 1492 4710 quam
1504 4636 1592 4694 dulcis
1605 4645 1633 4694 et
1644 4652 1724 4710 quam

79 4725 171 4794 operis
185 4732 231 4779 aut
245 4724 308 4781 mali
326 4740 332 4781 :
349 4727 420 4784 uude
434 4727 564 4802 scriptum
574 4739 624 4797 est,
652 4726 874 4786 Drnnicoelodio
927 4723 1019 4781 suavis
1033 4729 1074 4779 est
1088 4723 1222 4780 Dominus
1236 4738 1243 4778 :
1259 4731 1288 4780 et
1301 4723 1395 4782 actium
1408 4725 1469 4783 uitta
1496 4726 1567 4782 curis
1591 4725 1725 4799 postposi-

77 4827 157 4870 serue
180 4828 228 4869 cor
255 4817 347 4883 lcum,
371 4818 507 4891 quonlam
529 4835 566 4876 ec
584 4821 643 4892 ipso
662 4820 723 4876 cito
748 4816 873 4894 procedit
928 4815 974 4883 tis,
984 4813 1158 4870 adhaeserunt
1179 4813 1396 4885 contemplativa
1407 4806 1483 4874 uite.
1502 4816 1586 4874 Soror
1598 4815 1725 4874 cbarissi-

81 4901 173 4972 (Prom
186 4917 225 4968 ru,
236 4904 293 4973 2³).
305 4904 377 4959 Audi
391 4908 482 4976 etiam,
493 4921 569 4981 rogo,
585 4909 697 4966 honesta
711 4906 799 4981 uirgo,
809 4905 874 4979 quid
927 4919 981 4969 ma,
996 4918 1095 4975 respue
1118 4902 1260 4960 inhonesta
1283 4903 1375 4974 verbe,
1405 4902 1469 4979 luge
1498 4904 1648 4978 impudicos
1668 4919 1726 4961 ser·

78 5006 194 5061 sponsus
219 4992 245 5048 in
260 4992 386 5051 laudibus
399 4995 528 5052 Ecclesiae
542 4997 614 5055 dicat
632 4997 659 5054 in
674 4997 792 5056 Canticis
805 5013 873 5054 ceu·
928 4992 1138 5053 monentisque
1152 5006 1242 5049 sermo
1256 4991 1311 5049 cito
1326 4993 1424 5065 polluit
1437 5002 1569 5062 mentem,
1596 5001 1625 5050 et
1646 4993 1726 5052 facile

77 5078 210 5135 ticorum:
231 5081 321 5138 Come
335 5083 440 5158 cupitis
455 5086 501 5140 toi
510 5088 682 5160 utpurporo
692 5088 875 5160 repisjttncto
928 5083 1017 5158 agitur
1036 5083 1109 5158 quod
1124 5083 1243 5140 libenter
1265 5082 1382 5139 auditur.
1398 5082 1471 5139 Nibil
1496 5098 1615 5157 uuquam
1630 5098 1664 5139 ex
1677 5099 1725 5141 ore

77 5169 224 5225 cunalibus
240 5169 336 5238 (Caret.
352 5186 402 5239 vu,
419 5172 458 5241 o).
474 5171 567 5229 Corum
580 5173 676 5244 capide
690 5173 817 5230 Ecclesia
830 5173 873 5230 le-
928 5183 977 5231 tuo
991 5173 1119 5247 procedat
1132 5171 1205 5246 quod
1220 5181 1245 5227 te
1255 5173 1343 5244 possit
1355 5172 1499 5246 impedire,
1514 5171 1580 5228 nibil
1604 5187 1725 5246 uuquam

79 5257 181 5313 ctulum
196 5265 296 5313 sanctae
317 5259 414 5315 snimoe
432 5259 538 5336 [suppl.
553 5260 713 5335 significant,
737 5260 819 5337 quel,
843 5269 873 5318 ut
926 5263 1050 5337 loquaris
1064 5265 1137 5335 quod
1152 5276 1207 5317 uon
1223 5261 1375 5318 conveniat.
1392 5261 1448 5320 lloc
1466 5276 1522 5319 uon
1542 5261 1673 5335 procedat
1689 5259 1726 5322 tle

83 5359 204 5417 purpura
227 5346 301 5420 regis
326 5348 422 5416 juncto
447 5349 585 5406 canalibus
610 5367 670 5408 esse
696 5356 871 5409 memoratur.
927 5352 1009 5409 labiis
1023 5352 1077 5408 tois
1090 5353 1163 5426 quod
1178 5349 1297 5408 ollendat
1309 5365 1390 5408 aures
1404 5349 1629 5425 audientis;luge
1643 5351 1726 5425 turpi·

78 5435 202 5507 Purpura
215 5435 318 5508 quippe
333 5453 382 5509 per
394 5437 537 5497 fasciculos
560 5440 588 5497 iu
606 5439 747 5498 canalibus
759 5439 871 5516 ligetur,
928 5443 1049 5499 tudinem
1068 5439 1214 5498 sermonis.
1230 5439 1320 5496 Vanus
1343 5455 1434 5499 sermo
1448 5439 1613 5499 demensum
1629 5455 1726 5501 ranem

75 5538 162 5600 super
183 5539 252 5598 quos
272 5526 339 5586 dum
356 5541 428 5602 aqua
451 5528 603 5602 proiicitur,
632 5546 684 5604 per
700 5528 808 5591 centies
838 5532 871 5590 ed
928 5531 1133 5604 conscientium,
1155 5529 1250 5606 lingua
1272 5530 1391 5588 ostendit
1418 5531 1620 5602 conscientium,
1633 5530 1725 5606 bueus
