3706 5962
173 211 207 272 ra
820 205 1171 268 cruaaaaurrtnatrrs
1779 218 1819 283 γε

173 338 254 409 hujus
267 335 345 404 odor,
361 341 389 393 et
402 341 479 392 tenet
492 348 527 391 ne
540 331 648 406 possint
658 330 756 391 avellit
770 330 846 390 Odor
859 333 911 389 iste
925 339 967 388 est
982 353 1005 433 Α
1022 331 1256 389 conversationem
1280 333 1332 389 sibi
1354 333 1382 390 in
1410 334 1480 392 coelo
1504 336 1657 395 collocanti
1681 339 1735 397 Sed
1757 340 1818 415 ipse

1020 420 1131 491 speciali
1145 421 1249 478 ratione
1264 430 1361 479 ventus
1411 425 1439 480 ui
1454 424 1504 481 reli
1525 442 1622 483 uorum
1640 429 1761 486 ambulat
1808 462 1818 474 ·

1019 526 1068 580 per
1078 526 1183 581 pennas
1197 518 1351 581 ventorum,
1364 442 1553 584 'etqspiritnim
1567 516 1689 573 omnium
1703 449 1816 576 virtuiils

1019 598 1136 654 excedit.
1160 599 1225 655 lure
1248 615 1315 671 ergo
1329 608 1438 656 ventum
1462 619 1524 659 eum
1546 613 1634 671 vocat,
1660 615 1816 666 attentum

1018 695 1153 753 urentem,
1171 688 1243 760 quod
1259 690 1319 758 ejus
1329 689 1395 745 llatu
1405 691 1509 761 peccati
1520 691 1575 748 sint
1588 693 1616 747 in
1626 679 1817 771 nobislrigora

171 426 241 483 odor
255 425 350 482 mortis
368 424 404 481 ad
427 430 553 480 mortem.
574 422 694 478 lnaaitas
708 430 751 479 est
770 437 851 494 quam
865 421 966 494 putatis

170 515 335 570 ubertatem.
345 511 471 585 Denique
484 517 560 567 terra
574 511 641 568 sitis
651 520 703 579 est,
715 520 742 566 et
754 511 964 584 imapomartis,

170 603 241 659 sicut
254 603 320 659 dicit
332 602 464 658 Ieremias
479 601 612 672 propheta
627 602 739 671 (ierem.
760 615 791 668 u,
813 601 852 671 6).
872 603 963 667 Terra,

170 691 266 764 inquit,
282 691 357 748 sitis.
372 689 539 762 Cupiditates
553 688 627 744 enirn
641 691 792 745 mundanas
804 689 891 764 magis
903 687 965 743 irri-

170 788 218 846 tat,
243 796 325 852 quarn
346 779 435 834 satiat.
461 778 631 845 infructuosa
653 786 696 834 est
709 778 761 833 ista
780 793 862 850 quam
885 784 965 849 putas

168 868 308 942 plenitudo
325 883 330 922 :
351 878 379 925 et
396 867 499 939 siquid
519 876 560 922 est
573 867 686 935 fructus,
712 867 738 921 id
754 866 856 923 fluxum
870 875 920 934 est,
937 873 966 921 et

168 957 349 1013 mutabilitate
368 971 415 1012 sua
430 955 526 1011 mortis
540 956 649 1028 praesert
668 955 825 1029 imaginem.
842 955 964 1023 Quomo-

168 1047 203 1106 do
222 1047 269 1101 ubi
284 1046 379 1102 mortis
398 1045 473 1102 vides
487 1044 643 1116 imaginem,
660 1044 772 1101 odorem
786 1044 848 1101 vitae
862 1042 964 1098 sentire

168 1143 196 1192 te
211 1134 337 1207 reputas?
352 1134 471 1191 Odorem
485 1134 655 1189 vitaaChristi
670 1133 753 1204 spirat
764 1133 884 1188 ubertas.
901 1132 962 1203 lpse

168 1224 241 1280 enim
256 1231 297 1280 est
311 1239 379 1296 ager
390 1239 455 1280 vere
464 1222 572 1294 plenus,
587 1238 654 1296 ager
665 1221 772 1289 fertilis,
785 1236 852 1294 ager
862 1219 905 1276 cui
916 1220 964 1275 be-

167 1312 272 1369 nedixit
295 1313 369 1368 Deus
394 1313 483 1368 Pater.
513 1310 600 1366 hlium
633 1318 732 1383 praeter
760 1309 840 1364 istum
866 1324 963 1380 agrum

167 1417 269 1473 sponsa
296 1401 393 1468 nescit,
424 1401 475 1456 sed
502 1401 642 1456 desertum
671 1405 787 1470 reputat,
817 1404 844 1453 et
864 1406 963 1453 terram

167 1490 320 1564 salsuginis.

201 1583 228 1635 3.
248 1580 313 1647 Qoe
326 1582 369 1635 est
383 1578 440 1633 isto
458 1593 519 1650 qaae
533 1575 662 1632 ascendit
673 1591 725 1647 per
735 1573 899 1632 desertum?
907 1573 962 1630 ao-

166 1684 232 1724 num
247 1668 299 1722 erit
313 1673 389 1723 certe
402 1665 553 1731 desertum,
565 1665 588 1719 si
602 1680 658 1719 non
674 1663 755 1718 luerit
769 1678 817 1718 cor
831 1671 908 1718 tuum
918 1663 962 1718 in-

1019 776 1147 840 resoluta,
1159 784 1186 831 et
1200 777 1343 848 captivitas
1358 787 1451 835 nostra
1465 795 1598 837 conversa
1617 790 1748 856 tanquam
1763 795 1816 843 tor-

1017 881 1082 920 rens
1097 864 1124 919 in
1135 875 1238 920 austro.
1255 867 1344 937 Hujus
1358 884 1388 923 se
1403 877 1470 924 aestu
1486 877 1596 927 exustos
1611 871 1737 944 discipuli
1757 892 1816 932 sen-

1017 962 1111 1008 serunt
1130 969 1193 1010 cum
1209 954 1331 1010 dicerent
1352 975 1357 1014 :
1379 959 1475 1014 Nonae
1496 975 1544 1015 cor
1560 967 1689 1018 nostram
1710 965 1814 1022 ardens

1017 1046 1080 1098 erat
1094 1044 1126 1100 ia
1140 1043 1218 1100 uobis
1235 1044 1302 1100 dura
1322 1045 1591 1119 loqueretari(lac.
1613 1065 1689 1117 xxxv,
1706 1053 1765 1123 32.)
1779 1055 1815 1108 Et

1016 1128 1108 1184 nescio
1124 1129 1147 1183 si
1162 1130 1266 1200 uspiam
1285 1131 1411 1186 libentius
1432 1133 1527 1204 spirat,
1550 1152 1632 1207 quam
1647 1137 1675 1192 in
1688 1148 1772 1197 castae
1785 1149 1814 1197 et

1017 1216 1109 1273 illaesae
1123 1217 1287 1293 integritatis
1299 1219 1406 1276 deserto
1417 1229 1443 1276 ει
1457 1221 1539 1280 invio.
1555 1224 1619 1282 Haec
1628 1226 1688 1282 loca
1696 1227 1814 1285 libenter

1015 1305 1122 1377 perflat,
1139 1313 1166 1362 et
1185 1307 1251 1363 casti
1275 1310 1396 1380 corporis
1418 1309 1537 1365 animam
1551 1313 1690 1371 charitatis
1703 1317 1812 1374 fervore

1017 1395 1154 1467 decoquit,
1172 1404 1199 1451 et
1220 1395 1407 1468 spiritualibus
1425 1398 1600 1470 liquefactam
1617 1403 1759 1461 desideriis
1773 1415 1813 1462 ιε-

1017 1500 1086 1539 nues
1102 1483 1213 1540 resolvit
1236 1484 1263 1539 in
1289 1502 1414 1557 vapores,
1435 1496 1463 1543 et
1484 1488 1568 1545 veluti
1588 1490 1656 1548 lumi
1674 1493 1810 1566 virgulam

1017 1588 1164 1645 exsurgere
1178 1572 1252 1629 lacit.

1052 1662 1078 1716 t.
1089 1663 1156 1730 Quae
1166 1666 1219 1728 est,
1230 1661 1325 1734 inquit,
1335 1662 1392 1721 ista
1402 1681 1463 1739 qaae
1473 1668 1601 1725 aseendit
1610 1686 1661 1741 per
1666 1671 1809 1731 desertam

166 1755 299 1811 sulcatam
321 1753 423 1809 inimici
445 1768 556 1810 vomere
573 1771 579 1810 :
601 1752 624 1807 si
639 1768 693 1808 non
716 1751 796 1807 luerit
820 1753 880 1823 eius
898 1750 963 1805 irri-
979 1752 1001 1831 Β
1017 1748 1100 1821 quasi
1114 1750 1225 1821 virgula
1234 1751 1329 1819 fami?
1340 1752 1481 1808 Etbonum
1495 1755 1635 1811 desertum
1648 1771 1712 1812 caro
1727 1760 1809 1814 easti-

165 1859 252 1916 guum
272 1841 425 1909 stillicidiis,
450 1841 649 1915 impinguatum
673 1856 747 1912 rore,
766 1839 802 1904 ,si
825 1854 879 1895 non
903 1856 963 1912 quae
1016 1836 1078 1891 tatis
1094 1839 1225 1892 exhausta
1244 1845 1271 1892 ει
1286 1838 1423 1894 desiccata
1437 1840 1547 1910 virtute,
1563 1859 1625 1915 quae
1639 1845 1741 1901 nullam
1756 1847 1809 1903 de-

167 1931 370 2003 superseminat
384 1930 486 1985 zizania
503 1930 532 1985 in
556 1939 582 1986 ιε
606 1927 827 1996 laetaluxurient,
850 1928 905 1984 imo
920 1944 963 1984 re·
1013 1924 1165 1981 lactationis
1187 1926 1334 1983 immundae
1357 1928 1486 1985 nebulam
1511 1932 1630 2001 exhalet,
1651 1949 1702 1990 nec
1716 1935 1809 2006 ignem

165 2029 313 2077 nascantur
326 2019 437 2091 quidem
451 2017 528 2091 quasi
544 2017 663 2075 secundo
673 2018 741 2075 solo.
753 2017 850 2073 Sterile
866 2016 901 2071 sit
914 2033 962 2072 cor
1015 2014 1178 2085 exstinguat,
1191 2014 1240 2069 sed
1255 2015 1366 2082 nutriat,
1384 2033 1466 2089 quem
1480 2018 1590 2074 Domini
1605 2020 1685 2077 llatus
1699 2039 1812 2081 succen-

165 2116 251 2177 tuum,
268 2125 304 2165 ne
318 2107 372 2165 tale
386 2107 430 2165 vel
444 2123 560 2181 germen
574 2106 754 2180 proseratvel
769 2121 864 2162 semen
874 2105 961 2162 susci·
1014 2101 1063 2158 dit.
1079 2102 1152 2174 ignis
1167 2103 1211 2159 hic
1225 2104 1400 2160 aromaticam
1417 2107 1440 2161 si
1455 2106 1589 2163 invenerit
1603 2110 1732 2178 animam,
1749 2129 1811 2170 suc-

164 2199 230 2271 piat.
247 2198 360 2265 Anima,
372 2197 469 2271 inquit,
487 2199 633 2255 measicut
652 2200 730 2254 terra
744 2195 890 2268 siaeaqaa
905 2193 961 2249 titt
1013 2192 1114 2257 cendit,
1131 2200 1157 2247 et
1180 2192 1293 2247 alteram
1307 2202 1456 2251 commutat
1480 2195 1508 2249 in
1533 2196 1664 2268 speciem,
1680 2207 1708 2254 et
1728 2200 1808 2271 quasi

163 2287 250 2358 (Psoi.
271 2303 356 2353 exart,
373 2289 411 2357 6).
436 2289 538 2342 honum
553 2286 692 2341 desertum
711 2285 773 2342 talis
787 2284 891 2348 anima;
907 2283 960 2337 bo·
1012 2280 1145 2352 virgulam
1159 2279 1226 2335 fumi
1245 2280 1354 2336 exhalat
1368 2281 1396 2335 in
1414 2284 1566 2354 superiora.
1585 2286 1669 2353 Quasi
1683 2288 1808 2359 virgula,

163 2391 228 2431 num
244 2375 325 2431 etiam
341 2375 479 2430 desertum
492 2373 684 2444 carointegra,
696 2387 758 2427 caro
773 2371 959 2438 intacta,caro
1011 2368 1108 2441 inquit,
1127 2370 1199 2441 quod
1216 2385 1265 2441 per
1279 2369 1472 2441 cogitationum
1492 2371 1663 2445 disciplinam
1683 2375 1719 2430 ab
1733 2386 1808 2432 exte-

161 2462 307 2520 immundis
324 2478 379 2519 non
396 2469 505 2519 exarata
525 2461 760 2532 concupiscentiis,
779 2477 843 2516 caro
857 2475 959 2516 carna-
1011 2457 1076 2513 riori
1093 2458 1128 2513 sit
1151 2458 1185 2514 ad
1209 2459 1341 2516 interiora
1354 2462 1512 2530 constricta,
1529 2470 1556 2517 et
1578 2463 1613 2518 ab
1633 2462 1755 2520 inferiori
1771 2466 1806 2521 ad

159 2551 194 2607 lis
208 2550 353 2623 voluptatis
368 2549 492 2606 nesciens
506 2548 619 2605 sentina.
643 2548 696 2618 Qui
714 2548 786 2604 enim
801 2548 916 2603 seminat
930 2547 959 2603 in
1012 2547 1152 2619 superiora
1166 2548 1283 2618 directa,
1300 2552 1380 2620 quasi
1390 2551 1509 2621 virgula.
1520 2551 1593 2622 quod
1608 2567 1668 2607 sese
1683 2554 1761 2609 etad
1776 2571 1806 2611 se

160 2655 254 2706 carne,
270 2640 305 2694 de
319 2654 404 2695 carne
418 2645 500 2694 metet
522 2637 723 2709 corruptionem
738 2638 843 2706 (Galat.
855 2646 900 2704 vt,
918 2637 957 2707 8).
1011 2636 1098 2707 ipsam
1118 2636 1236 2710 colligat,
1254 2645 1280 2692 ει
1300 2653 1381 2706 supra
1400 2654 1431 2693 se
1447 2638 1575 2710 porrigat
1591 2639 1646 2695 Sed
1667 2640 1734 2713 quid
1748 2643 1802 2698 sibi

160 2730 265 2784 Bonum
279 2726 397 2798 denique
410 2726 549 2781 desertum
560 2725 637 2780 alvus
646 2723 798 2797 virginalis.
813 2724 886 2779 Talis
899 2731 958 2780 erat
1009 2726 1075 2792 vult,
1091 2725 1165 2797 quoti
1188 2725 1261 2778 illam
1286 2725 1354 2780 lumi
1369 2725 1483 2797 virgnlae
1506 2729 1663 2801 comparati
1677 2731 1718 2784 hn
1733 2730 1804 2788 lortc

160 2815 247 2871 beatae
268 2814 339 2871 itlius
362 2820 390 2869 ει
417 2811 544 2884 specialis
561 2810 723 2884 virginitatis
740 2819 845 2875 uterus,
874 2827 957 2883 quem
1010 2829 1060 2883 per
1069 2815 1120 2869 hoc
1134 2812 1248 2868 innuere
1263 2813 1353 2882 voluit,
1369 2815 1441 2885 qnod
1456 2830 1512 2870 non
1526 2815 1560 2870 sit
1575 2824 1707 2889 perpetua
1716 2835 1747 2875 ac
1762 2835 1806 2876 so·

160 2903 258 2960 nullius
274 2901 403 2974 impudici
425 2908 515 2956 motus
536 2897 689 2964 allectionis
707 2899 854 2956 immundae
869 2907 955 2956 teme·
1009 2902 1064 2956 lida
1078 2901 1224 2972 spiritualis
1237 2901 1319 2971 hujus
1334 2903 1476 2958 suavitatis
1490 2904 1587 2977 gratia,
1609 2914 1637 2961 et
1651 2908 1750 2963 mentis
1764 2924 1807 2964 as·

157 2992 228 3048 ravit
241 2991 327 3047 laesia.
344 2991 414 3046 Caro
424 2989 511 3061 ipsius
525 2989 595 3045 sicut
608 2996 683 3044 terra
696 2987 812 3055 deserta,
830 2996 859 3044 et
872 2988 953 3058 invia,
1008 3005 1115 3055 census,
1131 2989 1179 3045 sed
1195 2990 1272 3045 facile
1288 2991 1356 3046 sicot
1379 2992 1469 3047 lomus
1481 2992 1633 3064 liquescat?
1649 2994 1746 3052 Suavis
1759 3006 1803 3055 est

156 3088 184 3137 et
197 3080 341 3153 inaquosa,
360 3080 389 3133 in
408 3095 463 3152 qua
475 3077 600 3135 Christus
623 3077 761 3149 apparuit.
786 3077 847 3135 Non
862 3086 955 3134 tamen
1008 3080 1087 3151 plane
1102 3086 1129 3135 et
1141 3078 1252 3134 omnino
1267 3077 1416 3151 spiritualis
1439 3098 1524 3152 vapor
1538 3081 1616 3152 lumi,
1631 3083 1659 3138 in
1674 3101 1755 3156 mem
1771 3103 1802 3142 se

157 3169 264 3227 deserta
277 3169 397 3241 penitus,
422 3183 484 3239 quae
506 3167 643 3222 Christum
664 3165 828 3239 parturivit:
852 3140 992 3241 irriguit)
1008 3176 1131 3223 aromata
1144 3176 1316 3224 concremata
1337 3168 1471 3224 relaxant.
1492 3169 1548 3226 Sed
1562 3186 1613 3243 ego
1628 3172 1741 3244 virgulae
1756 3174 1804 3229 isti

158 3266 209 3325 est,
226 3258 276 3314 sed
289 3257 398 3314 liuentis
414 3257 553 3316 virtutum.
573 3256 636 3314 Ideo
652 3255 729 3327 quasi
744 3264 842 3327 puteus
856 3255 954 3312 dicitur
1009 3263 1111 3313 tenerae
1125 3265 1152 3312 et
1166 3255 1291 3312 delicatae
1314 3257 1435 3314 turbines
1457 3263 1559 3329 metuo,
1575 3260 1696 3316 ncillam
1711 3270 1807 3319 vento·

158 3362 290 3419 aquarum
309 3346 466 3412 viventium,
488 3362 549 3417 quae
564 3344 651 3399 lluunt
665 3344 768 3415 impetu
784 3345 819 3400 de
835 3343 890 3400 Μ
906 3344 954 3399 Li·
1008 3362 1068 3401 rum
1083 3346 1166 3401 llabra
1180 3344 1366 3412 diverberent,
1383 3362 1417 3402 ne
1430 3346 1605 3404 circumierat
1619 3350 1739 3420 procella
1754 3367 1805 3408 cu·

156 3437 241 3503 beno,
264 3437 338 3507 quod
361 3435 501 3508 virginalis
526 3433 664 3499 munditiae
679 3434 782 3490 candor
800 3433 954 3506 spirituales
1008 3450 1109 3501 rarum,
1125 3450 1159 3489 ne
1174 3433 1331 3490 tentationis
1344 3449 1412 3490 aura
1431 3435 1508 3492 illam
1527 3437 1667 3504 dissolvat,
1682 3447 1709 3495 et
1723 3441 1804 3496 cedat

157 3525 284 3583 retundat
294 3525 407 3598 gratias.
422 3526 522 3580 Hortus
538 3523 681 3580 conclusus
694 3530 791 3579 venter
800 3524 861 3592 ejus
873 3521 955 3577 casti·
1007 3523 1081 3578 omni
1091 3530 1183 3580 vento.
1200 3523 1329 3594 Exempla
1345 3524 1424 3579 nobis
1439 3533 1540 3582 metum
1555 3526 1683 3584 suadent.
1706 3527 1802 3586 hiultos

156 3614 255 3670 moniae
278 3613 419 3683 virginalis
445 3612 597 3682 disciplina,
623 3626 655 3666 eo
684 3611 758 3682 quod
790 3610 955 3684 integritatis
1008 3612 1081 3668 enim
1095 3612 1216 3668 videmus
1241 3619 1268 3667 et
1290 3612 1414 3668 dolemus
1438 3620 1493 3668 tam
1513 3614 1650 3686 insperato
1674 3617 1801 3689 cessisse,

155 3717 250 3773 sepem
273 3700 391 3761 carnalis
415 3700 544 3756 desiderii
567 3714 621 3754 non
652 3698 822 3771 dissipaverit
842 3700 952 3757 ardor:
1007 3716 1089 3772 quam
1117 3700 1207 3756 subito
1236 3701 1366 3772 erupisse.
1394 3701 1567 3759 lleditatione
1594 3704 1709 3761 subtiles
1727 3714 1801 3777 sunt,

156 3797 303 3864 propterea
316 3790 344 3845 in
360 3789 459 3860 talibus
473 3788 591 3863 irriguus
612 3787 689 3860 aquis
704 3786 820 3845 fructum
837 3788 912 3845 dedit
926 3788 954 3843 in
1007 3788 1174 3860 orationibus
1184 3789 1300 3860 impensi
1311 3788 1410 3856 studio,
1422 3791 1539 3863 pingues
1548 3793 1645 3867 gratia,
1656 3793 1803 3854 devotione

157 3888 282 3951 tempore
297 3894 357 3935 suo.
375 3878 420 3934 Vis
439 3876 533 3934 audire
549 3877 657 3949 qualern
680 3878 739 3933 haeo
758 3886 831 3933 terra
845 3878 953 3933 deserta
1007 3878 1125 3950 quadam
1136 3877 1208 3933 dulei
1220 3879 1330 3946 uberes,
1340 3877 1422 3934 eliusi
1436 3879 1464 3934 in
1474 3879 1619 3953 lacrymas,
1635 3898 1697 3939 cum
1712 3884 1803 3943 subito

157 3967 275 4025 tractum
290 3966 384 4023 dediti
398 3966 469 4023 Osee
494 3975 520 4022 te
543 3966 633 4034 docet,
659 3966 706 4038 qui
720 3965 807 4023 dicit:
828 3965 952 4023 Adducet
1006 3966 1073 4023 levis
1096 3966 1271 4039 impatientiae
1292 3967 1400 4024 occasio
1421 3968 1550 4040 quaelibet
1572 3970 1725 4042 spirituales
1752 3973 1804 4028 has

158 4059 293 4114 Dominus
307 4062 425 4114 uentum
438 4056 471 4113 de
482 4056 591 4113 deserto
605 4059 746 4122 mentem,
762 4060 791 4113 et
804 4055 953 4113 desiccabit
1006 4055 1148 4112 contristat
1161 4055 1274 4112 delicias
1289 4059 1318 4113 et
1342 4057 1475 4113 exhaurit.
1499 4059 1540 4114 dn
1555 4072 1607 4113 non
1634 4074 1700 4133 ergo
1719 4041 1804 4132 quasi

157 4145 583 4216 venosmartis(0se.xru,15).
599 4144 666 4212 Quis
676 4144 745 4200 alius
760 4145 853 4201 mortis
863 4145 954 4201 desic·
1005 4144 1096 4200 tumus
1111 4152 1165 4198 tam
1179 4144 1259 4201 facile
1270 4160 1439 4202 evanescens
1458 4145 1563 4222 gloria?
1575 4146 1640 4202 lure
1655 4147 1734 4220 quasi
1748 4149 1803 4205 vir,

156 4235 229 4291 eavit
242 4250 335 4304 venas,
360 4234 411 4290 nisi
434 4234 558 4290 Christus
574 4234 665 4302 lesus,
691 4249 772 4305 quern
790 4233 869 4289 nobis
882 4233 952 4291 inte·
1005 4234 1069 4307 gula
1084 4232 1151 4289 iuml
1165 4232 1225 4288 talis
1239 4233 1375 4301 asceusi0,
1401 4251 1460 4306 quae
1484 4234 1527 4291 vel
1542 4235 1651 4307 propria
1664 4237 1802 4292 mutabili·

157 4325 255 4382 merati
268 4324 371 4382 ventris
393 4324 532 4379 desertum
556 4323 678 4379 refudit?
696 4323 731 4377 Et
744 4323 815 4379 bene
829 4331 926 4380 ventus
943 4344 950 4381 ι
1006 4329 1060 4378 tate
1070 4321 1171 4394 delicit,
1187 4322 1230 4379 vel
1238 4323 1372 4380 accidenti
1391 4323 1522 4380 molestiae
1535 4323 1618 4381 cedit.
1634 4325 1691 4396 ligo
1705 4333 1797 4382 tamen

158 4414 222 4488 quia
236 4414 353 4486 Spiritus
376 4421 440 4469 ante
459 4413 556 4470 faciem
579 4418 700 4468 nostram
723 4412 846 4468 Christos
861 4413 952 4468 Domi-
1005 4427 1059 4468 non
1081 4410 1169 4468 audeo
1192 4428 1274 4484 super
1298 4412 1412 4484 Sponsae
1426 4426 1544 4483 persona
1566 4411 1672 4468 sumum
1686 4428 1735 4484 pro
1749 4413 1800 4471 de·

154 4520 210 4560 nus
222 4504 338 4575 (Three.
358 4519 398 4571 1v,
426 4502 619 4574 uolucrique
642 4500 731 4557 dictus
749 4509 791 4558 est
811 4502 950 4559 recondas
1003 4499 1076 4557 iectu
1090 4500 1274 4572 interpretari.
1291 4502 1327 4556 Αι
1342 4501 1364 4555 si
1379 4508 1408 4556 tu
1422 4500 1591 4557 contentiose
1607 4500 1720 4568 resistis,
1732 4517 1800 4559 eum

157 4593 247 4651 Adam
260 4596 291 4648 ia
305 4592 642 4665 spirituatoiot'ficaatem
653 4592 678 4660 (l
685 4591 745 4648 Cor.
762 4607 811 4662 xv,
828 4594 881 4660 to).
897 4591 952 4646 llo·
1003 4590 1052 4645 tibi
1067 4591 1102 4646 do
1116 4589 1251 4647 deiectum
1266 4587 1401 4661 accipere,
1417 4605 1498 4661 quam
1510 4588 1558 4645 tibi
1574 4587 1713 4646 Psalmista
1727 4606 1803 4647 com·

154 4683 201 4753 -jus
215 4681 281 4736 flatu
299 4681 456 4753 apostoticae
470 4680 557 4735 nubes
567 4680 667 4745 volant,
684 4694 752 4753 quas
767 4679 852 4735 isaias
865 4680 949 4736 mira·
1004 4680 1115 4736 mandat
1132 4695 1138 4735 :
1155 4681 1322 4750 Defecerant
1337 4679 1413 4737 ocati
1427 4681 1483 4735 mei
1497 4680 1528 4735 ia
1544 4678 1687 4752 eloquiam
1701 4683 1800 4740 loom.

156 4778 200 4826 tur
211 4770 278 4841 (lta.
289 4785 337 4839 tx,
352 4771 391 4839 8).
406 4768 477 4838 Quid
487 4768 585 4824 nauum
599 4769 622 4823 si
636 4777 733 4825 ventus
742 4768 852 4836 dicitur,
867 4785 950 4842 quem
1003 4768 1112 4838 Defecit
1123 4767 1157 4824 ia
1170 4769 1297 4824 satutare
1307 4771 1389 4824 taam
1401 4765 1501 4823 aalma
1521 4782 1584 4824 mea
1595 4766 1683 4840 (Psat.
1698 4781 1802 4837 axvrn,

156 4867 185 4917 et
203 4859 305 4914 nubem
327 4858 415 4930 legis?
435 4859 582 4924 Ascendet,
600 4858 698 4930 inquit,
714 4860 851 4917 Dominus
863 4875 950 4932 saper
1004 4861 1049 4924 82,
1064 4856 1120 4928 Bt).

156 4951 258 5006 cotem
274 4949 359 5005 levem
368 4949 436 5019 (Iso.
451 4961 512 5013 xxx,
530 4951 566 5019 l).
581 4946 639 5004 Nec
652 4948 696 5004 hic
709 4946 798 5004 levem
812 4946 889 5018 quasi
903 4963 949 5004 va·
1040 4950 1066 5002 5.
1094 4945 1202 5002 Utinam
1230 4946 1292 5015 hoc,
1324 4945 1451 5012 Domine,
1476 4944 1588 5003 deiectu
1622 4952 1805 5005 attenuentur

154 5055 219 5112 gam
233 5044 261 5094 et
275 5036 428 5093 instabilem
440 5036 557 5108 accipias
573 5056 579 5092 :
596 5036 645 5092 sed
658 5035 775 5092 levitatis
790 5035 948 5108 intelligen-
1002 5035 1072 5092 oculi
1087 5033 1140 5090 mei
1163 5043 1190 5090 et
1203 5033 1340 5091 deficiant.
1361 5035 1469 5090 Utinam
1493 5036 1546 5094 hoc
1569 5035 1678 5093 delectu
1692 5034 1803 5093 deliciet

154 5127 218 5182 uam
233 5126 268 5182 ad
281 5126 449 5199 spiritualem
462 5124 640 5198 aptitudinem
655 5127 741 5195 trahe,
756 5123 831 5197 quod
849 5139 947 5197 corpus
1001 5125 1091 5180 anima
1106 5139 1177 5190 mea,
1193 5122 1301 5180 deliciet
1319 5132 1346 5180 ει
1361 5121 1495 5196 liquefiat,
1512 5131 1538 5181 et
1552 5123 1660 5198 eloquio
1675 5132 1720 5181 tuo
1731 5124 1805 5182 cale-

153 5214 356 5287 ineorruptibile
383 5215 484 5275 nullam
508 5217 606 5273 animae
629 5214 791 5287 gravitatem
814 5213 945 5284 attulerit,
1001 5213 1083 5283 lacta,
1108 5212 1215 5286 eloquio
1243 5212 1419 5270 vehementer
1442 5213 1541 5287 ignito,
1564 5214 1599 5268 ab
1614 5213 1691 5270 omni
1704 5227 1802 5272 crasso

153 5319 204 5361 nec
219 5304 385 5376 depresserit
402 5315 512 5364 terrena
525 5303 704 5365 commoratio
722 5319 834 5360 sensum
849 5302 944 5372 multa,
999 5302 1139 5360 intellectu
1153 5301 1181 5358 in
1196 5302 1347 5359 tenuiorem
1361 5302 1510 5375 spiritualis
1523 5301 1689 5359 habitudinis
1702 5317 1802 5361 auram

151 5392 207 5450 imo
223 5405 321 5451 cuncta
344 5397 517 5469 cogitantem.
534 5399 577 5452 An
598 5410 654 5450 non
675 5392 752 5466 quasi
771 5392 845 5448 venti
858 5390 945 5449 sancti
1000 5393 1115 5449 laxetur.
1127 5391 1235 5449 Utinam
1251 5391 1353 5465 siquid
1369 5393 1491 5449 fueritin
1508 5406 1550 5446 me
1564 5391 1732 5461 corpulentae
1746 5390 1800 5464 [al.

150 5491 214 5540 sunt
228 5499 334 5556 omnes,
351 5486 396 5560 qui
410 5483 544 5558 spirituali
563 5482 672 5542 levitate
687 5498 704 5538 a
717 5481 834 5541 terrenis
847 5481 945 5560 elapsi,
1000 5481 1170 5560 torpulenta]
1176 5481 1377 5568 intelligentiae,
1388 5490 1415 5540 et
1424 5479 1530 5539 hebetis
1540 5478 1682 5557 desiderii,
1692 5478 1722 5537 in
1732 5480 1803 5542 sub-
