3706 5962
66 218 122 279 ⁴2¹

637 217 871 279 couuuttatto
890 218 936 279 EX
954 220 1143 288 BERNARDO.

1670 240 1724 303 422

69 341 202 399 nectibus
214 345 355 412 parentes,
372 338 398 394 id
419 349 461 397 est
475 341 540 399 boui
554 345 646 417 operis
660 352 825 416 patratores,
845 342 873 398 in
887 357 914 439 Α
928 347 974 418 qui
988 351 1024 406 ad
1038 354 1129 410 omnia
1143 372 1204 430 que
1218 357 1363 424 desiderat,
1380 365 1408 415 et
1427 362 1462 419 de
1483 365 1582 435 quibus
1598 369 1725 426 anxiatur

69 427 203 503 templum
228 427 278 482 Dei
298 426 373 483 illum
395 427 588 490 introducunt.
607 432 719 490 Simeon
739 440 872 498 uetustus,

68 517 198 590 antiquus
226 526 269 573 est
290 517 406 588 dierum,
440 521 514 577 Deus
538 522 729 596 omnipotens:
746 538 815 595 puer
845 520 874 578 in

68 608 127 678 ejus
142 606 265 664 ulumest
275 607 437 678 ponderatio
451 609 478 664 in
495 627 577 668 manu
592 612 640 669 Dei
656 613 787 683 cujusque
803 628 872 683 ope-

66 695 104 751 ris
115 695 163 752 uel
177 694 279 753 meriti.
296 696 386 753 Debet
400 698 473 753 enim
488 701 634 772 conceptio
650 717 712 757 esse
727 717 805 773 pura,
820 717 872 757 na·

67 784 161 840 tiritss
188 783 351 855 uoluntaria,
381 786 550 845 circumcisio
579 790 707 858 discreta,
741 789 872 863 apparitio

65 873 236 944 verecunda,
255 873 381 946 purgatio
400 876 539 943 continua,
559 877 661 935 oblatio
685 887 794 936 sancta.
819 878 871 950 Qui

65 960 151 1034 igitur
164 963 225 1017 haec
240 968 268 1017 et
282 962 324 1017 bis
338 961 437 1018 similia
455 964 490 1021 de
509 965 624 1023 Domino
645 966 765 1022 imitatur
783 966 870 1024 fideli·

65 1058 117 1117 ter,
135 1051 223 1106 currit
236 1058 297 1123 post
310 1067 373 1108 eum
388 1050 505 1110 fortiter.

99 1141 147 1194 tt.
166 1137 215 1194 t'et
225 1136 432 1213 trcbcmcpoat
443 1146 480 1208 tc,
492 1140 519 1197 id
531 1150 583 1210 cst,
594 1159 688 1199 amore
701 1142 739 1198 tui
756 1150 869 1200 tantum.

63 1227 169 1282 auerte
182 1226 276 1282 oculos
291 1243 368 1284 meos
383 1245 419 1285 ne
433 1229 547 1286 rideant
560 1231 720 1288 vanitatem.
736 1232 793 1289 Nec
814 1232 870 1289 sola

64 1312 130 1370 volo
148 1312 233 1379 trald,
253 1313 317 1387 quia
336 1332 388 1389 ego
407 1325 435 1373 et
452 1317 665 1376 adolescentula·
682 1336 823 1378 curremus
842 1321 870 1377 in

928 443 955 490 et
976 437 1090 505 dubitat,
1116 444 1142 498 iu
1166 441 1233 500 illud
1256 456 1377 502 meretur
1400 449 1505 506 admitti
1526 464 1674 525 secretum,
1695 465 1725 515 ut

927 525 1017 581 omnia
1032 530 1114 599 possit
1136 531 1226 588 facere
1245 534 1396 590 secundum
1414 538 1488 609 quod
1511 540 1563 595 sibi
1585 550 1723 601 ostensum

926 619 969 667 est
983 614 1010 670 in
1024 625 1127 674 monte.
1148 620 1312 680 Introduxit
1323 639 1377 696 otc,
1389 623 1489 697 inquit,
1500 644 1553 684 ree
1563 631 1595 686 ira
1604 632 1724 690 ccttcmc

926 718 989 759 sue.
1006 703 1139 775 Quoniam
1155 708 1269 767 decella
1285 711 1390 769 vinaria
1408 713 1436 769 in
1457 717 1582 787 proximo
1601 718 1722 794 disputa·

926 791 978 845 turi
993 808 1097 864 sumus,
1112 797 1147 852 de
1161 798 1276 854 cellariis
1292 801 1366 873 regis
1380 819 1467 875 usque
1482 803 1515 858 ad
1530 805 1619 877 ipsum
1634 808 1722 866 locunt

925 879 1093 940 differamus.
1107 886 1321 946 Exsrtltebimus
1341 896 1369 948 et
1387 892 1547 950 letabimur
1560 897 1592 951 in
1609 901 1647 953 tc.
1662 900 1721 955 Au·

926 968 1033 1026 dientes
1046 972 1255 1031 adolescentule
1270 994 1398 1047 sponsam
1417 982 1510 1051 sponsi
1530 981 1722 1042 liberalitatem

924 1059 1169 1128 commendantem,
1185 1062 1255 1119 sicut
1270 1063 1316 1119 tilii
1332 1064 1415 1122 lsrael
1430 1069 1540 1139 quinon
1551 1071 1678 1128 valebant
1693 1074 1721 1130 in

924 1152 1044 1202 montem
1069 1149 1218 1208 ascendere
1249 1168 1310 1209 cum
1335 1154 1447 1228 bloysc:
1468 1160 1592 1231 loquere
1615 1164 1658 1231 tu,
1679 1161 1722 1218 in·

924 1235 1028 1305 quiunt,
1040 1237 1129 1303 nobis,
1142 1243 1234 1297 elnon
1243 1243 1375 1317 loquutur
1384 1245 1464 1303 uobis
1474 1248 1720 1323 Domincsffieod.

924 1341 974 1388 xx,
993 1327 1047 1397 lb).
1061 1325 1167 1384 Safficis
1180 1329 1289 1386 iuterim
1303 1334 1393 1403 uobis,
1409 1337 1625 1395 desudabimus
1635 1346 1661 1396 et
1672 1340 1724 1397 loe·

63 1401 154 1459 odore
167 1411 369 1477 unguentorum
384 1412 501 1466 tuorum.
525 1407 587 1463 Tria
605 1414 670 1464 suut
690 1425 751 1481 quae
770 1408 870 1465 faciunt
923 1412 1049 1471 labimur
1062 1416 1094 1472 in
1110 1421 1152 1484 lc;
1168 1417 1195 1473 id
1210 1426 1262 1487 cst,
1278 1419 1306 1476 in
1319 1420 1441 1478 doctrina
1453 1431 1480 1480 et
1494 1423 1644 1484 imitatione
1665 1437 1719 1485 tua.

64 1506 197 1558 currere3
220 1490 300 1549 timor
313 1492 456 1561 uidelicet,
482 1494 658 1571 desiderium,
674 1503 701 1554 et
723 1512 817 1554 amor:
833 1497 868 1553 ti·
923 1503 1215 1572 accuratissume
1226 1510 1404 1582 corporaliter
1418 1513 1608 1587 operabimur3
1625 1523 1653 1573 et
1671 1518 1720 1574 loe·

62 1594 132 1643 mor,
148 1578 296 1654 fugiendo;
312 1582 488 1649 desiderium,
508 1588 678 1660 appetendo;
695 1602 781 1657 amor,
799 1581 866 1659 pro·
923 1590 1059 1659 labimur,
1087 1593 1152 1650 dum
1176 1596 1307 1669 spirituali
1341 1600 1512 1669 jucunditate
1535 1603 1718 1675 perfruemur,

62 1667 169 1725 simum
182 1670 310 1727 amando.
330 1670 454 1742 Quatuor
475 1689 585 1747 quoque
606 1687 669 1731 sunt
692 1692 754 1748 quae
775 1674 866 1747 impe·
883 1667 905 1745 B
921 1696 1056 1740 memores
1070 1683 1187 1741 uberum
1203 1690 1317 1744 tuorum
1331 1689 1424 1759 (Cant.
1440 1705 1460 1759 t,
1477 1692 1516 1760 3),
1531 1708 1593 1764 quae
1608 1693 1719 1752 interim

62 1755 142 1812 dium
169 1770 279 1815 cursum
297 1756 393 1825 istum;
415 1758 510 1834 frigus,
535 1759 618 1828 calor,
656 1762 699 1819 via
720 1763 866 1832 laboriosa,
920 1771 1157 1830 nobissuffrciuut.
1175 1774 1231 1833 Lac
1248 1777 1322 1833 enim
1335 1777 1529 1837 consolationis
1545 1790 1574 1838 et
1590 1784 1718 1841 exhorta·

62 1852 192 1910 nunietas
207 1854 349 1911 currentis.
364 1855 432 1927 Quae
447 1864 511 1913 suut
523 1858 576 1915 alio
592 1859 713 1926 nomine,
736 1857 865 1916 difliden-

62 1940 108 2011 tia,
136 1942 374 2016 concupiscentia,
400 1946 555 2019 asperitatis
579 1947 759 2019 impatientia,
784 1947 867 2003 nimia

61 2028 247 2089 confidentia:
262 2033 308 2090 uel
324 2042 417 2105 torpor
431 2034 601 2106 diffidentie,
621 2036 742 2093 carnalia
755 2036 865 2094 deside·

64 2121 113 2192 ria,
124 2121 352 2179 obseruationum
360 2124 504 2196 asperitas,
515 2127 692 2183 vehementia
701 2125 867 2200 proficientis

61 2208 106 2265 rel
125 2207 308 2282 perficientis.
331 2211 432 2268 Contra
456 2219 594 2284 torporem
619 2213 802 2271 necessarium
825 2221 866 2271 est

62 2304 235 2373 unguentum
259 2299 462 2372 compositionis
486 2301 641 2370 laxativum,
666 2302 739 2376 quod
754 2302 865 2360 confici·

62 2389 155 2447 tarde
176 2388 367 2447 recordatione
389 2390 583 2449 miraculorum
602 2400 631 2449 et
649 2392 864 2450 testimoniorum

921 1858 1011 1927 bouis,
1031 1863 1103 1934 quod
1123 1863 1185 1918 inde
1205 1866 1382 1937 sumpsimus,
1397 1883 1459 1925 curn
1483 1869 1601 1942 quodam
1620 1871 1719 1928 mentis

921 1946 1039 2019 tripudio
1049 1948 1135 2008 m
1149 1959 1260 2010 cantare
1273 1970 1324 2011 nos
1338 1956 1419 2012 facit:
1434 1958 1585 2016 Emutlctc
1594 1960 1672 2031 justi
1685 1959 1718 2017 ta

920 2038 1048 2108 bocaico,
1060 2044 1151 2097 rectos
1161 2041 1240 2099 decet
1251 2042 1380 2102 teudotio
1390 2045 1478 2118 (Prot.
1491 2062 1579 2114 xxxii,
1591 2049 1628 2121 t).
1640 2047 1718 2104 Unde

920 2133 948 2180 et
962 2127 1102 2199 sequitur:

958 2216 1000 2267 to.
1022 2214 1098 2270 liecti
1117 2214 1243 2288 diligunt
1258 2220 1295 2272 tc.
1312 2215 1380 2272 Sunt
1393 2219 1528 2291 jacentes,
1544 2227 1609 2276 suot
1622 2218 1717 2286 erecti,

919 2305 983 2353 sunt
994 2299 1079 2368 curvi,
1095 2310 1158 2358 sunt
1172 2303 1249 2360 recti.
1265 2302 1392 2362 tacentes
1405 2321 1458 2363 nec
1472 2306 1578 2374 timent,
1592 2323 1643 2365 nec
1657 2307 1718 2364 dili

919 2395 1004 2459 guum
1032 2389 1108 2446 curvi
1131 2391 1239 2463 timent,
1262 2408 1317 2449 non
1341 2393 1470 2465 diligunt,
1496 2396 1563 2453 recti
1588 2396 1715 2469 diligunt.

919 2475 985 2531 Orat
1000 2493 1066 2552 ergo
1081 2493 1180 2550 sponsa
1193 2495 1244 2552 pro
1258 2480 1480 2552 adolescentulis,
1496 2484 1526 2538 n
1541 2499 1610 2556 quas
1629 2483 1718 2540 adhuc

917 2565 945 2620 in
956 2565 1053 2623 timore
1069 2566 1142 2623 videt
1156 2583 1263 2636 curras
1279 2578 1368 2626 rectas
1381 2569 1473 2628 rideat
1484 2571 1513 2627 in
1527 2586 1622 2629 amore
1631 2587 1718 2645 spon·

62 2475 184 2534 fedati:
208 2489 302 2534 contra
315 2488 422 2549 astum,
439 2488 606 2552 unguentum
621 2480 864 2555 refrigeratorium,

62 2580 93 2622 ex
107 2566 259 2639 speciebus
272 2568 489 2625 conversationis
502 2578 530 2626 et
547 2570 766 2627 commonitionis
783 2568 864 2625 Citri-

63 2654 111 2713 sti:
127 2661 228 2711 coutra
248 2656 382 2712 tristitiam
400 2657 559 2728 laborantis,
574 2666 742 2730 unguentum
760 2656 862 2714 sanati·
917 2654 958 2713 si:
975 2671 1006 2712 ac
1021 2655 1043 2711 si
1058 2655 1139 2724 dicat,
1161 2656 1247 2714 Video
1266 2658 1332 2714 istas
1350 2675 1457 2727 curvas,
1479 2661 1529 2717 sed
1550 2659 1592 2718 fac
1614 2668 1715 2741 rectas,

62 2759 135 2812 rum,
154 2759 190 2800 ex
213 2745 402 2802 recordatione
423 2747 580 2818 passionum
604 2754 632 2803 et
653 2746 863 2818 promissionum
917 2744 979 2817 quia
993 2747 1065 2804 recti
1080 2745 1205 2819 diligunt
1220 2752 1257 2806 tc.
1274 2747 1376 2804 Aliter:
1396 2749 1492 2805 ridens
1510 2763 1609 2820 sponsa
1623 2750 1717 2807 adole·

63 2832 186 2890 causti:
217 2841 312 2890 centra
343 2834 543 2891 vehementiam
569 2834 777 2907 proficientium,
809 2852 861 2891 un·
915 2836 1051 2890 scentulas
1064 2835 1115 2891 sibi
1137 2834 1344 2908 applaudentes,
1370 2838 1565 2894 commendans
1587 2838 1663 2904 istas,
1680 2838 1715 2894 ti-

62 2928 195 2995 gcentam
210 2922 415 2997 mitigatorium,
440 2924 475 2979 de
491 2924 680 2981 recordatione
704 2933 861 2982 mansuetu·
915 2930 972 2981 met
990 2923 1066 2979 aliis:
1087 2925 1146 2980 istis
1159 2924 1368 2993 exsultantibus,
1385 2925 1439 2982 illis
1459 2926 1660 2984 insidentibus:
1682 2941 1715 2983 ac

62 3010 132 3067 linis
154 3017 185 3067 et
206 3008 410 3068 uniserationum
434 3012 545 3070 Cirristi.
570 3014 633 3071 ileo
655 3022 746 3069 autem
770 3013 862 3070 omnia
877 2974 900 3054 Β
914 3011 937 3066 si
954 3011 1034 3083 dicat,
1046 3012 1108 3068 lstoe
1123 3020 1187 3068 sunt
1198 3012 1369 3081 rectae-ideo
1382 3013 1497 3083 diligunt
1512 3022 1553 3080 te;
1570 3014 1634 3070 etsi
1649 3013 1710 3070 dili·

61 3106 201 3173 uuguenta
214 3099 320 3156 inutilia
334 3109 406 3169 sunt,
433 3101 457 3158 si
480 3118 513 3158 ex
536 3102 597 3159 oleo
618 3103 712 3173 sponsi
736 3103 860 3160 confecta
914 3108 1045 3173 guntme,
1062 3116 1117 3158 non
1130 3100 1254 3174 dilligunt
1271 3101 1320 3156 nisi
1331 3102 1357 3157 in
1368 3110 1405 3157 tc.
1418 3101 1585 3159 Docuienim
1594 3119 1641 3159 eas
1656 3118 1712 3160 non

59 3204 112 3246 non
135 3198 212 3245 aunt.
238 3191 269 3245 ln
293 3190 378 3246 odore
401 3191 498 3248 horum
523 3200 724 3264 unguentorum
748 3201 860 3248 currunt
914 3203 957 3243 me
971 3188 1097 3261 diligere,
1113 3189 1162 3246 aed
1178 3196 1215 3245 te.
1233 3188 1333 3245 Videas
1348 3189 1421 3246 enim
1436 3205 1536 3262 sponsa
1554 3191 1661 3247 illarum
1681 3205 1712 3249 se

56 3277 281 3348 adolesoentulm,
292 3295 407 3350 quumm
417 3280 738 3353 cursusnonimpeditur.
749 3280 860 3352 Sponsa
913 3277 1103 3334 benevolentia
1117 3277 1291 3351 praegravari,
1306 3292 1439 3333 conserva
1454 3278 1489 3333 ad
1503 3294 1643 3350 sponsum,
1652 3286 1713 3336 orat

57 3381 120 3424 rere
143 3367 205 3424 ltaec
221 3367 313 3423 omnia
336 3383 391 3424 nou
406 3369 545 3436 odoratur,
571 3369 618 3425 scd
635 3371 738 3442 tangit;
753 3370 817 3441 quia
829 3369 858 3425 in
913 3380 963 3437 pro
978 3364 1035 3421 eis:
1053 3366 1133 3421 tiecti
1143 3365 1271 3436 diliguat
1287 3369 1323 3422 tc.
1335 3365 1389 3420 Sed
1404 3366 1439 3420 dc
1453 3364 1637 3423 inridentibus
1647 3366 1713 3457 quid

56 3470 83 3512 sc
96 3454 160 3529 ipsa
174 3455 268 3512 omnia
287 3455 345 3512 lraee
358 3455 482 3523 exbibet,
501 3457 550 3512 sed
566 3456 625 3512 aliis
639 3474 694 3514 uon
708 3456 771 3512 sibi.
781 3457 860 3511 Euhi-
913 3452 1062 3508 faciamus?
1079 3453 1216 3509 Conversa
1231 3451 1267 3506 ad
1281 3468 1339 3517 eas,
1356 3460 1385 3508 et
1400 3467 1492 3508 curam
1507 3468 1595 3523 agem
1608 3468 1658 3524 pro
1672 3453 1713 3510 eis

56 3542 99 3601 bet
119 3543 198 3601 enirn
227 3543 417 3601 miraculorum
432 3545 559 3618 gloriam,
576 3545 685 3601 exhibet
711 3559 868 3602 couversa-
912 3540 1027 3612 quaeda
1052 3539 1163 3611 pristina
1185 3539 1392 3597 conversatione
1414 3554 1608 3612 nonnunquam
1624 3540 1650 3597 ei
1668 3539 1713 3595 in·

56 3630 139 3689 ῑίοιιίε
168 3630 336 3705 exemplum,
358 3639 387 3687 et
410 3632 631 3691 commonitionis
654 3634 857 3690 documentum.
911 3628 1064 3684 saltabant:
1091 3628 1189 3703 Nigra,
1214 3628 1310 3701 inquit,
1335 3645 1398 3684 sum
1422 3628 1469 3686 sed
1492 3630 1629 3701 formosa,
1643 3628 1713 3701 filie

54 3718 109 3777 sat
122 3728 154 3778 et
166 3721 325 3795 monum
344 3721 442 3779 Christi
457 3723 611 3779 circumfert
624 3722 765 3796 stigmata;
781 3738 858 3778 man·
913 3717 1083 3777 terrasclem.
1105 3718 1142 3773 Et
1166 3725 1230 3774 uota
1253 3717 1378 3775 ordinem
1406 3717 1555 3775 alteritatis.
1580 3718 1647 3774 Cum
1677 3717 1713 3775 de

54 3810 231 3867 suetudinem
245 3825 312 3868 vero
331 3819 359 3867 et
380 3812 584 3869 miserationem
603 3820 631 3868 et
650 3812 779 3883 predicat
796 3825 857 3868 om·
911 3823 1003 3864 amore
1018 3807 1110 3880 sponsi
1134 3807 1200 3881 agit,
1224 3815 1280 3865 tota
1303 3807 1502 3881 quodammodo
1523 3807 1552 3863 in
1576 3823 1610 3864 eo
1622 3806 1712 3879 lique-

54 3898 147 3967 nibus‚
162 3906 194 3957 et
206 3899 329 3955 exhibet.
911 3898 977 3954 scit:
993 3913 1054 3953 cum
1073 3897 1108 3954 de
1128 3896 1347 3968 adolescentulis,
1363 3896 1481 3953 allicitur
1495 3897 1610 3968 quadum
1632 3910 1711 3953 oom-

90 3988 855 4061 t8.lntrcdueitmcreclamitat-incurmontium,3).
910 3985 1047 4057 passione,
1069 3990 1097 4040 et
1120 3982 1198 4057 quasi
1221 3998 1274 4039 una
1297 4000 1330 4041 ex
1353 3984 1407 4041 illis
1430 3983 1567 4043 efficitur:
1592 4001 1655 4042 curn
1679 3982 1713 4039 de

54 4074 180 4132 eudicus
197 4091 299 4149 sponsa
317 4075 493 4148 sponsionem
519 4076 795 4148 adolescentulamm,
824 4077 857 4134 lo
914 4073 1034 4130 inimicis
1049 4080 1105 4131 toto
1123 4073 1260 4129 charitatis
1284 4074 1343 4130 zelo
1357 4089 1407 4146 pro
1430 4074 1472 4130 eis
1486 4073 1600 4133 uelatur.
1625 4075 1713 4147 Nigro

52 4164 679 4238 odoreauguentorumcurremes,respondit:
692 4165 857 4223 lleritocur-
911 4181 984 4229 sum,
996 4164 1042 4221 red
1052 4166 1186 4233 formose,
1202 4162 1273 4232 filim
1285 4163 1451 4221 Jerusalem.
1476 4161 1579 4218 Ofilius
1600 4165 1711 4219 Jerusa-

50 4252 129 4321 rctia,
143 4261 174 4310 et
187 4254 354 4310 currendum
370 4255 449 4311 vobis
463 4262 515 4312 cst.
533 4256 657 4327 Expertae
667 4254 781 4322 credite,
793 4254 856 4326 quia
871 4281 895 4363 n
909 4253 975 4324 lem,
990 4252 1051 4309 frtiae
1070 4253 1153 4324 pacis,
1173 4266 1269 4322 pacem
1284 4249 1383 4305 habete
1403 4265 1517 4315 mecum,
1539 4264 1600 4321 quae
1616 4265 1712 4321 pacem

50 4339 219 4399 tsrmdaett
239 4358 283 4399 me
298 4360 350 4401 ree
364 4344 397 4399 in
408 4345 526 4402 cellaria
539 4361 603 4411 suu,
617 4343 689 4400 unde
704 4343 813 4414 plenam
827 4349 856 4399 et
910 4343 998 4398 habeo
1019 4340 1168 4397 vobiscum.
1183 4338 1366 4409 Exprobratio
1392 4346 1433 4394 est
1455 4337 1508 4393 ista
1530 4345 1631 4405 restra,
1656 4350 1712 4392 non

49 4428 204 4486 confertam
214 4446 258 4486 mc
270 4432 386 4488 remisit.
403 4432 570 4490 Introduxit
584 4450 641 4499 mc,
656 4432 779 4504 inquam,
791 4448 852 4499 ree,
910 4428 1076 4502 compassio.
1092 4429 1178 4499 Nigra
1192 4425 1303 4497 quidem
1322 4441 1386 4481 sum
1406 4440 1439 4480 er
1460 4423 1574 4495 pristina
1592 4437 1710 4480 conuer-

50 4518 99 4591 qui
111 4519 206 4594 dirigit
219 4520 246 4576 in
259 4522 376 4579 ueritme
390 4538 501 4595 gressus
509 4537 585 4579 meos
601 4539 612 4589 ·,
633 4522 799 4578 introducit
810 4537 854 4580 mc
910 4519 1028 4583 satione,
1045 4518 1092 4574 scd
1105 4519 1231 4587 formosa
1245 4529 1278 4568 ea
1296 4529 1365 4585 pura
1385 4512 1568 4609 confessione,
1589 4518 1617 4610 et
1636 4519 1711 4569 recta

49 4610 84 4665 ira
92 4609 216 4667 sollerte
225 4628 287 4681 sue,
297 4612 464 4669 liberalitate
479 4626 541 4680 sus;
558 4627 613 4667 non
628 4626 680 4683 ego
696 4611 774 4682 empi
788 4627 855 4682 prae-
909 4605 1071 4662 intentione.
1094 4605 1153 4659 Duo
1168 4601 1269 4673 quippe
1294 4607 1357 4655 sunt
1380 4614 1441 4672 quae
1463 4597 1566 4655 faciunt
1591 4615 1709 4699 nigram,

48 4696 205 4768 sumptione
221 4715 291 4758 mes.
304 4701 427 4757 Audiens
443 4701 644 4774 euimsponsus
664 4708 727 4757 vota
744 4715 854 4772 sponsae
909 4696 963 4751 duo
983 4709 1044 4767 qum
1058 4693 1216 4749 formosam.
1236 4689 1359 4763 Nigram,
1380 4689 1451 4745 mala
1475 4701 1660 4762 conversatio,
1682 4693 1710 4744 et

47 4787 197 4858 prmus,
217 4787 305 4846 grase
320 4807 364 4848 m,
375 4794 440 4864 pm
457 4790 677 4861 magnaeus
699 4805 760 4845 gam
786 4804 854 4861 quo.
909 4783 1021 4838 distorta
1044 4780 1177 4837 intentio:
1198 4777 1355 4848 formosam,
1376 4778 1508 4837 innocens
1528 4778 1708 4843 conversatio.

50 4874 197 4934 dammodo
219 4893 349 4946 acar-ne,
365 4886 427 4951 post
446 4895 475 4936 se
491 4880 572 4936 traxit
586 4896 646 4937 eam
669 4879 697 4934 in
718 4880 853 4936 occultum
908 4881 935 4928 et
949 4879 1024 4927 tecla
1038 4869 1163 4927 intentio.
1180 4867 1248 4939 Quae
1267 4868 1307 4925 uic
1320 4877 1385 4924 sunl
1403 4869 1431 4924 in
1445 4867 1545 4935 anima,
1562 4870 1633 4926 sicut
1647 4873 1710 4966 sttui

50 4963 186 5035 quoddam
201 4966 441 5039 contemplationis
463 4985 531 5040 sue,
545 4976 573 5025 et
582 4968 702 5025 ostendit
712 4967 737 5025 ei
747 4976 853 5024 secreta
908 4963 935 5018 in
950 4975 1066 5033 corpore
1080 4959 1195 5032 pulcber
1213 4957 1297 5028 color,
1318 4965 1346 5014 et
1366 4960 1437 5014 bona
1456 4957 1551 5015 forme
1571 4970 1708 5028 composu-

46 5066 107 5108 sua.
123 5052 174 5109 uui
188 5070 250 5112 cum
265 5064 358 5114 mente
374 5058 538 5115 excessisset
552 5059 622 5127 Deo,
639 5074 745 5115 mrsum
761 5058 853 5114 sobria
908 5052 955 5108 tio.
971 5050 1038 5119 Quae
1056 5057 1148 5106 atttem
1167 5064 1222 5104 non
1245 5047 1339 5102 habuit
1358 5046 1534 5103 innocentem
1558 5059 1707 5143 conversa-

43 5138 114 5199 taeta
127 5145 262 5214 proximo,
277 5143 357 5201 rediit
372 5146 407 5201 ad
429 5146 660 5204 adolescentulas.
682 5149 714 5205 lit
735 5164 799 5204 cum
818 5163 851 5204 ex
908 5142 1021 5208 tionem,
1035 5147 1181 5212 postquam
1194 5136 1282 5191 induit
1295 5134 1509 5200 confessionem,
1526 5143 1554 5190 et
1568 5132 1706 5190 diremtio

41 5231 146 5290 vidone
167 5241 196 5291 et
210 5234 393 5292 collocutione
409 5237 472 5306 Dei,
489 5237 569 5308 quasi
587 5236 641 5294 duo
661 5251 764 5294 cornua
778 5252 850 5307 prae-
905 5231 1003 5287 melius
1026 5229 1217 5290 intentionem,
1241 5221 1403 5321 fiducialiter
1422 5223 1497 5289 dicit,
1522 5221 1703 5322 Nigrorum,

42 5320 138 5380 terem
157 5323 407 5398 contemplationis,
424 5326 540 5383 rationis
559 5326 664 5382 scilicet
689 5333 717 5380 ct
738 5323 849 5391 amoris,
905 5320 953 5380 scrl
966 5321 1107 5392 formosa·
1123 5315 1185 5387 quia
1198 5317 1338 5385 pretenta
1352 5325 1413 5379 erus
1428 5314 1542 5408 peccata
1557 5316 1626 5408 tegat
1640 5326 1707 5401 con·

42 5411 175 5470 mirabilis
190 5421 219 5471 et
234 5413 365 5471 terribilis
379 5422 538 5488 appareret,
551 5414 714 5473 lotroducit
732 5426 849 5478 merca,
905 5407 1001 5466 fessio.
1015 5405 1062 5461 Est
1080 5403 1152 5459 enim
1167 5398 1337 5472 pulchritudo
1352 5412 1491 5498 memoriae
1504 5397 1657 5497 confessro;
1680 5407 1707 5499 et

40 5500 140 5577 inquit,
155 5502 191 5559 ira
205 5503 401 5563 dethmarus.
417 5505 493 5564 Felix
506 5505 553 5564 ille
574 5511 667 5563 rector
686 5503 848 5571 animarum,
906 5493 1065 5570 compositio
1080 5488 1234 5561 voluntatis,
1259 5497 1333 5545 recta
1351 5492 1477 5544 intentio.
1498 5486 1616 5545 humum
1638 5492 1706 5561 tegat
