3706 5962
161 206 211 272 731
852 211 936 275 vt'tls
954 211 1106 275 trisulci.
1757 208 1808 269 732

161 351 233 395 nunc
251 352 363 393 summae
390 334 484 409 gloriae
497 335 667 404 accedamus;
678 346 705 394 et
719 337 782 406 lide,
797 345 824 396 ει
850 355 911 413 spe,
927 348 954 397 et
970 354 994 435 g
1012 339 1146 412 passionis
1169 337 1338 396 extrinsecus
1362 338 1435 411 igne,
1452 344 1481 393 ut
1507 333 1623 391 fructum
1646 347 1749 393 nostras
1763 352 1809 394 re-

160 424 288 483 charitate
310 425 337 480 io
352 424 523 482 liberatorem
545 425 698 499 piissimum
712 427 891 493 intendentes,
908 446 954 500 per
1010 427 1175 503 demptionis
1195 427 1253 484 sine
1286 443 1362 486 mora
1389 427 1557 497 produceret.
1586 423 1741 481 Productus
1769 434 1810 481 est

161 522 271 570 mortem
287 511 371 569 nostri
395 512 546 585 Serpentis,
579 513 625 586 qui
649 524 765 572 mortem
783 517 886 589 antiqui
901 534 957 573 ser·
1008 534 1076 590 ergo
1089 519 1185 575 botrus
1200 515 1246 573 ille
1260 515 1386 589 optabilis
1400 515 1504 570 cunetis
1519 512 1682 569 Patriarobis
1698 524 1725 570 ει
1741 513 1809 570 Pro·

161 602 249 673 pentis
263 601 399 667 occidit,a
416 611 574 673 serpentum
585 603 721 660 morsibus
735 614 895 675 petemosac
904 622 956 678 po·
1008 607 1097 680 phetis
1122 607 1234 678 aliisque
1258 605 1351 675 justis,
1380 602 1481 661 scilicet
1504 601 1656 671 redemptio
1685 610 1807 658 nostra:

162 687 276 746 terimus
289 688 429 746 libereri-
1010 712 1088 768 quem
1113 694 1230 752 fructum
1257 692 1377 750 Ecclesia
1401 707 1455 748 oon
1471 689 1562 747 solnm
1578 707 1611 747 ex
1626 690 1668 745 bis
1679 690 1726 762 qui
1747 697 1810 747 sunt

396 792 482 852 494
501 782 617 854 (ιΑΡἩΤ
634 799 731 858 vat,
1009 786 1059 840 sub
1076 794 1196 855 tempore
1218 782 1322 857 gratim,
1337 781 1384 838 sed
1408 797 1424 835 a
1449 779 1540 834 mnndi
1569 777 1706 851 principio
1738 779 1810 848 iuste

164 886 202 941 De
215 886 314 955 fracto
328 885 395 941 Vilis
409 887 525 953 nostre,
535 901 584 941 seu
598 885 713 953 Christi,
720 903 773 960 pro
787 889 865 945 nobis
877 889 957 961 passi
1009 880 1185 947 0⁰¹¹ssieli³l⁸2
1207 872 1313 928 dllioeffl
1335 869 1387 926 ilbi
1402 872 1461 925 i0i⁰
1479 867 1639 939 gratiliani·
1666 866 1763 922 (1ῙοοΜ
1777 867 1811 923 ‘¹0

467 959 495 1010 ει
510 957 662 1027 crucifixi·
1011 962 1147 1034 sponsoin
1162 960 1270 1017 Castico
1286 959 1399 1025 amoris,
1421 958 1475 1016 sart
1497 956 1703 1021 umbratiliter,
1727 971 1811 1029 quem

198 1040 261 1095 ¹⁶⁰·
277 1039 342 1107 Οὓῑ11
355 1040 470 1097 (100θῦ19
484 1049 511 1097 ei
525 1043 650 1114 (11011110,
669 1054 699 1099 111
711 1060 801 1114 sileio,
817 1045 952 1115 1101111ιί·
1011 1051 1212 1116 desiderabam,
1235 1050 1293 1107 sedi
1299 1069 1308 1117 ,·
1324 1054 1353 1106 et
1370 1051 1486 1120 fractos
1510 1046 1573 1118 ejus
1592 1044 1684 1101 dulcis
1695 1045 1811 1118 gutturi

162 1134 203 1184 tor
218 1126 262 1196 pio
281 1128 354 1194 Jesu,
370 1128 439 1185 duee
466 1129 570 1200 optimo
598 1138 626 1186 et
644 1132 766 1198 doctore,
783 1133 953 1204 prolixiorem
1006 1153 1067 1197 meo
1082 1139 1206 1209 (cantic,
1225 1153 1257 1205 u,
1274 1136 1311 1207 3),

161 1216 246 1270 multo
261 1231 342 1289 quan
371 1216 553 1289 speravimus,
582 1235 734 1277 sermonem
758 1222 902 1278 habuimus
921 1223 955 1278 de
1046 1230 1107 1284 162,
1122 1223 1193 1294 Quid
1211 1225 1321 1293 mirum,
1350 1223 1373 1280 si
1389 1222 1537 1294 redemptio
1559 1224 1728 1293 justorum
1748 1220 1809 1276 dia.

161 1303 272 1360 tionibus
298 1303 366 1360 vitis
393 1314 505 1377 nostran
532 1323 603 1363 nunc
618 1309 714 1365 eodem
734 1311 953 1381 nosadjuvante,
1008 1315 1097 1371 bolica
1125 1314 1277 1384 tyrannide,
1303 1329 1318 1368 a
1344 1311 1463 1367 tenebris
1491 1321 1519 1367 et
1545 1310 1639 1366 umbra
1662 1308 1811 1373 mertias

162 1390 209 1463 ‘³¹¹¹
224 1407 309 1465 ιι311119
322 1394 350 1448 Ῑῦ
365 1392 443 1452 5⁰⁰⁰)
462 1394 552 1468 ‘filiii‘
575 1406 602 1453 0²
629 1396 723 1471 (illidii
737 1413 812 1466 ⁵⁰0⁸»
826 1399 853 1455 in
878 1399 954 1470 cujus
1008 1418 1116 1459 carcere
1129 1399 1261 1464 infernali,
1285 1414 1337 1470 quo
1359 1398 1454 1456 inclusi
1482 1399 1655 1465 tenebamur,
1685 1395 1811 1454 reductio

162 1495 244 1535 manu
258 1495 352 1537 sumus
367 1490 394 1538 et
407 1498 469 1551 nos,
478 1490 507 1540 ει
521 1499 659 1542 sermones
672 1487 772 1553 nostri;
788 1487 822 1542 ad
836 1485 955 1544 fructum
1009 1490 1037 1547 in
1047 1491 1213 1565 paradisum,
1229 1487 1394 1560 Angelorum
1403 1485 1535 1543 custodie
1547 1483 1720 1556 deputatur?
1738 1482 1810 1552 Quid

163 1565 285 1639 ejusdem
306 1569 369 1625 ritis
392 1572 510 1627 animum
539 1574 712 1645 acclinemus,
735 1574 833 1631 ilorum
847 1575 956 1647 dispen·
1012 1579 1123 1651 mirum,
1142 1574 1312 1649 praeentiam
1328 1574 1429 1631 Christi
1457 1574 1541 1630 inisse
1562 1570 1755 1629 delectabilem
1769 1581 1812 1627 at·

163 1653 237 1710 dium
264 1655 397 1712 fructuum
416 1659 575 1730 compendio
603 1662 780 1733 redempturi.
804 1662 959 1721 Coniortata
1014 1682 1067 1740 qne
1086 1668 1211 1735 votivam,
1227 1672 1301 1720 tanto
1314 1672 1437 1735 tempore
1459 1659 1605 1732 exspectati
1627 1675 1659 1716 ac
1672 1657 1812 1715 desidera-

163 1749 204 1800 est
217 1742 289 1801 enim
301 1744 412 1802 scientia
437 1746 541 1804 fructus
562 1748 630 1804 Vitis
645 1761 744 1806 nostrae
760 1752 849 1820 buius,
865 1759 891 1806 et
906 1765 960 1806 non
1015 1755 1096 1814 tiiln
1106 1754 1214 1810 aitlictis
1228 1753 1300 1808 enim
1316 1753 1398 1808 rebus
1411 1749 1564 1807 constitutis
1583 1756 1658 1806 tanto
1673 1748 1813 1804 soletesse

163 1833 298 1903 potestad
314 1848 374 1889 eam
389 1836 473 1892 nostri
502 1835 631 1909 ingenioli
658 1837 769 1893 tarditas
793 1839 901 1895 elevari.
926 1838 961 1895 Ut
1014 1841 1115 1917 gratior
1129 1840 1280 1897 liberatoris
1305 1837 1447 1904 adventus,
1472 1847 1573 1909 quanto
1597 1834 1680 1891 inerit
1705 1835 1813 1890 diutur-

162 1935 229 1994 ergo
244 1935 338 1976 omnes
364 1923 554 1981 abscindamus
572 1924 711 1997 ambages,
727 1927 750 1982 si
765 1927 869 1983 iructas
896 1943 960 1998 per-
1014 1928 1207 1988 nioraibictio.
1231 1926 1338 1995 Quanto
1366 1926 1437 1982 enim
1465 1936 1586 1997 tempore
1616 1925 1720 1994 primus
1744 1921 1813 1978 Abel

163 2009 316 2080 quiramus,
332 2011 468 2081 praecipue
490 2012 642 2083 redemptio
657 2021 699 2069 est
713 2015 833 2086 plantata
847 2015 873 2070 in
890 2023 961 2072 terra
1013 2020 1112 2091 justos,
1128 2018 1231 2087 primus
1245 2025 1355 2088 martyr,
1377 2015 1422 2087 qui
1438 2029 1488 2070 sua
1503 2013 1629 2084 passione
1651 2011 1759 2085 primus
1785 2010 1814 2064 li·

163 2096 352 2166 benedictam
369 2098 478 2171 Virgine
489 2100 626 2175 virginum
636 2102 731 2158 biario.
742 2103 792 2158 lita
804 2104 871 2159 Vitis
886 2119 959 2177 vera,

163 2183 250 2240 dulcis
272 2187 359 2252 lesos,
375 2189 502 2260 apparuit
523 2189 713 2262 innativitate,
735 2191 845 2262 praecisa
858 2192 887 2246 in
903 2193 958 2247 cir·

163 2274 337 2343 cumcisione,
355 2275 532 2333 circumfossa
546 2276 574 2332 iu
596 2277 712 2346 insidiis,
729 2278 853 2350 perfossa
865 2281 959 2345 clavis,

164 2361 247 2434 ligata
260 2362 376 2420 vinculis
390 2365 598 2438 multiplicibus,
616 2367 736 2424 lronduit
759 2366 959 2431 invirtutibus,

164 2449 335 2509 fructificavit
349 2451 375 2507 in
386 2454 527 2527 passione;
545 2466 573 2511 ct
586 2455 699 2512 redemit
714 2457 861 2522 bominem,
876 2473 959 2530 quem

163 2537 217 2593 alio
230 2540 312 2594 modo
328 2539 423 2595 redimi
439 2557 494 2596 non
509 2543 698 2602 conveniebat.
710 2543 765 2600 Sed
780 2545 866 2603 diois:
882 2545 960 2612 Quo·

163 2625 244 2682 modo
268 2626 367 2684 dieitur
392 2628 419 2684 io
440 2629 567 2701 passione
589 2629 779 2698 fructificasse,
810 2633 857 2704 qui
880 2633 961 2704 paulo

1014 2110 1166 2164 beratorem
1199 2103 1388 2179 praeliguravit,
1417 2100 1654 2174 exspectaverat?
1677 2098 1813 2168 Quamdiu

1012 2197 1074 2266 ipse
1094 2194 1181 2251 Adam
1196 2203 1222 2250 et
1240 2194 1294 2249 Eva
1319 2200 1442 2264 parentes
1465 2189 1561 2261 nostri,
1579 2190 1667 2243 adhuc
1690 2185 1772 2242 stiam
1786 2184 1813 2239 in

1015 2284 1121 2339 inierno
1137 2281 1255 2355 paradisi
1274 2279 1373 2354 gandia
1396 2280 1428 2335 ad
1448 2278 1607 2335 memoriam
1627 2274 1746 2334 invicem
1770 2289 1810 2328 re·

1013 2380 1150 2436 vocantes,
1165 2371 1241 2426 istam
1268 2367 1480 2436 redemptionem
1503 2366 1641 2423 sitiverant
1665 2379 1729 2418 cum
1755 2361 1814 2416 aliis

1014 2461 1114 2517 sanctis
1121 2468 1148 2515 et
1152 2459 1242 2528 iustis,
1254 2457 1300 2530 qui
1314 2473 1343 2512 se
1353 2455 1508 2511 liberandos
1518 2452 1663 2525 sperabant
1678 2450 1693 2504 i
1705 2448 1814 2518 Quanto

1014 2557 1095 2620 putas
1121 2562 1169 2603 eos
1191 2548 1325 2602 exultasse
1362 2543 1491 2615 tripudio,
1516 2556 1578 2596 cum
1601 2539 1647 2595 ille
1670 2534 1815 2593 crucifixus

1015 2637 1164 2702 adveniret,
1189 2634 1300 2705 Angelis
1315 2630 1533 2702 precedentibus
1560 2639 1588 2685 et
1614 2624 1812 2683 clamantibus:

164 2721 224 2768 ante
239 2713 328 2770 dictus
341 2725 381 2771 est
393 2717 566 2775 innativitate
577 2718 652 2791 [tort.
665 2719 801 2794 passione]
813 2720 961 2777 floruisset
1020 2713 1715 2795 Tolliteportus,principet,ocstrcs,·eteleuomini,
1728 2708 1814 2768 m

163 2801 290 2873 Nuneuid
304 2804 375 2860 idem
391 2813 455 2862 sunt
468 2806 550 2862 tiores
568 2813 595 2862 et
610 2806 737 2863 iructusi
758 2809 798 2863 An
819 2808 857 2864 ita
871 2809 962 2865 subito
1015 2818 1106 2886 porte
1115 2807 1511 2878 interrogaturi-ortiles
1522 2800 1813 2877 paenitentiae,

165 2892 223 2947 sine
234 2890 377 2950 intervallo
397 2897 527 2964 temporis
537 2895 640 2951 tructus
650 2911 728 2951 suum
740 2896 837 2953 liorem
852 2907 961 2954 secutus
976 2903 999 2982 ῃ
1014 2904 1041 2968 7,
1058 2900 1098 2972 9,)
1112 2899 1218 2968 Quanta
1246 2906 1323 2969 putas
1347 2911 1396 2951 eos
1416 2893 1555 2950 alacritate
1580 2887 1766 2954 concinuisse,
1787 2894 1816 2942 et

165 2979 301 3035 esthon
318 2981 390 3037 enim
404 2982 431 3037 id
459 2981 584 3041 videmus
607 2982 708 3038 fieriin
724 3000 812 3040 rerum
833 2986 961 3041 naturis:
1014 2985 1249 3057 consonisjubilis
1266 2985 1294 3040 in
1312 2998 1481 3040 communem
1510 2980 1628 3036 laetitiam
1657 2975 1816 3051 prosiluisse

164 3070 322 3139 praecedunt
341 3069 413 3125 enim
425 3070 517 3136 liores,
534 3081 560 3126 et
574 3070 716 3127 intercedit
730 3074 808 3128 moui
832 3075 962 3144 temporis
1014 3091 1046 3133 ac
1059 3075 1178 3131 dixisse:
1196 3094 1208 3124 a
1225 3067 1565 3134 Advenistidesiderabilis,
1576 3081 1660 3137 quem
1676 3072 1816 3132 exspecta·

165 3157 347 3225 intervallum,
364 3167 393 3214 ut
406 3158 509 3215 tructus
525 3161 560 3214 ad
577 3160 759 3217 maturitatem
789 3164 961 3232 perducatur.
1016 3165 1111 3220 bamus
1124 3162 1153 3217 io
1168 3159 1299 3227 tenebris,
1315 3167 1344 3215 ut
1357 3159 1489 3215 educeres
1510 3156 1614 3212 vinctos
1627 3154 1663 3209 de
1678 3149 1814 3209 claustris.

166 3244 244 3315 Qnod
271 3263 427 3305 nostorum
455 3248 566 3320 quidem
590 3263 651 3306 esse
671 3248 786 3304 latemur
800 3265 809 3317 ;
825 3266 918 3307 verum
932 3267 964 3308 ea
1015 3253 1054 3308 Te
1069 3258 1160 3308 nostra
1184 3249 1316 3306 vocabant
1343 3246 1469 3318 suspiria,
1497 3253 1522 3301 te
1551 3245 1626 3314 larga
1641 3241 1816 3310 repairebant

165 3351 227 3407 quae
241 3337 371 3393 habemus
386 3353 443 3409 prae
461 3335 596 3406 manibus,
622 3352 677 3394 non
705 3345 807 3394 tantum
836 3339 961 3408 humana,

165 3425 255 3481 sedet
271 3427 360 3482 divina
386 3432 463 3492 sunt;
480 3426 552 3483 unde
566 3442 620 3483 non
635 3437 784 3499 sequuntur
803 3443 893 3484 rerum
915 3445 964 3485 na·

167 3521 240 3569 turas
254 3513 281 3568 iu
295 3515 432 3584 omnibus,
448 3515 496 3572 sed
511 3521 614 3573 naturae
626 3516 712 3588 tnagis
722 3533 802 3573 suum
812 3525 962 3588 sequuntur

167 3610 321 3659 auctorem.

205 3690 267 3743 161.
282 3687 361 3756 Quod
386 3688 509 3746 videlicet
535 3692 654 3761 apertius
682 3690 830 3764 intelliges,
849 3693 873 3748 si
897 3692 963 3749 dili-

169 3774 276 3846 gentius
286 3776 407 3832 volueris
421 3776 520 3831 intueri
535 3777 563 3832 in
578 3779 651 3834 omni
662 3780 789 3835 arborum
804 3796 920 3851 genere,
937 3782 964 3835 in

169 3870 230 3918 ortu
246 3861 349 3919 irnctus
362 3863 456 3921 dorem
471 3863 595 3922 decidere
622 3874 649 3921 et
670 3867 759 3937 perire
775 3885 783 3938 3
804 3867 830 3923 in
845 3867 964 3924 bomini—

169 3950 222 4005 bus
234 3967 289 4021 quo
299 3967 343 4016 rue
358 3960 385 4008 et
408 3952 464 4009 iere
479 3953 584 4008 cunctis
610 3953 792 4010 animantibus
808 3954 911 4012 innotus
926 3955 967 4011 io·

171 4037 270 4093 lionam
284 4040 378 4097 florem
401 4040 564 4114 virginitatis
578 4041 721 4097 abscindit.
736 4042 797 4098 Non
810 4042 849 4097 sie
863 4052 919 4099 erat
937 4043 965 4099 in

171 4128 307 4185 nativitate
322 4129 390 4187 Vitis
404 4136 514 4186 nostra.
531 4129 688 4186 Beatissimo
711 4131 783 4187 enim
796 4131 880 4187 blaten
896 4132 967 4188 iliius

1016 3342 1141 3397 lamenta.
1157 3339 1196 3395 Tu
1217 3337 1306 3393 iactus
1330 3351 1360 3391 es
1383 3351 1445 3405 spes
1459 3329 1684 3395 desiderantibus,
1718 3340 1817 3402 magna

1017 3429 1166 3490 consolatio
1177 3429 1204 3484 in
1214 3423 1364 3483 aeteruum?
1380 3443 1392 3474 s
1406 3423 1522 3495 (Erotes
1546 3419 1632 3491 disto.
1654 3417 1777 3486 Posciv.).
1793 3413 1817 3471 0

1019 3517 1197 3592 quamdulois
1219 3515 1324 3572 fructos
1347 3509 1542 3581 redemptionis
1565 3508 1617 3574 bis,
1634 3505 1682 3577 qui
1701 3505 1730 3559 in
1745 3509 1818 3559 mota

1020 3617 1047 3665 et
1066 3617 1119 3663 tam
1137 3620 1229 3662 amara
1252 3602 1380 3661 servituto
1403 3599 1509 3655 fuerant
1531 3593 1690 3653 constituti!
1715 3593 1764 3648 llic
1777 3598 1818 3647 est

1018 3697 1130 3762 tructus,
1151 3695 1185 3751 de
1198 3708 1252 3765 quo
1264 3707 1380 3763 sponsus
1390 3687 1510 3760 loquitur
1523 3685 1553 3741 in
1566 3683 1677 3740 Cantica
1691 3684 1814 3737 amoris:

1019 3772 1815 3852 Dixi,loceadomiapalmcm,etopprclrertdomsrootttt

1019 3875 1079 3946 ejas
1093 3871 1207 3944 (Contio
1221 3884 1270 3933 vu,
1286 3867 1325 3940 8).
1349 3866 1420 3937 Quid
1435 3871 1478 3920 est
1491 3866 1523 3918 ia
1538 3859 1690 3935 palmum?
1704 3860 1735 3914 lo
1756 3873 1817 3913 oro-

1018 3961 1163 4028 sanetus,
1184 3955 1263 4029 cujus
1282 3972 1333 4011 una
1352 3971 1414 4026 pars
1436 3953 1471 4008 ds
1498 3954 1595 4008 arbore
1607 3949 1704 4020 palme
1720 3946 1816 4003 dicitur

1019 4048 1088 4105 lacta
1103 4047 1197 4104 luisse.

1057 4138 1118 4193 163.
1145 4134 1184 4191 De
1199 4141 1316 4207 quatuor
1338 4129 1410 4188 enim
1424 4128 1571 4204 gerrcribos
1593 4127 1724 4182 arborum
1747 4121 1815 4180 iacta

170 4215 283 4274 fructum
293 4219 402 4291 quidem
414 4219 525 4292 protulit
534 4221 704 4278 benedictum
715 4237 768 4276 non
779 4221 878 4277 amisso
888 4222 968 4294 virgit
982 4172 1006 4255 n
1021 4225 1106 4282 inisse
1121 4223 1252 4280 retertur:
1268 4222 1303 4276 da
1317 4234 1455 4294 cypresso,
1472 4217 1505 4273 de
1519 4216 1610 4280 cedro,
1624 4215 1659 4270 de
1682 4212 1765 4277 etita,
1783 4210 1815 4264 de

170 4305 261 4363 nitatis
271 4306 347 4378 llore,
359 4309 414 4366 imo
422 4311 509 4386 magis
519 4325 569 4382 per
579 4320 687 4382 partum
699 4308 847 4365 mirabilem
857 4318 884 4365 et
894 4326 969 4366 mun·

170 4393 311 4452 dissimum
334 4407 377 4454 est
402 4398 546 4465 decorata,
567 4399 614 4456 ubi
639 4398 693 4465 lex,
714 4398 763 4456 ubi
777 4398 840 4469 jura
864 4409 969 4455 naturae

170 4483 294 4542 abscissa
306 4497 377 4546 sunt.
393 4489 454 4546 Non
473 4496 515 4545 est
533 4488 615 4562 igitur
633 4505 773 4561 magnum,
790 4489 812 4544 si
828 4489 889 4546 sine
904 4499 971 4545 tem·

171 4573 246 4643 poris
260 4576 398 4634 intervallo
426 4576 507 4635 llores
522 4577 590 4634 Vitis
617 4585 717 4654 nostrae
740 4594 794 4634 non
823 4587 969 4650 pereuntes

172 4664 277 4722 fructus
301 4667 495 4724 saluberrimus
523 4678 682 4725 consecutus
711 4678 762 4727 est.
778 4669 892 4725 Protulit
905 4685 968 4724 eum

172 4751 257 4808 Mater
285 4755 467 4823 pulcherrima
480 4758 546 4812 liora
566 4757 690 4828 virginali
705 4774 760 4813 non
771 4758 888 4829 perdito,
902 4773 967 4829 pro·

174 4841 233 4898 tulit
259 4854 286 4897 et
303 4842 363 4915 ipse
388 4844 494 4902 fructus
521 4845 715 4914 redemptionis
737 4854 836 4901 nastrae
852 4846 968 4902 floribus

173 4930 302 4988 virtutum
318 4948 370 4989 non
395 4932 627 4989 marcescentibus.
652 4934 709 4989 Neo
730 4942 819 4990 taurea
834 4943 907 4992 caret
921 4951 967 4989 ra-

174 5021 246 5079 tione
261 5020 399 5077 maturitas
420 5021 522 5078 tructus
537 5021 697 5078 accelerata.
717 5021 793 5078 Patet
806 5023 877 5090 enim
903 5022 968 5091 quia

174 5112 322 5168 secundum
337 5120 512 5184 augmentum
527 5119 554 5167 ει
567 5109 774 5166 diminutionem
788 5109 896 5178 caloris,
908 5125 967 5164 ma·

175 5200 270 5256 turitas
294 5200 396 5258 tructus
415 5203 453 5257 vel
471 5199 612 5268 accelerat,
640 5200 683 5255 vel
704 5200 802 5254 tardat.
819 5198 888 5255 Vide
902 5213 969 5272 ergo

177 5289 389 5359 magnitudinem
407 5290 515 5360 caloris,
539 5290 594 5345 imo
614 5288 726 5346 fervoris
748 5287 776 5343 in
791 5287 909 5363 patiente
923 5287 969 5358 pio

176 5376 252 5447 iesu,
267 5387 294 5434 ει
308 5394 360 5436 non
385 5380 524 5437 miraberis
548 5379 650 5436 tructus
679 5379 720 5436 sui
736 5378 969 5436 accelerationem.

178 5463 297 5529 ardebat
321 5468 568 5542 incomparabiliter
580 5467 730 5541 poariam
757 5467 930 5536 intrinsecus,
944 5473 972 5526 et

1023 4313 1128 4386 palmis.
1156 4313 1305 4385 cypressus
1327 4309 1355 4364 in
1382 4306 1527 4380 profundo,
1557 4301 1710 4362 oedros'in
1725 4301 1814 4368 longo,

1022 4403 1094 4461 oliva
1108 4403 1136 4458 in
1156 4401 1225 4469 alto,
1240 4398 1327 4471 palma
1350 4397 1377 4452 in
1394 4399 1457 4452 tato.
1474 4393 1551 4451 Unde
1564 4392 1628 4449 dicit
1648 4388 1813 4461 Apostolos:

1025 4495 1056 4551 Ut
1070 4491 1212 4564 possimos
1227 4484 1459 4562 comprehendere
1475 4500 1541 4541 cum
1555 4481 1684 4540 emelim
1697 4475 1814 4544 scaete,

1023 4563 1815 4654 quaesitlatitudodoapitado,sablimitasetprostrudom

1023 4670 1134 4743 (pres.
1155 4684 1195 4732 ιιι,
1216 4666 1271 4738 18).
1292 4662 1459 4720 Profundum
1474 4675 1538 4718 vero
1564 4661 1590 4715 ia
1605 4672 1685 4714 cruce
1706 4660 1814 4710 vocatur

1022 4758 1089 4814 illud
1105 4758 1219 4830 lignum,
1238 4753 1311 4826 qood
1332 4751 1446 4807 inirxum
1459 4757 1516 4807 erat
1531 4760 1626 4805 terrae:
1642 4745 1669 4800 in
1681 4757 1738 4815 qno
1756 4750 1813 4796 sta·

1023 4847 1069 4900 bat
1084 4844 1186 4916 lignum
1201 4848 1318 4897 erectum
1340 4848 1366 4894 et
1384 4839 1426 4895 cui
1442 4837 1551 4894 dorsum
1570 4831 1688 4892 crucifixi
1706 4826 1813 4887 Domini

1021 4931 1210 5006 applicandum
1225 4930 1324 4994 luerat,
1340 4928 1413 5001 quod
1434 4935 1476 4985 ast
1496 4924 1583 4981 crucis
1595 4920 1749 4996 longitudo.
1765 4918 1813 4973 Li·

1021 5036 1104 5089 gnum
1119 5034 1183 5075 vero
1198 5034 1232 5074 ex
1248 5027 1399 5074 transverso
1421 5016 1460 5070 ilii
1482 5013 1645 5086 appositum,
1660 5009 1705 5065 cui
1721 5021 1814 5063 manos

1022 5117 1099 5167 erant
1113 5108 1209 5176 sititae,
1230 5107 1341 5163 latitudo
1368 5104 1456 5162 crucis
1478 5103 1641 5160 nominatur.
1670 5097 1743 5155 illud
1764 5113 1813 5152 ao·

1022 5207 1087 5268 tem,
1103 5197 1211 5270 quoda
1237 5196 1322 5253 Pilato
1343 5195 1393 5251 luit
1410 5192 1573 5265 appositum,
1600 5191 1627 5243 in
1655 5202 1711 5261 quo
1725 5184 1817 5243 titulos

1023 5287 1195 5359 triumphalis
1208 5285 1258 5342 iuit
1272 5284 1398 5355 scriptus,
1421 5281 1536 5341 altitudo
1552 5286 1737 5349 nuncupatur.
1759 5275 1816 5330 lla·

1023 5379 1090 5435 bent
1103 5385 1193 5433 autem
1212 5376 1311 5432 borum
1329 5373 1466 5446 lignorum
1480 5370 1588 5443 singola
1602 5382 1668 5424 suas
1690 5364 1820 5440 mysticas

1023 5463 1242 5539 significationes
1259 5462 1411 5520 secuudum
1429 5467 1538 5518 naturas
1563 5472 1636 5514 suar.
1665 5454 1820 5530 cypressus
