3706 5962
106 152 183 228 titt

636 157 744 219 sartho
761 159 794 221 lli
815 157 988 223 cumiculi
1005 157 1036 216 Β.
1056 154 1187 217 uasto.

1627 240 1631 249 7
1676 167 1748 229 1122

101 296 184 354 quarn
198 279 261 337 rite
278 279 361 352 hujus
382 281 571 342 blandimentis
592 285 704 358 perirui,
721 294 749 342 et
769 286 820 342 soli
834 288 893 344 Deo
910 283 1066 381 pptatibns
1084 280 1196 337 obedire
1207 294 1261 338 non
1278 280 1398 350 timeant,
1415 282 1485 340 bora
1508 284 1603 343 mortis
1617 285 1747 364 instante,

100 369 329 440 vacarecupieus‚
354 373 447 430 relicta
470 373 550 431 domo
571 375 708 446 rebusque
732 375 824 446 patris,
840 376 891 432 de·
951 373 1014 429 dum
1038 381 1210 445 peccatorum
1230 385 1342 427 suorum
1367 381 1501 442 respectu,
1523 382 1550 430 et
1573 375 1747 448 sempiternas

100 467 202 513 sertum
218 458 304 530 petiit,
320 465 347 514 et
363 475 431 531 pane
445 461 629 519 admirabilem
650 464 817 533 poenitentiae
841 464 897 521 ior-

99 561 170 599 mam
183 545 302 616 posteris
327 550 492 619 sequendam
515 553 626 623 proprio
640 553 766 624 exemplo
782 552 896 625 reliquit.

98 633 162 689 llaeo
177 634 336 704 poenitentia
349 636 449 695 idcirco
462 639 579 712 gratuita
592 651 713 708 vocatur,
736 642 801 714 quia
815 642 897 716 gratis

98 721 237 788 suilertur,
253 722 308 777 imo
333 725 463 794 ollertur;
480 728 544 799 quia
558 730 722 800 poenitentia
737 731 828 802 regula
843 735 896 800 est,

98 810 190 880 utqui
214 810 307 866 illicita
330 814 401 869 nulia
422 816 566 885 commisit,
583 816 667 874 licitis
691 828 781 874 utatur
795 826 825 873 ιιι
843 818 897 875 sihi

98 898 240 968 placuerit.
268 899 452 971 Spontaneam
471 905 656 977 poenitentiam
672 907 709 964 illi
725 909 834 979 habent,
851 907 897 980 qui

97 998 159 1058 post
173 989 321 1044 commissa
333 1000 453 1062 peccata,
470 1002 532 1065 post
547 1003 697 1067 perpetrate
707 996 818 1068 flagitia,
834 1012 897 1054 curn

97 1073 190 1130 aSole
202 1073 315 1146 justitiae
339 1078 516 1149 illustrantur,
531 1084 588 1154 jans
604 1099 656 1140 non
677 1101 709 1140 en
723 1086 895 1153 necessitate,

96 1163 144 1219 sed
159 1178 192 1219 ex
205 1164 342 1222 voluntate
356 1184 404 1225 sua
415 1170 531 1229 Domino
543 1171 728 1231 confitentur:
748 1174 897 1233 voluntaria

95 1250 204 1307 solertia
227 1262 362 1322 caventes,
382 1265 478 1315 utnon
493 1269 588 1334 regnet
602 1272 745 1332 peccatum
759 1264 786 1319 in
801 1278 896 1323 eorum

96 1341 203 1397 mortali
223 1356 348 1416 corpore,
373 1349 422 1403 sed
444 1359 541 1421 regnet
561 1349 688 1418 justitia:
704 1359 730 1406 ιι
753 1352 797 1423 qui
819 1353 897 1424 priu⁸

96 1428 276 1487 exhibuerant
303 1449 351 1488 sua
379 1436 500 1492 membra
533 1438 636 1494 servire
663 1439 838 1497 immunditia
865 1448 892 1498 ot

95 1516 231 1589 iniquitati
246 1519 282 1574 ad
304 1519 484 1592 iniquitatem,
509 1540 581 1582 nune
592 1526 720 1583 exhibent
742 1543 774 1584 ea
789 1529 891 1587 servire

92 1604 205 1674 iustitiae
218 1607 246 1660 in
273 1608 528 1685 sanctificationem
551 1622 578 1671 et
591 1616 638 1686 qui
652 1615 699 1671 lilii
720 1619 806 1674 noctis
820 1627 896 1677 erant

94 1695 161 1749 dum
180 1711 263 1765 opera
277 1699 445 1756 tenebrarum
465 1704 646 1773 sectabantur,
662 1722 713 1776 per
730 1708 828 1780 dignos
843 1709 897 1764 iru-

94 1791 153 1839 ctus
168 1784 341 1854 poeuitentiae,
367 1788 414 1843 lilii
429 1788 505 1860 lucis,
516 1789 601 1848 768
618 1792 780 1854 efficiuntur.
797 1796 897 1855 Coacti-

95 1874 131 1927 tia
147 1874 309 1944 poenitentia
323 1884 364 1932 est
383 1878 545 1950 tepidorum,
566 1889 593 1938 et
607 1883 659 1938 mei
682 1884 810 1940 similium
826 1904 833 1942 :
849 1885 896 1956 quii

95 1962 171 2017 nullo
184 1961 247 2033 igne
261 1964 398 2020 charitatis
413 1967 531 2036 accensi,
558 1969 631 2025 nullo
655 1969 760 2028 leruoro
775 1973 896 2033 devotio·

94 2049 138 2104 nis
153 2049 272 2118 animati,
290 2051 415 2123 spiritum
438 2055 568 2112 libertatis
589 2060 708 2115 nondum
727 2075 895 2136 sequuntur;

95 2138 186 2195 sedin
201 2155 316 2211 corpore
340 2152 478 2200 consuetae
504 2145 736 2215 pusillanimitatis
758 2166 817 2206 sese
832 2169 896 2209 ver-

95 2237 198 2295 santes,
215 2229 312 2299 spiritu
328 2231 468 2288 seruitutis
487 2233 583 2290 iterum
603 2235 801 2309 deprimuntur,
816 2248 844 2296 et
862 2242 896 2298 ad

94 2315 257 2389 explendum
273 2319 440 2392 regularium
454 2322 684 2380 observantiarum
699 2326 819 2383 debitum
839 2345 895 2388 mo·

95 2407 161 2460 dum
178 2407 226 2461 vix
241 2407 415 2478 praelatorum
439 2412 582 2468 severitate
604 2414 813 2486 compelluntur.
830 2420 897 2476 Nul-

94 2494 200 2550 latenus
215 2502 305 2551 tamen
319 2497 354 2553 de
376 2498 473 2556 talibus
502 2502 697 2573 desperandum
721 2512 781 2576 ιιι;
796 2509 894 2579 quiesi

94 2591 251 2655 susceptum
277 2587 361 2642 semel
385 2587 540 2646 christianae
563 2592 700 2649 servitutis
723 2594 819 2666 jugum
844 2613 896 2668 pa-

950 459 1062 518 ultionis
1075 467 1149 515 metu
1164 457 1311 515 introrsum
1326 460 1535 531 concutiuntur;
1562 479 1624 536 quae
1645 463 1747 535 injuste

951 549 1141 623 acquisierant,
1158 557 1185 604 et
1204 547 1296 604 illicite
1312 549 1500 621 possederant,
1517 567 1567 622 pro
1587 552 1673 610 salute
1686 554 1747 610 ani-

951 656 1056 695 marum
1078 653 1187 695 suarum
1201 639 1296 710 egenis
1309 645 1335 693 et
1354 638 1519 711 pauperibus
1532 640 1645 714 Deoque
1660 641 1747 700 lamu-

951 729 1068 785 lantihus
1096 736 1218 800 erogant.
1253 727 1423 783 Credendum
1448 732 1491 785 est
1514 729 1605 802 itaque
1628 745 1676 788 eos
1699 731 1747 804 qui

951 816 1084 888 ejusmodi
1108 825 1180 885 sunt,
1206 824 1308 873 sanctae
1336 816 1465 874 Ecclesia
1491 817 1640 891 suffragiis,
1668 827 1747 894 atque

952 908 1030 963 etiam
1046 905 1165 962 fidelium
1180 904 1320 962 beneficiis
1334 905 1448 963 multum
1460 905 1560 978 jurari,
1578 907 1643 965 dum
1659 909 1748 966 abeis

951 995 1085 1067 recipiunt
1106 1010 1186 1065 opern
1204 993 1417 1067 intercessionis,
1431 1011 1502 1070 quos
1526 995 1673 1053 secundum
1692 999 1747 1055 Do·

950 1084 1016 1139 mini
1031 1090 1198 1154 preceptum
1213 1082 1265 1138 sibi
1289 1082 1408 1140 lecerunt
1421 1085 1524 1139 amicos
1538 1085 1572 1139 de
1591 1101 1747 1142 mammona

951 1172 1107 1246 iniquitatis,
1124 1179 1153 1228 ut
1167 1171 1201 1226 ab
1216 1170 1256 1228 eis
1270 1171 1423 1241 reciperent
1447 1178 1557 1239 aeterna,
1574 1172 1673 1243 quibus
1687 1174 1746 1228 lar-

951 1259 1000 1333 giti
1019 1265 1082 1316 sunt
1092 1259 1259 1330 ternporalia.
1275 1258 1391 1315 laterior
1406 1267 1484 1330 porta
1497 1259 1596 1316 dicitur
1611 1259 1667 1316 oris
1681 1275 1746 1320 con·

951 1349 1054 1406 lessio:
1079 1349 1144 1422 quia
1166 1346 1219 1404 hoc
1241 1348 1322 1403 habet
1345 1346 1414 1403 lides
1446 1347 1578 1406 catholiea
1603 1358 1629 1404 et
1658 1348 1748 1422 pietas

949 1437 1104 1506 christiana,
1119 1436 1249 1510 quoniam
1264 1443 1437 1507 peccatorum
1453 1436 1581 1508 quisque,
1601 1436 1748 1509 quamlibet

948 1526 1113 1595 immundus,
1126 1524 1318 1599 quamlibetsit
1332 1524 1492 1594 sceleratus,
1508 1524 1532 1580 si
1546 1525 1663 1581 instante
1675 1542 1746 1581 mor-

950 1616 985 1671 tis
1008 1615 1129 1687 periculo
1153 1631 1201 1687 per
1229 1629 1320 1670 varam
1350 1612 1546 1670 confessionem
1574 1612 1745 1683 emundatur,

950 1721 1043 1776 poenas
1070 1702 1164 1760 aeterni
1187 1701 1303 1758 incendii
1326 1702 1483 1758 nuliatenus
1513 1708 1554 1758 est
1577 1700 1745 1772 intraturus;

949 1793 1014 1864 quia
1042 1791 1065 1847 si
1093 1790 1184 1848 omnia
1209 1790 1237 1844 in
1261 1788 1433 1845 confessione
1460 1791 1595 1862 lavantur,
1624 1787 1747 1861 proiecto

949 1881 1140 1938 confitentesa
1159 1892 1245 1951 regno
1259 1877 1453 1934 misericordia
1472 1893 1527 1933 non
1554 1878 1744 1935 excluduntur.

949 1971 1021 2027 Dicit
1034 1968 1105 2027 enim
1116 1967 1267 2040 propheta:
1283 1967 1423 2025 Delictum
1432 1983 1527 2024 meum
1540 1967 1686 2040 cognitum
1694 1967 1748 2023 tihi

949 2059 1231 2131 [eohetihjostitiam
1241 2074 1334 2114 meam
1345 2072 1402 2113 non
1412 2054 1643 2114 abscondidiai:
1656 2056 1747 2127 Conti-

951 2147 1185 2220 tebcrssodoersum
1195 2160 1241 2202 me
1250 2144 1428 2216 injustitiam
1437 2161 1530 2202 mecm
1542 2144 1705 2213 deminuet
1714 2148 1747 2202 ta

951 2237 1089 2295 remisisti
1103 2236 1282 2308 impiet-olem
1295 2234 1408 2307 peccati
1423 2233 1481 2290 moi
1498 2234 1583 2301 (Psol.
1600 2247 1680 2301 xxxi,
1706 2233 1746 2304 b).

951 2325 1086 2383 Posterior
1103 2322 1295 2378 misericordia
1314 2330 1395 2393 porta
1418 2328 1530 2378 vocatur
1544 2321 1669 2378 contritio
1683 2335 1745 2378 cor-

951 2415 1008 2485 dis3
1025 2413 1167 2486 quiscum
1182 2416 1306 2481 respectu
1325 2423 1438 2466 summae
1453 2407 1606 2464 clementiae
1621 2423 1670 2463 cor
1681 2423 1746 2479 pee-

948 2502 1048 2560 catoris
1071 2498 1276 2572 compungitur,
1300 2496 1386 2553 oculis
1409 2495 1509 2552 divinae
1537 2496 1645 2565 pietatis
1671 2495 1748 2568 quasi

950 2590 1113 2648 sacrificium
1126 2587 1308 2659 vespertinum
1323 2583 1446 2641 oliertur.
1467 2584 1515 2639 llle
1530 2599 1651 2657 quoque,
1667 2587 1747 2657 cujus

94 2671 172 2729 tienti
193 2676 393 2746 perseverantia
416 2675 513 2748 lerant,
528 2679 557 2735 in
572 2681 703 2752 patientia
725 2699 773 2739 sua
796 2686 892 2757 possi·
912 2693 934 2772 c
951 2690 1046 2738 natura
1057 2677 1152 2752 pietas,
1168 2677 1245 2746 cujus
1260 2691 1329 2748 opus
1342 2673 1527 2731 misericordia
1539 2680 1588 2740 est,
1602 2674 1699 2731 multos
1712 2673 1746 2732 de

93 2761 188 2819 dentes
200 2765 303 2820 animas
317 2781 392 2836 suas,
408 2766 435 2822 in
449 2769 587 2827 coelestem
609 2770 757 2828 Jerusalem
772 2790 821 2844 por
836 2791 896 2846 por·

96 2857 149 2904 tam
165 2855 330 2924 paenitentiae
343 2855 453 2914 intrant.
927 2929 930 2935 ,

130 2943 157 2997 6.
174 2942 318 3015 Sequitur:
331 2948 365 3001 Et
374 2946 408 3003 ol
422 2946 552 3022 aquilone
559 2951 652 3022 portoe
665 2954 732 3008 tres.
744 2950 895 3024 Aquilona·

94 3029 132 3084 ris
147 3030 235 3104 plaga,
260 3048 310 3104 per
328 3051 409 3106 quarn
438 3038 595 3111 designatur
624 3038 822 3111 misericordia,
839 3049 896 3099 tres

95 3127 187 3189 portas
200 3119 282 3174 hahet
298 3139 305 3176 :
320 3139 434 3192 quarum
450 3142 503 3180 una
517 3137 568 3193 est,
585 3128 712 3196 exterior,
728 3130 812 3185 altera
825 3131 894 3188 iute-

95 3208 161 3274 rior,
179 3207 256 3262 tertia
277 3210 422 3279 posterior,
439 3212 533 3281 idest,
550 3214 656 3271 ultima.
672 3217 794 3274 [laterior
810 3229 851 3274 est
866 3220 894 3275 in

96 3302 328 3368 eleemosynarum
357 3297 569 3358 distributione:
599 3305 663 3374 quia
685 3305 780 3360 mundi
812 3306 895 3374 liuius

94 3391 228 3442 amatores
241 3385 376 3442 Christum
404 3387 533 3460 duntaxat
552 3388 578 3442 in
592 3388 765 3447 fundamento
789 3391 893 3448 haben·

96 3478 146 3544 tes,
162 3474 284 3545 quamuis
305 3489 397 3529 rerum
412 3476 601 3547 temporalium
625 3478 708 3532 lucris
723 3486 781 3534 toto
795 3480 893 3535 mentis

96 3561 233 3618 desiderio
246 3562 402 3634 inserviant,
422 3574 449 3620 et
462 3581 512 3636 per
536 3567 626 3621 omnia
640 3566 729 3622 carnis
743 3582 801 3622 suae
816 3568 892 3625 volu-

950 2770 1048 2826 tatibus
1067 2768 1169 2824 salvare
1179 2764 1307 2822 creditur.
1323 2760 1387 2818 llaec
1401 2772 1479 2833 porta
1494 2759 1595 2817 idcirco
1612 2761 1747 2832 posterior

952 2858 1116 2930 appellatur,
1138 2854 1200 2928 quia
1224 2861 1286 2926 post
1299 2867 1395 2908 omnes
1409 2850 1477 2906 alias
1496 2865 1654 2908 succurrere
1678 2864 1746 2921 pro·

950 2949 1040 3003 batur.
1061 2946 1130 3002 Nam
1150 2944 1172 2999 si
1187 2941 1293 3016 largitio
1310 2941 1528 3012 elemosynarum
1551 2954 1606 2994 non
1622 2937 1702 3007 adsit,
1718 2944 1747 2994 et

950 3035 1006 3093 oris
1020 3034 1154 3092 confessio
1168 3032 1256 3097 desit;
1272 3032 1345 3085 Deus
1361 3037 1449 3084 tamen
1465 3029 1512 3100 qui
1527 3027 1745 3084 absconditorum

948 3135 989 3182 est
1004 3124 1138 3197 cognitor,
1156 3137 1204 3178 cor
1217 3119 1363 3176 contritum
1378 3124 1404 3173 et
1419 3116 1586 3172 humiliatum
1604 3131 1659 3172 non
1671 3131 1746 3189 sper·

948 3214 997 3280 nit,
1013 3214 1062 3267 sed
1077 3211 1188 3282 spiritus
1203 3206 1334 3263 humiliati
1355 3204 1518 3261 sacrificium
1533 3205 1696 3276 quandoque
1715 3202 1747 3259 li·

948 3303 1016 3357 bons
1029 3298 1150 3370 suscipit,
1172 3297 1247 3365 juxta
1267 3292 1340 3365 quod
1363 3293 1448 3348 sancti
1474 3291 1590 3361 Spiritus
1613 3307 1746 3365 organum

948 3389 1004 3444 ait:
1020 3389 1051 3443 ln
1065 3399 1225 3458 quacunque
1240 3383 1308 3439 hora
1325 3378 1490 3451 ingemuerit
1504 3386 1639 3450 peccator,
1655 3379 1746 3436 salvus

947 3477 998 3534 erit
1026 3473 1128 3535 Erech.
1146 3470 1240 3542 xviri).

96 3657 1734 3688 --------.-..................----—-——--·--—-

328 3842 511 3936 SERMO
545 3844 601 3936 ΙΝ
634 3844 913 3939 CANTICUM

946 3847 997 3933 B.
1036 3835 1282 3932 VIRGlNlS
1306 3833 1515 3926 MthAE·

806 4037 1042 4055 ῳ

102 4185 184 4244 164
204 4188 282 4242 Hunc
296 4201 453 4243 ammonem
472 4189 600 4246 llorstius
622 4192 733 4263 accepit
752 4207 790 4248 ee
810 4192 903 4250 codice
920 4187 1118 4315 manuscripto
1131 4180 1296 4240 monosterii
1310 4179 1503 4236 Horti—Maria
1526 4176 1751 4234 ordinisciatcr·

135 4259 248 4323 elensis,

137 4331 251 4389 tametsi

137 4625 162 4678 ι.
180 4620 339 4695 lluphificot
353 4615 453 4672 animo
470 4629 534 4671 meo
556 4613 718 4671 Dominum.
742 4612 937 4721 Magnificatn

266 4257 319 4383 poi
330 4255 508 4341 bernardum
527 4264 673 4318 auctorem
688 4264 837 4344 opprimit,
852 4266 886 4347 ut
904 4267 933 4318 et
951 4264 1048 4322 noster
1085 4252 1301 4321 crumelum,
1322 4267 1358 4308 02
1372 4264 1425 4321 4¹⁴0
1437 4249 1534 4322 imm
1547 4246 1749 4306 ‘mmmm

289 4328 406 4386 erhardi
420 4345 522 4388 cenom
537 4331 614 4388 houd
628 4346 744 4389 omnmo
763 4339 932 4405 assequatur.

953 4609 1115 4683 magnificat
1134 4606 1233 4666 animo
1243 4621 1307 4663 aueo
1321 4602 1484 4660 Dominum.
1495 4598 1650 4673 magnificat
1661 4597 1750 4659 omnis

100 4728 176 4778 voce,
193 4708 346 4784 magnificat
361 4721 454 4777 opere,
470 4703 625 4776 magnificat
640 4701 751 4761 ellectu.
768 4701 897 4774 lilagnifi-
953 4709 1075 4758 creatura
1089 4696 1247 4766 Dominum,
1263 4694 1309 4750 sed
1323 4690 1439 4761 amplius
1454 4707 1536 4761 super
1549 4706 1658 4747 omnem
1672 4705 1748 4747 crea-

100 4810 143 4859 cat
156 4799 303 4866 laudando,
320 4794 446 4859 amando,
461 4793 645 4864 predicando.
661 4792 824 4865 hlagnihcat,
840 4794 914 4847 lau-¹

100 4889 191 4959 dandi,
220 4885 329 4943 amandi
354 4893 381 4941 et
407 4878 595 4955 magnificandi
622 4881 737 4938 lormam
766 4880 846 4938 simul
870 4886 898 4937 et

58 5009 66 5016 -
100 4979 238 5036 materiam
252 4975 352 5033 dando.
366 4972 529 5045 llopnifioot
544 4974 641 5030 ocimo
653 4974 897 5033 menachicam.-

100 5068 161 5140 quia
180 5066 352 5140 magnifices
376 5061 519 5135 magnifico
539 5063 655 5119 Domino
682 5061 828 5136 magnilica
844 5064 895 5116 est.

98 5159 128 5213 ln
147 5159 246 5230 primis
259 5159 292 5211 ad
308 5154 454 5227 imaginem
472 5162 499 5210 et
512 5152 715 5209 similitudinem
744 5153 790 5209 Dei
806 5151 896 5208 anima

99 5262 158 5301 moa
173 5244 331 5301 mirabiliter
346 5260 361 5298 a
380 5243 496 5299 Domino
518 5250 606 5299 creata
622 5251 663 5298 est
676 5259 684 5308 ;
700 5242 746 5297 sed
761 5249 855 5312 postea
868 5238 896 5295 in

100 5336 185 5390 Adam
214 5333 402 5390 miserabiliter
431 5332 597 5402 deformata,
625 5346 698 5388 nuno
726 5328 894 5395 mirabilius,

99 5424 244 5499 gloriosius
258 5433 284 5481 et
307 5421 524 5497 magnificentius
539 5438 554 5478 a
568 5421 683 5480 Domino
697 5428 826 5481 renovata
845 5426 895 5475 est.

952 4798 1039 4845 turam
1063 4790 1152 4842 anima
1175 4800 1237 4839 mea
1260 4783 1408 4838 Dominum
1433 4778 1596 4850 magnificet.
1621 4778 1750 4835 inomni

952 4877 1025 4934 enim
1047 4884 1169 4933 creatura
1189 4873 1256 4928 nihil
1282 4882 1336 4929 tam
1361 4869 1502 4944 magnilica
1526 4867 1590 4925 lecit
1603 4865 1747 4936 Dominus,

952 4968 1021 5024 sicut
1035 4966 1153 5023 animam
1166 4980 1264 5020 meam.
1281 4962 1334 5018 Sed
1349 4960 1481 5017 Dominus
1495 4964 1554 5015 est:
1570 4957 1638 5011 ιιιιιι
1652 4955 1748 5026 voluit,

953 5057 993 5112 sic
1007 5055 1106 5112 iactum
1120 5062 1170 5110 est.
1196 5052 1358 5125 Magnificct
1381 5051 1480 5105 animo
1496 5063 1560 5104 meo
1584 5045 1746 5100 liminum.

951 5145 1096 5201 Dominam
1120 5140 1273 5215 magnilica,
1300 5154 1354 5196 non
1374 5136 1555 5207 temetipsum.
1580 5131 1633 5202 Qui
1647 5142 1746 5187 semot-

952 5235 1042 5308 ipsum
1055 5211 1243 5307 magnificavit,
1252 5234 1382 5300 quantum
1392 5225 1418 5280 in
1435 5220 1651 5295 ipsoluit,Deum
1661 5220 1747 5276 caho-

952 5322 1076 5381 noravit:
1098 5328 1124 5376 et
1139 5320 1200 5375 ideo
1214 5332 1268 5373 non
1292 5331 1320 5372 se
1334 5310 1469 5380 exaltarit,
1491 5309 1540 5366 sed
1554 5307 1743 5380 praecipitarit.

950 5415 1037 5470 Tuum
1053 5418 1094 5468 est
1108 5418 1134 5466 te
1148 5407 1237 5482 ipsum
1253 5402 1408 5467 humidare,
1423 5398 1530 5455 Domini
1545 5394 1672 5453 exaltare.
