3706 5962
153 226 215 289 85tp
769 216 913 291 ARLRSDI
932 216 1217 280 attumulatus.
1280 254 1283 259 ·
1751 224 1808 286 aeb

155 347 952 424 indiqncscosjttdicetisoeteruoeuitoe,ecccccnuertimur
966 360 990 440 Α
1004 361 1081 401 suam
1096 360 1159 403 enm
1173 346 1431 419 meretricibus,qui
1451 345 1601 403 fornicatus
1623 344 1652 402 in
1673 346 1753 420 liquo
1778 356 1806 406 et

158 441 194 511 qd
211 439 308 496 centn
325 438 398 510 (Act.
424 451 486 500 rut,
513 436 569 507 bb).
592 435 668 493 Tunc
685 436 785 509 quippe
803 436 953 494 tenebrosis
1005 433 1095 506 lapide
1110 436 1224 504 (berem.
1240 436 1327 507 tud).
1348 434 1581 509 mutavitqlorism
1609 433 1807 507 incorruptibi-

157 528 308 588 Gentilium
322 525 452 584 cordibus
469 523 515 580 lux
529 524 648 581 coelestis
665 524 768 582 infulsit
787 526 954 597 decussaque
1006 521 1040 578 lis
1054 523 1103 580 Dei
1118 525 1145 580 iu
1161 524 1305 599 imaginem
1332 524 1514 596 corruptibilis
1537 523 1666 589 hominia,
1681 534 1711 583 et
1723 526 1806 584 voln-

159 616 283 691 pristinae
297 613 463 673 infidelitatis
488 622 562 669 terra
584 612 710 686 caligine,
737 613 868 684 splendor
891 613 953 671 fidei
1007 626 1085 667 crum
1099 619 1126 668 et
1144 612 1359 685 quadrupedum,
1385 622 1466 685 atque
1481 612 1649 684 serpentium
1672 613 1770 685 (Rom.
1785 629 1806 683 t,

159 704 295 760 arentibus
308 701 475 774 perditorum
500 701 591 758 radios
605 717 662 758 suae
682 701 811 757 claritatis
840 701 952 759 invexit.
1007 700 1073 771 t3);
1089 700 1255 758 introductus
1269 701 1507 768 indomumtuam,
1524 716 1588 757 ecce
1606 702 1663 771 jam
1679 702 1808 758 totannis

158 791 211 849 Sed
227 792 310 863 hujus
323 790 377 847 diei
387 788 620 861 jucundissimum
632 789 724 846 lumen
739 805 792 845 nox
808 789 873 845 dirae
889 805 954 860 per·
1007 788 1085 843 vituli
1106 789 1220 863 saginati
1234 791 1360 846 carnibus
1375 797 1478 860 pastus,
1493 799 1520 845 et
1533 789 1664 860 sauguine
1678 806 1809 848 uvaems·

158 879 305 937 secutiouis
327 879 482 950 interpolat,
505 878 615 951 quando
637 878 812 937 sevientibus
825 879 853 932 iu
875 878 955 933 cbri-
1008 877 1148 934 recissimo
1167 878 1313 946 debriatus,
1342 880 1370 934 iu
1395 878 1482 935 uestri
1495 877 1581 936 David
1602 877 1714 936 deliciis
1733 896 1810 952 sym·

159 967 262 1025 suanos
276 966 368 1022 mundi
391 965 577 1039 principibus,
596 981 701 1034 cruces,
721 965 822 1034 bestie,
838 965 955 1038 equulei,
1008 967 1108 1038 pbonia
1121 967 1194 1033 lusit,
1218 976 1246 1024 et
1261 968 1365 1036 choro;
1389 976 1418 1024 et
1432 982 1483 1024 nos
1507 983 1625 1038 quorum
1638 976 1698 1024 erat
1722 976 1808 1025 tosta·

157 1055 291 1128 ferreque
311 1071 416 1126 manus,
437 1055 529 1127 ignitae
552 1054 710 1126 sartagines,
726 1062 753 1111 et
771 1056 894 1111 ardentes
916 1055 957 1111 la·
1010 1060 1140 1121 mentum,
1169 1062 1196 1110 et
1223 1053 1367 1127 legislatio,
1382 1062 1410 1111 et
1423 1053 1596 1126 obsequium,
1617 1061 1648 1110 et
1663 1057 1807 1127 promissa,

134 1165 136 1168 ⁴
162 1147 254 1213 minae,
268 1155 295 1202 et
318 1145 390 1202 mille
412 1152 604 1203 tormentorum
620 1160 723 1217 genera
737 1144 765 1199 in
778 1160 872 1202 eorum
893 1145 956 1202 exi·
1009 1149 1162 1215 etquorum
1185 1151 1275 1216 patres
1289 1160 1322 1200 ex
1345 1144 1443 1214 quibus
1466 1151 1495 1199 tu
1519 1143 1669 1199 secundum
1684 1158 1805 1212 carnem

161 1235 229 1290 dum
248 1243 436 1306 praeparantur
451 1252 459 1291 ε
473 1250 535 1307 quae
549 1234 640 1290 omniu
661 1233 724 1290 licet
745 1233 956 1291 Christianorum
1009 1230 1087 1305 quasi
1100 1231 1181 1287 alieni
1208 1233 1281 1288 iuras
1298 1232 1421 1288 stetimus
1435 1233 1513 1304 (Luc.
1537 1246 1587 1297 xv,
1604 1234 1710 1303 ll-bilz
1740 1233 1806 1298 dili,

161 1338 225 1394 pars
247 1323 366 1380 maxima
378 1321 440 1379 fidei
459 1324 559 1378 virtute
578 1322 699 1392 vicisset,
719 1337 773 1378 nou
791 1322 900 1378 modica
914 1329 957 1378 ta·
1011 1320 1080 1393 quid
1089 1320 1184 1391 sensti
1195 1320 1502 1392 uobiaricteccepnter
1516 1319 1808 1393 bucseieqodolesttes

159 1426 220 1467 men
233 1410 376 1468 multitudo
389 1410 536 1467 tortoribus
557 1409 666 1477 cedens,
690 1410 794 1467 luctum
814 1410 958 1467 miserabl·
1011 1409 1204 1481 querebamus
1219 1414 1255 1467 ιι.
1279 1409 1406 1466 Putamus
1429 1422 1500 1466 novo
1521 1406 1654 1465 miraculo
1676 1407 1808 1476 templum

159 1499 214 1568 lem
227 1498 327 1556 sancus
348 1499 455 1556 indixit.
480 1498 596 1555 Secutus
619 1505 660 1555 est
673 1501 743 1558 banc
765 1507 875 1558 noctem
887 1500 955 1572 dies,
1012 1497 1241 1563 reedificandum,
1261 1497 1465 1554 restaurandum
1486 1496 1682 1563 sacerdotium,
1707 1496 1811 1567 disper·

160 1589 260 1646 ditium
273 1587 457 1645 miserationis
471 1588 532 1644 luce
552 1588 733 1658 clarissimus,
758 1589 866 1661 qnando
880 1589 957 1662 regi·
1011 1585 1116 1642 sionem
1132 1587 1214 1641 lsrael
1238 1585 1267 1641 in
1289 1586 1421 1642 delectam
1438 1585 1490 1641 sibi
1513 1584 1712 1656 lerosolymam
1738 1600 1810 1642 revo-

162 1678 214 1733 bus
236 1676 330 1733 mnudi
355 1677 389 1732 nd
416 1676 554 1732 Christum
583 1677 739 1742 conversis,
768 1677 959 1734 subvertuntur
974 1638 997 1717 Β
1015 1674 1139 1739 caudam,
1171 1683 1199 1729 et
1230 1675 1270 1731 sic
1298 1673 1438 1730 Christum
1465 1673 1670 1740 ⁴inveniendum
1691 1671 1723 1727 iu
1750 1670 1810 1727 lini·

162 1764 265 1837 templa
278 1764 435 1829 Gentilium,
450 1772 477 1820 et
490 1764 602 1821 delubra
615 1765 803 1821 daemouumin
814 1773 961 1836 martyrum
1014 1763 1066 1819 bus
1079 1763 1189 1828 ludaeae,
1204 1779 1284 1834 quem
1297 1778 1370 1819 nuuc
1384 1761 1535 1818 invenimus
1547 1761 1576 1816 iu
1592 1760 1699 1832 campis
1722 1759 1808 1817 silve.

164 1852 313 1909 memorias
338 1859 543 1917 consecrantur,
567 1853 696 1921 paulatim
720 1849 833 1911 veriatis
855 1861 960 1910 morta-
1051 1851 1094 1909 ts.
1109 1853 1240 1910 linientes
1263 1850 1459 1925 quaerebamus
1484 1856 1521 1910 te.
1537 1849 1684 1907 Doluimus
1698 1850 1810 1923 antiqua

162 1939 231 1996 lium
247 1940 402 2012 pectoribus
415 1940 551 2006 illabente,
576 1956 630 1996 uox
647 1941 768 2012 perfidiae
780 1941 894 2000 contusa
914 1959 958 1998 re·
1013 1940 1120 1996 sublata
1133 1939 1220 1997 584
1230 1940 1370 2006 miracula,
1386 1938 1495 1998 oracula
1508 1937 1617 1996 siluisse
1636 1938 1808 2010 pmpuetiea,

161 2027 283 2099 pellitur.
297 2028 351 2085 Sed
367 2029 440 2084 bunc
454 2029 553 2085 iterum
563 2028 813 2102 splendidissimum
827 2030 898 2086 diem
913 2046 960 2087 ne·
1012 2027 1109 2085 ducem
1121 2029 1158 2085 de
1171 2029 1275 2085 temore
1297 2028 1379 2086 Jacob
1395 2028 1510 2094 nullum,
1533 2026 1689 2084 unctionem
1714 2042 1810 2099 repam

161 2116 391 2174 bulabeeresiacae
405 2116 549 2190 pravitatis
562 2118 783 2176 obtexitzdonec
798 2120 890 2177 labore
908 2122 958 2178 do·
1010 2123 1038 2171 et
1053 2115 1208 2186 ponbficum
1237 2116 1336 2172 nullam
1368 2130 1375 2170 τ
1399 2128 1499 2174 etcum
1527 2115 1587 2173 baec
1614 2115 1707 2172 omnis
1730 2123 1811 2171 tuum

161 2215 267 2262 storum
285 2219 362 2262 error
384 2206 533 2278 productus
560 2206 589 2261 iu
613 2206 714 2274 lucem,
742 2207 956 2265 Christianorum
1011 2213 1173 2263 testarentur
1195 2206 1349 2273 adventurn,
1380 2222 1435 2262 uon
1466 2204 1635 2262 credidimus
1660 2210 1753 2260 brnen
1773 2209 1809 2274 tc,

163 2296 249 2351 corda
262 2294 398 2366 deteruit3
415 2307 442 2352 et
459 2296 487 2352 in
501 2311 533 2350 ea
542 2296 599 2366 jam
613 2296 680 2352 tides
697 2296 917 2369 diueraminata,
933 2306 961 2355 et
1012 2294 1093 2351 nobis
1114 2294 1224 2359 relictis,
1251 2294 1368 2351 alienum
1396 2294 1528 2368 dignasse
1550 2292 1721 2364 hospitium
1748 2291 1811 2348 ides

167 2383 261 2450 multis
284 2384 398 2455 probata
418 2384 578 2449 rationibus,
601 2383 691 2442 solem
708 2386 819 2455 justitiae
842 2387 959 2458 pericli·
1013 2385 1136 2441 delentes
1146 2384 1338 2457 querebamus
1354 2389 1392 2441 tc.
1408 2385 1469 2440 Non
1489 2382 1647 2454 putabamus
1661 2380 1812 2452 nobispro·

168 2471 234 2530 tanti
249 2472 349 2529 mundo
359 2475 474 2530 reverit.
491 2473 527 2528 Et
542 2489 691 2531 accentum
703 2475 917 2548 advesperascit,
932 2484 960 2532 et
1013 2474 1136 2538 missum,
1156 2472 1236 2529 nohis
1256 2473 1400 2538 redditum,
1416 2472 1452 2528 ob
1467 2471 1574 2527 aemule
1588 2469 1681 2543 gentis
1696 2471 1810 2527 ιιιιιιειιι

167 2562 293 2619 inclinata
308 2571 349 2618 est
361 2562 418 2632 jnm
433 2561 501 2618 dies.
522 2561 545 2619 0
568 2570 692 2635 tempora
715 2563 865 2633 periculosa
878 2565 885 2620 l
900 2565 959 2621 lam
1013 2561 1153 2632 reliquisse
1171 2577 1239 2632 quos
1253 2561 1360 2635 genuit,
1381 2560 1516 2633 sprevisse
1530 2575 1599 2633 quos
1613 2558 1700 2626 fevit3
1715 2565 1745 2615 st
1758 2558 1809 2626 bis,

167 2651 241 2708 tertii
255 2650 307 2711 diei
320 2650 544 2709 lucemialaorum
560 2651 771 2711 Christianorum
787 2654 892 2724 perdita
905 2657 960 2711 vita
1012 2651 1198 2722 quibusmare
1210 2651 1302 2717 cessit,
1319 2665 1389 2723 quos
1402 2649 1503 2706 coelum
1523 2649 1604 2719 pavit,
1620 2662 1692 2720 quos
1710 2645 1811 2716 potant

167 2739 298 2809 recondit,
314 2748 342 2796 et
363 2749 469 2797 uocum
493 2741 726 2813 superabundanti
749 2742 889 2815 iniquitate
908 2758 960 2800 ca·
1014 2755 1118 2809 saxum,
1137 2739 1237 2812 quibus
1257 2754 1329 2812 aqua
1347 2755 1440 2796 murus
1460 2738 1570 2803 exstitit,
1594 2737 1696 2810 quibus
1719 2751 1811 2792 murus

167 2828 308 2903 ligantem,
323 2831 473 2886 senescenti
484 2830 543 2900 jam
567 2831 667 2886 mundo
690 2830 818 2890 refundit.
842 2833 962 2906 Supera-
977 2807 999 2887 c
1014 2828 1122 2898 pervius
1136 2827 1193 2894 luit,
1210 2827 1307 2898 quibus
1329 2829 1420 2897 paruit
1438 2827 1490 2892 sol,
1508 2826 1608 2899 quibus
1626 2825 1696 2882 luna
1708 2824 1810 2882 subati-

168 2917 272 2973 buudat
291 2918 364 2974 enlm
387 2918 527 2992 iniquitas,
543 2927 570 2975 et
584 2919 740 2995 refrigescit
758 2913 885 2978 charites.
905 2923 962 2978 llx-
1014 2918 1056 2987 tit,
1071 2917 1224 2991 immundas
1250 2916 1402 2973 idololatria
1423 2915 1527 2972 Gentes
1553 2914 1720 2986 pretulisse.
1749 2912 1810 2969 ideo

168 3013 322 3077 spectamm
331 3006 415 3076 diem,
431 3022 485 3079 que
495 3006 773 3078 predicanteilenncb
785 3022 813 3066 et
828 3010 895 3077 Elia,
910 3012 959 3069 Je-
1015 3008 1382 3079 dolentesquoerebamuste.
1399 3005 1435 3060 Et
1448 3004 1590 3076 aliquando
1600 3002 1713 3074 quidem
1721 3000 1814 3059 ιιιιιιιι

168 3107 230 3150 sum
244 3093 360 3151 inveniat
373 3105 459 3153 mater
477 3094 539 3166 cius
560 3097 723 3170 Svnagoqa,
738 3097 861 3170 ingressa
882 3099 962 3155 nimi·
1015 3095 1279 3153 indiciistuuanobis
1294 3094 1460 3168 probabatur
1473 3093 1616 3160 adventus,
1627 3091 1677 3149 sed
1691 3092 1729 3148 ob
1741 3089 1811 3146 Gen·

169 3181 386 3256 comtemptum,
413 3183 441 3239 id
459 3191 502 3240 est
513 3185 661 3242 Ecclesiam
676 3199 684 3240 ε
701 3185 728 3241 in
746 3202 801 3258 qua
822 3186 893 3245 inter
915 3205 962 3245 se-
1016 3184 1081 3240 tium
1096 3184 1275 3251 vocationem,
1291 3185 1450 3241 etnostram
1463 3180 1647 3252 repulsionem
1661 3178 1811 3236 samsado-

168 3271 260 3327 niores
273 3281 301 3328 et
314 3271 438 3330 domoras
460 3274 566 3330 medius
589 3273 686 3330 residet
711 3275 844 3331 mediator
865 3277 916 3333 llei
936 3289 964 3335 et
1017 3274 1186 3347 sperabatur.
1202 3273 1266 3331 ldeo
1289 3273 1416 3330 dolentes
1429 3273 1622 3346 querebamus
1636 3274 1677 3327 te.
1692 3267 1808 3327 mitta:

167 3357 318 3427 hominum,
347 3359 428 3419 bomo
455 3361 576 3418 Christus
598 3362 688 3430 lesus,
718 3363 745 3419 in
768 3364 887 3436 parvulis
907 3380 960 3422 nu·
1018 3357 1813 3437 Quidestiuquit,quodmequoercbatisincsciebotisqais

167 3447 264 3519 diens,
293 3449 322 3505 in
348 3451 564 3509 adolescentibus
591 3468 726 3525 quaerens,
754 3453 782 3509 iu
809 3452 963 3511 senioribus
1016 3445 1810 3526 iniisqmel’atsismeisunt,opcrtetmeesselostsstti,

166 3536 278 3595 (ῑῡιθιῦι
1016 3545 1046 3598 et
1061 3542 1137 3599 turdi
1145 3539 1226 3600 corde
1236 3541 1273 3596 cd
1282 3538 1461 3606 credendum,
1471 3533 1505 3594 in
1514 3539 1718 3610 omnibusque
1728 3533 1812 3605 inuti

204 3627 249 3681 t't.
264 3627 341 3683 Tunc
358 3642 409 3683 vox
422 3627 521 3684 letitie
535 3637 562 3684 et
586 3629 772 3688 exsultationis
790 3632 818 3688 in
833 3631 961 3689 taberna·
1017 3631 1405 3704 suntl’ropbctoelnonueitu
1415 3628 1542 3700 oportuit
1554 3629 1619 3699 pati
1631 3626 1813 3684 cbristumct

168 3712 236 3769 culis
249 3714 333 3769 laceb
346 3716 515 3785 personabit,
540 3718 649 3789 quando
671 3719 809 3789 agnitusa
834 3720 963 3777 iratribus
1016 3720 1060 3776 itu
1067 3722 1179 3777 intrare
1187 3721 1220 3776 ist
1232 3719 1452 3790 plotiumsucm,
1467 3716 1693 3789 etproedicariist
1701 3713 1813 3770 comitae

169 3816 253 3860 verus
262 3801 364 3874 loseph
379 3805 478 3874 populo
492 3805 648 3861 ludaeorum
658 3806 685 3861 iu
701 3807 754 3863 line
767 3810 872 3875 mundi,
885 3810 962 3880 quasi
1016 3810 1076 3881 ejus
1087 3809 1288 3880 penitentium
1298 3821 1350 3878 per
1359 3804 1580 3878 amarescentes?
1593 3804 1812 3874 (Lucanus,

170 3891 252 3962 patria
265 3891 417 3950 senescenti
432 3892 512 3948 vivus
526 3894 694 3952 nuntiabitur
708 3912 723 3951 a
738 3895 901 3966 dicentibus,
918 3902 964 3957 lo-
1016 3898 1060 3963 66,
1073 3899 1119 3963 66,
1131 3897 1188 3967 67.)
1203 3895 1310 3953 Siccine
1325 3909 1379 3951 non
1393 3893 1506 3950 audistis
1520 3909 1568 3966 per
1577 3907 1609 3949 os
1619 3891 1709 3948 David
1724 3903 1812 3949 rocem

169 3979 236 4050 sepit
250 3978 328 4048 filius
336 3983 402 4038 tuus
409 3982 491 4048 uiuit,
502 3986 530 4037 et
539 3982 808 4054 ipsedomincturin
817 3990 876 4044 tcto
888 3991 965 4045 terra
980 3980 1003 4057 D
1017 3985 1104 4043 Patris
1117 3986 1151 4041 ad
1170 3984 1267 4040 Filium
1281 4001 1288 4038 ε
1305 3984 1423 4042 Postulo
1434 3999 1516 4048 eme,
1533 3986 1560 4039 et
1572 3979 1643 4038 dubo
1660 3981 1814 4054 tibipettlct

170 4069 282 4140 AEpypti
294 4068 374 4140 (Gen.
390 4085 455 4138 xus,
467 4071 523 4144 26).
534 4072 601 4137 Fili,
617 4071 712 4144 inquit,
728 4073 797 4147 qnid
808 4076 964 4144 fecistise-
1019 4074 1214 4132 hereditatem
1230 4078 1320 4144 tuum,
1336 4078 1365 4129 et
1379 4073 1581 4148 possesionem
1591 4071 1813 4129 tcnmtermt'ttst

169 4157 209 4212 bis
219 4156 962 4236 seteccepntermmeteqouolentesquoerecammte.
1018 4169 1125 4223 terrm?
1142 4164 1231 4234 (Paul.
1246 4178 1277 4229 tt,
1293 4163 1331 4233 8).
1345 4161 1416 4232 Quid
1431 4170 1473 4217 est
1494 4160 1568 4230 quod
1581 4175 1627 4215 me
1642 4159 1814 4233 quaerebatis,

170 4245 241 4315 Quid
254 4247 349 4316 tonsu,
365 4250 517 4321 oloseph‘t
531 4252 616 4307 Mater
628 4252 754 4316 moritur.
777 4259 854 4323 pater
867 4269 963 4326 perpe-
1017 4263 1044 4310 et
1071 4269 1125 4310 non
1153 4254 1244 4309 statim
1270 4253 1343 4308 inter
1368 4260 1465 4324 gentes
1493 4249 1703 4308 inveniebatis?
1722 4247 1815 4306 Nonae

171 4343 218 4392 tuo
231 4335 297 4395 fletu
315 4339 472 4413 contemtor,
495 4339 684 4414 periclitantur
706 4341 813 4408 iratres,
840 4349 899 4399 tota
917 4343 962 4399 in·
1016 4343 1132 4399 Abrabae
1160 4343 1263 4399 dictum
1293 4349 1334 4398 est
1348 4361 1355 4397 :
1371 4340 1529 4398 desemine
1547 4342 1599 4395 tuo
1613 4337 1814 4397 benedicenter

171 4437 255 4496 snper
274 4425 373 4482 domus
387 4435 499 4498 paterna
514 4429 676 4503 languescit3
699 4436 726 4485 et
740 4437 778 4499 tn,
794 4437 903 4486 tuorum
914 4447 963 4489 ne·
1017 4430 1493 4500 munestribnstcrroeilden.xxn,
1507 4426 1816 4500 totltesaa‘ebcttrqstc

169 4513 287 4588 gliqeoa,
312 4515 447 4590 AEgyptiis
471 4517 591 4574 consulis
605 4518 639 4573 ad
658 4519 797 4575 salutem?
812 4520 879 4586 Fili,
894 4520 964 4593 quid
1017 4524 1049 4579 in
1063 4522 1100 4579 iis
1114 4537 1177 4594 qme
1186 4521 1280 4577 Putris
1297 4520 1355 4575 mei
1368 4513 1816 4590 sunt,opormtmeesetttucne

169 4604 266 4672 fecisti
278 4604 356 4662 uobis
366 4607 408 4661 sic
433 4605 533 4662 illnnt
552 4606 648 4663 fratres
661 4607 690 4662 in
703 4608 859 4683 AEgyptum,
874 4618 902 4665 et
919 4625 965 4666 re·
1018 4611 1126 4665 Patrem
1141 4624 1188 4680 per
1201 4608 1296 4663 lsaiam
1311 4607 1467 4679 loquentem
1481 4603 1563 4660 mibi:
1575 4606 1686 4661 Pomm
1694 4603 1816 4660 mittet

173 4688 257 4744 deunt
273 4707 280 4745 ι
295 4700 409 4749 cernunt
421 4700 448 4748 te
471 4694 618 4751 Dominum
636 4702 728 4764 terre,
752 4713 805 4753 nec
828 4713 965 4771 recogno·
1020 4704 1054 4756 ιι
1066 4703 1104 4755 sis
1118 4698 1192 4755 mibi
1206 4713 1302 4755 seruus
1324 4695 1556 4754 mauretanias
1570 4693 1663 4751 tribus
1677 4691 1773 4757 iacob,
1790 4692 1817 4745 ιι

174 4785 275 4833 scunt:
292 4780 469 4852 etspeciosus
481 4783 525 4839 ille
541 4784 640 4850 vultus,
660 4800 740 4857 quem
762 4787 896 4861 AEqyptus
912 4795 967 4844 tota
1020 4785 1411 4857 feceslsreelconuertendes.
1419 4784 1524 4842 Dedite
1533 4781 1669 4839 imbricem
1678 4781 1817 4855 centissa,

175 4865 297 4938 miratur,
317 4868 470 4925 domesticis
483 4878 585 4927 tantum
599 4881 654 4928 tue
668 4875 757 4930 carnis
781 4876 965 4934 absconditur.
1020 4882 1056 4933 ιιι
1068 4877 1109 4932 sis
1122 4877 1199 4934 satus
1209 4889 1364 4948 metusque
1378 4874 1415 4930 nd
1427 4875 1484 4943 fine
1494 4871 1772 4943 immittemus,
1783 4867 1820 4935 6.)

175 4955 241 5026 titt,
254 4958 329 5030 quid,
340 4960 433 5030 fecisti
447 4959 593 5017 nobissic?
607 4961 729 5035 Respicis
743 4970 803 5020 tuos
812 4965 888 5036 quasi
900 4965 968 5021 alie·
1021 4966 1118 5022 Nonne
1130 4980 1181 5037 ego
1195 4980 1255 5019 sum
1270 4965 1341 5036 apud
1358 4963 1540 5032 patriarcham
1557 4958 1641 5018 Jacob
1659 4959 1819 5035 expectatis

139 5117 144 5125 Ι
175 5059 237 5113 nos,
251 5046 369 5118 imponis
388 5048 511 5118 crimina,
540 5050 650 5106 mineris
678 5052 819 5124 supplicia,
835 5064 862 5109 et
888 5069 968 5126 quem
1026 5055 1159 5113 Gentium
1171 5054 1253 5126 (Gen.
1269 5069 1348 5124 nuta,
1366 5053 1427 5125 sb),-
1441 5059 1469 5108 et
1484 5050 1557 5124 apud
1573 5049 1738 5107 llalacbiam
1753 5045 1817 5120 (5³).

175 5136 414 5222 clementissimum
428 5138 569 5196 inveniunt
591 5140 683 5210 alieni,
700 5138 744 5197 'tui
766 5148 793 5197 te
813 5143 970 5199 crudelissi·
1023 5144 1201 5202 Desideratus
1215 5159 1315 5202 comm
1325 5162 1335 5211 ,·
1346 5151 1373 5200 et
1386 5142 1455 5199 sicut
1475 5140 1548 5198 idem
1561 5139 1599 5195 ait
1613 5156 1620 5197 :
1636 5141 1659 5197 A
1674 5140 1747 5199 solis
1758 5141 1819 5197 oris

176 5240 252 5281 mum
266 5228 414 5299 reperiunt.
425 5230 492 5296 Fili,
501 5231 568 5304 qnid
576 5232 755 5304 fecisiinubis
764 5233 805 5289 sic
814 5232 829 5286 ι
839 5231 971 5306 Prodigus
1024 5249 1110 5307 usque
1119 5233 1156 5290 nd
1165 5249 1444 5307 occasummnqunm
1458 5247 1562 5289 nomen
1576 5247 1674 5288 meum
1683 5232 1718 5287 iss
1731 5228 1821 5303 pesti-

178 5312 223 5370 ille
237 5313 309 5374 tilius
323 5325 392 5388 tuus,
413 5319 461 5392 qni
483 5319 640 5393 dilapidavit
660 5336 767 5380 omnem
792 5321 969 5378 substantiam
1024 5316 1824 5397 bus?(nemci.1,ll).Tumuistismuncribustneis,iuti·

214 5488 1109 5577 (bitumumdensterrorssnbmmmsuappein,
1124 5508 1153 5561 ι.
