3706 5962
100 190 151 254 115

745 192 937 255 ublussuull
954 191 1091 254 lautus

1689 195 1740 256 ltu

106 315 165 390 psis
178 329 234 371 non
247 312 338 370 habet.
355 313 420 370 Ideo
434 314 581 370 tenebrosa
595 320 668 384 sunt,
685 314 757 387 quod
771 314 894 371 intentio
909 332 932 409 p
950 329 1010 381 nos,
1036 312 1169 385 glorietur
1197 328 1227 368 se
1260 314 1362 370 babere
1394 311 1552 370 milvinos?
1585 311 1614 367 si
1642 315 1742 373 Christi

97 405 141 462 nis
166 403 285 460 sincerae
299 402 402 458 lumine
427 413 531 458 carent.
547 402 639 458 Bonus
663 403 754 475 itaque
778 402 893 475 simplex

948 403 1065 459 amicam
1079 401 1132 457 dici
1147 410 1173 457 te
1189 401 1264 470 velis,
1281 402 1346 474 quid
1369 403 1416 457 tibi
1437 418 1499 458 cum
1523 401 1667 472 prudentia
1680 420 1743 461 car-

96 494 202 560 oculus,
218 507 273 548 non
287 491 390 547 habens
401 490 484 547 ullam
500 499 603 562 partem
629 493 812 557 tenebrarum,
828 507 894 557 con·¹
946 492 1000 560 nis,
1012 508 1073 564 qua
1091 490 1199 546 inimica
1214 498 1256 545 est
1270 490 1351 548 Deo?
1364 495 1453 559 (llum.
1479 506 1538 558 vrri,
1555 494 1594 561 7).
1616 495 1657 546 iln
1677 493 1744 550 istas

97 581 257 642 versationis
278 596 378 651 corpus
401 588 487 636 totum
508 596 650 636 serenans.
666 583 721 634 Aut
734 588 806 636 totus
820 582 894 636 enim

96 672 261 730 tenebrosus
276 676 319 726 est
345 669 451 737 oculus,
474 679 521 725 aut
544 678 616 725 totus
644 669 759 736 lucidus,
785 678 831 725 aut
845 671 895 724 ha-

99 763 165 818 bens
179 759 298 833 aliquam
312 768 418 830 partem
441 760 616 816 tenebrarum
640 759 795 816 admistam.
811 760 893 814 Totus

99 849 262 907 tenebrosus
275 856 325 913 εει,
341 863 403 904 cum
417 848 494 920 operi
508 847 578 904 malo
603 855 714 919 proptor
735 846 837 902 malum
851 848 895 902 in-

99 937 202 995 tendit:
219 944 291 993 totus
304 936 420 1007 lucidus,
436 952 499 992 cum
510 936 587 1008 operi
611 936 683 991 bono
707 936 816 991 nonnisi
833 950 895 1006 pro-

97 1035 157 1100 pter
171 1027 274 1083 bonum
287 1025 410 1082 intendit.
435 1026 503 1081 Cum
526 1041 591 1082 vero
607 1026 635 1081 in
649 1041 734 1096 opere
748 1025 822 1080 bono
840 1040 895 1080 non

98 1122 203 1173 tantum
226 1114 254 1168 in
276 1113 365 1186 ipsum
392 1115 506 1183 bonum,
528 1115 578 1170 sed
602 1114 684 1169 etiam
699 1113 727 1167 iu
751 1113 833 1167 alium
848 1112 896 1166 ali·

97 1220 181 1277 quem
205 1202 288 1258 linem
311 1202 425 1258 intentio
448 1201 592 1275 dirigitur;
617 1203 661 1258 vel
685 1216 747 1258 cum
769 1200 896 1272 inopere

97 1310 154 1351 non
168 1295 251 1362 bono,
268 1292 341 1363 quod
354 1293 444 1348 inesse
468 1292 634 1349 credebatur
652 1292 763 1354 bonum,
778 1291 895 1347 errando

948 579 1101 635 inimicitias
1120 595 1250 635 evacuare
1270 579 1385 644 conaris,
1404 589 1432 634 ut
1456 587 1583 650 utrasque
1606 581 1697 637 camis
1716 590 1745 638 et

948 668 1059 740 spiritus
1073 668 1228 738 prudentias
1242 668 1344 724 condas
1357 667 1385 723 in
1401 676 1427 724 te
1442 668 1524 739 ipsa?
1538 669 1674 727 Modicum
1688 671 1745 727 ler-

948 765 1070 812 mentum
1094 763 1179 812 totam
1206 773 1323 812 massam
1352 757 1500 829 corrumpit
1523 758 1550 828 (l
1576 760 1636 816 Cor.
1657 775 1687 826 v,
1703 761 1743 832 6).

949 843 1018 913 Quid
1034 861 1100 919 ergo
1122 844 1179 911 liet,
1203 846 1248 900 ubi
1262 846 1375 902 multum
1398 854 1439 902 est
1462 846 1633 917 fermentum,
1655 864 1746 904 massa

948 932 1080 991 modica?
1094 932 1160 1002 Quae
1173 933 1287 989 societas
1295 934 1353 1007 xlegi
1367 934 1532 1006 cupiditatis,
1547 943 1574 991 ει
1587 936 1642 1009 legi
1656 937 1746 993 cbari-

948 1021 1012 1077 tatis
1021 1022 1035 1079 ἲ
1044 1021 1105 1077 Non
1115 1021 1198 1078 debet
1207 1021 1254 1076 illa
1265 1022 1327 1078 huic
1337 1039 1398 1078 esse
1410 1024 1566 1092 conjuncta,
1579 1024 1642 1097 quia
1651 1026 1746 1098 nequit

949 1125 1010 1166 esse
1025 1110 1147 1180 subjecta
1162 1113 1253 1180 (ltom.
1272 1122 1333 1176 vrri,
1349 1114 1388 1180 7).
1406 1111 1554 1168 Prudentia
1569 1113 1641 1169 enim
1655 1113 1745 1170 carnis

948 1196 1003 1270 legi
1018 1197 1067 1253 Dei
1080 1205 1128 1253 aut
1141 1205 1285 1269 repugnat,
1309 1206 1338 1254 et
1359 1197 1470 1255 inimica
1491 1207 1552 1256 est:
1573 1208 1619 1256 aut
1633 1201 1745 1257 omnino

949 1285 1030 1359 perit,
1041 1294 1067 1342 ει
1081 1286 1156 1341 nulla
1166 1295 1208 1340 est
1222 1303 1228 1343 :
1243 1293 1288 1342 aut
1311 1285 1421 1357 resistit,
1436 1295 1483 1342 aut
1505 1303 1539 1345 ex
1558 1295 1614 1345 toto
1628 1289 1743 1348 desistit.

97 1382 240 1455 diligitur:
257 1381 345 1452 aliqua
359 1397 391 1436 ex
405 1388 481 1451 parte
496 1380 592 1436 oculus
607 1380 715 1452 caligat,
731 1387 759 1434 et
780 1394 836 1434 non
855 1387 897 1434 est
949 1376 1041 1430 Potest
1054 1375 1161 1447 perimi,
1176 1383 1205 1430 ut
1220 1375 1328 1445 penitus
1348 1391 1402 1431 nou
1420 1376 1473 1431 sit:
1497 1392 1552 1432 aon
1575 1385 1666 1450 potest
1680 1394 1744 1451 pref

98 1485 176 1526 mera
197 1468 368 1540 simplicitate
394 1483 487 1538 purus.
513 1467 594 1536 Quid,
616 1483 679 1524 cum
702 1482 771 1538 opus
793 1467 896 1521 bonum
948 1464 995 1530 mi,
1007 1472 1037 1519 ut
1050 1463 1076 1520 ei
1090 1471 1293 1536 contemperata
1314 1463 1358 1521 sit.
1380 1462 1466 1520 Trium
1490 1481 1557 1537 ergo
1571 1475 1598 1522 et
1612 1475 1684 1523 oset
1698 1483 1746 1522 cor

98 1555 285 1627 praetenditur,
302 1563 329 1611 et
342 1571 397 1610 non
412 1554 503 1627 ipsum
521 1557 632 1621 bonum,
649 1555 699 1611 sed
721 1554 795 1610 aliud
810 1560 896 1609 totum
949 1551 1104 1620 hujusmodi
1119 1551 1296 1607 exercitatum
1310 1560 1386 1623 optas
1401 1553 1502 1608 babere
1513 1553 1664 1624 prudentia,
1684 1570 1745 1626 quae

95 1643 270 1701 intenditur?
292 1642 422 1699 oculusne
449 1644 499 1698 iste
526 1644 689 1698 tenebrosus
717 1643 833 1711 dicetur,
862 1658 895 1697 cx
948 1640 1002 1714 legi
1017 1641 1134 1696 Deinon
1157 1647 1246 1711 potest
1258 1639 1307 1700 ,vel
1329 1640 1468 1709 associari,
1483 1640 1527 1697 vel
1550 1640 1656 1712 subjici.
1672 1643 1744 1697 Pru-

94 1739 161 1800 toto,
178 1747 214 1787 an
229 1747 262 1787 ex
277 1738 354 1802 parte
369 1731 512 1804 caligans?
536 1730 601 1787 llilrl
616 1731 725 1800 quidem
749 1730 836 1802 magis
851 1737 893 1786 tc·
912 1709 1042 1788 fidentia
1055 1728 1165 1799 spiritus
1180 1728 1235 1785 vita
1249 1736 1290 1784 est
1308 1737 1336 1784 et
1351 1744 1413 1800 pax.
1430 1728 1523 1784 Vitalis
1536 1735 1580 1785 est
1590 1731 1661 1786 enim
1680 1746 1745 1803 pru-

72 1872 75 1877 ,
94 1821 228 1876 nebrosus
244 1836 276 1875 cx
292 1826 347 1874 toto
362 1818 481 1874 videtur.
495 1818 566 1875 Nam
579 1819 632 1875 etsi
646 1820 692 1875 lux
706 1819 853 1891 deputetur
867 1819 895 1873 in
950 1817 1043 1879 deutia
1059 1817 1178 1888 spiritus,
1195 1834 1274 1873 usum
1300 1818 1403 1874 habens
1418 1818 1481 1874 vitae
1501 1834 1562 1891 quae
1576 1835 1649 1875 nuuc
1664 1826 1747 1875 estet

93 1924 186 1981 opere,
199 1907 272 1963 nulla
288 1915 380 1963 umen
401 1907 560 1981 agnoscitur
582 1907 611 1963 in
633 1907 795 1965 intentione.
819 1909 895 1977 Quo·
949 1904 1055 1961 futurae.
1071 1906 1216 1962 Prudentia
1239 1922 1305 1963 vero
1332 1907 1422 1963 carnis
1448 1907 1476 1962 ln
1495 1908 1624 1980 praesenti
1640 1915 1745 1963 tantum

95 1997 178 2053 modo
194 2003 284 2052 autem
299 1996 415 2053 intentio
438 1997 520 2063 bona,
536 2014 597 2070 qua
610 1998 713 2054 bouum
728 2011 783 2053 non
796 1996 895 2068 optati
949 2002 1093 2051 exercetur
1106 1995 1170 2062 uita,
1182 1995 1288 2050 nullum
1303 1995 1331 2049 in
1345 2012 1378 2051 ea
1393 2013 1453 2068 quae
1474 1996 1605 2068 sequitur,
1620 1997 1747 2052 habitura

97 2094 144 2145 aut
164 2087 301 2158 quomodo
320 2085 446 2158 simplex,
471 2102 532 2158 quae
554 2086 605 2141 sub
630 2086 695 2142 boni
717 2085 851 2142 velamine
866 2101 896 2140 se
948 2082 1048 2138 locum.
1065 2083 1226 2155 cupiditatis
1240 2084 1313 2139 enim
1326 2085 1398 2154 apud
1413 2084 1515 2140 inferos
1529 2100 1580 2140 nec
1602 2101 1677 2155 opes,
1693 2098 1747 2140 nec

97 2174 185 2246 ipsam
212 2174 352 2231 occultati
378 2175 409 2228 ln
441 2175 527 2230 oculis
552 2190 616 2230 uero
646 2189 754 2246 sponsae
781 2181 896 2245 utraque
949 2188 1014 2228 usus
1028 2179 1079 2239 est,
1096 2173 1144 2227 sed
1159 2172 1333 2228 excruciatio.
1348 2174 1402 2228 lsta
1421 2189 1472 2244 pax
1488 2180 1540 2240 est,
1555 2173 1602 2227 illa
1615 2171 1744 2246 litigium.

98 2265 314 2328 commendatur,
331 2271 358 2318 et
381 2262 550 2335 simplicitas,
575 2271 602 2318 ct
625 2261 817 2335 spiritualitas:
833 2263 895 2317 ideo
949 2261 982 2317 Et
995 2261 1067 2315 bene
1082 2275 1143 2330 pax,
1164 2261 1207 2316 cui
1221 2263 1273 2317 lroo
1296 2270 1339 2317 est
1357 2261 1492 2328 evacuari,
1515 2262 1588 2333 quod
1615 2262 1674 2332 paci
1690 2277 1745 2317 nou

98 2353 286 2410 columbarum
301 2350 436 2408 dicuntur.
452 2352 487 2406 Et
500 2352 570 2408 bene
589 2352 617 2406 in
633 2352 720 2408 amica
736 2369 785 2407 sua
808 2350 895 2423 primo
948 2363 1056 2406 vacare.
1081 2349 1174 2404 Talem
1198 2350 1371 2420 prudentiam
1386 2351 1420 2404 ad
1443 2366 1550 2421 sponsae
1565 2350 1747 2423 pulchritudi-

96 2443 187 2499 lucem
201 2441 383 2506 commendat,
400 2447 429 2496 ut
442 2440 494 2495 sibi
513 2441 685 2496 demonstret
706 2441 834 2506 similem,
849 2439 896 2511 qui
948 2453 1012 2493 nem
1027 2437 1151 2495 Christus
1166 2446 1370 2495 commemorat.
1388 2439 1460 2494 Talis
1484 2439 1512 2493 in
1538 2439 1624 2496 oculis
1638 2438 1745 2494 colum-

97 2531 198 2603 etipse
213 2529 370 2586 diciturlux
385 2528 480 2583 mundi
499 2531 590 2598 (locu.
613 2544 672 2596 vrrr,
690 2533 742 2601 itt,
762 2529 827 2585 etin
842 2543 896 2601 quo
949 2527 1045 2582 barum
1061 2526 1226 2600 depingitur,
1243 2544 1304 2599 quae
1314 2528 1512 2599 simplicitatem
1528 2536 1555 2583 ει
1568 2526 1746 2602 spiritualitass

97 2618 216 2675 tenebrae
229 2633 286 2673 non
300 2623 363 2671 suut
386 2616 447 2671 ullae
460 2616 486 2688 (l
496 2618 578 2673 loun.
589 2632 608 2682 1,
625 2615 663 2689 b).
677 2618 707 2671 ln
727 2633 775 2672 sex
790 2617 896 2672 dierum
950 2624 1003 2671 tem
1014 2616 1146 2685 redoleat,
1159 2630 1192 2671 eo
1203 2617 1275 2687 quod
1285 2617 1312 2670 in
1324 2617 1456 2672 columbae
1466 2616 1552 2690 figura
1562 2617 1677 2688 Spiritus
1687 2631 1747 2670 san·

97 2705 253 2764 conditione
279 2703 325 2759 lux
346 2703 469 2759 omnium
479 2703 566 2774 prima
585 2711 677 2759 creata
699 2703 799 2760 dicitur
813 2705 894 2774 (Gen.
949 2711 1008 2759 ctus
1022 2701 1134 2778 intelligi
1156 2703 1249 2761 soleat.
1266 2706 1326 2759 Non
1336 2705 1407 2760 solet
1421 2721 1482 2760 esse
1497 2720 1583 2761 vacua
1601 2704 1662 2759 talis
1676 2704 1745 2758 sim-

96 2809 117 2865 1,
134 2793 174 2864 3),
183 2800 210 2847 ει
224 2791 252 2845 in
267 2789 449 2846 describenda
471 2788 671 2861 pulchritudine
694 2807 811 2862 sponsa,
827 2791 896 2850 lucis
949 2790 1070 2863 plicitas:
1092 2792 1208 2847 multum
1227 2792 1298 2848 enim
1308 2793 1401 2849 subest
1413 2793 1521 2848 latentis
1534 2793 1638 2864 gratiae.

96 2879 222 2953 inprimis
236 2877 346 2934 inducta
361 2878 493 2934 decenter
507 2885 548 2934 εει
562 2878 674 2936 mentio.
986 2883 1011 2938 t.
1022 2881 1100 2938 Oculi
1109 2881 1153 2938 tui
1169 2883 1376 2948 columborum,
1393 2881 1747 2954 ubsquceoqucdiutriusc·

133 2972 159 3025 3.
178 2967 258 3026 Oculi
284 2965 328 3023 tui
342 2967 549 3026 columborum.
565 2966 635 3038 Quid
649 2977 676 3023 te
695 2967 810 3024 amicam
833 2984 895 3027 esse
949 2985 998 3026 cus
1025 2969 1106 3025 lutet.
1127 2973 1258 3042 Magnum
1286 2971 1377 3027 nescio
1401 2971 1464 3043 quid
1487 2971 1553 3025 illud
1575 2978 1625 3037 est,
1641 2979 1669 3024 et
1682 2984 1747 3024 vere

95 3056 248 3129 praesumis,
264 3062 291 3109 tu
307 3071 368 3126 quae
382 3056 473 3112 nescis
495 3056 590 3113 oculos
615 3057 713 3112 habere
737 3057 894 3114 columbae?
912 3099 934 3178 c
950 3077 1090 3136 magnum,
1112 3061 1184 3133 quod
1204 3061 1345 3116 manifeste
1371 3060 1411 3116 vel
1435 3060 1487 3116 dici
1506 3074 1561 3115 uon
1584 3058 1686 3123 debuit,
1703 3059 1746 3114 rel

96 3144 186 3214 Opera
215 3149 464 3217 quantumcumque
488 3144 588 3199 luerint
615 3145 695 3212 bona,
723 3146 747 3200 si
774 3145 896 3218 impurus
950 3150 1005 3206 dici
1018 3165 1073 3205 non
1084 3149 1253 3220 potuit;nec
1264 3149 1365 3220 aliquo,
1382 3156 1411 3203 ut
1424 3148 1522 3221 gratiae
1536 3155 1652 3218 caeterae,
1665 3146 1750 3201 simili

96 3239 139 3289 est
153 3231 269 3302 animus,
285 3231 319 3287 de
335 3232 536 3302 pulchritudino
555 3232 657 3288 trustra
679 3234 727 3289 tibi
741 3235 893 3306 applaudis.
950 3237 1073 3311 figurari,
1089 3237 1138 3293 sed
1158 3236 1184 3291 in
1204 3237 1358 3307 suspicione
1373 3245 1401 3292 et
1419 3236 1576 3304 conjectura
1589 3234 1646 3289 sola
1665 3233 1748 3289 relin-

95 3320 239 3391 Quomodo
253 3319 341 3378 amica
356 3338 397 3387 es,
414 3339 474 3393 quae
488 3321 602 3395 pulchra
617 3338 671 3378 non
688 3325 742 3379 εει
756 3322 811 3378 Sed
825 3339 895 3395 quo·
950 3327 1041 3397 quitur
1055 3325 1088 3380 iis
1101 3325 1147 3396 qui
1163 3324 1260 3380 similia
1276 3326 1344 3380 lorte
1361 3324 1509 3395 patiuntur.
1523 3324 1626 3395 Absque
1641 3339 1681 3386 co,
1702 3321 1746 3376 in·

95 3409 177 3466 modo
192 3425 247 3465 non
271 3426 301 3465 es
325 3409 444 3477 inimica,
461 3428 523 3483 quae
545 3411 705 3482 malignaris
727 3411 756 3466 in
779 3414 896 3467 sancto?
950 3412 1101 3484 quit,[puod
1117 3412 1289 3470 intrinsecus
1301 3414 1387 3468 tutat:
1399 3410 1542 3484 quasinon
1553 3410 1606 3465 sint
1619 3408 1764 3463 inminse-⁴

95 3498 258 3570 llalignatur
281 3497 308 3553 in
326 3508 431 3569 sancto,
446 3500 492 3573 qui
507 3500 671 3571 malignatur
688 3500 717 3555 in
742 3502 815 3556 bono
839 3500 896 3555 sive
950 3516 997 3556 cus
1012 3501 1071 3556 aliae
1084 3501 1181 3574 gratiae
1195 3508 1223 3556 ει
1236 3501 1307 3556 dona
1327 3501 1454 3571 Spiritus.
1469 3502 1503 3554 Et
1527 3499 1662 3571 quomodo
1686 3512 1747 3553 om·

95 3586 124 3641 in
142 3585 190 3642 71
210 3602 270 3654 suo,
292 3587 349 3643 sivc
364 3588 393 3642 in
406 3588 505 3644 alieno.
520 3590 551 3643 ln
577 3597 623 3644 tuo
641 3589 798 3663 malignaris
812 3590 895 3658 bono,
950 3589 992 3644 nis
1005 3589 1093 3661 gloria
1108 3589 1168 3645 tiliae
1179 3590 1253 3663 regis
1267 3590 1301 3643 ab
1317 3589 1388 3644 intus
1398 3590 1411 3646 'l
1426 3589 1512 3656 (Paul.
1533 3603 1608 3654 xciv,
1623 3588 1679 3654 tt.)
1694 3587 1748 3641 De·

96 3692 158 3733 cum
177 3676 278 3730 bonum
293 3675 382 3745 ipsum
397 3690 452 3730 non
467 3677 653 3747 conspicaris:
671 3677 699 3730 in
718 3677 818 3746 alieno,
834 3693 896 3733 cum
950 3678 1032 3750 nique
1047 3687 1075 3734 et
1106 3678 1270 3734 intrinsecus
1296 3678 1347 3750 ipsi
1375 3677 1445 3733 oculi
1473 3677 1671 3744 columbarum,
1701 3674 1747 3729 ubi

97 3763 132 3819 de
151 3764 224 3819 bono
238 3762 310 3818 male
325 3763 482 3836 suspicaris.
502 3765 536 3818 Et
551 3779 633 3834 prava
652 3764 776 3834 intentio,
793 3775 820 3820 et
835 3782 897 3836 per·
952 3767 1110 3838 simplicitas
1129 3765 1191 3822 frdci
1204 3768 1287 3822 corda
1301 3766 1434 3838 purificat,
1456 3773 1484 3823 et
1497 3765 1663 3820 illuminatos
1681 3763 1746 3819 rad·

96 3867 176 3909 uersa
191 3850 397 3922 interpretatio;
422 3860 536 3924 utraque
560 3852 717 3927 malignatio
742 3863 802 3909 est:
819 3864 897 3909 utra·
951 3854 991 3910 dit
1003 3853 1097 3910 oculos
1111 3854 1221 3910 cordis:
1238 3855 1284 3911 ubi
1307 3870 1361 3910 non
1385 3853 1465 3911 modo
1490 3856 1596 3920 oculus,
1611 3852 1660 3908 sed
1675 3859 1748 3907 totus

96 3957 150 4012 que
169 3939 260 4004 fellea,
276 3947 391 4011 utraque
408 3939 486 4009 salsa,
502 3939 569 3995 nihil
592 3943 696 3997 habens
716 3958 777 3998 cum
792 3942 896 3998 colum·
951 3944 1126 3999 absconditus
1139 3945 1219 3999 bomo
1233 3944 1322 4000 cordis
1335 3944 1433 4000 dicitur
1450 3943 1474 4012 (l
1490 3946 1568 3999 Pctr.
1584 3958 1624 4007 ru,
1642 3943 1679 4011 l).
1693 3941 1748 3995 Sed

96 4030 194 4085 barum
213 4035 312 4083 natura
336 4043 491 4084 commune.
517 4029 595 4086 Oculi
620 4031 808 4086 columbarum
823 4038 895 4100 suut,
950 4031 1014 4087 licet
1028 4032 1062 4086 ab
1077 4032 1149 4087 intus
1162 4033 1249 4088 omnis
1263 4032 1297 4086 sit
1311 4032 1396 4102 gloria
1410 4031 1505 4102 gloriae
1527 4036 1653 4100 respectu
1672 4028 1747 4084 inte·

96 4118 143 4190 qui
158 4132 208 4173 nec
223 4116 280 4172 lulli
293 4116 397 4185 volunt,
413 4134 464 4175 nec
480 4117 572 4175 lallere
587 4128 697 4175 norunt.
713 4119 810 4174 Nescis
825 4120 897 4191 quod
951 4120 1006 4174 rior
1018 4134 1024 4172 ε
1034 4128 1062 4174 ει
1077 4119 1147 4175 sicut
1160 4118 1186 4173 in
1202 4119 1261 4191 ipso
1277 4119 1384 4175 bomine
1408 4117 1545 4187 exteriori,
1561 4118 1600 4173 sic
1613 4124 1640 4172 et
1653 4117 1681 4170 iu
1701 4117 1747 4174 illo

96 4222 214 4276 sponsus
229 4214 290 4262 tuus
304 4206 405 4262 veritas
424 4207 492 4262 esti
516 4208 658 4274 Quomodo
682 4207 754 4264 dicet
769 4208 826 4275 tibi,
844 4211 896 4265 Co·
950 4207 1074 4263 interiori
1096 4206 1150 4262 alia
1169 4207 1229 4262 aliis
1251 4209 1339 4278 magis
1367 4215 1430 4262 sunt
1453 4207 1556 4271 intima,
1587 4213 1614 4261 et
1636 4205 1749 4260 latentia

96 4295 192 4352 tumba
205 4311 279 4363 meu,
295 4295 391 4353 amica
405 4313 467 4353 meu
482 4295 604 4364 (doratic.
622 4311 652 4363 11,
672 4300 715 4363 13,
732 4297 786 4366 tt).
801 4295 897 4353 Amica
951 4297 1067 4368 penitus,
1084 4296 1253 4351 uolitantum
1271 4303 1335 4353 nota
1349 4296 1467 4353 dilecto:
1485 4297 1600 4352 tortasse
1615 4305 1643 4350 et
1656 4295 1747 4365 aliqua

96 4391 138 4440 est
152 4383 256 4440 veritati
281 4383 457 4456 simplicitas:
481 4384 541 4440 ideo
565 4399 627 4440 cum
652 4383 822 4456 simplicibus
841 4401 897 4440 scr.
951 4385 1032 4442 etiam
1047 4384 1097 4456 ipsi
1107 4394 1171 4440 sunt
1185 4401 1293 4456 sponsae
1308 4386 1410 4460 ignota,
1436 4400 1487 4440 nec
1509 4383 1666 4440 collatorum
1680 4382 1748 4439 divi·

95 4472 481 4544 mocinatioejuslProu.1u,
506 4474 563 4543 32).
591 4472 713 4545 Denique
732 4473 897 4544 simplicitati
913 4484 937 4564 n
952 4474 1025 4530 nitus
1053 4473 1088 4528 ad
1115 4474 1225 4545 plenum
1253 4475 1335 4530 habet
1363 4474 1486 4529 notitiam
1501 4489 1657 4528 munerum.
1677 4470 1748 4538 Quid

95 4561 191 4618 amicae
204 4560 342 4634 applaudit
356 4561 469 4619 diceus:
488 4562 568 4620 Oculi
578 4561 622 4618 tui
632 4561 836 4619 columbarum.
850 4563 898 4618 Bo·

96 4664 132 4703 na
156 4648 230 4704 enim
259 4657 301 4705 εει
328 4650 434 4705 oculata
458 4650 629 4723 simplicitas,
644 4651 680 4706 ita
700 4649 897 4708 simulationem

97 4735 256 4805 excludens,
267 4746 359 4793 utnon
372 4738 471 4809 caliget
480 4738 509 4793 in
523 4738 647 4795 veritate.
661 4739 733 4794 Rara
748 4742 805 4794 lraec
816 4740 897 4796 hodie

95 4824 123 4879 in
139 4824 218 4880 terris
233 4823 310 4880 auis:
327 4833 353 4881 et
368 4826 392 4882 si
416 4842 471 4898 qua
490 4834 532 4881 est
551 4829 612 4896 ejus
635 4843 751 4899 usquam
768 4828 898 4900 frequen·

24 4918 26 4923 '
97 4914 145 4981 tia,
166 4913 272 4970 occulta
286 4913 362 4980 satis,
379 4920 407 4970 et
420 4915 507 4970 latens
530 4914 560 4969 in
570 4916 748 4992 foraminibus
758 4924 853 4988 petrae,
869 4917 897 4972 in

97 5018 214 5060 caverna
228 5003 361 5070 maceriae,
377 5012 404 5058 et
426 5003 546 5076 desuper
569 5003 641 5061 rivos
664 5020 806 5076 aquarum.
822 5005 898 5074 Quo·

98 5092 180 5149 modo
195 5099 287 5150 autem
300 5092 463 5149 obscuratus
477 5100 518 5149 est
542 5100 589 5148 aut
605 5096 757 5150 occultatus
772 5100 815 5148 est
829 5107 897 5149 ocu·

94 5179 140 5235 lus
155 5179 347 5238 columbinus?
362 5182 428 5252 Quis
442 5189 484 5238 cst
499 5182 545 5255 qui
561 5181 654 5239 saeculi
669 5181 828 5238 calliditates
842 5196 896 5236 non

95 5276 224 5335 sectetur,
253 5271 299 5342 qui
323 5271 376 5328 illis
407 5289 436 5327 se
464 5271 503 5327 uti
530 5287 585 5327 nou
613 5272 741 5347 gaudeat,
770 5269 816 5341 qui
840 5285 895 5325 non

96 5363 170 5413 amat
183 5358 296 5425 babere,
312 5368 360 5417 aut
374 5361 470 5417 saltem
492 5360 628 5416 nominari
642 5361 670 5415 in
685 5374 716 5415 se
730 5374 785 5413 non
809 5357 896 5416 uelit?

99 5445 166 5518 Quis
193 5454 235 5503 est
262 5447 308 5519 qni
332 5464 387 5506 non
414 5449 615 5507 verecundetur
641 5448 735 5507 oculos
760 5444 894 5503 columbi·

952 4563 1024 4619 euim
1038 4561 1060 4618 si
1078 4561 1227 4619 occultatur
1251 4561 1413 4631 sublimitas,
1429 4561 1493 4616 dum
1517 4566 1641 4616 servatur
1660 4560 1748 4614 hurni-

951 4651 1037 4707 litas?
1065 4652 1207 4708 Secretum
1236 4659 1311 4705 tuum
1340 4651 1398 4716 tibi,
1425 4652 1487 4706 Jesu
1512 4650 1594 4718 bone,
1610 4654 1748 4703 secretum

952 4748 1027 4795 tuum
1042 4739 1099 4806 tibi,
1116 4739 1183 4795 etin
1205 4738 1372 4794 absconditis
1387 4754 1495 4810 sponsae
1514 4737 1587 4794 solus
1601 4736 1746 4793 deliciaris.

951 4828 1005 4891 Cur
1025 4844 1080 4884 nou
1095 4827 1139 4884 rel
1161 4828 1195 4882 ad
1218 4827 1357 4885 modicum
1376 4827 1443 4884 i'lud
1467 4827 1559 4883 nescio
1578 4825 1644 4899 quid
1659 4825 1749 4884 latens

952 4919 1030 4976 nobis
1057 4915 1248 4984 communicas,
1272 4926 1300 4972 et
1331 4916 1474 4986 occultam,
1503 4930 1557 4988 qua
1587 4913 1745 4984 delectaris,

952 5007 1053 5080 figuras
1076 5004 1327 5075 pulchritudinem?
1352 5006 1414 5061 Plus
1437 5020 1488 5062 nos
1512 5005 1546 5060 ad
1570 5004 1748 5076 quaerendum

952 5095 1046 5159 allicis,
1062 5093 1125 5148 dum
1141 5091 1206 5147 illud
1230 5092 1314 5148 latore
1330 5093 1496 5151 intrinsecus
1511 5091 1597 5149 dicis:
1613 5098 1641 5147 et
1655 5090 1748 5147 curio·

951 5184 1057 5240 silatum
1086 5189 1206 5236 nostram
1233 5182 1348 5254 amplius
1374 5182 1476 5250 irritas,
1507 5189 1611 5238 tantum
1639 5178 1748 5234 silentio

951 5270 1108 5345 mysterium
1129 5286 1266 5343 premens.
1293 5271 1355 5327 Plus
1377 5287 1429 5327 nos
1457 5271 1522 5327 dum
1551 5276 1635 5336 taces,
1650 5267 1747 5323 trallis.

949 5362 1036 5432 Quam
1052 5375 1151 5435 magna
1164 5359 1307 5418 multitudo
1321 5360 1470 5417 dulcedinis
1485 5360 1579 5430 hujus,
1590 5373 1670 5430 quam
1681 5357 1748 5411 abs·

945 5448 1119 5508 'condendam
1137 5447 1256 5521 iudicas,
1280 5449 1344 5505 dum
1367 5464 1422 5506 non
1444 5445 1582 5520 explicas!
1606 5442 1749 5517 Quidquid
