<?xml version="1.0" encoding="UTF-8"?>
<!DOCTYPE html PUBLIC "-//W3C//DTD XHTML 1.0 Transitional//EN"
    "http://www.w3.org/TR/xhtml1/DTD/xhtml1-transitional.dtd">
<html xmlns="http://www.w3.org/1999/xhtml" xml:lang="en" lang="en">
 <head>
  <title>
</title>
<meta http-equiv="Content-Type" content="text/html;charset=utf-8" />
  <meta name='ocr-system' content='tesseract 3.04.00' />
  <meta name='ocr-capabilities' content='ocr_page ocr_carea ocr_par ocr_line ocrx_word'/>
</head>
<body>
  <div class='ocr_page' id='page_1' title='image "./patrologiaecurs00unkngoog_0426.png"; bbox 0 0 3706 5962; ppageno 0'>
   <div class='ocr_carea' id='block_1_1' title="bbox 545 157 1751 256">
    <p class='ocr_par' dir='ltr' id='par_1_1' title="bbox 545 157 1751 256">
     <span class='ocr_line' id='line_1_1' title="bbox 545 157 1751 256; baseline 0.002 -36"><span class='ocrx_word' id='word_1_1' title='bbox 545 159 716 256; x_wconf 68' lang='lat' dir='ltr'>stolones</span> <span class='ocrx_word' id='word_1_2' title='bbox 735 157 837 220; x_wconf 77' lang='lat' dir='ltr'>linit.</span> <span class='ocrx_word' id='word_1_3' title='bbox 858 189 894 202; x_wconf 92' lang='lat'><em>—</em></span> <span class='ocrx_word' id='word_1_4' title='bbox 914 158 946 219; x_wconf 82' lang='lat' dir='ltr'>til</span> <span class='ocrx_word' id='word_1_5' title='bbox 967 157 1169 223; x_wconf 76' lang='lat' dir='ltr'>Nellllrt&#39;ttl</span> <span class='ocrx_word' id='word_1_6' title='bbox 1191 163 1320 225; x_wconf 72' lang='lat' dir='ltr'>bouill.</span> <span class='ocrx_word' id='word_1_7' title='bbox 1699 160 1751 223; x_wconf 67' lang='grc' dir='ltr'><strong>Μ</strong></span> 
     </span>
    </p>
   </div>
   <div class='ocr_carea' id='block_1_2' title="bbox 49 285 1755 3084">
    <p class='ocr_par' dir='ltr' id='par_1_2' title="bbox 49 285 1755 3084">
     <span class='ocr_line' id='line_1_2' title="bbox 949 285 1751 358; baseline 0 -15"><span class='ocrx_word' id='word_1_8' title='bbox 949 285 1273 357; x_wconf 83' lang='lat' dir='ltr'>gratulabundae&#39;landis</span> <span class='ocrx_word' id='word_1_9' title='bbox 1299 286 1429 344; x_wconf 89' lang='lat' dir='ltr'>adverbio</span> <span class='ocrx_word' id='word_1_10' title='bbox 1456 285 1665 343; x_wconf 82' lang='lat' dir='ltr'>demonstrandi</span> <span class='ocrx_word' id='word_1_11' title='bbox 1688 301 1751 358; x_wconf 85' lang='lat' dir='ltr'>pro·</span> 
     </span>
     <span class='ocr_line' id='line_1_3' title="bbox 368 304 1753 449; baseline 0.003 -23"><span class='ocrx_word' id='word_1_12' title='bbox 368 338 486 396; x_wconf 56' lang='lat' dir='ltr'>SERUO</span> <span class='ocrx_word' id='word_1_13' title='bbox 513 338 551 394; x_wconf 72' lang='lat' dir='ltr'><em>m</em></span> <span class='ocrx_word' id='word_1_14' title='bbox 577 338 645 411; x_wconf 73' lang='lat'><strong>(5⁰)·</strong></span> <span class='ocrx_word' id='word_1_15' title='bbox 915 304 939 383; x_wconf 64' lang='grc' dir='ltr'>Ι</span> <span class='ocrx_word' id='word_1_16' title='bbox 953 388 1098 445; x_wconf 88' lang='lat' dir='ltr'>rumpens:</span> <span class='ocrx_word' id='word_1_17' title='bbox 1116 378 1194 444; x_wconf 85' lang='lat' dir='ltr'>Ecce,</span> <span class='ocrx_word' id='word_1_18' title='bbox 1210 377 1304 449; x_wconf 87' lang='lat' dir='ltr'>inquit,</span> <span class='ocrx_word' id='word_1_19' title='bbox 1316 375 1753 446; x_wconf 75' lang='lat' dir='ltr'>societflomt&#39;auauooumaupcr</span> 
     </span>
     <span class='ocr_line' id='line_1_4' title="bbox 136 451 1752 534; baseline 0.001 -19"><span class='ocrx_word' id='word_1_20' title='bbox 136 460 173 514; x_wconf 82' lang='lat' dir='ltr'>lle</span> <span class='ocrx_word' id='word_1_21' title='bbox 190 456 275 526; x_wconf 72' lang='lat' dir='ltr'>{furio</span> <span class='ocrx_word' id='word_1_22' title='bbox 289 456 401 528; x_wconf 70' lang='lat' dir='ltr'>AEqypit&#39;</span> <span class='ocrx_word' id='word_1_23' title='bbox 415 458 443 510; x_wconf 78' lang='lat' dir='ltr'>ct</span> <span class='ocrx_word' id='word_1_24' title='bbox 460 455 521 527; x_wconf 68' lang='lat' dir='ltr'>ejus</span> <span class='ocrx_word' id='word_1_25' title='bbox 535 454 604 511; x_wconf 68' lang='lat' dir='ltr'>rivis</span> <span class='ocrx_word' id='word_1_26' title='bbox 616 468 669 526; x_wconf 78' lang='lat' dir='ltr'>per</span> <span class='ocrx_word' id='word_1_27' title='bbox 684 451 860 524; x_wconf 83' lang='lat' dir='ltr'>allegoriam.</span> <span class='ocrx_word' id='word_1_28' title='bbox 953 461 1752 534; x_wconf 62' lang='lat' dir='ltr'>terrem:muliereireumdnbitcirum(feremxxxistol</span> 
     </span>
     <span class='ocr_line' id='line_1_5' title="bbox 136 545 1753 622; baseline -0.002 -11"><span class='ocrx_word' id='word_1_29' title='bbox 136 561 163 613; x_wconf 87' lang='lat' dir='ltr'>l.</span> <span class='ocrx_word' id='word_1_30' title='bbox 178 555 296 610; x_wconf 83' lang='lat' dir='ltr'><strong>Tandem</strong></span> <span class='ocrx_word' id='word_1_31' title='bbox 317 557 350 608; x_wconf 90' lang='lat' dir='ltr'>de</span> <span class='ocrx_word' id='word_1_32' title='bbox 368 552 436 607; x_wconf 90' lang='lat' dir='ltr'>mari</span> <span class='ocrx_word' id='word_1_33' title='bbox 459 552 492 606; x_wconf 88' lang='lat' dir='ltr'>ad</span> <span class='ocrx_word' id='word_1_34' title='bbox 518 559 634 618; x_wconf 88' lang='lat' dir='ltr'>portum,</span> <span class='ocrx_word' id='word_1_35' title='bbox 653 550 687 605; x_wconf 93' lang='lat' dir='ltr'>dc</span> <span class='ocrx_word' id='word_1_36' title='bbox 703 551 840 622; x_wconf 87' lang='lat' dir='ltr'>promisso</span> <span class='ocrx_word' id='word_1_37' title='bbox 863 550 898 603; x_wconf 90' lang='lat' dir='ltr'>ad</span> <span class='ocrx_word' id='word_1_38' title='bbox 952 545 1005 605; x_wconf 91' lang='lat' dir='ltr'>Sed</span> <span class='ocrx_word' id='word_1_39' title='bbox 1023 557 1111 606; x_wconf 69' lang='lat' dir='ltr'>umen</span> <span class='ocrx_word' id='word_1_40' title='bbox 1131 551 1279 622; x_wconf 78' lang='lat' dir='ltr'>repentinae</span> <span class='ocrx_word' id='word_1_41' title='bbox 1293 548 1486 605; x_wconf 82' lang='lat' dir='ltr'>submersionis</span> <span class='ocrx_word' id='word_1_42' title='bbox 1508 550 1636 622; x_wconf 83' lang='lat' dir='ltr'>lacrymis</span> <span class='ocrx_word' id='word_1_43' title='bbox 1650 549 1753 607; x_wconf 70' lang='lat' dir='ltr'>edom·</span> 
     </span>
     <span class='ocr_line' id='line_1_6' title="bbox 99 635 1754 717; baseline -0.004 -19"><span class='ocrx_word' id='word_1_44' title='bbox 99 643 252 717; x_wconf 79' lang='lat' dir='ltr'>praemium,</span> <span class='ocrx_word' id='word_1_45' title='bbox 267 642 301 697; x_wconf 92' lang='lat' dir='ltr'>de</span> <span class='ocrx_word' id='word_1_46' title='bbox 312 640 405 695; x_wconf 90' lang='lat' dir='ltr'>labore</span> <span class='ocrx_word' id='word_1_47' title='bbox 419 637 453 692; x_wconf 90' lang='lat' dir='ltr'>ad</span> <span class='ocrx_word' id='word_1_48' title='bbox 469 637 598 706; x_wconf 87' lang='lat' dir='ltr'>requiem,</span> <span class='ocrx_word' id='word_1_49' title='bbox 615 638 649 694; x_wconf 91' lang='lat' dir='ltr'>de</span> <span class='ocrx_word' id='word_1_50' title='bbox 662 635 896 708; x_wconf 89' lang='lat' dir='ltr'>desperationead</span> <span class='ocrx_word' id='word_1_51' title='bbox 952 643 1005 705; x_wconf 85' lang='lat' dir='ltr'>tur,</span> <span class='ocrx_word' id='word_1_52' title='bbox 1024 637 1101 708; x_wconf 89' lang='lat' dir='ltr'>prius</span> <span class='ocrx_word' id='word_1_53' title='bbox 1124 639 1270 696; x_wconf 90' lang='lat' dir='ltr'>lamentum</span> <span class='ocrx_word' id='word_1_54' title='bbox 1296 637 1394 694; x_wconf 78' lang='lat' dir='ltr'>Christi</span> <span class='ocrx_word' id='word_1_55' title='bbox 1417 637 1579 707; x_wconf 88' lang='lat' dir='ltr'>suscipiens,</span> <span class='ocrx_word' id='word_1_56' title='bbox 1605 652 1690 708; x_wconf 87' lang='lat' dir='ltr'>quarn</span> <span class='ocrx_word' id='word_1_57' title='bbox 1706 636 1754 691; x_wconf 87' lang='lat' dir='ltr'>ad·</span> 
     </span>
     <span class='ocr_line' id='line_1_7' title="bbox 100 722 1755 803; baseline -0.005 -15"><span class='ocrx_word' id='word_1_58' title='bbox 100 749 185 803; x_wconf 89' lang='lat' dir='ltr'>spem,</span> <span class='ocrx_word' id='word_1_59' title='bbox 209 732 243 786; x_wconf 94' lang='lat' dir='ltr'>de</span> <span class='ocrx_word' id='word_1_60' title='bbox 271 745 314 784; x_wconf 84' lang='lat' dir='ltr'>via</span> <span class='ocrx_word' id='word_1_61' title='bbox 332 729 366 782; x_wconf 91' lang='lat' dir='ltr'>ad</span> <span class='ocrx_word' id='word_1_62' title='bbox 392 728 507 798; x_wconf 88' lang='lat' dir='ltr'>patriam</span> <span class='ocrx_word' id='word_1_63' title='bbox 537 725 723 798; x_wconf 83' lang='lat' dir='ltr'>pervenimus.</span> <span class='ocrx_word' id='word_1_64' title='bbox 748 723 899 796; x_wconf 82' lang='lat' dir='ltr'>scripserat</span> <span class='ocrx_word' id='word_1_65' title='bbox 951 735 1060 779; x_wconf 88' lang='lat' dir='ltr'>ventum</span> <span class='ocrx_word' id='word_1_66' title='bbox 1085 725 1253 782; x_wconf 78' lang='lat' dir='ltr'>conticescat.</span> <span class='ocrx_word' id='word_1_67' title='bbox 1285 723 1390 778; x_wconf 78' lang='lat' dir='ltr'>Danieli</span> <span class='ocrx_word' id='word_1_68' title='bbox 1416 722 1537 779; x_wconf 84' lang='lat' dir='ltr'>dieitur:</span> <span class='ocrx_word' id='word_1_69' title='bbox 1558 725 1630 780; x_wconf 75' lang='lat' dir='ltr'>Vitio</span> <span class='ocrx_word' id='word_1_70' title='bbox 1656 726 1700 780; x_wconf 83' lang='lat' dir='ltr'>eat</span> <span class='ocrx_word' id='word_1_71' title='bbox 1725 725 1755 779; x_wconf 84' lang='lat' dir='ltr'>ia</span> 
     </span>
     <span class='ocr_line' id='line_1_8' title="bbox 100 810 1754 892; baseline -0.005 -16"><span class='ocrx_word' id='word_1_72' title='bbox 100 818 232 892; x_wconf 87' lang='lat' dir='ltr'>siquidem</span> <span class='ocrx_word' id='word_1_73' title='bbox 246 816 324 873; x_wconf 90' lang='lat' dir='ltr'>nobis</span> <span class='ocrx_word' id='word_1_74' title='bbox 334 814 520 886; x_wconf 84' lang='lat' dir='ltr'>frequentibus</span> <span class='ocrx_word' id='word_1_75' title='bbox 528 813 648 884; x_wconf 85' lang='lat' dir='ltr'>epistolis</span> <span class='ocrx_word' id='word_1_76' title='bbox 667 812 787 870; x_wconf 89' lang='lat' dir='ltr'>calamus</span> <span class='ocrx_word' id='word_1_77' title='bbox 800 810 897 867; x_wconf 79' lang='lat' dir='ltr'>serbe</span> <span class='ocrx_word' id='word_1_78' title='bbox 950 810 1009 868; x_wconf 83' lang='lat' dir='ltr'>dies</span> <span class='ocrx_word' id='word_1_79' title='bbox 1021 817 1050 869; x_wconf 83' lang='lat' dir='ltr'>et</span> <span class='ocrx_word' id='word_1_80' title='bbox 1063 815 1095 868; x_wconf 84' lang='lat' dir='ltr'>in</span> <span class='ocrx_word' id='word_1_81' title='bbox 1110 815 1237 884; x_wconf 82' lang='lat' dir='ltr'>temporo</span> <span class='ocrx_word' id='word_1_82' title='bbox 1251 814 1334 885; x_wconf 73' lang='lat' dir='ltr'>magn</span> <span class='ocrx_word' id='word_1_83' title='bbox 1345 812 1430 883; x_wconf 82' lang='lat' dir='ltr'>(oon.</span> <span class='ocrx_word' id='word_1_84' title='bbox 1442 826 1503 866; x_wconf 84' lang='lat' dir='ltr'>virt.</span> <span class='ocrx_word' id='word_1_85' title='bbox 1520 813 1564 877; x_wconf 82' lang='lat' dir='ltr'>l‘l,</span> <span class='ocrx_word' id='word_1_86' title='bbox 1578 811 1633 882; x_wconf 84' lang='grc'><strong>19).</strong></span> <span class='ocrx_word' id='word_1_87' title='bbox 1646 812 1682 867; x_wconf 85' lang='lat' dir='ltr'>Et</span> <span class='ocrx_word' id='word_1_88' title='bbox 1692 812 1754 868; x_wconf 76' lang='lat' dir='ltr'>Eae·</span> 
     </span>
     <span class='ocr_line' id='line_1_9' title="bbox 100 898 1753 975; baseline -0.005 -10"><span class='ocrx_word' id='word_1_89' title='bbox 100 909 227 965; x_wconf 89' lang='lat' dir='ltr'>velociter</span> <span class='ocrx_word' id='word_1_90' title='bbox 244 904 388 962; x_wconf 85' lang='lat' dir='ltr'>scribentis</span> <span class='ocrx_word' id='word_1_91' title='bbox 402 921 408 958; x_wconf 80' lang='grc' dir='ltr'>ι</span> <span class='ocrx_word' id='word_1_92' title='bbox 420 906 569 975; x_wconf 78' lang='lat' dir='ltr'>Exspecto,</span> <span class='ocrx_word' id='word_1_93' title='bbox 585 905 761 974; x_wconf 77' lang='lat' dir='ltr'>reexspecto.</span> <span class='ocrx_word' id='word_1_94' title='bbox 778 900 831 956; x_wconf 88' lang='lat' dir='ltr'>Sed</span> <span class='ocrx_word' id='word_1_95' title='bbox 847 915 898 955; x_wconf 88' lang='lat' dir='ltr'>nos</span> <span class='ocrx_word' id='word_1_96' title='bbox 950 899 1020 955; x_wconf 82' lang='lat' dir='ltr'>clniel</span> <span class='ocrx_word' id='word_1_97' title='bbox 1045 899 1126 956; x_wconf 89' lang='lat' dir='ltr'>tantis</span> <span class='ocrx_word' id='word_1_98' title='bbox 1149 901 1315 973; x_wconf 90' lang='lat' dir='ltr'>caliginibus</span> <span class='ocrx_word' id='word_1_99' title='bbox 1338 898 1492 965; x_wconf 86' lang='lat' dir='ltr'>involvitur,</span> <span class='ocrx_word' id='word_1_100' title='bbox 1518 910 1548 954; x_wconf 93' lang='lat' dir='ltr'>ut</span> <span class='ocrx_word' id='word_1_101' title='bbox 1562 899 1610 955; x_wconf 84' lang='lat' dir='ltr'>vix</span> <span class='ocrx_word' id='word_1_102' title='bbox 1625 898 1753 971; x_wconf 72' lang='lat' dir='ltr'>dignosci</span> 
     </span>
     <span class='ocr_line' id='line_1_10' title="bbox 99 986 1752 1070; baseline -0.005 -18"><span class='ocrx_word' id='word_1_103' title='bbox 99 996 171 1070; x_wconf 92' lang='lat' dir='ltr'>quod</span> <span class='ocrx_word' id='word_1_104' title='bbox 183 995 357 1068; x_wconf 85' lang='lat' dir='ltr'>subjungitur</span> <span class='ocrx_word' id='word_1_105' title='bbox 367 994 457 1048; x_wconf 83' lang='lat' dir='ltr'>dicere</span> <span class='ocrx_word' id='word_1_106' title='bbox 467 1000 637 1062; x_wconf 89' lang='lat' dir='ltr'>poteramus:</span> <span class='ocrx_word' id='word_1_107' title='bbox 654 989 791 1046; x_wconf 81' lang='lat' dir='ltr'>Modicum</span> <span class='ocrx_word' id='word_1_108' title='bbox 806 987 856 1053; x_wconf 81' lang='lat' dir='ltr'>itt,</span> <span class='ocrx_word' id='word_1_109' title='bbox 868 993 896 1043; x_wconf 86' lang='lat' dir='ltr'>et</span> <span class='ocrx_word' id='word_1_110' title='bbox 951 989 1035 1057; x_wconf 90' lang='lat' dir='ltr'>possit</span> <span class='ocrx_word' id='word_1_111' title='bbox 1049 989 1121 1044; x_wconf 92' lang='lat' dir='ltr'>unde</span> <span class='ocrx_word' id='word_1_112' title='bbox 1140 989 1238 1056; x_wconf 90' lang='lat' dir='ltr'>veniat,</span> <span class='ocrx_word' id='word_1_113' title='bbox 1259 995 1307 1044; x_wconf 91' lang='lat' dir='ltr'>aut</span> <span class='ocrx_word' id='word_1_114' title='bbox 1320 1004 1373 1060; x_wconf 90' lang='lat' dir='ltr'>quo</span> <span class='ocrx_word' id='word_1_115' title='bbox 1387 988 1467 1043; x_wconf 87' lang='lat' dir='ltr'>vadat</span> <span class='ocrx_word' id='word_1_116' title='bbox 1481 986 1595 1056; x_wconf 76' lang='lat' dir='ltr'>(faecis.</span> <span class='ocrx_word' id='word_1_117' title='bbox 1613 990 1682 1058; x_wconf 86' lang='lat' dir='ltr'>xit).</span> <span class='ocrx_word' id='word_1_118' title='bbox 1699 988 1752 1044; x_wconf 84' lang='lat' dir='ltr'>oc·</span> 
     </span>
     <span class='ocr_line' id='line_1_11' title="bbox 49 1067 1753 1152; baseline -0.006 -10"><span class='ocrx_word' id='word_1_119' title='bbox 49 1067 52 1078; x_wconf 15' lang='grc' dir='ltr'><strong>Κ</strong></span> <span class='ocrx_word' id='word_1_120' title='bbox 99 1084 242 1143; x_wconf 84' lang='lat' dir='ltr'>modicum</span> <span class='ocrx_word' id='word_1_121' title='bbox 256 1083 295 1140; x_wconf 82' lang='lat' dir='ltr'>ibi</span> <span class='ocrx_word' id='word_1_122' title='bbox 309 1082 491 1152; x_wconf 81' lang='lat' dir='ltr'>(isai.xxv1n,</span> <span class='ocrx_word' id='word_1_123' title='bbox 514 1080 569 1149; x_wconf 77' lang='lat' dir='ltr'>ta).</span> <span class='ocrx_word' id='word_1_124' title='bbox 585 1079 819 1133; x_wconf 86' lang='lat' dir='ltr'>Praeeucurrerant</span> <span class='ocrx_word' id='word_1_125' title='bbox 832 1091 895 1131; x_wconf 90' lang='lat' dir='ltr'>eur·</span> <span class='ocrx_word' id='word_1_126' title='bbox 949 1075 1031 1148; x_wconf 88' lang='lat' dir='ltr'>nique</span> <span class='ocrx_word' id='word_1_127' title='bbox 1046 1077 1133 1133; x_wconf 88' lang='lat' dir='ltr'>omnis</span> <span class='ocrx_word' id='word_1_128' title='bbox 1147 1076 1194 1133; x_wconf 93' lang='lat' dir='ltr'>ille</span> <span class='ocrx_word' id='word_1_129' title='bbox 1209 1078 1373 1149; x_wconf 85' lang='lat' dir='ltr'>prophetalis</span> <span class='ocrx_word' id='word_1_130' title='bbox 1383 1083 1530 1132; x_wconf 87' lang='lat' dir='ltr'>conventus</span> <span class='ocrx_word' id='word_1_131' title='bbox 1545 1074 1630 1147; x_wconf 91' lang='lat' dir='ltr'>longa</span> <span class='ocrx_word' id='word_1_132' title='bbox 1644 1077 1753 1132; x_wconf 72' lang='lat' dir='ltr'>urden-</span> 
     </span>
     <span class='ocr_line' id='line_1_12' title="bbox 100 1163 1751 1243; baseline -0.004 -15"><span class='ocrx_word' id='word_1_133' title='bbox 100 1189 176 1228; x_wconf 88' lang='lat' dir='ltr'>sores</span> <span class='ocrx_word' id='word_1_134' title='bbox 193 1170 374 1243; x_wconf 86' lang='lat' dir='ltr'>promissione</span> <span class='ocrx_word' id='word_1_135' title='bbox 388 1167 495 1233; x_wconf 86' lang='lat' dir='ltr'>divites,</span> <span class='ocrx_word' id='word_1_136' title='bbox 511 1167 558 1222; x_wconf 90' lang='lat' dir='ltr'>sed</span> <span class='ocrx_word' id='word_1_137' title='bbox 584 1164 750 1220; x_wconf 82' lang='lat' dir='ltr'>exhibitione</span> <span class='ocrx_word' id='word_1_138' title='bbox 776 1178 895 1234; x_wconf 86' lang='lat' dir='ltr'>pauper·</span> <span class='ocrx_word' id='word_1_139' title='bbox 951 1163 985 1218; x_wconf 91' lang='lat' dir='ltr'>tis</span> <span class='ocrx_word' id='word_1_140' title='bbox 1000 1164 1094 1236; x_wconf 86' lang='lat' dir='ltr'>gratiae</span> <span class='ocrx_word' id='word_1_141' title='bbox 1110 1164 1258 1220; x_wconf 88' lang='lat' dir='ltr'>morisitate</span> <span class='ocrx_word' id='word_1_142' title='bbox 1282 1173 1424 1234; x_wconf 81' lang='lat' dir='ltr'>pertesus.</span> <span class='ocrx_word' id='word_1_143' title='bbox 1443 1179 1514 1218; x_wconf 91' lang='lat' dir='ltr'>nunc</span> <span class='ocrx_word' id='word_1_144' title='bbox 1528 1163 1665 1234; x_wconf 81' lang='lat' dir='ltr'>rogando,</span> <span class='ocrx_word' id='word_1_145' title='bbox 1681 1179 1751 1222; x_wconf 80' lang='lat' dir='ltr'>nuuc</span> 
     </span>
     <span class='ocr_line' id='line_1_13' title="bbox 101 1252 1750 1325; baseline -0.005 -8"><span class='ocrx_word' id='word_1_146' title='bbox 101 1263 172 1318; x_wconf 90' lang='lat' dir='ltr'>rimi.</span> <span class='ocrx_word' id='word_1_147' title='bbox 184 1260 298 1316; x_wconf 84' lang='lat' dir='ltr'>Dicebat</span> <span class='ocrx_word' id='word_1_148' title='bbox 307 1259 394 1314; x_wconf 84' lang='lat' dir='ltr'>aliua:</span> <span class='ocrx_word' id='word_1_149' title='bbox 412 1255 540 1313; x_wconf 83' lang='lat' dir='ltr'>Virilitsr</span> <span class='ocrx_word' id='word_1_150' title='bbox 552 1271 613 1325; x_wconf 79' lang='lat' dir='ltr'>ape,</span> <span class='ocrx_word' id='word_1_151' title='bbox 623 1258 650 1308; x_wconf 87' lang='lat' dir='ltr'>et</span> <span class='ocrx_word' id='word_1_152' title='bbox 661 1255 837 1323; x_wconf 73' lang='lat' dir='ltr'>eonfortetur</span> <span class='ocrx_word' id='word_1_153' title='bbox 848 1267 898 1307; x_wconf 88' lang='lat' dir='ltr'>eor</span> <span class='ocrx_word' id='word_1_154' title='bbox 949 1255 1142 1324; x_wconf 90' lang='lat' dir='ltr'>conquerendo</span> <span class='ocrx_word' id='word_1_155' title='bbox 1157 1253 1245 1310; x_wconf 88' lang='lat' dir='ltr'>variat</span> <span class='ocrx_word' id='word_1_156' title='bbox 1254 1253 1418 1319; x_wconf 86' lang='lat' dir='ltr'>orationem,</span> <span class='ocrx_word' id='word_1_157' title='bbox 1430 1262 1457 1308; x_wconf 91' lang='lat' dir='ltr'>et</span> <span class='ocrx_word' id='word_1_158' title='bbox 1467 1252 1628 1324; x_wconf 91' lang='lat' dir='ltr'>plerumque</span> <span class='ocrx_word' id='word_1_159' title='bbox 1646 1268 1750 1309; x_wconf 70' lang='lat' dir='ltr'>sermo</span> 
     </span>
     <span class='ocr_line' id='line_1_14' title="bbox 101 1339 1749 1418; baseline -0.007 -10"><span class='ocrx_word' id='word_1_160' title='bbox 101 1346 192 1418; x_wconf 87' lang='lat' dir='ltr'>tuum,</span> <span class='ocrx_word' id='word_1_161' title='bbox 208 1352 237 1406; x_wconf 85' lang='lat' dir='ltr'>et</span> <span class='ocrx_word' id='word_1_162' title='bbox 250 1349 359 1404; x_wconf 82' lang='lat' dir='ltr'>sustine</span> <span class='ocrx_word' id='word_1_163' title='bbox 380 1343 534 1400; x_wconf 82' lang='lat' dir='ltr'>Dominum</span> <span class='ocrx_word' id='word_1_164' title='bbox 548 1343 634 1414; x_wconf 82' lang='lat' dir='ltr'>(Prot.</span> <span class='ocrx_word' id='word_1_165' title='bbox 650 1355 732 1407; x_wconf 81' lang='lat' dir='ltr'>xxvi,</span> <span class='ocrx_word' id='word_1_166' title='bbox 753 1340 813 1412; x_wconf 74' lang='lat' dir='ltr'>ll),</span> <span class='ocrx_word' id='word_1_167' title='bbox 830 1342 898 1395; x_wconf 86' lang='lat' dir='ltr'>alter</span> <span class='ocrx_word' id='word_1_168' title='bbox 951 1340 1030 1397; x_wconf 90' lang='lat' dir='ltr'>nibus</span> <span class='ocrx_word' id='word_1_169' title='bbox 1043 1341 1189 1398; x_wconf 81' lang='lat' dir='ltr'>exorativis</span> <span class='ocrx_word' id='word_1_170' title='bbox 1209 1341 1405 1414; x_wconf 77' lang='lat' dir='ltr'>indignatorios</span> <span class='ocrx_word' id='word_1_171' title='bbox 1416 1339 1593 1397; x_wconf 86' lang='lat' dir='ltr'>intermiscet.</span> <span class='ocrx_word' id='word_1_172' title='bbox 1606 1340 1666 1396; x_wconf 87' lang='lat' dir='ltr'>Noa</span> <span class='ocrx_word' id='word_1_173' title='bbox 1679 1356 1749 1412; x_wconf 72' lang='lat' dir='ltr'>que</span> 
     </span>
     <span class='ocr_line' id='line_1_15' title="bbox 100 1427 1749 1503; baseline -0.006 -9"><span class='ocrx_word' id='word_1_174' title='bbox 100 1453 182 1495; x_wconf 88' lang='lat' dir='ltr'>vero:</span> <span class='ocrx_word' id='word_1_175' title='bbox 198 1435 229 1490; x_wconf 83' lang='lat' dir='ltr'>st</span> <span class='ocrx_word' id='word_1_176' title='bbox 241 1434 606 1503; x_wconf 79' lang='lat' dir='ltr'>moromfeeerit,eespeeio</span> <span class='ocrx_word' id='word_1_177' title='bbox 619 1444 694 1494; x_wconf 87' lang='lat' dir='ltr'>eum,</span> <span class='ocrx_word' id='word_1_178' title='bbox 705 1429 773 1502; x_wconf 83' lang='lat' dir='ltr'>guia</span> <span class='ocrx_word' id='word_1_179' title='bbox 783 1430 896 1486; x_wconf 65' lang='lat' dir='ltr'>venons</span> <span class='ocrx_word' id='word_1_180' title='bbox 950 1444 1002 1499; x_wconf 87' lang='lat' dir='ltr'>que</span> <span class='ocrx_word' id='word_1_181' title='bbox 1016 1428 1083 1484; x_wconf 89' lang='lat' dir='ltr'>satis</span> <span class='ocrx_word' id='word_1_182' title='bbox 1096 1445 1143 1486; x_wconf 91' lang='lat' dir='ltr'>eos</span> <span class='ocrx_word' id='word_1_183' title='bbox 1165 1428 1327 1499; x_wconf 86' lang='lat' dir='ltr'>audivimus,</span> <span class='ocrx_word' id='word_1_184' title='bbox 1343 1436 1370 1484; x_wconf 92' lang='lat' dir='ltr'>et</span> <span class='ocrx_word' id='word_1_185' title='bbox 1388 1428 1467 1484; x_wconf 89' lang='lat' dir='ltr'>nobis</span> <span class='ocrx_word' id='word_1_186' title='bbox 1481 1429 1508 1484; x_wconf 94' lang='lat' dir='ltr'>in</span> <span class='ocrx_word' id='word_1_187' title='bbox 1523 1427 1665 1484; x_wconf 88' lang='lat' dir='ltr'>fastidium</span> <span class='ocrx_word' id='word_1_188' title='bbox 1679 1429 1749 1484; x_wconf 90' lang='lat' dir='ltr'>rele-</span> 
     </span>
     <span class='ocr_line' id='line_1_16' title="bbox 101 1515 1750 1595; baseline -0.005 -14"><span class='ocrx_word' id='word_1_189' title='bbox 101 1526 193 1584; x_wconf 70' lang='lat' dir='ltr'>renim</span> <span class='ocrx_word' id='word_1_190' title='bbox 206 1523 319 1595; x_wconf 80' lang='lat' dir='ltr'>(Hebae.</span> <span class='ocrx_word' id='word_1_191' title='bbox 336 1537 367 1585; x_wconf 90' lang='lat' dir='ltr'>u,</span> <span class='ocrx_word' id='word_1_192' title='bbox 381 1520 419 1591; x_wconf 85' lang='lat'>3).</span> <span class='ocrx_word' id='word_1_193' title='bbox 441 1519 502 1575; x_wconf 91' lang='lat' dir='ltr'>Pari</span> <span class='ocrx_word' id='word_1_194' title='bbox 514 1517 627 1575; x_wconf 89' lang='lat' dir='ltr'>consilio</span> <span class='ocrx_word' id='word_1_195' title='bbox 647 1516 768 1573; x_wconf 87' lang='lat' dir='ltr'>exierant</span> <span class='ocrx_word' id='word_1_196' title='bbox 782 1515 816 1572; x_wconf 92' lang='lat' dir='ltr'>de</span> <span class='ocrx_word' id='word_1_197' title='bbox 829 1530 895 1570; x_wconf 86' lang='lat' dir='ltr'>san·</span> <span class='ocrx_word' id='word_1_198' title='bbox 949 1523 1061 1588; x_wconf 88' lang='lat' dir='ltr'>guntur.</span> <span class='ocrx_word' id='word_1_199' title='bbox 1079 1517 1138 1572; x_wconf 88' lang='lat' dir='ltr'>lam</span> <span class='ocrx_word' id='word_1_200' title='bbox 1167 1517 1238 1590; x_wconf 91' lang='lat' dir='ltr'>fugit</span> <span class='ocrx_word' id='word_1_201' title='bbox 1259 1517 1374 1587; x_wconf 75' lang='lat' dir='ltr'>Moyses,</span> <span class='ocrx_word' id='word_1_202' title='bbox 1403 1515 1585 1587; x_wconf 87' lang='lat' dir='ltr'>impeditioris</span> <span class='ocrx_word' id='word_1_203' title='bbox 1612 1515 1750 1588; x_wconf 83' lang='lat' dir='ltr'>siquidem</span> 
     </span>
     <span class='ocr_line' id='line_1_17' title="bbox 99 1568 1749 1679; baseline -0.005 -10"><span class='ocrx_word' id='word_1_204' title='bbox 99 1615 204 1670; x_wconf 90' lang='lat' dir='ltr'>etuario</span> <span class='ocrx_word' id='word_1_205' title='bbox 219 1611 280 1676; x_wconf 87' lang='lat' dir='ltr'>Dei,</span> <span class='ocrx_word' id='word_1_206' title='bbox 295 1609 360 1665; x_wconf 90' lang='lat' dir='ltr'>nihil</span> <span class='ocrx_word' id='word_1_207' title='bbox 384 1622 477 1663; x_wconf 91' lang='lat' dir='ltr'>seeum</span> <span class='ocrx_word' id='word_1_208' title='bbox 499 1607 550 1662; x_wconf 89' lang='lat' dir='ltr'>nisi</span> <span class='ocrx_word' id='word_1_209' title='bbox 569 1604 777 1676; x_wconf 87' lang='lat' dir='ltr'>promissionum</span> <span class='ocrx_word' id='word_1_210' title='bbox 799 1603 893 1657; x_wconf 88' lang='lat' dir='ltr'>multi·</span> <span class='ocrx_word' id='word_1_211' title='bbox 911 1568 933 1647; x_wconf 61' lang='grc' dir='ltr'><strong><em>Β</em></strong></span> <span class='ocrx_word' id='word_1_212' title='bbox 948 1601 1048 1679; x_wconf 89' lang='lat' dir='ltr'>linguae</span> <span class='ocrx_word' id='word_1_213' title='bbox 1068 1604 1156 1662; x_wconf 85' lang='lat' dir='ltr'>iactus</span> <span class='ocrx_word' id='word_1_214' title='bbox 1171 1613 1213 1660; x_wconf 90' lang='lat' dir='ltr'>est</span> <span class='ocrx_word' id='word_1_215' title='bbox 1228 1605 1306 1661; x_wconf 85' lang='lat' dir='ltr'>nobis</span> <span class='ocrx_word' id='word_1_216' title='bbox 1324 1607 1424 1673; x_wconf 81' lang='lat' dir='ltr'>(Eeod.</span> <span class='ocrx_word' id='word_1_217' title='bbox 1439 1621 1479 1671; x_wconf 87' lang='lat' dir='ltr'>rv,</span> <span class='ocrx_word' id='word_1_218' title='bbox 1495 1607 1551 1675; x_wconf 80' lang='grc' dir='ltr'>ιθ).</span> <span class='ocrx_word' id='word_1_219' title='bbox 1576 1605 1655 1660; x_wconf 83' lang='lat' dir='ltr'>lsaiae</span> <span class='ocrx_word' id='word_1_220' title='bbox 1679 1603 1749 1660; x_wconf 81' lang='lat' dir='ltr'>labia</span> 
     </span>
     <span class='ocr_line' id='line_1_18' title="bbox 101 1691 1746 1769; baseline -0.007 -12"><span class='ocrx_word' id='word_1_221' title='bbox 101 1702 221 1759; x_wconf 89' lang='lat' dir='ltr'>tudinem</span> <span class='ocrx_word' id='word_1_222' title='bbox 240 1705 418 1769; x_wconf 87' lang='lat' dir='ltr'>reportantes.</span> <span class='ocrx_word' id='word_1_223' title='bbox 434 1695 510 1750; x_wconf 89' lang='lat' dir='ltr'>Unde</span> <span class='ocrx_word' id='word_1_224' title='bbox 530 1702 558 1748; x_wconf 92' lang='lat' dir='ltr'>et</span> <span class='ocrx_word' id='word_1_225' title='bbox 571 1691 715 1748; x_wconf 87' lang='lat' dir='ltr'>Citharista</span> <span class='ocrx_word' id='word_1_226' title='bbox 736 1691 894 1759; x_wconf 74' lang='lat' dir='ltr'>nestoriam</span> <span class='ocrx_word' id='word_1_227' title='bbox 947 1691 1086 1749; x_wconf 90' lang='lat' dir='ltr'>immunda</span> <span class='ocrx_word' id='word_1_228' title='bbox 1110 1700 1171 1748; x_wconf 91' lang='lat' dir='ltr'>suut</span> <span class='ocrx_word' id='word_1_229' title='bbox 1190 1693 1268 1763; x_wconf 80' lang='lat' dir='ltr'>(leni.</span> <span class='ocrx_word' id='word_1_230' title='bbox 1285 1709 1322 1763; x_wconf 87' lang='lat' dir='ltr'>vr,</span> <span class='ocrx_word' id='word_1_231' title='bbox 1337 1692 1518 1763; x_wconf 68' lang='lat' dir='ltr'>obissemus</span> <span class='ocrx_word' id='word_1_232' title='bbox 1541 1692 1627 1750; x_wconf 70' lang='lat' dir='ltr'>nesci</span> <span class='ocrx_word' id='word_1_233' title='bbox 1651 1691 1746 1764; x_wconf 85' lang='lat' dir='ltr'>loqui,</span> 
     </span>
     <span class='ocr_line' id='line_1_19' title="bbox 99 1777 1747 1855; baseline -0.005 -10"><span class='ocrx_word' id='word_1_234' title='bbox 99 1789 293 1846; x_wconf 75' lang='lat' dir='ltr'>dormitaverat</span> <span class='ocrx_word' id='word_1_235' title='bbox 312 1798 367 1855; x_wconf 78' lang='lat' dir='ltr'>prae</span> <span class='ocrx_word' id='word_1_236' title='bbox 391 1781 483 1847; x_wconf 78' lang='lat' dir='ltr'>taedio,</span> <span class='ocrx_word' id='word_1_237' title='bbox 498 1788 526 1835; x_wconf 92' lang='lat' dir='ltr'>et</span> <span class='ocrx_word' id='word_1_238' title='bbox 539 1779 567 1833; x_wconf 89' lang='lat' dir='ltr'>iu</span> <span class='ocrx_word' id='word_1_239' title='bbox 590 1780 679 1848; x_wconf 89' lang='lat' dir='ltr'>ipsum</span> <span class='ocrx_word' id='word_1_240' title='bbox 699 1778 785 1833; x_wconf 88' lang='lat' dir='ltr'>Deum</span> <span class='ocrx_word' id='word_1_241' title='bbox 810 1777 896 1834; x_wconf 89' lang='lat' dir='ltr'>tacitis</span> <span class='ocrx_word' id='word_1_242' title='bbox 947 1779 1009 1851; x_wconf 87' lang='lat' dir='ltr'>quia</span> <span class='ocrx_word' id='word_1_243' title='bbox 1030 1796 1098 1850; x_wconf 90' lang='lat' dir='ltr'>puer</span> <span class='ocrx_word' id='word_1_244' title='bbox 1117 1788 1158 1837; x_wconf 89' lang='lat' dir='ltr'>eat</span> <span class='ocrx_word' id='word_1_245' title='bbox 1174 1782 1285 1851; x_wconf 69' lang='lat' dir='ltr'>(ierem.</span> <span class='ocrx_word' id='word_1_246' title='bbox 1303 1796 1322 1851; x_wconf 85' lang='lat' dir='ltr'>t,</span> <span class='ocrx_word' id='word_1_247' title='bbox 1338 1781 1376 1851; x_wconf 89' lang='grc'>6).</span> <span class='ocrx_word' id='word_1_248' title='bbox 1400 1780 1524 1836; x_wconf 85' lang='lat' dir='ltr'>Ezechiel</span> <span class='ocrx_word' id='word_1_249' title='bbox 1547 1780 1655 1851; x_wconf 91' lang='lat' dir='ltr'>polluto</span> <span class='ocrx_word' id='word_1_250' title='bbox 1680 1795 1747 1850; x_wconf 83' lang='lat' dir='ltr'>pana</span> 
     </span>
     <span class='ocr_line' id='line_1_20' title="bbox 99 1864 1746 1941; baseline -0.013 -8"><span class='ocrx_word' id='word_1_251' title='bbox 99 1873 318 1934; x_wconf 76' lang='lat' dir='ltr'>oblocutionibus</span> <span class='ocrx_word' id='word_1_252' title='bbox 332 1878 415 1926; x_wconf 80' lang='lat' dir='ltr'>ioiotn</span> <span class='ocrx_word' id='word_1_253' title='bbox 431 1869 537 1941; x_wconf 76' lang='lat' dir='ltr'>culpam</span> <span class='ocrx_word' id='word_1_254' title='bbox 553 1865 638 1921; x_wconf 80' lang='lat' dir='ltr'>modis</span> <span class='ocrx_word' id='word_1_255' title='bbox 653 1864 789 1919; x_wconf 81' lang='lat' dir='ltr'>flebilibus</span> <span class='ocrx_word' id='word_1_256' title='bbox 806 1865 894 1919; x_wconf 84' lang='lat' dir='ltr'>inlor-</span> <span class='ocrx_word' id='word_1_257' title='bbox 948 1867 1065 1924; x_wconf 82' lang='lat' dir='ltr'>vescilur</span> <span class='ocrx_word' id='word_1_258' title='bbox 1076 1868 1186 1937; x_wconf 65' lang='lat' dir='ltr'>(Egerit,</span> <span class='ocrx_word' id='word_1_259' title='bbox 1203 1884 1240 1933; x_wconf 84' lang='lat' dir='ltr'>lli,</span> <span class='ocrx_word' id='word_1_260' title='bbox 1258 1868 1314 1938; x_wconf 75' lang='lat'>12),</span> <span class='ocrx_word' id='word_1_261' title='bbox 1330 1866 1401 1924; x_wconf 72' lang='lat' dir='ltr'>Osee</span> <span class='ocrx_word' id='word_1_262' title='bbox 1412 1867 1583 1923; x_wconf 73' lang='lat' dir='ltr'>fornicariam</span> <span class='ocrx_word' id='word_1_263' title='bbox 1597 1875 1624 1924; x_wconf 65' lang='grc' dir='ltr'>οι</span> <span class='ocrx_word' id='word_1_264' title='bbox 1639 1867 1746 1923; x_wconf 61' lang='lat' dir='ltr'>adulte-</span> 
     </span>
     <span class='ocr_line' id='line_1_21' title="bbox 99 1951 1744 2034; baseline -0.004 -16"><span class='ocrx_word' id='word_1_265' title='bbox 99 1964 209 2034; x_wconf 87' lang='lat' dir='ltr'>quebat:</span> <span class='ocrx_word' id='word_1_266' title='bbox 221 1955 442 2029; x_wconf 79' lang='lat' dir='ltr'>favero,inquit,</span> <span class='ocrx_word' id='word_1_267' title='bbox 449 1955 590 2027; x_wconf 84' lang='lat' dir='ltr'>repulisti,</span> <span class='ocrx_word' id='word_1_268' title='bbox 599 1951 895 2025; x_wconf 79' lang='lat' dir='ltr'>etdespeeirit&#39;,disitt-</span> <span class='ocrx_word' id='word_1_269' title='bbox 947 1971 1006 2011; x_wconf 89' lang='lat' dir='ltr'>ram</span> <span class='ocrx_word' id='word_1_270' title='bbox 1018 1955 1095 2012; x_wconf 86' lang='lat' dir='ltr'>duxit</span> <span class='ocrx_word' id='word_1_271' title='bbox 1108 1973 1221 2013; x_wconf 86' lang='lat' dir='ltr'>uxorem</span> <span class='ocrx_word' id='word_1_272' title='bbox 1234 1956 1322 2026; x_wconf 84' lang='lat' dir='ltr'>(Osee.</span> <span class='ocrx_word' id='word_1_273' title='bbox 1337 1973 1358 2025; x_wconf 89' lang='lat'>1,</span> <span class='ocrx_word' id='word_1_274' title='bbox 1376 1961 1402 2023; x_wconf 85' lang='lat'>2,</span> <span class='ocrx_word' id='word_1_275' title='bbox 1419 1958 1457 2027; x_wconf 86' lang='lat'>3).</span> <span class='ocrx_word' id='word_1_276' title='bbox 1472 1955 1565 2011; x_wconf 83' lang='lat' dir='ltr'>Daniel</span> <span class='ocrx_word' id='word_1_277' title='bbox 1582 1965 1647 2026; x_wconf 90' lang='lat' dir='ltr'>post</span> <span class='ocrx_word' id='word_1_278' title='bbox 1660 1955 1744 2011; x_wconf 82' lang='lat' dir='ltr'>visio·</span> 
     </span>
     <span class='ocr_line' id='line_1_22' title="bbox 100 2039 1557 2118; baseline -0.006 -10"><span class='ocrx_word' id='word_1_279' title='bbox 100 2053 162 2108; x_wconf 79' lang='lat' dir='ltr'>tati</span> <span class='ocrx_word' id='word_1_280' title='bbox 174 2050 317 2107; x_wconf 75' lang='lat' dir='ltr'>Christum</span> <span class='ocrx_word' id='word_1_281' title='bbox 333 2049 417 2100; x_wconf 85' lang='lat' dir='ltr'>tuum</span> <span class='ocrx_word' id='word_1_282' title='bbox 435 2042 521 2114; x_wconf 83' lang='lat' dir='ltr'>(Paul.</span> <span class='ocrx_word' id='word_1_283' title='bbox 537 2054 668 2096; x_wconf 79' lang='lat' dir='ltr'>cxxxviii</span> <span class='ocrx_word' id='word_1_284' title='bbox 683 2040 739 2110; x_wconf 80' lang='grc'><strong>39).</strong></span> <span class='ocrx_word' id='word_1_285' title='bbox 756 2041 796 2101; x_wconf 89' lang='lat' dir='ltr'>De</span> <span class='ocrx_word' id='word_1_286' title='bbox 809 2039 895 2094; x_wconf 76' lang='lat' dir='ltr'>flebili</span> <span class='ocrx_word' id='word_1_287' title='bbox 947 2061 1011 2100; x_wconf 93' lang='lat' dir='ltr'>nem</span> <span class='ocrx_word' id='word_1_288' title='bbox 1024 2046 1143 2117; x_wconf 82' lang='lat' dir='ltr'>graviter</span> <span class='ocrx_word' id='word_1_289' title='bbox 1161 2045 1309 2116; x_wconf 86' lang='lat' dir='ltr'>infirmatur</span> <span class='ocrx_word' id='word_1_290' title='bbox 1323 2046 1410 2116; x_wconf 81' lang='lat' dir='ltr'>(Dan.</span> <span class='ocrx_word' id='word_1_291' title='bbox 1427 2061 1486 2112; x_wconf 83' lang='lat' dir='ltr'>vrri,</span> <span class='ocrx_word' id='word_1_292' title='bbox 1501 2048 1557 2118; x_wconf 80' lang='lat' dir='ltr'>at).</span> 
     </span>
     <span class='ocr_line' id='line_1_23' title="bbox 98 2126 1745 2211; baseline -0.002 -20"><span class='ocrx_word' id='word_1_293' title='bbox 98 2153 207 2211; x_wconf 87' lang='lat' dir='ltr'>quoque</span> <span class='ocrx_word' id='word_1_294' title='bbox 222 2135 256 2190; x_wconf 88' lang='lat' dir='ltr'>ad</span> <span class='ocrx_word' id='word_1_295' title='bbox 279 2131 465 2205; x_wconf 89' lang='lat' dir='ltr'>imperativum</span> <span class='ocrx_word' id='word_1_296' title='bbox 488 2143 633 2185; x_wconf 89' lang='lat' dir='ltr'>conversus</span> <span class='ocrx_word' id='word_1_297' title='bbox 660 2136 712 2192; x_wconf 90' lang='lat' dir='ltr'>est,</span> <span class='ocrx_word' id='word_1_298' title='bbox 742 2126 895 2198; x_wconf 80' lang='lat' dir='ltr'>exagitante</span> <span class='ocrx_word' id='word_1_299' title='bbox 984 2135 1011 2188; x_wconf 82' lang='lat'>3.</span> <span class='ocrx_word' id='word_1_300' title='bbox 1031 2132 1131 2190; x_wconf 90' lang='lat' dir='ltr'>Omnes</span> <span class='ocrx_word' id='word_1_301' title='bbox 1146 2134 1285 2205; x_wconf 78' lang='lat' dir='ltr'>prophetae</span> <span class='ocrx_word' id='word_1_302' title='bbox 1309 2135 1432 2205; x_wconf 88' lang='lat' dir='ltr'>elingues</span> <span class='ocrx_word' id='word_1_303' title='bbox 1450 2141 1514 2189; x_wconf 91' lang='lat' dir='ltr'>suut</span> <span class='ocrx_word' id='word_1_304' title='bbox 1532 2144 1559 2190; x_wconf 92' lang='lat' dir='ltr'>et</span> <span class='ocrx_word' id='word_1_305' title='bbox 1577 2135 1647 2189; x_wconf 90' lang='lat' dir='ltr'>muti</span> <span class='ocrx_word' id='word_1_306' title='bbox 1665 2132 1745 2202; x_wconf 81' lang='lat' dir='ltr'>:jani</span> 
     </span>
     <span class='ocr_line' id='line_1_24' title="bbox 100 2214 1744 2296; baseline -0.002 -17"><span class='ocrx_word' id='word_1_307' title='bbox 100 2223 277 2296; x_wconf 84' lang='lat' dir='ltr'>impatientia,</span> <span class='ocrx_word' id='word_1_308' title='bbox 296 2235 357 2292; x_wconf 83' lang='lat' dir='ltr'>quae</span> <span class='ocrx_word' id='word_1_309' title='bbox 370 2217 545 2289; x_wconf 85' lang='lat' dir='ltr'>impudentiae</span> <span class='ocrx_word' id='word_1_310' title='bbox 565 2222 593 2271; x_wconf 88' lang='lat' dir='ltr'>et</span> <span class='ocrx_word' id='word_1_311' title='bbox 619 2214 795 2271; x_wconf 83' lang='lat' dir='ltr'>frontositatis</span> <span class='ocrx_word' id='word_1_312' title='bbox 811 2226 895 2273; x_wconf 90' lang='lat' dir='ltr'>mater</span> <span class='ocrx_word' id='word_1_313' title='bbox 947 2220 1032 2277; x_wconf 80' lang='lat' dir='ltr'>letari</span> <span class='ocrx_word' id='word_1_314' title='bbox 1057 2232 1084 2276; x_wconf 92' lang='lat' dir='ltr'>et</span> <span class='ocrx_word' id='word_1_315' title='bbox 1111 2221 1245 2278; x_wconf 87' lang='lat' dir='ltr'>exsultare</span> <span class='ocrx_word' id='word_1_316' title='bbox 1268 2237 1321 2277; x_wconf 93' lang='lat' dir='ltr'>non</span> <span class='ocrx_word' id='word_1_317' title='bbox 1348 2238 1503 2291; x_wconf 82' lang='lat' dir='ltr'>possumus,</span> <span class='ocrx_word' id='word_1_318' title='bbox 1527 2221 1580 2276; x_wconf 91' lang='lat' dir='ltr'>nisi</span> <span class='ocrx_word' id='word_1_319' title='bbox 1603 2223 1744 2279; x_wconf 89' lang='lat' dir='ltr'>osculetur</span> 
     </span>
     <span class='ocr_line' id='line_1_25' title="bbox 99 2301 1745 2381; baseline -0.001 -14"><span class='ocrx_word' id='word_1_320' title='bbox 99 2324 162 2368; x_wconf 74' lang='lat' dir='ltr'>este</span> <span class='ocrx_word' id='word_1_321' title='bbox 182 2312 233 2381; x_wconf 83' lang='lat' dir='ltr'>Qui</span> <span class='ocrx_word' id='word_1_322' title='bbox 242 2309 318 2367; x_wconf 82' lang='lat' dir='ltr'>sedes</span> <span class='ocrx_word' id='word_1_323' title='bbox 327 2321 412 2378; x_wconf 84' lang='lat' dir='ltr'>super</span> <span class='ocrx_word' id='word_1_324' title='bbox 427 2301 585 2368; x_wconf 81' lang='lat' dir='ltr'>Cherubim,</span> <span class='ocrx_word' id='word_1_325' title='bbox 601 2304 791 2372; x_wconf 69' lang='lat' dir='ltr'>manifestare</span> <span class='ocrx_word' id='word_1_326' title='bbox 806 2304 893 2373; x_wconf 82' lang='lat' dir='ltr'>(Psoi.</span> <span class='ocrx_word' id='word_1_327' title='bbox 948 2325 998 2366; x_wconf 89' lang='lat' dir='ltr'>nos</span> <span class='ocrx_word' id='word_1_328' title='bbox 1011 2309 1107 2367; x_wconf 89' lang='lat' dir='ltr'>osculo</span> <span class='ocrx_word' id='word_1_329' title='bbox 1117 2311 1172 2365; x_wconf 92' lang='lat' dir='ltr'>oris</span> <span class='ocrx_word' id='word_1_330' title='bbox 1196 2311 1248 2365; x_wconf 90' lang='lat' dir='ltr'>sui.</span> <span class='ocrx_word' id='word_1_331' title='bbox 1273 2309 1367 2365; x_wconf 73' lang='lat' dir='ltr'>Auditi</span> <span class='ocrx_word' id='word_1_332' title='bbox 1381 2317 1408 2364; x_wconf 92' lang='lat' dir='ltr'>et</span> <span class='ocrx_word' id='word_1_333' title='bbox 1422 2309 1543 2365; x_wconf 88' lang='lat' dir='ltr'>exauditi</span> <span class='ocrx_word' id='word_1_334' title='bbox 1562 2308 1631 2364; x_wconf 91' lang='lat' dir='ltr'>estis</span> <span class='ocrx_word' id='word_1_335' title='bbox 1646 2327 1655 2365; x_wconf 70' lang='grc' dir='ltr'>ι</span> <span class='ocrx_word' id='word_1_336' title='bbox 1669 2310 1745 2365; x_wconf 79' lang='lat' dir='ltr'>adeat</span> 
     </span>
     <span class='ocr_line' id='line_1_26' title="bbox 99 2390 1744 2470; baseline -0.001 -15"><span class='ocrx_word' id='word_1_337' title='bbox 99 2413 201 2467; x_wconf 78' lang='lat' dir='ltr'>cxxxx,</span> <span class='ocrx_word' id='word_1_338' title='bbox 215 2397 254 2470; x_wconf 87' lang='grc' dir='ltr'>ιι).</span> <span class='ocrx_word' id='word_1_339' title='bbox 270 2397 302 2452; x_wconf 77' lang='lat' dir='ltr'>lli</span> <span class='ocrx_word' id='word_1_340' title='bbox 316 2393 382 2466; x_wconf 88' lang='lat' dir='ltr'>quid</span> <span class='ocrx_word' id='word_1_341' title='bbox 397 2394 490 2448; x_wconf 80' lang='lat' dir='ltr'>unuin</span> <span class='ocrx_word' id='word_1_342' title='bbox 508 2390 679 2447; x_wconf 79' lang='lat' dir='ltr'>dominatrici</span> <span class='ocrx_word' id='word_1_343' title='bbox 694 2391 791 2447; x_wconf 82' lang='lat' dir='ltr'>sedeas</span> <span class='ocrx_word' id='word_1_344' title='bbox 806 2393 830 2444; x_wconf 84' lang='lat' dir='ltr'>in</span> <span class='ocrx_word' id='word_1_345' title='bbox 846 2407 893 2447; x_wconf 89' lang='lat' dir='ltr'>ca·</span> <span class='ocrx_word' id='word_1_346' title='bbox 947 2397 1098 2470; x_wconf 78' lang='lat' dir='ltr'>benignitas</span> <span class='ocrx_word' id='word_1_347' title='bbox 1118 2405 1145 2453; x_wconf 89' lang='lat' dir='ltr'>et</span> <span class='ocrx_word' id='word_1_348' title='bbox 1160 2396 1311 2453; x_wconf 86' lang='lat' dir='ltr'>humanitas</span> <span class='ocrx_word' id='word_1_349' title='bbox 1324 2396 1472 2453; x_wconf 64' lang='lat' dir='ltr'>minatoria</span> <span class='ocrx_word' id='word_1_350' title='bbox 1496 2396 1582 2454; x_wconf 84' lang='lat' dir='ltr'>nostri</span> <span class='ocrx_word' id='word_1_351' title='bbox 1605 2397 1669 2465; x_wconf 84' lang='lat' dir='ltr'>Dei,</span> <span class='ocrx_word' id='word_1_352' title='bbox 1685 2411 1744 2468; x_wconf 75' lang='lat' dir='ltr'>aaa</span> 
     </span>
     <span class='ocr_line' id='line_1_27' title="bbox 99 2478 1743 2558; baseline -0.002 -14"><span class='ocrx_word' id='word_1_353' title='bbox 99 2489 204 2552; x_wconf 88' lang='lat' dir='ltr'>thedra,</span> <span class='ocrx_word' id='word_1_354' title='bbox 232 2479 500 2541; x_wconf 81' lang='lat' dir='ltr'>circumvallantibus</span> <span class='ocrx_word' id='word_1_355' title='bbox 528 2488 555 2535; x_wconf 91' lang='lat' dir='ltr'>et</span> <span class='ocrx_word' id='word_1_356' title='bbox 582 2478 744 2534; x_wconf 88' lang='lat' dir='ltr'>vallantibus</span> <span class='ocrx_word' id='word_1_357' title='bbox 770 2479 892 2551; x_wconf 76' lang='lat' dir='ltr'>Angelis,</span> <span class='ocrx_word' id='word_1_358' title='bbox 947 2486 989 2542; x_wconf 89' lang='lat' dir='ltr'>vei</span> <span class='ocrx_word' id='word_1_359' title='bbox 1012 2484 1115 2541; x_wconf 88' lang='lat' dir='ltr'>differri</span> <span class='ocrx_word' id='word_1_360' title='bbox 1130 2499 1183 2541; x_wconf 90' lang='lat' dir='ltr'>non</span> <span class='ocrx_word' id='word_1_361' title='bbox 1198 2484 1315 2557; x_wconf 90' lang='lat' dir='ltr'>patiatur</span> <span class='ocrx_word' id='word_1_362' title='bbox 1335 2484 1453 2556; x_wconf 89' lang='lat' dir='ltr'>amplius</span> <span class='ocrx_word' id='word_1_363' title='bbox 1471 2500 1592 2542; x_wconf 90' lang='lat' dir='ltr'>amorem</span> <span class='ocrx_word' id='word_1_364' title='bbox 1606 2486 1743 2558; x_wconf 86' lang='lat' dir='ltr'>lauguen-</span> 
     </span>
     <span class='ocr_line' id='line_1_28' title="bbox 99 2565 1743 2643; baseline -0.001 -12"><span class='ocrx_word' id='word_1_365' title='bbox 99 2591 154 2632; x_wconf 91' lang='lat' dir='ltr'>non</span> <span class='ocrx_word' id='word_1_366' title='bbox 165 2572 279 2643; x_wconf 86' lang='lat' dir='ltr'>respicis</span> <span class='ocrx_word' id='word_1_367' title='bbox 296 2586 377 2640; x_wconf 91' lang='lat' dir='ltr'>super</span> <span class='ocrx_word' id='word_1_368' title='bbox 392 2568 462 2624; x_wconf 89' lang='lat' dir='ltr'>lilios</span> <span class='ocrx_word' id='word_1_369' title='bbox 485 2567 637 2631; x_wconf 88' lang='lat' dir='ltr'>hominum,</span> <span class='ocrx_word' id='word_1_370' title='bbox 663 2581 732 2637; x_wconf 86' lang='lat' dir='ltr'>quos</span> <span class='ocrx_word' id='word_1_371' title='bbox 753 2565 894 2621; x_wconf 89' lang='lat' dir='ltr'>absorbuit</span> <span class='ocrx_word' id='word_1_372' title='bbox 944 2572 1110 2641; x_wconf 84' lang='lat' dir='ltr'>tium.de</span> <span class='ocrx_word' id='word_1_373' title='bbox 1125 2572 1197 2627; x_wconf 91' lang='lat' dir='ltr'>enim</span> <span class='ocrx_word' id='word_1_374' title='bbox 1220 2572 1356 2630; x_wconf 81' lang='lat' dir='ltr'>audistis?</span> <span class='ocrx_word' id='word_1_375' title='bbox 1373 2595 1385 2624; x_wconf 73' lang='lat' dir='ltr'>a</span> <span class='ocrx_word' id='word_1_376' title='bbox 1401 2572 1611 2630; x_wconf 83' lang='lat' dir='ltr'>Sanctificaminl</span> <span class='ocrx_word' id='word_1_377' title='bbox 1627 2574 1656 2630; x_wconf 91' lang='lat' dir='ltr'>in</span> <span class='ocrx_word' id='word_1_378' title='bbox 1679 2589 1743 2630; x_wconf 80' lang='lat' dir='ltr'>era·</span> 
     </span>
     <span class='ocr_line' id='line_1_29' title="bbox 98 2648 1744 2732; baseline -0.009 -15"><span class='ocrx_word' id='word_1_379' title='bbox 98 2657 283 2717; x_wconf 89' lang='lat' dir='ltr'>etobsorduit</span> <span class='ocrx_word' id='word_1_380' title='bbox 301 2652 429 2726; x_wconf 88' lang='lat' dir='ltr'>iniquitas</span> <span class='ocrx_word' id='word_1_381' title='bbox 443 2650 589 2723; x_wconf 71' lang='lat' dir='ltr'>persidam</span> <span class='ocrx_word' id='word_1_382' title='bbox 609 2648 717 2720; x_wconf 87' lang='lat' dir='ltr'>quidem</span> <span class='ocrx_word' id='word_1_383' title='bbox 735 2648 890 2715; x_wconf 88' lang='lat' dir='ltr'>commissa,</span> <span class='ocrx_word' id='word_1_384' title='bbox 948 2660 1057 2728; x_wconf 70' lang='lat' dir='ltr'>atinum,</span> <span class='ocrx_word' id='word_1_385' title='bbox 1074 2659 1216 2716; x_wconf 86' lang='lat' dir='ltr'>filiilsreel</span> <span class='ocrx_word' id='word_1_386' title='bbox 1240 2660 1342 2731; x_wconf 77' lang='lat' dir='ltr'>(Josue.</span> <span class='ocrx_word' id='word_1_387' title='bbox 1368 2675 1417 2726; x_wconf 89' lang='lat' dir='ltr'>vu,</span> <span class='ocrx_word' id='word_1_388' title='bbox 1446 2661 1502 2730; x_wconf 85' lang='lat' dir='ltr'>ia),</span> <span class='ocrx_word' id='word_1_389' title='bbox 1518 2667 1545 2715; x_wconf 82' lang='lat' dir='ltr'>et</span> <span class='ocrx_word' id='word_1_390' title='bbox 1563 2669 1651 2718; x_wconf 66' lang='lat' dir='ltr'>estote</span> <span class='ocrx_word' id='word_1_391' title='bbox 1665 2675 1744 2732; x_wconf 66' lang='grc' dir='ltr'>μη.</span> 
     </span>
     <span class='ocr_line' id='line_1_30' title="bbox 99 2736 1743 2820; baseline -0.01 -13"><span class='ocrx_word' id='word_1_392' title='bbox 99 2751 148 2807; x_wconf 90' lang='lat' dir='ltr'>sed</span> <span class='ocrx_word' id='word_1_393' title='bbox 163 2764 178 2802; x_wconf 87' lang='lat' dir='ltr'>a</span> <span class='ocrx_word' id='word_1_394' title='bbox 194 2756 219 2801; x_wconf 90' lang='lat' dir='ltr'>te</span> <span class='ocrx_word' id='word_1_395' title='bbox 233 2741 385 2817; x_wconf 81' lang='lat' dir='ltr'>permissa?</span> <span class='ocrx_word' id='word_1_396' title='bbox 396 2742 548 2797; x_wconf 75' lang='lat' dir='ltr'>demorare</span> <span class='ocrx_word' id='word_1_397' title='bbox 562 2754 626 2811; x_wconf 79' lang='lat' dir='ltr'>pute</span> <span class='ocrx_word' id='word_1_398' title='bbox 640 2754 705 2796; x_wconf 86' lang='lat' dir='ltr'>meo</span> <span class='ocrx_word' id='word_1_399' title='bbox 717 2736 896 2794; x_wconf 82' lang='lat' dir='ltr'>siisubatan-</span> <span class='ocrx_word' id='word_1_400' title='bbox 948 2748 988 2814; x_wconf 53' lang='grc' dir='ltr'>ιη</span> <span class='ocrx_word' id='word_1_401' title='bbox 1011 2748 1074 2820; x_wconf 64' lang='lat' dir='ltr'>qnia</span> <span class='ocrx_word' id='word_1_402' title='bbox 1097 2747 1141 2804; x_wconf 66' lang='lat' dir='ltr'>die</span> <span class='ocrx_word' id='word_1_403' title='bbox 1165 2748 1283 2804; x_wconf 66' lang='lat' dir='ltr'>crastino</span> <span class='ocrx_word' id='word_1_404' title='bbox 1307 2748 1451 2805; x_wconf 54' lang='lat' dir='ltr'>demumr</span> <span class='ocrx_word' id='word_1_405' title='bbox 1473 2747 1616 2804; x_wconf 64' lang='lat' dir='ltr'>Dominus,</span> <span class='ocrx_word' id='word_1_406' title='bbox 1636 2769 1649 2800; x_wconf 88' lang='lat'>,</span> <span class='ocrx_word' id='word_1_407' title='bbox 1665 2747 1743 2804; x_wconf 53' lang='grc' dir='ltr'>[ιω.</span> 
     </span>
     <span class='ocr_line' id='line_1_31' title="bbox 100 2823 1743 2915; baseline -0.002 -20"><span class='ocrx_word' id='word_1_408' title='bbox 100 2840 142 2895; x_wconf 82' lang='lat' dir='ltr'>tto</span> <span class='ocrx_word' id='word_1_409' title='bbox 155 2835 245 2909; x_wconf 77' lang='lat' dir='ltr'>(Ptol.</span> <span class='ocrx_word' id='word_1_410' title='bbox 260 2845 400 2895; x_wconf 66' lang='lat' dir='ltr'>lxxxiiii,</span> <span class='ocrx_word' id='word_1_411' title='bbox 421 2828 478 2898; x_wconf 71' lang='lat' dir='ltr'>4⁸l·</span> <span class='ocrx_word' id='word_1_412' title='bbox 503 2827 538 2881; x_wconf 89' lang='lat' dir='ltr'>ad</span> <span class='ocrx_word' id='word_1_413' title='bbox 553 2836 604 2882; x_wconf 70' lang='lat' dir='ltr'>11¹ae</span> <span class='ocrx_word' id='word_1_414' title='bbox 627 2826 784 2881; x_wconf 67' lang='lat' dir='ltr'>subsfassfiae</span> <span class='ocrx_word' id='word_1_415' title='bbox 798 2823 895 2881; x_wconf 72' lang='lat' dir='ltr'>Simili·</span> <span class='ocrx_word' id='word_1_416' title='bbox 910 2836 932 2915; x_wconf 73' lang='lat' dir='ltr'><strong>c</strong></span> <span class='ocrx_word' id='word_1_417' title='bbox 948 2835 1034 2892; x_wconf 92' lang='lat' dir='ltr'>duum</span> <span class='ocrx_word' id='word_1_418' title='bbox 1056 2835 1108 2892; x_wconf 91' lang='lat' dir='ltr'>diei</span> <span class='ocrx_word' id='word_1_419' title='bbox 1124 2837 1214 2906; x_wconf 76' lang='lat' dir='ltr'>liuius,</span> <span class='ocrx_word' id='word_1_420' title='bbox 1235 2844 1262 2892; x_wconf 93' lang='lat' dir='ltr'>et</span> <span class='ocrx_word' id='word_1_421' title='bbox 1281 2844 1485 2908; x_wconf 78' lang='lat' dir='ltr'>superventurae</span> <span class='ocrx_word' id='word_1_422' title='bbox 1508 2837 1596 2891; x_wconf 87' lang='lat' dir='ltr'>noetis</span> <span class='ocrx_word' id='word_1_423' title='bbox 1614 2838 1662 2894; x_wconf 80' lang='lat' dir='ltr'>vix</span> <span class='ocrx_word' id='word_1_424' title='bbox 1683 2851 1743 2892; x_wconf 75' lang='grc' dir='ltr'>ιιιι·</span> 
     </span>
     <span class='ocr_line' id='line_1_32' title="bbox 70 2914 1744 2998; baseline -0.008 -17"><span class='ocrx_word' id='word_1_425' title='bbox 70 2930 74 2937; x_wconf 91' lang='grc'>’</span> <span class='ocrx_word' id='word_1_426' title='bbox 101 2925 219 2982; x_wconf 91' lang='lat' dir='ltr'>tudinem</span> <span class='ocrx_word' id='word_1_427' title='bbox 229 2922 377 2982; x_wconf 76' lang='lat' dir='ltr'>fabricata,</span> <span class='ocrx_word' id='word_1_428' title='bbox 392 2916 465 2988; x_wconf 89' lang='lat' dir='ltr'>quia,</span> <span class='ocrx_word' id='word_1_429' title='bbox 481 2915 533 2971; x_wconf 87' lang='lat' dir='ltr'>etsi</span> <span class='ocrx_word' id='word_1_430' title='bbox 541 2914 635 2970; x_wconf 78' lang='lat' dir='ltr'>ottenis</span> <span class='ocrx_word' id='word_1_431' title='bbox 647 2914 727 2973; x_wconf 83' lang='lat' dir='ltr'>bomo</span> <span class='ocrx_word' id='word_1_432' title='bbox 737 2916 831 2970; x_wconf 84' lang='lat' dir='ltr'>virens</span> <span class='ocrx_word' id='word_1_433' title='bbox 845 2929 894 2969; x_wconf 87' lang='lat' dir='ltr'>ua-</span> <span class='ocrx_word' id='word_1_434' title='bbox 949 2923 1047 2979; x_wconf 62' lang='lat' dir='ltr'>alauda</span> <span class='ocrx_word' id='word_1_435' title='bbox 1071 2923 1240 2997; x_wconf 66' lang='lat' dir='ltr'>progressio,</span> <span class='ocrx_word' id='word_1_436' title='bbox 1261 2923 1365 2979; x_wconf 60' lang='lat' dir='ltr'>dirimit</span> <span class='ocrx_word' id='word_1_437' title='bbox 1392 2939 1441 2980; x_wconf 90' lang='lat' dir='ltr'>nos</span> <span class='ocrx_word' id='word_1_438' title='bbox 1464 2940 1480 2979; x_wconf 70' lang='lat' dir='ltr'>a</span> <span class='ocrx_word' id='word_1_439' title='bbox 1501 2925 1577 2982; x_wconf 61' lang='lat' dir='ltr'>vultu</span> <span class='ocrx_word' id='word_1_440' title='bbox 1597 2924 1705 2998; x_wconf 54' lang='lat' dir='ltr'>prm,</span> <span class='ocrx_word' id='word_1_441' title='bbox 1728 2939 1744 2980; x_wconf 58' lang='grc' dir='ltr'>ι</span> 
     </span>
     <span class='ocr_line' id='line_1_33' title="bbox 99 2998 1745 3084; baseline 0 -14"><span class='ocrx_word' id='word_1_442' title='bbox 99 3014 177 3067; x_wconf 84' lang='lat' dir='ltr'>uitas</span> <span class='ocrx_word' id='word_1_443' title='bbox 191 3015 233 3065; x_wconf 73' lang='lat' dir='ltr'>cst</span> <span class='ocrx_word' id='word_1_444' title='bbox 249 3007 334 3078; x_wconf 67' lang='lat' dir='ltr'>(Paci</span> <span class='ocrx_word' id='word_1_445' title='bbox 364 3017 487 3070; x_wconf 65' lang='lat' dir='ltr'>milli.</span> <span class='ocrx_word' id='word_1_446' title='bbox 505 3001 544 3072; x_wconf 71' lang='grc'>6),</span> <span class='ocrx_word' id='word_1_447' title='bbox 564 3000 593 3056; x_wconf 74' lang='lat' dir='ltr'>iss</span> <span class='ocrx_word' id='word_1_448' title='bbox 607 2998 726 3073; x_wconf 62' lang='lat' dir='ltr'>hufoine</span> <span class='ocrx_word' id='word_1_449' title='bbox 747 3008 837 3055; x_wconf 87' lang='lat' dir='ltr'>tamen</span> <span class='ocrx_word' id='word_1_450' title='bbox 851 3012 897 3056; x_wconf 64' lang='grc' dir='ltr'>ιιι</span> <span class='ocrx_word' id='word_1_451' title='bbox 950 3025 1035 3082; x_wconf 89' lang='lat' dir='ltr'>puero</span> <span class='ocrx_word' id='word_1_452' title='bbox 1049 3011 1149 3080; x_wconf 87' lang='lat' dir='ltr'>Deo,a</span> <span class='ocrx_word' id='word_1_453' title='bbox 1172 3012 1319 3083; x_wconf 87' lang='lat' dir='ltr'>puerperio</span> <span class='ocrx_word' id='word_1_454' title='bbox 1331 3012 1472 3084; x_wconf 88' lang='lat' dir='ltr'>singulari.</span> <span class='ocrx_word' id='word_1_455' title='bbox 1489 3013 1594 3068; x_wconf 89' lang='lat' dir='ltr'>Currite</span> <span class='ocrx_word' id='word_1_456' title='bbox 1614 3012 1745 3074; x_wconf 83' lang='lat' dir='ltr'>celeriora</span> 
     </span>
    </p>
   </div>
   <div class='ocr_carea' id='block_1_3' title="bbox 2 3089 1746 3172">
    <p class='ocr_par' dir='ltr' id='par_1_3' title="bbox 2 3089 1746 3172">
     <span class='ocr_line' id='line_1_34' title="bbox 2 3089 1746 3172; baseline 0.005 -23"><span class='ocrx_word' id='word_1_457' title='bbox 2 3144 4 3149; x_wconf 83' lang='lat'>.</span> <span class='ocrx_word' id='word_1_458' title='bbox 100 3089 897 3172; x_wconf 82' lang='lat' dir='ltr'>pertransiens,vauitasessenonpotest.Nunguiditaucme</span> <span class='ocrx_word' id='word_1_459' title='bbox 949 3107 975 3154; x_wconf 80' lang='lat' dir='ltr'>et</span> <span class='ocrx_word' id='word_1_460' title='bbox 1001 3098 1135 3169; x_wconf 90' lang='lat' dir='ltr'>rapidiore</span> <span class='ocrx_word' id='word_1_461' title='bbox 1148 3114 1240 3170; x_wconf 86' lang='lat' dir='ltr'>passu,</span> <span class='ocrx_word' id='word_1_462' title='bbox 1256 3098 1377 3156; x_wconf 88' lang='lat' dir='ltr'>conficite</span> <span class='ocrx_word' id='word_1_463' title='bbox 1392 3107 1477 3156; x_wconf 88' lang='lat' dir='ltr'>metas</span> <span class='ocrx_word' id='word_1_464' title='bbox 1491 3110 1605 3169; x_wconf 86' lang='lat' dir='ltr'>vestras,</span> <span class='ocrx_word' id='word_1_465' title='bbox 1623 3110 1655 3158; x_wconf 89' lang='grc' dir='ltr'>ιιι</span> <span class='ocrx_word' id='word_1_466' title='bbox 1669 3101 1746 3159; x_wconf 66' lang='lat' dir='ltr'>licen</span> 
     </span>
    </p>
   </div>
   <div class='ocr_carea' id='block_1_4' title="bbox 95 3171 1745 5283">
    <p class='ocr_par' dir='ltr' id='par_1_4' title="bbox 95 3171 1745 5283">
     <span class='ocr_line' id='line_1_35' title="bbox 100 3171 1745 3260; baseline -0.007 -17"><span class='ocrx_word' id='word_1_467' title='bbox 100 3171 635 3250; x_wconf 69' lang='lat' dir='ltr'>eonstituistiornrresfilioslrominumi</span> <span class='ocrx_word' id='word_1_468' title='bbox 650 3178 738 3249; x_wconf 81' lang='lat' dir='ltr'>(Psal.</span> <span class='ocrx_word' id='word_1_469' title='bbox 753 3192 896 3249; x_wconf 81' lang='lat' dir='ltr'>cxxxviii,</span> <span class='ocrx_word' id='word_1_470' title='bbox 948 3186 1040 3242; x_wconf 64' lang='lat' dir='ltr'>videre</span> <span class='ocrx_word' id='word_1_471' title='bbox 1054 3186 1152 3242; x_wconf 70' lang='lat' dir='ltr'>Filium</span> <span class='ocrx_word' id='word_1_472' title='bbox 1167 3188 1216 3243; x_wconf 71' lang='lat' dir='ltr'>[tei</span> <span class='ocrx_word' id='word_1_473' title='bbox 1228 3187 1382 3260; x_wconf 61' lang='lat' dir='ltr'>vagientem</span> <span class='ocrx_word' id='word_1_474' title='bbox 1404 3189 1432 3243; x_wconf 71' lang='lat' dir='ltr'>in</span> <span class='ocrx_word' id='word_1_475' title='bbox 1447 3190 1532 3258; x_wconf 64' lang='lat' dir='ltr'>cunis,</span> <span class='ocrx_word' id='word_1_476' title='bbox 1548 3197 1577 3245; x_wconf 68' lang='lat' dir='ltr'>eg</span> <span class='ocrx_word' id='word_1_477' title='bbox 1599 3187 1745 3247; x_wconf 57' lang='lat' dir='ltr'>sunm</span> 
     </span>
     <span class='ocr_line' id='line_1_36' title="bbox 100 3265 1745 3350; baseline 0 -20"><span class='ocrx_word' id='word_1_478' title='bbox 100 3277 145 3346; x_wconf 78' lang='grc' dir='ltr'>ιι)</span> <span class='ocrx_word' id='word_1_479' title='bbox 162 3273 306 3345; x_wconf 89' lang='lat' dir='ltr'>dequibus</span> <span class='ocrx_word' id='word_1_480' title='bbox 320 3268 388 3325; x_wconf 89' lang='lat' dir='ltr'>diois</span> <span class='ocrx_word' id='word_1_481' title='bbox 401 3285 408 3323; x_wconf 80' lang='lat' dir='ltr'>a</span> <span class='ocrx_word' id='word_1_482' title='bbox 423 3266 685 3325; x_wconf 80' lang='lat' dir='ltr'>Delieitemcoeerse</span> <span class='ocrx_word' id='word_1_483' title='bbox 696 3265 895 3336; x_wconf 65' lang='lat' dir='ltr'>cumillisbo·</span> <span class='ocrx_word' id='word_1_484' title='bbox 949 3274 1086 3330; x_wconf 83' lang='lat' dir='ltr'>nativitati</span> <span class='ocrx_word' id='word_1_485' title='bbox 1112 3274 1310 3347; x_wconf 89' lang='lat' dir='ltr'>qualiacunque</span> <span class='ocrx_word' id='word_1_486' title='bbox 1320 3276 1451 3348; x_wconf 85' lang='lat' dir='ltr'>obsequia</span> <span class='ocrx_word' id='word_1_487' title='bbox 1466 3287 1631 3350; x_wconf 78' lang='lat' dir='ltr'>praeparate.</span> <span class='ocrx_word' id='word_1_488' title='bbox 1657 3277 1745 3335; x_wconf 85' lang='lat' dir='ltr'>Credo</span> 
     </span>
     <span class='ocr_line' id='line_1_37' title="bbox 99 3353 1744 3437; baseline 0.002 -18"><span class='ocrx_word' id='word_1_489' title='bbox 99 3365 212 3421; x_wconf 83' lang='lat' dir='ltr'>minum</span> <span class='ocrx_word' id='word_1_490' title='bbox 231 3362 323 3434; x_wconf 85' lang='lat' dir='ltr'>(Prou.</span> <span class='ocrx_word' id='word_1_491' title='bbox 339 3373 400 3423; x_wconf 84' lang='lat' dir='ltr'>virt.</span> <span class='ocrx_word' id='word_1_492' title='bbox 425 3355 483 3428; x_wconf 76' lang='lat'>3¹),</span> <span class='ocrx_word' id='word_1_493' title='bbox 497 3364 524 3411; x_wconf 83' lang='lat' dir='ltr'>ul</span> <span class='ocrx_word' id='word_1_494' title='bbox 546 3371 595 3411; x_wconf 67' lang='grc' dir='ltr'>θοι</span> <span class='ocrx_word' id='word_1_495' title='bbox 610 3363 724 3411; x_wconf 62' lang='lat' dir='ltr'>velleret</span> <span class='ocrx_word' id='word_1_496' title='bbox 737 3364 765 3410; x_wconf 70' lang='lat' dir='ltr'>ci</span> <span class='ocrx_word' id='word_1_497' title='bbox 780 3353 896 3412; x_wconf 65' lang='lat' dir='ltr'>divelle·</span> <span class='ocrx_word' id='word_1_498' title='bbox 950 3378 1067 3420; x_wconf 84' lang='lat' dir='ltr'>vosesse</span> <span class='ocrx_word' id='word_1_499' title='bbox 1081 3361 1152 3420; x_wconf 87' lang='lat' dir='ltr'>illios</span> <span class='ocrx_word' id='word_1_500' title='bbox 1165 3363 1259 3432; x_wconf 88' lang='lat' dir='ltr'>lsrael,</span> <span class='ocrx_word' id='word_1_501' title='bbox 1274 3363 1453 3420; x_wconf 86' lang='lat' dir='ltr'>sanctiticatos</span> <span class='ocrx_word' id='word_1_502' title='bbox 1466 3365 1501 3419; x_wconf 89' lang='lat' dir='ltr'>ab</span> <span class='ocrx_word' id='word_1_503' title='bbox 1526 3367 1600 3420; x_wconf 91' lang='lat' dir='ltr'>omui</span> <span class='ocrx_word' id='word_1_504' title='bbox 1617 3364 1744 3437; x_wconf 81' lang='lat' dir='ltr'>inquina-</span> 
     </span>
     <span class='ocr_line' id='line_1_38' title="bbox 99 3441 1745 3523; baseline 0.001 -15"><span class='ocrx_word' id='word_1_505' title='bbox 99 3460 141 3508; x_wconf 89' lang='lat' dir='ltr'>ret</span> <span class='ocrx_word' id='word_1_506' title='bbox 155 3467 172 3507; x_wconf 91' lang='lat' dir='ltr'>a</span> <span class='ocrx_word' id='word_1_507' title='bbox 187 3460 212 3508; x_wconf 89' lang='lat' dir='ltr'>te</span> <span class='ocrx_word' id='word_1_508' title='bbox 226 3449 358 3521; x_wconf 88' lang='lat' dir='ltr'>malignus</span> <span class='ocrx_word' id='word_1_509' title='bbox 374 3444 418 3500; x_wconf 92' lang='lat' dir='ltr'>ille</span> <span class='ocrx_word' id='word_1_510' title='bbox 433 3445 573 3514; x_wconf 84' lang='lat' dir='ltr'>deceptor,</span> <span class='ocrx_word' id='word_1_511' title='bbox 590 3443 636 3515; x_wconf 92' lang='lat' dir='ltr'>qui</span> <span class='ocrx_word' id='word_1_512' title='bbox 655 3441 789 3513; x_wconf 76' lang='lat' dir='ltr'>decipere,</span> <span class='ocrx_word' id='word_1_513' title='bbox 803 3442 855 3497; x_wconf 64' lang='lat'>⁰5⁸5</span> <span class='ocrx_word' id='word_1_514' title='bbox 870 3448 896 3497; x_wconf 74' lang='grc' dir='ltr'>ῑθ</span> <span class='ocrx_word' id='word_1_515' title='bbox 948 3459 1040 3508; x_wconf 88' lang='lat' dir='ltr'>mento</span> <span class='ocrx_word' id='word_1_516' title='bbox 1054 3450 1142 3508; x_wconf 90' lang='lat' dir='ltr'>carnis</span> <span class='ocrx_word' id='word_1_517' title='bbox 1152 3456 1180 3507; x_wconf 89' lang='lat' dir='ltr'>et</span> <span class='ocrx_word' id='word_1_518' title='bbox 1197 3450 1318 3522; x_wconf 88' lang='lat' dir='ltr'>spiritus,</span> <span class='ocrx_word' id='word_1_519' title='bbox 1329 3452 1534 3523; x_wconf 86' lang='lat' dir='ltr'>praeparetosad</span> <span class='ocrx_word' id='word_1_520' title='bbox 1549 3452 1605 3509; x_wconf 89' lang='lat' dir='ltr'>diei</span> <span class='ocrx_word' id='word_1_521' title='bbox 1617 3454 1745 3511; x_wconf 74' lang='lat' dir='ltr'>crastina</span> 
     </span>
     <span class='ocr_line' id='line_1_39' title="bbox 100 3531 1745 3614; baseline 0.001 -18"><span class='ocrx_word' id='word_1_522' title='bbox 100 3540 284 3614; x_wconf 87' lang='lat' dir='ltr'>permittente,</span> <span class='ocrx_word' id='word_1_523' title='bbox 304 3551 359 3592; x_wconf 89' lang='lat' dir='ltr'>nou</span> <span class='ocrx_word' id='word_1_524' title='bbox 382 3531 479 3605; x_wconf 84' lang='lat' dir='ltr'>potuil-</span> <span class='ocrx_word' id='word_1_525' title='bbox 494 3531 608 3589; x_wconf 75' lang='lat' dir='ltr'>declina</span> <span class='ocrx_word' id='word_1_526' title='bbox 627 3531 707 3589; x_wconf 80' lang='lat' dir='ltr'>coelcc</span> <span class='ocrx_word' id='word_1_527' title='bbox 724 3534 788 3588; x_wconf 83' lang='lat' dir='ltr'>tuos</span> <span class='ocrx_word' id='word_1_528' title='bbox 806 3534 835 3586; x_wconf 76' lang='lat' dir='ltr'>cf</span> <span class='ocrx_word' id='word_1_529' title='bbox 849 3531 896 3587; x_wconf 76' lang='lat' dir='ltr'>dc·</span> <span class='ocrx_word' id='word_1_530' title='bbox 947 3547 1114 3596; x_wconf 85' lang='lat' dir='ltr'>sacramenta</span> <span class='ocrx_word' id='word_1_531' title='bbox 1127 3539 1242 3596; x_wconf 88' lang='lat' dir='ltr'>sollicita</span> <span class='ocrx_word' id='word_1_532' title='bbox 1255 3539 1398 3596; x_wconf 89' lang='lat' dir='ltr'>devotione</span> <span class='ocrx_word' id='word_1_533' title='bbox 1412 3549 1439 3596; x_wconf 91' lang='lat' dir='ltr'>et</span> <span class='ocrx_word' id='word_1_534' title='bbox 1452 3540 1547 3597; x_wconf 91' lang='lat' dir='ltr'>devota</span> <span class='ocrx_word' id='word_1_535' title='bbox 1561 3542 1745 3599; x_wconf 85' lang='lat' dir='ltr'>sollicitudine</span> 
     </span>
     <span class='ocr_line' id='line_1_40' title="bbox 98 3620 1744 3699; baseline -0.001 -11"><span class='ocrx_word' id='word_1_536' title='bbox 98 3627 295 3699; x_wconf 68' lang='lat' dir='ltr'>scendeffsat·</span> <span class='ocrx_word' id='word_1_537' title='bbox 310 3638 406 3688; x_wconf 72' lang='lat' dir='ltr'>cxiiii.</span> <span class='ocrx_word' id='word_1_538' title='bbox 422 3623 462 3693; x_wconf 65' lang='grc' dir='ltr'>ὅ),</span> <span class='ocrx_word' id='word_1_539' title='bbox 483 3632 509 3677; x_wconf 89' lang='lat' dir='ltr'>et</span> <span class='ocrx_word' id='word_1_540' title='bbox 521 3620 583 3677; x_wconf 71' lang='lat' dir='ltr'>illos</span> <span class='ocrx_word' id='word_1_541' title='bbox 598 3620 787 3676; x_wconf 66' lang='lat' dir='ltr'>misericordes</span> <span class='ocrx_word' id='word_1_542' title='bbox 800 3621 895 3676; x_wconf 72' lang='lat'><strong>0011108</strong></span> <span class='ocrx_word' id='word_1_543' title='bbox 947 3626 1128 3697; x_wconf 88' lang='lat' dir='ltr'>suscipiende.</span> <span class='ocrx_word' id='word_1_544' title='bbox 1151 3626 1222 3696; x_wconf 86' lang='lat' dir='ltr'>Quid</span> <span class='ocrx_word' id='word_1_545' title='bbox 1238 3627 1311 3683; x_wconf 89' lang='lat' dir='ltr'>enim</span> <span class='ocrx_word' id='word_1_546' title='bbox 1334 3627 1406 3682; x_wconf 92' lang='lat' dir='ltr'>aliud</span> <span class='ocrx_word' id='word_1_547' title='bbox 1421 3628 1464 3683; x_wconf 86' lang='lat' dir='ltr'>his</span> <span class='ocrx_word' id='word_1_548' title='bbox 1477 3629 1564 3684; x_wconf 87' lang='lat' dir='ltr'>sacris</span> <span class='ocrx_word' id='word_1_549' title='bbox 1576 3629 1678 3687; x_wconf 90' lang='lat' dir='ltr'>diebus</span> <span class='ocrx_word' id='word_1_550' title='bbox 1691 3632 1744 3687; x_wconf 76' lang='lat' dir='ltr'>dd·</span> 
     </span>
     <span class='ocr_line' id='line_1_41' title="bbox 99 3706 1744 3792; baseline 0.003 -21"><span class='ocrx_word' id='word_1_551' title='bbox 99 3716 207 3772; x_wconf 75' lang='lat' dir='ltr'>misi-ris</span> <span class='ocrx_word' id='word_1_552' title='bbox 222 3713 328 3769; x_wconf 83' lang='lat' dir='ltr'>inflecte</span> <span class='ocrx_word' id='word_1_553' title='bbox 344 3708 530 3784; x_wconf 85' lang='lat' dir='ltr'>peccantibus,</span> <span class='ocrx_word' id='word_1_554' title='bbox 547 3718 576 3764; x_wconf 94' lang='lat' dir='ltr'>ut</span> <span class='ocrx_word' id='word_1_555' title='bbox 588 3708 682 3763; x_wconf 89' lang='lat' dir='ltr'>saltem</span> <span class='ocrx_word' id='word_1_556' title='bbox 697 3723 750 3762; x_wconf 92' lang='lat' dir='ltr'>non</span> <span class='ocrx_word' id='word_1_557' title='bbox 765 3706 792 3762; x_wconf 92' lang='lat' dir='ltr'>in</span> <span class='ocrx_word' id='word_1_558' title='bbox 802 3722 895 3779; x_wconf 86' lang='lat' dir='ltr'>perps-</span> <span class='ocrx_word' id='word_1_559' title='bbox 948 3716 1041 3774; x_wconf 71' lang='lat' dir='ltr'>veneni</span> <span class='ocrx_word' id='word_1_560' title='bbox 1054 3717 1115 3785; x_wconf 75' lang='lat' dir='ltr'>ejus</span> <span class='ocrx_word' id='word_1_561' title='bbox 1127 3716 1259 3772; x_wconf 82' lang='lat' dir='ltr'>dedicatis</span> <span class='ocrx_word' id='word_1_562' title='bbox 1282 3716 1399 3788; x_wconf 75' lang='lat' dir='ltr'>egistis?</span> <span class='ocrx_word' id='word_1_563' title='bbox 1416 3718 1474 3772; x_wconf 83' lang='lat' dir='ltr'>Vidi</span> <span class='ocrx_word' id='word_1_564' title='bbox 1489 3734 1542 3792; x_wconf 91' lang='lat' dir='ltr'>ego</span> <span class='ocrx_word' id='word_1_565' title='bbox 1555 3734 1649 3789; x_wconf 86' lang='lat' dir='ltr'>senes,</span> <span class='ocrx_word' id='word_1_566' title='bbox 1665 3735 1744 3778; x_wconf 85' lang='lat' dir='ltr'>aene-</span> 
     </span>
     <span class='ocr_line' id='line_1_42' title="bbox 100 3795 1745 3882; baseline -0.001 -17"><span class='ocrx_word' id='word_1_567' title='bbox 100 3816 175 3862; x_wconf 84' lang='lat' dir='ltr'>tuum</span> <span class='ocrx_word' id='word_1_568' title='bbox 188 3799 357 3859; x_wconf 59' lang='lat' dir='ltr'>obliiiswss</span> <span class='ocrx_word' id='word_1_569' title='bbox 378 3796 475 3854; x_wconf 61' lang='lat' dir='ltr'>miili·</span> <span class='ocrx_word' id='word_1_570' title='bbox 491 3796 555 3851; x_wconf 59' lang='grc' dir='ltr'>ΗΜ</span> <span class='ocrx_word' id='word_1_571' title='bbox 574 3795 682 3865; x_wconf 66' lang='lat' dir='ltr'>quidem</span> <span class='ocrx_word' id='word_1_572' title='bbox 697 3795 756 3861; x_wconf 88' lang='lat' dir='ltr'>iste,</span> <span class='ocrx_word' id='word_1_573' title='bbox 780 3797 827 3850; x_wconf 69' lang='lat'>⁸⁰1¹</span> <span class='ocrx_word' id='word_1_574' title='bbox 842 3810 893 3866; x_wconf 71' lang='lat' dir='ltr'>de·</span> <span class='ocrx_word' id='word_1_575' title='bbox 947 3805 1028 3861; x_wconf 87' lang='lat' dir='ltr'>etatis</span> <span class='ocrx_word' id='word_1_576' title='bbox 1041 3804 1152 3872; x_wconf 90' lang='lat' dir='ltr'>oblitos,</span> <span class='ocrx_word' id='word_1_577' title='bbox 1167 3814 1254 3861; x_wconf 89' lang='lat' dir='ltr'>astare</span> <span class='ocrx_word' id='word_1_578' title='bbox 1269 3805 1354 3861; x_wconf 88' lang='lat' dir='ltr'>saeris</span> <span class='ocrx_word' id='word_1_579' title='bbox 1370 3806 1484 3877; x_wconf 86' lang='lat' dir='ltr'>juvenili</span> <span class='ocrx_word' id='word_1_580' title='bbox 1507 3808 1651 3864; x_wconf 85' lang='lat' dir='ltr'>alacritate</span> <span class='ocrx_word' id='word_1_581' title='bbox 1677 3807 1745 3882; x_wconf 84' lang='lat' dir='ltr'>vigi·</span> 
     </span>
     <span class='ocr_line' id='line_1_43' title="bbox 101 3883 1743 3968; baseline -0.005 -20"><span class='ocrx_word' id='word_1_582' title='bbox 101 3892 209 3948; x_wconf 75' lang='lat' dir='ltr'>milibus</span> <span class='ocrx_word' id='word_1_583' title='bbox 227 3896 254 3944; x_wconf 76' lang='lat' dir='ltr'>ot</span> <span class='ocrx_word' id='word_1_584' title='bbox 275 3884 543 3949; x_wconf 84' lang='lat' dir='ltr'>aerumnisintortus,</span> <span class='ocrx_word' id='word_1_585' title='bbox 568 3891 648 3938; x_wconf 63' lang='lat' dir='ltr'>Mnloe</span> <span class='ocrx_word' id='word_1_586' title='bbox 674 3883 894 3955; x_wconf 75' lang='lat' dir='ltr'>pl&#39;aeollmplfonfs</span> <span class='ocrx_word' id='word_1_587' title='bbox 946 3892 1008 3963; x_wconf 58' lang='lat' dir='ltr'>liisg</span> <span class='ocrx_word' id='word_1_588' title='bbox 1024 3902 1051 3948; x_wconf 73' lang='lat' dir='ltr'>et</span> <span class='ocrx_word' id='word_1_589' title='bbox 1066 3892 1182 3961; x_wconf 72' lang='lat' dir='ltr'>juvenes</span> <span class='ocrx_word' id='word_1_590' title='bbox 1202 3893 1344 3962; x_wconf 66' lang='lat' dir='ltr'>juventule</span> <span class='ocrx_word' id='word_1_591' title='bbox 1368 3894 1484 3963; x_wconf 60' lang='lat' dir='ltr'>sepulta,</span> <span class='ocrx_word' id='word_1_592' title='bbox 1510 3895 1590 3951; x_wconf 75' lang='lat' dir='ltr'>genili</span> <span class='ocrx_word' id='word_1_593' title='bbox 1614 3897 1743 3968; x_wconf 57' lang='lat' dir='ltr'>gravam</span> 
     </span>
     <span class='ocr_line' id='line_1_44' title="bbox 100 3968 1744 4044; baseline 0.001 -9"><span class='ocrx_word' id='word_1_594' title='bbox 100 3977 258 4035; x_wconf 90' lang='lat' dir='ltr'>sententiam</span> <span class='ocrx_word' id='word_1_595' title='bbox 275 3973 426 4044; x_wconf 73' lang='lat' dir='ltr'>abiurebat.</span> <span class='ocrx_word' id='word_1_596' title='bbox 442 3969 520 4037; x_wconf 76' lang='lat' dir='ltr'>fliet&#39;,</span> <span class='ocrx_word' id='word_1_597' title='bbox 535 3968 633 4041; x_wconf 73' lang='lat' dir='ltr'>inquil,</span> <span class='ocrx_word' id='word_1_598' title='bbox 655 3969 816 4027; x_wconf 69' lang='lat' dir='ltr'>Cocivdicm</span> <span class='ocrx_word' id='word_1_599' title='bbox 834 3973 893 4027; x_wconf 64' lang='lat' dir='ltr'>viai</span> <span class='ocrx_word' id='word_1_600' title='bbox 946 3977 1102 4034; x_wconf 75' lang='lat' dir='ltr'>reverentiae</span> <span class='ocrx_word' id='word_1_601' title='bbox 1115 3978 1415 4035; x_wconf 88' lang='lat' dir='ltr'>Divinitatisassistere.</span> <span class='ocrx_word' id='word_1_602' title='bbox 1433 3979 1516 4035; x_wconf 91' lang='lat' dir='ltr'>Plena</span> <span class='ocrx_word' id='word_1_603' title='bbox 1527 3990 1605 4036; x_wconf 87' lang='lat' dir='ltr'>erant</span> <span class='ocrx_word' id='word_1_604' title='bbox 1618 3981 1744 4039; x_wconf 80' lang='lat' dir='ltr'>subsellia</span> 
     </span>
     <span class='ocr_line' id='line_1_45' title="bbox 99 4058 1743 4174; baseline 0.001 -50"><span class='ocrx_word' id='word_1_605' title='bbox 99 4082 188 4133; x_wconf 80' lang='lat' dir='ltr'>meas,</span> <span class='ocrx_word' id='word_1_606' title='bbox 211 4067 245 4120; x_wconf 86' lang='lat' dir='ltr'>ut</span> <span class='ocrx_word' id='word_1_607' title='bbox 271 4077 330 4118; x_wconf 83' lang='lat' dir='ltr'>oon</span> <span class='ocrx_word' id='word_1_608' title='bbox 355 4059 518 4130; x_wconf 53' lang='lat' dir='ltr'>&amp;linguam</span> <span class='ocrx_word' id='word_1_609' title='bbox 545 4059 576 4113; x_wconf 83' lang='lat' dir='ltr'>ia</span> <span class='ocrx_word' id='word_1_610' title='bbox 601 4058 701 4131; x_wconf 79' lang='lat' dir='ltr'>lingua</span> <span class='ocrx_word' id='word_1_611' title='bbox 725 4073 788 4115; x_wconf 86' lang='lat' dir='ltr'>mco</span> <span class='ocrx_word' id='word_1_612' title='bbox 802 4058 890 4128; x_wconf 83' lang='lat' dir='ltr'>(Paul.</span> <span class='ocrx_word' id='word_1_613' title='bbox 909 4097 932 4174; x_wconf 65' lang='grc' dir='ltr'><strong>ῃ</strong></span> <span class='ocrx_word' id='word_1_614' title='bbox 949 4065 1162 4133; x_wconf 87' lang='lat' dir='ltr'>concinentibus,</span> <span class='ocrx_word' id='word_1_615' title='bbox 1178 4074 1205 4123; x_wconf 91' lang='lat' dir='ltr'>et</span> <span class='ocrx_word' id='word_1_616' title='bbox 1218 4079 1352 4124; x_wconf 86' lang='lat' dir='ltr'>concentu</span> <span class='ocrx_word' id='word_1_617' title='bbox 1379 4067 1458 4139; x_wconf 90' lang='lat' dir='ltr'>parili</span> <span class='ocrx_word' id='word_1_618' title='bbox 1481 4084 1561 4125; x_wconf 88' lang='lat' dir='ltr'>voces</span> <span class='ocrx_word' id='word_1_619' title='bbox 1574 4069 1603 4125; x_wconf 91' lang='lat' dir='ltr'>in</span> <span class='ocrx_word' id='word_1_620' title='bbox 1618 4069 1743 4126; x_wconf 72' lang='lat' dir='ltr'>sublini·</span> 
     </span>
     <span class='ocr_line' id='line_1_46' title="bbox 100 4152 1743 4227; baseline 0.002 -17"><span class='ocrx_word' id='word_1_621' title='bbox 100 4168 223 4220; x_wconf 83' lang='lat' dir='ltr'>xxxvru,</span> <span class='ocrx_word' id='word_1_622' title='bbox 236 4152 274 4223; x_wconf 76' lang='lat'>2).</span> <span class='ocrx_word' id='word_1_623' title='bbox 949 4155 999 4210; x_wconf 89' lang='lat' dir='ltr'>bus</span> <span class='ocrx_word' id='word_1_624' title='bbox 1013 4152 1188 4225; x_wconf 87' lang='lat' dir='ltr'>resonabant,</span> <span class='ocrx_word' id='word_1_625' title='bbox 1204 4162 1233 4210; x_wconf 94' lang='lat' dir='ltr'>ut</span> <span class='ocrx_word' id='word_1_626' title='bbox 1252 4155 1323 4211; x_wconf 91' lang='lat' dir='ltr'>felici</span> <span class='ocrx_word' id='word_1_627' title='bbox 1337 4155 1439 4213; x_wconf 85' lang='lat' dir='ltr'>invidie</span> <span class='ocrx_word' id='word_1_628' title='bbox 1460 4158 1568 4227; x_wconf 87' lang='lat' dir='ltr'>jurasse</span> <span class='ocrx_word' id='word_1_629' title='bbox 1583 4172 1634 4214; x_wconf 89' lang='lat' dir='ltr'>ros</span> <span class='ocrx_word' id='word_1_630' title='bbox 1649 4159 1743 4214; x_wconf 85' lang='lat' dir='ltr'>erede·</span> 
     </span>
     <span class='ocr_line' id='line_1_47' title="bbox 134 4233 1744 4311; baseline -0.006 -11"><span class='ocrx_word' id='word_1_631' title='bbox 134 4247 162 4300; x_wconf 76' lang='grc' dir='ltr'>ι.</span> <span class='ocrx_word' id='word_1_632' title='bbox 177 4242 230 4299; x_wconf 88' lang='lat' dir='ltr'>Sed</span> <span class='ocrx_word' id='word_1_633' title='bbox 245 4252 272 4297; x_wconf 88' lang='lat' dir='ltr'>et</span> <span class='ocrx_word' id='word_1_634' title='bbox 286 4238 332 4296; x_wconf 90' lang='lat' dir='ltr'>ille</span> <span class='ocrx_word' id='word_1_635' title='bbox 346 4238 385 4296; x_wconf 87' lang='lat' dir='ltr'>vir</span> <span class='ocrx_word' id='word_1_636' title='bbox 400 4234 508 4302; x_wconf 91' lang='lat' dir='ltr'>nobilis,</span> <span class='ocrx_word' id='word_1_637' title='bbox 520 4243 548 4292; x_wconf 92' lang='lat' dir='ltr'>et</span> <span class='ocrx_word' id='word_1_638' title='bbox 559 4234 687 4308; x_wconf 91' lang='lat' dir='ltr'>profundi</span> <span class='ocrx_word' id='word_1_639' title='bbox 700 4233 832 4291; x_wconf 87' lang='lat' dir='ltr'>sermonis</span> <span class='ocrx_word' id='word_1_640' title='bbox 847 4250 892 4290; x_wconf 91' lang='lat' dir='ltr'>ur·</span> <span class='ocrx_word' id='word_1_641' title='bbox 945 4257 1002 4297; x_wconf 79' lang='lat' dir='ltr'>rem</span> <span class='ocrx_word' id='word_1_642' title='bbox 1020 4240 1137 4311; x_wconf 77' lang='lat' dir='ltr'>jubilare</span> <span class='ocrx_word' id='word_1_643' title='bbox 1160 4241 1220 4298; x_wconf 78' lang='lat' dir='ltr'>Deo</span> <span class='ocrx_word' id='word_1_644' title='bbox 1242 4241 1270 4297; x_wconf 80' lang='lat' dir='ltr'>in</span> <span class='ocrx_word' id='word_1_645' title='bbox 1294 4258 1361 4300; x_wconf 69' lang='lat' dir='ltr'>voce</span> <span class='ocrx_word' id='word_1_646' title='bbox 1388 4243 1586 4300; x_wconf 67' lang='lat' dir='ltr'>exsulationis.</span> <span class='ocrx_word' id='word_1_647' title='bbox 1616 4243 1744 4302; x_wconf 61' lang='lat' dir='ltr'>psalm</span> 
     </span>
     <span class='ocr_line' id='line_1_48' title="bbox 99 4322 1743 4405; baseline 0.001 -15"><span class='ocrx_word' id='word_1_648' title='bbox 99 4333 216 4391; x_wconf 81' lang='lat' dir='ltr'>basiate</span> <span class='ocrx_word' id='word_1_649' title='bbox 238 4326 405 4403; x_wconf 88' lang='lat' dir='ltr'>perlucidus,</span> <span class='ocrx_word' id='word_1_650' title='bbox 429 4323 586 4381; x_wconf 77' lang='lat' dir='ltr'>affectuosis</span> <span class='ocrx_word' id='word_1_651' title='bbox 612 4322 769 4380; x_wconf 74' lang='lat' dir='ltr'>excessibus</span> <span class='ocrx_word' id='word_1_652' title='bbox 788 4322 891 4380; x_wconf 81' lang='lat' dir='ltr'>incalc-</span> <span class='ocrx_word' id='word_1_653' title='bbox 944 4339 1020 4387; x_wconf 87' lang='lat' dir='ltr'>erant</span> <span class='ocrx_word' id='word_1_654' title='bbox 1034 4347 1090 4402; x_wconf 80' lang='lat' dir='ltr'>pre</span> <span class='ocrx_word' id='word_1_655' title='bbox 1106 4330 1237 4401; x_wconf 90' lang='lat' dir='ltr'>manibus,</span> <span class='ocrx_word' id='word_1_656' title='bbox 1252 4332 1350 4403; x_wconf 88' lang='lat' dir='ltr'>psalmi</span> <span class='ocrx_word' id='word_1_657' title='bbox 1364 4334 1392 4388; x_wconf 91' lang='lat' dir='ltr'>in</span> <span class='ocrx_word' id='word_1_658' title='bbox 1411 4332 1502 4405; x_wconf 86' lang='lat' dir='ltr'>labiis,</span> <span class='ocrx_word' id='word_1_659' title='bbox 1523 4334 1550 4388; x_wconf 87' lang='lat' dir='ltr'>in</span> <span class='ocrx_word' id='word_1_660' title='bbox 1564 4335 1648 4392; x_wconf 88' lang='lat' dir='ltr'>eorde</span> <span class='ocrx_word' id='word_1_661' title='bbox 1662 4336 1743 4392; x_wconf 88' lang='lat' dir='ltr'>dero·</span> 
     </span>
     <span class='ocr_line' id='line_1_49' title="bbox 98 4410 1741 4491; baseline 0 -12"><span class='ocrx_word' id='word_1_662' title='bbox 98 4439 187 4491; x_wconf 90' lang='lat' dir='ltr'>soeus,</span> <span class='ocrx_word' id='word_1_663' title='bbox 203 4416 292 4476; x_wconf 72' lang='lat' dir='ltr'>ow</span> <span class='ocrx_word' id='word_1_664' title='bbox 311 4418 428 4490; x_wconf 83' lang='lat' dir='ltr'>Propter</span> <span class='ocrx_word' id='word_1_665' title='bbox 456 4414 534 4479; x_wconf 84' lang='lat' dir='ltr'>Sion,</span> <span class='ocrx_word' id='word_1_666' title='bbox 550 4410 646 4484; x_wconf 84' lang='lat' dir='ltr'>inquil,</span> <span class='ocrx_word' id='word_1_667' title='bbox 669 4427 727 4470; x_wconf 76' lang='lat' dir='ltr'>stota</span> <span class='ocrx_word' id='word_1_668' title='bbox 743 4412 845 4479; x_wconf 84' lang='lat' dir='ltr'>tacebo,</span> <span class='ocrx_word' id='word_1_669' title='bbox 861 4415 890 4468; x_wconf 85' lang='lat' dir='ltr'>et</span> <span class='ocrx_word' id='word_1_670' title='bbox 945 4418 1002 4475; x_wconf 91' lang='lat' dir='ltr'>tio:</span> <span class='ocrx_word' id='word_1_671' title='bbox 1024 4418 1221 4475; x_wconf 89' lang='lat' dir='ltr'>solemnitatem</span> <span class='ocrx_word' id='word_1_672' title='bbox 1236 4418 1319 4473; x_wconf 87' lang='lat' dir='ltr'>animi</span> <span class='ocrx_word' id='word_1_673' title='bbox 1334 4418 1473 4476; x_wconf 90' lang='lat' dir='ltr'>indicabat</span> <span class='ocrx_word' id='word_1_674' title='bbox 1497 4420 1620 4479; x_wconf 82' lang='lat' dir='ltr'>hilaritas</span> <span class='ocrx_word' id='word_1_675' title='bbox 1643 4423 1741 4490; x_wconf 78' lang='grc' dir='ltr'>ιιιιιιι,</span> 
     </span>
     <span class='ocr_line' id='line_1_50' title="bbox 96 4500 1742 4584; baseline 0.001 -17"><span class='ocrx_word' id='word_1_676' title='bbox 96 4516 213 4584; x_wconf 81' lang='lat' dir='ltr'>propter</span> <span class='ocrx_word' id='word_1_677' title='bbox 224 4506 382 4566; x_wconf 80' lang='lat' dir='ltr'>Jerusalem</span> <span class='ocrx_word' id='word_1_678' title='bbox 395 4517 453 4562; x_wconf 78' lang='lat' dir='ltr'>nott</span> <span class='ocrx_word' id='word_1_679' title='bbox 472 4503 611 4575; x_wconf 71' lang='lat' dir='ltr'>quiescam</span> <span class='ocrx_word' id='word_1_680' title='bbox 622 4500 688 4573; x_wconf 71' lang='lat' dir='ltr'>(iac-</span> <span class='ocrx_word' id='word_1_681' title='bbox 699 4514 767 4556; x_wconf 85' lang='lat' dir='ltr'>nxtt.</span> <span class='ocrx_word' id='word_1_682' title='bbox 786 4500 823 4571; x_wconf 81' lang='lat' dir='ltr'>l),</span> <span class='ocrx_word' id='word_1_683' title='bbox 834 4509 888 4557; x_wconf 72' lang='lat' dir='ltr'>cio·</span> <span class='ocrx_word' id='word_1_684' title='bbox 943 4506 1076 4563; x_wconf 74' lang='lat' dir='ltr'>discerno</span> <span class='ocrx_word' id='word_1_685' title='bbox 1089 4506 1222 4579; x_wconf 88' lang='lat' dir='ltr'>corporis,</span> <span class='ocrx_word' id='word_1_686' title='bbox 1247 4506 1337 4577; x_wconf 87' lang='lat' dir='ltr'>operis</span> <span class='ocrx_word' id='word_1_687' title='bbox 1351 4508 1512 4567; x_wconf 87' lang='lat' dir='ltr'>sollicitudo.</span> <span class='ocrx_word' id='word_1_688' title='bbox 1528 4510 1640 4580; x_wconf 83' lang='lat' dir='ltr'>inspexi</span> <span class='ocrx_word' id='word_1_689' title='bbox 1653 4526 1742 4568; x_wconf 74' lang='grc' dir='ltr'>ιιωι·</span> 
     </span>
     <span class='ocr_line' id='line_1_51' title="bbox 100 4587 1744 4669; baseline 0.002 -15"><span class='ocrx_word' id='word_1_690' title='bbox 100 4600 226 4669; x_wconf 80' lang='lat' dir='ltr'>Utinam,</span> <span class='ocrx_word' id='word_1_691' title='bbox 240 4596 286 4663; x_wconf 87' lang='lat' dir='ltr'>ait,</span> <span class='ocrx_word' id='word_1_692' title='bbox 301 4594 475 4666; x_wconf 77' lang='lat' dir='ltr'>dirumperes</span> <span class='ocrx_word' id='word_1_693' title='bbox 484 4590 574 4656; x_wconf 84' lang='lat' dir='ltr'>coelos,</span> <span class='ocrx_word' id='word_1_694' title='bbox 585 4587 815 4647; x_wconf 80' lang='lat' dir='ltr'>etdeamrtderes!</span> <span class='ocrx_word' id='word_1_695' title='bbox 822 4588 888 4661; x_wconf 82' lang='lat' dir='ltr'>(fan.</span> <span class='ocrx_word' id='word_1_696' title='bbox 943 4593 1020 4652; x_wconf 89' lang='lat' dir='ltr'>detes</span> <span class='ocrx_word' id='word_1_697' title='bbox 1044 4593 1220 4668; x_wconf 88' lang='lat' dir='ltr'>vigilantibus</span> <span class='ocrx_word' id='word_1_698' title='bbox 1234 4595 1320 4651; x_wconf 90' lang='lat' dir='ltr'>oculis</span> <span class='ocrx_word' id='word_1_699' title='bbox 1334 4596 1437 4668; x_wconf 89' lang='lat' dir='ltr'>primos</span> <span class='ocrx_word' id='word_1_700' title='bbox 1451 4597 1505 4654; x_wconf 93' lang='lat' dir='ltr'>diei</span> <span class='ocrx_word' id='word_1_701' title='bbox 1520 4606 1596 4656; x_wconf 85' lang='lat' dir='ltr'>ortus</span> <span class='ocrx_word' id='word_1_702' title='bbox 1610 4599 1744 4657; x_wconf 80' lang='lat' dir='ltr'>subtiliter</span> 
     </span>
     <span class='ocr_line' id='line_1_52' title="bbox 97 4676 1743 4760; baseline 0.001 -16"><span class='ocrx_word' id='word_1_703' title='bbox 97 4701 173 4751; x_wconf 79' lang='lat' dir='ltr'>univ,</span> <span class='ocrx_word' id='word_1_704' title='bbox 189 4688 227 4756; x_wconf 88' lang='grc' dir='ltr'>ι),</span> <span class='ocrx_word' id='word_1_705' title='bbox 251 4692 278 4738; x_wconf 86' lang='lat' dir='ltr'>et</span> <span class='ocrx_word' id='word_1_706' title='bbox 304 4681 357 4736; x_wconf 86' lang='lat' dir='ltr'>alia</span> <span class='ocrx_word' id='word_1_707' title='bbox 379 4680 471 4747; x_wconf 88' lang='lat' dir='ltr'>multa,</span> <span class='ocrx_word' id='word_1_708' title='bbox 497 4693 559 4750; x_wconf 80' lang='lat' dir='ltr'>quae</span> <span class='ocrx_word' id='word_1_709' title='bbox 585 4676 724 4733; x_wconf 86' lang='lat' dir='ltr'>fastidiosa</span> <span class='ocrx_word' id='word_1_710' title='bbox 749 4677 890 4749; x_wconf 83' lang='lat' dir='ltr'>prolixitas</span> <span class='ocrx_word' id='word_1_711' title='bbox 943 4681 1082 4754; x_wconf 87' lang='lat' dir='ltr'>indagare,</span> <span class='ocrx_word' id='word_1_712' title='bbox 1110 4685 1349 4742; x_wconf 89' lang='lat' dir='ltr'>sacramentalibus</span> <span class='ocrx_word' id='word_1_713' title='bbox 1376 4686 1452 4742; x_wconf 86' lang='lat' dir='ltr'>indui</span> <span class='ocrx_word' id='word_1_714' title='bbox 1480 4688 1671 4760; x_wconf 85' lang='lat' dir='ltr'>vestimentis;</span> <span class='ocrx_word' id='word_1_715' title='bbox 1698 4687 1743 4746; x_wconf 78' lang='lat' dir='ltr'>ie·</span> 
     </span>
     <span class='ocr_line' id='line_1_53' title="bbox 96 4763 1744 4850; baseline 0.001 -18"><span class='ocrx_word' id='word_1_716' title='bbox 96 4782 169 4834; x_wconf 90' lang='lat' dir='ltr'>vetat</span> <span class='ocrx_word' id='word_1_717' title='bbox 187 4773 318 4829; x_wconf 88' lang='lat' dir='ltr'>inserere.</span> <span class='ocrx_word' id='word_1_718' title='bbox 333 4769 383 4825; x_wconf 82' lang='lat' dir='ltr'>llio</span> <span class='ocrx_word' id='word_1_719' title='bbox 405 4768 485 4823; x_wconf 67' lang='lat' dir='ltr'>etiam</span> <span class='ocrx_word' id='word_1_720' title='bbox 505 4764 658 4820; x_wconf 87' lang='lat' dir='ltr'>morosioris</span> <span class='ocrx_word' id='word_1_721' title='bbox 673 4763 765 4839; x_wconf 88' lang='lat' dir='ltr'>gratiae</span> <span class='ocrx_word' id='word_1_722' title='bbox 781 4765 889 4839; x_wconf 90' lang='lat' dir='ltr'>longin·</span> <span class='ocrx_word' id='word_1_723' title='bbox 944 4771 1026 4828; x_wconf 82' lang='lat' dir='ltr'>troire</span> <span class='ocrx_word' id='word_1_724' title='bbox 1039 4772 1073 4825; x_wconf 92' lang='lat' dir='ltr'>ad</span> <span class='ocrx_word' id='word_1_725' title='bbox 1100 4771 1185 4827; x_wconf 87' lang='lat' dir='ltr'>altare</span> <span class='ocrx_word' id='word_1_726' title='bbox 1211 4772 1272 4840; x_wconf 90' lang='lat' dir='ltr'>Dei,</span> <span class='ocrx_word' id='word_1_727' title='bbox 1301 4775 1336 4829; x_wconf 89' lang='lat' dir='ltr'>ad</span> <span class='ocrx_word' id='word_1_728' title='bbox 1360 4774 1565 4832; x_wconf 88' lang='lat' dir='ltr'>sacrificandum</span> <span class='ocrx_word' id='word_1_729' title='bbox 1593 4791 1697 4850; x_wconf 83' lang='lat' dir='ltr'>eorpus</span> <span class='ocrx_word' id='word_1_730' title='bbox 1717 4786 1744 4835; x_wconf 87' lang='lat' dir='ltr'>at</span> 
     </span>
     <span class='ocr_line' id='line_1_54' title="bbox 95 4852 1742 4937; baseline 0.001 -16"><span class='ocrx_word' id='word_1_731' title='bbox 95 4864 196 4937; x_wconf 91' lang='lat' dir='ltr'>quitate</span> <span class='ocrx_word' id='word_1_732' title='bbox 217 4871 376 4930; x_wconf 90' lang='lat' dir='ltr'>suspensus,</span> <span class='ocrx_word' id='word_1_733' title='bbox 403 4863 430 4913; x_wconf 90' lang='lat' dir='ltr'>et</span> <span class='ocrx_word' id='word_1_734' title='bbox 456 4853 596 4909; x_wconf 89' lang='lat' dir='ltr'>nimietate</span> <span class='ocrx_word' id='word_1_735' title='bbox 621 4852 722 4908; x_wconf 89' lang='lat' dir='ltr'>doloris</span> <span class='ocrx_word' id='word_1_736' title='bbox 745 4853 887 4933; x_wconf 81' lang='lat' dir='ltr'>excedens,</span> <span class='ocrx_word' id='word_1_737' title='bbox 942 4857 1102 4932; x_wconf 85' lang='lat' dir='ltr'>sanguinem</span> <span class='ocrx_word' id='word_1_738' title='bbox 1123 4858 1323 4933; x_wconf 82' lang='lat' dir='ltr'>Redemptoris.</span> <span class='ocrx_word' id='word_1_739' title='bbox 1349 4861 1409 4919; x_wconf 83' lang='lat' dir='ltr'>lidi</span> <span class='ocrx_word' id='word_1_740' title='bbox 1429 4863 1611 4920; x_wconf 88' lang='lat' dir='ltr'>assistentium</span> <span class='ocrx_word' id='word_1_741' title='bbox 1636 4864 1742 4922; x_wconf 78' lang='lat' dir='ltr'>turben</span> 
     </span>
     <span class='ocr_line' id='line_1_55' title="bbox 96 4941 1742 5025; baseline 0 -16"><span class='ocrx_word' id='word_1_742' title='bbox 96 4951 270 5024; x_wconf 84' lang='lat' dir='ltr'>impatienter</span> <span class='ocrx_word' id='word_1_743' title='bbox 288 4944 508 5003; x_wconf 89' lang='lat' dir='ltr'>oblatratdioens</span> <span class='ocrx_word' id='word_1_744' title='bbox 524 4961 530 4998; x_wconf 93' lang='lat'><strong>:</strong></span> <span class='ocrx_word' id='word_1_745' title='bbox 548 4943 617 4997; x_wconf 81' lang='lat' dir='ltr'>Eece</span> <span class='ocrx_word' id='word_1_746' title='bbox 630 4941 816 5012; x_wconf 79' lang='lat' dir='ltr'>gmtesquusi</span> <span class='ocrx_word' id='word_1_747' title='bbox 831 4958 889 4998; x_wconf 80' lang='lat' dir='ltr'>nora</span> <span class='ocrx_word' id='word_1_748' title='bbox 942 4944 1109 5002; x_wconf 88' lang='lat' dir='ltr'>ministeriali</span> <span class='ocrx_word' id='word_1_749' title='bbox 1138 4946 1281 5005; x_wconf 89' lang='lat' dir='ltr'>devotione</span> <span class='ocrx_word' id='word_1_750' title='bbox 1303 4967 1375 5007; x_wconf 90' lang='lat' dir='ltr'>nunc</span> <span class='ocrx_word' id='word_1_751' title='bbox 1401 4951 1511 5007; x_wconf 85' lang='lat' dir='ltr'>flectere</span> <span class='ocrx_word' id='word_1_752' title='bbox 1540 4968 1642 5025; x_wconf 90' lang='lat' dir='ltr'>genua,</span> <span class='ocrx_word' id='word_1_753' title='bbox 1671 4966 1742 5010; x_wconf 82' lang='lat' dir='ltr'>uana</span> 
     </span>
     <span class='ocr_line' id='line_1_56' title="bbox 96 5028 1743 5112; baseline -0.005 -5"><span class='ocrx_word' id='word_1_754' title='bbox 96 5040 391 5107; x_wconf 60' lang='lat' dir='ltr'>cinfslfcwofc&#39;oi&#39;ssm</span> <span class='ocrx_word' id='word_1_755' title='bbox 401 5047 441 5097; x_wconf 63' lang='lat'>3⁰,</span> <span class='ocrx_word' id='word_1_756' title='bbox 453 5028 666 5103; x_wconf 77' lang='lat' dir='ltr'>ganstntttlan</span> <span class='ocrx_word' id='word_1_757' title='bbox 676 5029 797 5086; x_wconf 65' lang='lat' dir='ltr'>cilliane</span> <span class='ocrx_word' id='word_1_758' title='bbox 808 5045 890 5103; x_wconf 72' lang='lat' dir='ltr'>repat·</span> <span class='ocrx_word' id='word_1_759' title='bbox 942 5035 1057 5091; x_wconf 88' lang='lat' dir='ltr'>oseulari</span> <span class='ocrx_word' id='word_1_760' title='bbox 1081 5051 1186 5105; x_wconf 89' lang='lat' dir='ltr'>manus,</span> <span class='ocrx_word' id='word_1_761' title='bbox 1201 5046 1228 5093; x_wconf 92' lang='lat' dir='ltr'>et</span> <span class='ocrx_word' id='word_1_762' title='bbox 1246 5039 1281 5092; x_wconf 89' lang='lat' dir='ltr'>ad</span> <span class='ocrx_word' id='word_1_763' title='bbox 1294 5038 1487 5112; x_wconf 90' lang='lat' dir='ltr'>imperantium</span> <span class='ocrx_word' id='word_1_764' title='bbox 1506 5049 1601 5096; x_wconf 90' lang='lat' dir='ltr'>nutum</span> <span class='ocrx_word' id='word_1_765' title='bbox 1621 5050 1691 5099; x_wconf 89' lang='lat' dir='ltr'>nutu</span> <span class='ocrx_word' id='word_1_766' title='bbox 1705 5041 1743 5098; x_wconf 87' lang='lat' dir='ltr'>ai-</span> 
     </span>
     <span class='ocr_line' id='line_1_57' title="bbox 96 5116 1744 5202; baseline 0.001 -16"><span class='ocrx_word' id='word_1_767' title='bbox 96 5135 165 5188; x_wconf 83' lang='lat' dir='ltr'>tnlte</span> <span class='ocrx_word' id='word_1_768' title='bbox 174 5133 242 5187; x_wconf 84' lang='lat' dir='ltr'>suoi</span> <span class='ocrx_word' id='word_1_769' title='bbox 256 5127 283 5182; x_wconf 82' lang='lat' dir='ltr'>ei</span> <span class='ocrx_word' id='word_1_770' title='bbox 292 5121 475 5198; x_wconf 62' lang='lat' dir='ltr'>(bernw).</span> <span class='ocrx_word' id='word_1_771' title='bbox 491 5117 619 5174; x_wconf 79' lang='lat' dir='ltr'>ieremias</span> <span class='ocrx_word' id='word_1_772' title='bbox 632 5131 738 5190; x_wconf 84' lang='lat' dir='ltr'>quoque</span> <span class='ocrx_word' id='word_1_773' title='bbox 751 5116 780 5170; x_wconf 93' lang='lat' dir='ltr'>in</span> <span class='ocrx_word' id='word_1_774' title='bbox 793 5133 889 5174; x_wconf 83' lang='lat' dir='ltr'>vocem</span> <span class='ocrx_word' id='word_1_775' title='bbox 944 5123 995 5179; x_wconf 88' lang='lat' dir='ltr'>tius</span> <span class='ocrx_word' id='word_1_776' title='bbox 1017 5123 1136 5180; x_wconf 90' lang='lat' dir='ltr'>obedire.</span> <span class='ocrx_word' id='word_1_777' title='bbox 1162 5125 1214 5181; x_wconf 87' lang='lat' dir='ltr'>Sed</span> <span class='ocrx_word' id='word_1_778' title='bbox 1238 5134 1265 5182; x_wconf 89' lang='lat' dir='ltr'>et</span> <span class='ocrx_word' id='word_1_779' title='bbox 1288 5143 1388 5198; x_wconf 89' lang='lat' dir='ltr'>pueros</span> <span class='ocrx_word' id='word_1_780' title='bbox 1415 5130 1519 5200; x_wconf 86' lang='lat' dir='ltr'>aspexi,</span> <span class='ocrx_word' id='word_1_781' title='bbox 1544 5131 1590 5202; x_wconf 90' lang='lat' dir='ltr'>qui</span> <span class='ocrx_word' id='word_1_782' title='bbox 1619 5130 1744 5188; x_wconf 71' lang='lat' dir='ltr'>assuunt</span> 
     </span>
     <span class='ocr_line' id='line_1_58' title="bbox 943 5210 1743 5283; baseline 0.015 -18"><span class='ocrx_word' id='word_1_783' title='bbox 943 5210 1006 5282; x_wconf 89' lang='lat' dir='ltr'>quid</span> <span class='ocrx_word' id='word_1_784' title='bbox 1022 5211 1057 5267; x_wconf 86' lang='lat' dir='ltr'>sit</span> <span class='ocrx_word' id='word_1_785' title='bbox 1071 5211 1142 5269; x_wconf 89' lang='lat' dir='ltr'>inter</span> <span class='ocrx_word' id='word_1_786' title='bbox 1153 5213 1290 5270; x_wconf 85' lang='lat' dir='ltr'>dexteram</span> <span class='ocrx_word' id='word_1_787' title='bbox 1305 5226 1333 5272; x_wconf 90' lang='lat' dir='ltr'>et</span> <span class='ocrx_word' id='word_1_788' title='bbox 1346 5216 1495 5283; x_wconf 87' lang='lat' dir='ltr'>sinistram,</span> <span class='ocrx_word' id='word_1_789' title='bbox 1508 5217 1562 5272; x_wconf 91' lang='lat' dir='ltr'>sibi</span> <span class='ocrx_word' id='word_1_790' title='bbox 1576 5217 1612 5273; x_wconf 90' lang='lat' dir='ltr'>ad</span> <span class='ocrx_word' id='word_1_791' title='bbox 1626 5218 1743 5276; x_wconf 70' lang='lat' dir='ltr'>invice·</span> 
     </span>
    </p>
   </div>
   <div class='ocr_carea' id='block_1_5' title="bbox 94 5294 1746 5471">
    <p class='ocr_par' dir='ltr' id='par_1_5' title="bbox 94 5294 1746 5471">
     <span class='ocr_line' id='line_1_59' title="bbox 130 5294 1744 5381; baseline 0.002 -20"><span class='ocrx_word' id='word_1_792' title='bbox 130 5305 176 5375; x_wconf 80' lang='lat'>50)</span> <span class='ocrx_word' id='word_1_793' title='bbox 192 5305 221 5359; x_wconf 90' lang='lat' dir='ltr'>ln</span> <span class='ocrx_word' id='word_1_794' title='bbox 233 5302 400 5359; x_wconf 82' lang='lat' dir='ltr'>Bibliotheca</span> <span class='ocrx_word' id='word_1_795' title='bbox 408 5294 578 5355; x_wconf 80' lang='lat' dir='ltr'>cisterciensi</span> <span class='ocrx_word' id='word_1_796' title='bbox 590 5295 754 5361; x_wconf 72' lang='lat' dir='ltr'>asscribitur,</span> <span class='ocrx_word' id='word_1_797' title='bbox 773 5314 785 5346; x_wconf 86' lang='grc' dir='ltr'>ι</span> <span class='ocrx_word' id='word_1_798' title='bbox 803 5295 832 5351; x_wconf 91' lang='lat' dir='ltr'>lu</span> <span class='ocrx_word' id='word_1_799' title='bbox 845 5295 890 5352; x_wconf 87' lang='lat' dir='ltr'>lli·</span> <span class='ocrx_word' id='word_1_800' title='bbox 942 5299 1068 5373; x_wconf 88' lang='lat' dir='ltr'>psalteria</span> <span class='ocrx_word' id='word_1_801' title='bbox 1089 5300 1222 5371; x_wconf 86' lang='lat' dir='ltr'>invidere,</span> <span class='ocrx_word' id='word_1_802' title='bbox 1239 5313 1267 5360; x_wconf 93' lang='lat' dir='ltr'>et</span> <span class='ocrx_word' id='word_1_803' title='bbox 1280 5315 1418 5376; x_wconf 90' lang='lat' dir='ltr'>reportare</span> <span class='ocrx_word' id='word_1_804' title='bbox 1431 5306 1466 5363; x_wconf 90' lang='lat' dir='ltr'>ad</span> <span class='ocrx_word' id='word_1_805' title='bbox 1480 5306 1592 5364; x_wconf 88' lang='lat' dir='ltr'>lectulos</span> <span class='ocrx_word' id='word_1_806' title='bbox 1604 5321 1682 5381; x_wconf 58' lang='lat' dir='ltr'>suaa</span> <span class='ocrx_word' id='word_1_807' title='bbox 1696 5306 1744 5366; x_wconf 84' lang='lat' dir='ltr'>ia·</span> 
     </span>
     <span class='ocr_line' id='line_1_60' title="bbox 94 5387 1746 5471; baseline 0.005 -24"><span class='ocrx_word' id='word_1_808' title='bbox 94 5393 163 5467; x_wconf 88' lang='lat' dir='ltr'>gilia</span> <span class='ocrx_word' id='word_1_809' title='bbox 175 5387 479 5458; x_wconf 84' lang='lat' dir='ltr'>Nativitatisoomini,›</span> <span class='ocrx_word' id='word_1_810' title='bbox 496 5396 548 5444; x_wconf 92' lang='lat' dir='ltr'>etc.</span> <span class='ocrx_word' id='word_1_811' title='bbox 943 5389 996 5446; x_wconf 86' lang='lat' dir='ltr'>rari</span> <span class='ocrx_word' id='word_1_812' title='bbox 1012 5405 1147 5449; x_wconf 89' lang='lat' dir='ltr'>sommum</span> <span class='ocrx_word' id='word_1_813' title='bbox 1164 5391 1199 5447; x_wconf 89' lang='lat' dir='ltr'>ab</span> <span class='ocrx_word' id='word_1_814' title='bbox 1212 5392 1298 5450; x_wconf 80' lang='lat' dir='ltr'>oeubs</span> <span class='ocrx_word' id='word_1_815' title='bbox 1311 5395 1379 5465; x_wconf 87' lang='lat' dir='ltr'>suis,</span> <span class='ocrx_word' id='word_1_816' title='bbox 1400 5403 1428 5452; x_wconf 92' lang='lat' dir='ltr'>et</span> <span class='ocrx_word' id='word_1_817' title='bbox 1453 5395 1481 5451; x_wconf 92' lang='lat' dir='ltr'>iu</span> <span class='ocrx_word' id='word_1_818' title='bbox 1494 5395 1595 5453; x_wconf 87' lang='lat' dir='ltr'>lectulo</span> <span class='ocrx_word' id='word_1_819' title='bbox 1623 5410 1676 5455; x_wconf 87' lang='lat' dir='ltr'>suo</span> <span class='ocrx_word' id='word_1_820' title='bbox 1696 5410 1746 5471; x_wconf 72' lang='lat' dir='ltr'>pte</span> 
     </span>
    </p>
   </div>
   <div class='ocr_carea' id='block_1_6' title="bbox 0 0 1858 5962">
    <p class='ocr_par' dir='ltr' id='par_1_6' title="bbox 0 0 1858 5962">
     <span class='ocr_line' id='line_1_61' title="bbox 0 0 1858 5962; baseline 0 1"><span class='ocrx_word' id='word_1_821' title='bbox 0 0 1858 5962; x_wconf 95' lang='lat' dir='ltr'> </span> 
     </span>
    </p>
   </div>
  </div>
 </body>
</html>
