3706 5962
543 221 641 282 tuus
662 221 706 283 uu
725 221 860 283 aarum
879 221 920 280 ΕΤ
938 221 1115 285 llllllll'l'h'l'B
1131 222 1264 285 thoth.

1672 229 1727 289 390

62 377 173 423 ‚cmm
187 366 257 423 κιαι
270 365 314 424 vel
328 364 417 438 possit
437 380 500 421 es„
514 365 567 421 nisi
588 367 672 436 justa,
697 366 724 420 q„
738 373 796 421 toto
810 380 868 432 ⁸⁰0,
885 365 908 443 Ι
924 347 1073 404 tentatione
1084 356 1111 403 et
1126 357 1237 419 peccato
1252 348 1419 415 incurrente,
1431 350 1485 422 legi
1496 352 1724 422 peceatividebu-

61 455 89 509 in
103 454 180 511 omni
193 470 228 510 eo
243 453 318 525 qnod
334 463 375 509 est
387 453 509 524 justitias,
519 453 600 525 plene
611 461 638 510 et
649 453 869 510 indissolubiliter
925 445 967 491 ΝΠ
985 437 1098 492 mise·
1124 439 1220 493 90³¹ss
1243 453 1303 492 ⁰⁰³¹
1318 439 1450 509 llffloellh
1475 440 1634 499 Chllllalem
1654 457 1710 498 1¹⁰⁰

61 543 170 600 saecu.
186 543 267 600 Unde
291 542 355 597 dicit
374 541 536 614 Apostolus:
564 544 695 600 Charites
721 558 869 616 numnam

61 631 182 688 excidit.-
198 629 353 703 Aliquando
369 631 480 703 quidem
503 631 610 696 titubat,
638 630 681 687 vel
696 631 786 687 deviat
801 630 869 687 alle·

61 720 161 776 monis
174 720 220 778 vel
232 719 326 791 operis
339 719 464 787 allectus,
480 720 609 790 quamdiu
625 719 652 774 in
669 720 720 775 hae
741 721 796 776 vite
812 734 867 774 non

59 818 151 880 putest
163 792 263 865 'ridere
278 807 396 864 charitas
410 806 459 862 nisi
474 823 507 863 er
522 818 600 879 parte
615 818 643 864 et
658 825 707 880 per
722 808 864 879 speculum

60 902 85 951 in
101 899 266 972 aenigmate:
283 897 333 952 sed
347 896 456 968 integer
479 903 698 975 tamensemper
720 905 748 951 et
768 896 870 952 solidus

59 988 86 1041 in
101 1003 153 1042 sua
169 987 270 1043 uirtute
283 1002 349 1041 suus
367 994 511 1056 permanet
525 984 652 1041 allectus.

379 1073 495 1129 CAPUT
512 1073 554 1128 vt.

58 1163 470 1227 .tmcremeonseroari,cttcm
480 1162 550 1219 dum
565 1163 867 1234 hemo,qausiicet'tur,

247 1235 301 1306 teqi
315 1235 413 1290 cereis
427 1238 455 1288 et
469 1236 581 1306 peceati
594 1236 690 1290 saort.

98 1325 143 1379 tt.
160 1323 245 1378 Aliud
254 1321 355 1394 quippe
369 1328 411 1377 est
421 1321 548 1387 allectus,
558 1321 633 1377 aliud
644 1322 762 1380 allectio.
775 1322 868 1378 Allec-

59 1425 104 1469 tus
120 1421 164 1468 est
181 1412 230 1485 qui
251 1410 375 1484 generali
398 1409 515 1484 quadam
539 1410 663 1481 potentia
685 1418 714 1466 et
737 1419 870 1482 perpetua

923 524 1011 581 ernist
1025 525 1096 598 (ltlz
1109 526 1173 598 quia
1187 524 1311 597 peccavit
1324 527 1414 597 potius
1428 526 1456 581 in
1470 528 1622 597 veritatem,
1638 545 1720 603 quam

922 612 949 668 in
964 614 1134 682 charitatem,
1149 630 1211 671 euna
1226 616 1287 685 ejus
1300 630 1330 670 se
1349 631 1403 671 non
1419 632 1480 674 esse
1497 618 1626 674 mentitus
1640 629 1681 674 est
1695 619 1723 675 in

923 718 981 767 ere,
997 704 1075 774 cujus
1091 699 1179 759 ’ὅθ
1192 709 1263 759 totns
1277 709 1336 758 erat
1348 703 1377 758 in
1390 703 1484 761 corde.
1502 703 1623 777 ldeoque
1643 721 1724 779 nega-

923 792 1022 846 tionem
1038 789 1160 847 falsitatis
1173 791 1301 848 continuo
1311 791 1438 864 lacrymis
1453 792 1516 851 lavit
1535 795 1638 851 ueritas
1655 794 1723 850 cha·

923 879 1010 935 ritatis
1032 879 1145 950 (llettb.
1161 895 1241 946 xxm,
1256 883 1365 950 os-ao).
1381 881 1426 937 Sic
1447 891 1475 938 ct
1490 882 1576 938 David
1589 899 1650 940 eum
1662 899 1725 954 pee-

922 969 993 1024 carit
1010 969 1050 1040 (ll
1067 971 1131 1041 ileo.
1146 970 1198 1040 aa),
1214 969 1372 1026 charitatem
1387 986 1444 1026 non
1459 971 1588 1043 perdidit,
1607 973 1658 1028 sed
1675 973 1723 1028 oh·

922 1057 1026 1128 stupuit
1043 1057 1245 1129 quedammodo
1260 1057 1288 1113 in
1298 1074 1332 1116 eo
1347 1059 1465 1115 charitas
1483 1060 1517 1115 ad
1532 1062 1723 1118 vehementem

924 1146 1083 1202 tentationis
1098 1146 1195 1202 ictum:
1213 1154 1242 1204 et
1256 1147 1395 1203 charitatis
1413 1148 1441 1201 in
1456 1163 1490 1204 eo
1500 1165 1671 1222 nequaqnam
1687 1151 1725 1206 ia-

923 1244 966 1290 cta
980 1243 1022 1290 est
1035 1234 1157 1303 abolitio,
1172 1236 1221 1291 sed
1245 1236 1323 1308 quasi
1339 1236 1466 1309 quaedam
1482 1238 1636 1311 seperatim
1662 1255 1723 1311 quan

924 1338 985 1379 mox
999 1332 1029 1379 ut
1040 1323 1074 1378 ad
1089 1339 1184 1380 vocem
1195 1325 1335 1398 arguentis
1345 1327 1486 1397 prophetae
1500 1326 1646 1402 evigilarit,
1660 1341 1724 1385 eon·

924 1411 1000 1468 duno
1014 1412 1042 1467 in
1061 1411 1133 1467 illam
1152 1413 1351 1469 ardentissimae
1374 1414 1512 1470 charitatis
1521 1415 1721 1472 confessionem

59 1501 185 1573 madum
213 1501 310 1557 virtute
334 1499 413 1554 tirma
433 1507 460 1555 et
483 1499 574 1554 stabili
600 1507 720 1556 mentem
736 1501 869 1571 possidet,
923 1502 1022 1572 erupit,
1035 1502 1149 1559 Pecccui
1166 1503 1300 1559 domiuo:
1316 1510 1345 1558 et
1359 1503 1487 1560 continuo
1501 1504 1596 1561 audire
1610 1504 1720 1573 meruit,

59 1605 143 1663 quam
160 1606 211 1661 per
234 1589 348 1660 gratiam
367 1587 494 1645 obtinuit.
525 1588 695 1644 dilectiones
719 1604 786 1646 uero
805 1598 870 1646 sunt
923 1591 1529 1659 Dominustrumtulitcteveccatumtaum;
1549 1593 1720 1651 conmorit·

21 1684 26 1697 ¹
59 1693 130 1750 quas
144 1681 237 1735 varias
251 1677 340 1732 rarius
354 1692 446 1732 rerum
468 1683 497 1733 et
511 1682 663 1746 temporum
676 1677 757 1734 alfere
781 1693 868 1734 eren·
884 1673 906 1750 Β
924 1679 1021 1750 rislld.
1038 1694 1089 1742 xri,
1105 1683 1161 1748 13).

60 1776 113 1823 tus.
131 1765 281 1821 infirmitas
292 1765 365 1822 enim
384 1765 473 1821 earnis
494 1781 529 1820 ax
553 1766 618 1822 vitio
640 1765 736 1836 primae
754 1766 869 1838 originis
959 1772 1003 1822 lb.
1020 1767 1116 1825 Adhuc
1134 1767 1163 1823 in
1174 1767 1255 1824 laude
1267 1769 1416 1834 charitatis,
1438 1785 1514 1826 amer
1528 1769 1556 1825 in
1571 1768 1626 1827 tide
1640 1778 1720 1828 estet

59 1872 136 1929 saepe
149 1854 280 1919 offendit,
291 1870 366 1925 saepe
375 1853 459 1918 cedit,
471 1870 545 1926 saeps
560 1854 634 1910 laedit
647 1855 776 1925 graviter,
787 1862 816 1911 et
825 1853 869 1910 lae·
921 1872 986 1928 spe;
1006 1856 1124 1912 charitas
1137 1856 1165 1913 in
1180 1872 1212 1913 se
1222 1856 1281 1927 ipsa
1293 1864 1345 1923 est,
1363 1865 1391 1913 et
1404 1873 1455 1928 per
1469 1873 1499 1914 se
1513 1858 1611 1930 ipsam.
1626 1859 1721 1918 Potest

60 1947 134 2000 ditur
146 1953 243 1999 mente
257 1943 371 2000 interius
380 1943 501 2011 delente,
515 1951 542 1998 et
555 1945 676 2015 patiente
687 1945 868 2018 potiusquam
921 1946 1003 2003 etiam
1017 1961 1079 2002 esse
1096 1954 1126 2001 ut
1140 1944 1208 2001 lides
1222 1954 1250 2001 et
1264 1946 1393 2018 spessint
1404 1947 1462 2003 sine
1472 1947 1617 2006 charitate:
1627 1956 1658 2005 ut
1669 1964 1719 2005 an·

60 2041 164 2107 mente
178 2033 253 2104 quod
267 2047 413 2103 perperam
429 2032 494 2087 loris
504 2032 624 2104 geritur3
639 2049 691 2089 nec
706 2037 796 2090 umen
807 2037 869 2091 cha·

61 2122 174 2177 ritatem
183 2119 331 2192 perdente,
346 2120 395 2176 sed
411 2135 445 2175 ex
460 2121 590 2175 charitate
614 2128 743 2191 gemente
766 2135 795 2177 et
813 2124 868 2177 ela·

61 2219 154 2265 nante
170 2210 205 2263 ad
216 2210 317 2265 Dauum
335 2209 442 2278 lesciis
455 2224 502 2282 eqo
517 2208 614 2277 herrm·
628 2209 691 2281 quia
705 2225 750 2266 me
766 2212 867 2267 libere-

922 2042 976 2089 tem
990 2034 1110 2090 charitas
1123 2033 1205 2091 fidem
1219 2043 1246 2091 et
1256 2050 1333 2109 spem
1343 2035 1371 2092 in
1385 2053 1415 2094 se
1430 2052 1485 2094 non
1500 2039 1647 2105 conducat,
1664 2055 1719 2096 non

922 2131 1096 2194 potestesse.
1112 2122 1191 2178 Fides
1210 2123 1282 2179 enim
1306 2125 1378 2195 quod
1402 2131 1508 2181 unatur
1528 2141 1591 2183 esse
1609 2127 1717 2195 asserit,

920 2224 970 2279 spe
983 2210 1126 2281 promittit.
1142 2210 1304 2283 Ametiqitur
1319 2213 1366 2284 qui
1388 2213 1416 2268 in
1436 2213 1490 2270 tide
1513 2221 1541 2270 et
1564 2231 1614 2287 spe
1633 2224 1715 2280 amat,

62 2300 100 2354 lit
115 2298 152 2353 de
167 2311 284 2370 corpore
298 2298 401 2356 mortis
415 2296 524 2370 hujus?
535 2297 612 2353 Unde
624 2297 691 2352 dicit
705 2300 864 2369 Apostolus:
920 2296 989 2353 sicut
1002 2298 1086 2353 amari
1100 2306 1191 2370 potest
1203 2300 1275 2370 quod
1285 2300 1404 2356 creditur
1418 2308 1523 2357 tantum
1532 2310 1561 2357 et
1574 2309 1714 2374 speratur:

62 2390 125 2459 Epo,
140 2386 243 2459 inquit,
254 2390 349 2443 mente
359 2387 450 2443 servio
461 2386 516 2459 thi
526 2388 589 2457 Dei,
607 2393 802 2446 cerosoutem
814 2390 867 2460 leci
920 2388 1037 2442 charitas
1046 2388 1181 2443 creditum
1196 2395 1377 2461 etsperatum
1389 2392 1444 2460 Jam
1460 2391 1552 2458 habet,
1566 2392 1623 2461 iam
1632 2401 1716 2459 tenet,

61 2479 187 2551 pacati.-
201 2476 238 2530 Et
252 2489 373 2532 mrsum:
389 2476 450 2531 Nea
459 2490 506 2549 eqo
517 2491 617 2547 operor
631 2476 717 2542 illud,
733 2477 781 2533 red
794 2479 867 2552 quod
919 2476 973 2544 iam
983 2475 1180 2548 complectitur.
1191 2480 1277 2533 Amor
1292 2477 1376 2552 igitur
1391 2477 1455 2533 fidei
1469 2486 1498 2534 et
1510 2480 1569 2550 spei
1583 2479 1670 2536 Deum
1681 2480 1719 2536 ri·

62 2564 220 2622 habitatin
234 2565 541 2636 mcpcceutumlllom.
557 2579 607 2630 vn,
624 2566 729 2633 md,
746 2566 866 2636 tl).lta-
921 2565 986 2620 dere
1008 2564 1157 2630 desiderat,
1183 2566 1245 2637 quia
1272 2574 1358 2624 emat:
1389 2567 1508 2622 ebaritas
1538 2568 1601 2639 quia
1631 2569 1714 2633 ridet.
1772 2584 1777 2594 ’

63 2669 113 2725 que
147 2652 276 2724 quisquis
299 2651 344 2707 ille
375 2662 426 2721 est,
452 2653 521 2709 deut
542 2652 607 2708 dicit
630 2654 726 2710 beatus
748 2654 867 2711 loannes
919 2661 1000 2709 amat.
1018 2653 1078 2724 lpsa
1093 2654 1164 2709 enim
1180 2661 1223 2710 est
1236 2654 1340 2720 oculus,
1357 2670 1411 2728 quo
1424 2655 1628 2712 videturDeus.
1657 2657 1716 2712 Ha·
1778 2715 1779 2719 ,

63 2743 214 2798 secundum
227 2741 279 2797 hec
291 2741 363 2813 quod
371 2750 451 2798 nams
461 2752 503 2798 est
512 2758 547 2799 et
556 2742 620 2812 deo,
628 2741 655 2797 id
666 2752 708 2798 est
717 2743 866 2800 secundum
921 2743 968 2799 bet
980 2743 1054 2798 euim
1064 2744 1154 2797 anima
1164 2743 1246 2799 etiam
1261 2744 1717 2808 sensussuos,habetrisumsuun1

63 2830 201 2888 interioris
217 2830 333 2886 heminis
348 2831 490 2899 rationem,
516 2832 544 2888 in
568 2840 671 2888 mutum
688 2847 743 2888 non
759 2842 864 2903 peceat,
919 2829 963 2886 vel
981 2831 1098 2897 oculum,
1119 2831 1166 2903 qui
1179 2830 1263 2888 ridet.
1280 2832 1367 2887 Deum
1380 2831 1455 2888 Sicut
1469 2832 1543 2889 enlm
1557 2848 1656 2905 corpus
1671 2834 1717 2888 lra-

63 2920 239 2992 inquantum
254 2927 395 2992 peceatum
410 2921 485 2993 quod
494 2936 595 2992 corpus
609 2923 702 2978 mortis
716 2921 782 2978 loris
796 2939 865 2995 epe·
919 2919 966 2975 het
979 2934 1044 2975 suos
1057 2919 1176 2991 quinque
1186 2935 1294 2985 sensus,
1309 2919 1408 2992 quibus
1421 2919 1518 2975 animan
1532 2920 1716 2994 conjungitur,

64 3017 145 3076 ratur,
163 3007 222 3065 odit
234 3009 325 3079 pedus
338 3025 419 3081 mam
434 3009 577 3081 approbat,
599 3011 704 3066 semine
733 3011 864 3083 spiritua·
880 2985 903 3064 Β
920 3010 974 3065 uita
988 3007 1147 3066 mediante:
1172 3008 1212 3064 sic
1231 3019 1259 3063 et
1280 3009 1372 3063 anima
1389 3023 1454 3064 suos
1476 3008 1596 3082 quinque
1619 3024 1717 3065 sensus

64 3097 92 3154 lis
115 3097 280 3169 nativitatis,
299 3113 353 3170 quo
369 3115 403 3154 ex
423 3098 481 3154 Deo
493 3107 573 3156 natus
587 3109 639 3166 est,
664 3115 726 3157 euin
749 3101 864 3159 interius
919 3099 1010 3164 habet,
1030 3093 1129 3169 quinas
1149 3098 1208 3152 Deo
1222 3095 1407 3169 conjungitur,
1422 3096 1559 3154 mediante
1573 3097 1724 3155 charitate..

65 3194 253 3244 amarante.
276 3185 357 3256 Quod
379 3187 431 3243 etsi
454 3188 563 3245 interint
585 3189 731 3262 aliquando
754 3190 864 3247 incursu
918 3186 1234 3258 Undedieitdpostolus:
1247 3186 1717 3258 Nolitecoasoremrihuicsoeculm
1812 3260 1821 3265 ἢ

64 3277 168 3348 pcccati
182 3274 290 3331 laeditur
304 3285 332 3331 et
345 3277 482 3347 atteritur,
503 3277 594 3334 radice
616 3285 707 3335 tamen
725 3280 865 3335 eharitatis
917 3274 1717 3349 secreanimatur·maturaremusvestrtmrproreruquc

63 3364 189 3421 inultum
204 3364 293 3420 delixa
307 3380 363 3421 non
387 3366 471 3436 perit:
498 3368 551 3424 imo
572 3366 662 3422 statim
677 3368 817 3425 fecundius
836 3376 864 3425 et
916 3367 956 3422 sit
969 3366 1104 3423 vetantes
1117 3363 1169 3418 Dei
1184 3363 1266 3429 bone,
1282 3367 1310 3419 et
1338 3361 1531 3434 beneplacens,
1547 3367 1576 3417 et
1589 3369 1717 3435 perfecte

65 3453 185 3511 nuncius
198 3452 365 3510 convalescit
379 3454 407 3510 in
421 3471 500 3527 spem
515 3456 581 3513 boni
599 3455 711 3523 fructus,
727 3466 754 3512 et
764 3459 861 3529 surgit.
917 3455 1006 3524 (Rom.
1023 3468 1070 3517 ιιιι,
1084 3453 1123 3518 2).
1136 3451 1186 3506 llic
1199 3449 1352 3506 ostenditur
1371 3449 1435 3521 quia
1447 3462 1499 3521 per
1508 3465 1606 3506 sensus
1618 3465 1717 3522 corpo·

64 3541 508 3601 Sisenimdicitheatusloennes:
522 3546 619 3604 Omnia
628 3548 764 3621 enimqui
774 3549 863 3604 cetus
917 3543 953 3598 ris
967 3541 1173 3604 veterescimus,
1187 3546 1216 3593 at
1237 3537 1298 3594 huic
1314 3536 1414 3593 mento
1432 3536 1647 3596 conformamur:
1666 3554 1716 3609 per

64 3634 863 3710 estexDw,peccutumnoaseca't;quoeiomeearcnipsius
915 3644 1025 3686 sensum
1039 3642 1104 3683 vero
1124 3625 1224 3682 mentis
1246 3639 1410 3681 renovamur
1423 3625 1451 3680 in
1469 3624 1638 3697 agnitionem
1653 3626 1712 3694 Dei,

65 3721 288 3778 leeorncnemt
303 3729 457 3795 coeperest
465 3727 708 3800 peecare,qciaex
712 3729 767 3784 Deo
775 3730 862 3784 natm
915 3729 942 3785 in
961 3715 1109 3774 nouitatem
1128 3715 1200 3778 ritae,
1224 3717 1375 3771 secundnm
1396 3714 1565 3771 voluntatem
1581 3724 1608 3771 et
1624 3716 1712 3772 hene-

65 3814 100 3865 est
122 3808 151 3880 (l
168 3811 253 3866 loun.
279 3825 320 3876 tur,
340 3812 375 3880 9).
398 3811 525 3867 Notenda
548 3812 590 3870 m's
611 3815 767 3871 verborum.
788 3816 861 3881 Non,
914 3806 1041 3878 placitum
1059 3805 1119 3862 Dei.
1141 3803 1268 3876 Quinque
1292 3803 1364 3860 enim
1388 3813 1451 3860 sunt
1474 3803 1596 3874 corporis
1619 3822 1716 3862 sensus

65 3894 161 3968 inquit,
193 3901 343 3968 peceatum
365 3899 450 3969 fecit,
469 3899 542 3970 quod
566 3901 666 3971 patitur
680 3902 861 3974 potiusquam
914 3897 1046 3951 animales
1066 3894 1110 3951 vel
1119 3894 1285 3965 corporales,
1306 3893 1404 3967 quihus
1419 3893 1509 3949 anima
1522 3910 1621 3966 cerpus
1635 3911 1713 3952 suurn

66 3982 125 4040 lacit
138 3984 186 4055 qui
211 3991 348 4041 natusest
368 4001 401 4041 ex
416 3988 491 4043 Deo:
518 3995 545 4044 et
560 3995 717 4061 coeperest
732 4005 859 4061 peecare,
914 3983 1051 4041 sensificat
1069 3985 1110 4057 (ut
1123 3983 1158 4039 ab
1172 3981 1295 4040 inferiori
1316 3982 1454 4055 incipiam)
1472 4002 1478 4040 z
1496 3990 1591 4051 uetus,
1606 3994 1713 4056 gustus,

65 4068 264 4136 merendo
278 4069 382 4125 scilicet
401 4071 428 4125 in
442 4082 566 4143 peccato,
582 4074 646 4128 dum
671 4073 726 4146 legi
741 4075 803 4144 Dei,
819 4074 862 4131 cui
914 4074 1054 4140 odoratus,
1074 4073 1193 4141 auditus,
1209 4073 1292 4130 risus.
1308 4072 1438 4129 Similiter
1449 4072 1570 4146 quinque
1583 4083 1645 4130 sunt
1655 4090 1716 4130 sen·

67 4166 154 4212 nenas
170 4157 265 4223 servit,
285 4158 366 4214 etiam
390 4177 500 4217 carnem
520 4161 629 4217 festinat
643 4163 783 4236 subigere,
800 4179 862 4236 quae
915 4179 961 4219 sus
972 4163 1136 4236 spirituales,
1151 4161 1249 4234 quibus
1262 4162 1381 4218 charitas
1394 4160 1512 4219 viviticat
1530 4161 1648 4219 animam
1664 4179 1671 4220 ε
1688 4163 1714 4219 id

96 4302 155 4374 tlh)
170 4301 249 4372 Quod
265 4302 309 4358 hie
323 4304 388 4360 dicit
405 4313 499 4360 auctor
515 4304 550 4361 de
570 4313 682 4378 peccato
698 4307 780 4378 Petri,
794 4301 900 4378 jam-u
917 4305 1077 4370 ducebatur,
1093 4320 1174 4378 quam
1190 4312 1293 4360 certum
1313 4311 1355 4359 est
1370 4318 1424 4360 non
1439 4303 1523 4358 fuisse
1538 4303 1647 4427 penitus
1661 4320 1713 4360 ex-

67 4368 164 4428 dndum
179 4374 233 4428 sibi
245 4375 347 4444 objecit
367 4376 394 4430 S.
411 4377 540 4447 Thomas,
553 4377 580 4441 2,
593 4381 619 4442 2,
636 4394 662 4448 q.
678 4380 724 4443 24,
740 4389 791 4434 art.
817 4383 859 4445 12,

918 4379 1042 4434 stinuam
1067 4391 1116 4446 per
1237 4391 1295 4439 um;
1323 4375 1373 4430 sed
1397 4381 1502 4429 tantum
1523 4374 1614 4447 eiquo
1634 4385 1713 4447 pacto

67 4445 106 4498 ad.
120 4449 148 4507 2,
164 4444 275 4500 citando
290 4451 361 4501 bunc
374 4447 463 4502 locum
479 4449 557 4519 quasi
571 4464 604 4504 ex
619 4449 647 4503 S.
663 4449 803 4505 hemardo
813 4450 862 4505 de·

917 4450 1047 4521 sopitam:
1072 4463 1109 4519 qu
1168 4447 1248 4501 etiarn
1268 4444 1303 4500 de
1316 4445 1423 4501 Davide
1436 4445 1581 4499 dicendum
1596 4453 1648 4500 est.
1664 4447 1710 4502 Fa·

67 4526 242 4586 promptum:
273 4517 346 4574 unde
370 4518 465 4575 uideas
484 4534 538 4575 non
562 4519 643 4575 hodie
659 4520 775 4590 primum
790 4521 862 4576 hunc

67 4591 204 4642 tractatum
220 4586 249 4643 S.
266 4589 378 4644 Ductori
392 4590 519 4647 adscribi.
547 4591 759 4664 Respondetque
771 4592 862 4647 chari-

68 4662 144 4713 tatem
159 4657 247 4713 amitti
256 4659 414 4730 dupliciter:
432 4677 486 4717 uno
500 4663 581 4718 modo
596 4663 698 4718 directe
712 4679 763 4734 per
776 4670 864 4718 actua·

67 4725 116 4781 lem
130 4736 328 4800 contemptum,
344 4740 372 4786 et
382 4735 432 4788 hoc
450 4734 531 4789 modo
546 4735 655 4789 Petrum
671 4748 725 4790 non
741 4729 864 4789 amisisse

66 4799 234 4858 charitatem:
251 4801 304 4857 ulie
325 4803 406 4859 modo
429 4805 572 4872 indirecte,
590 4804 700 4876 quando
723 4805 864 4861 committi·

65 4877 105 4924 tur
125 4870 227 4943 aliquid
250 4873 417 4930 contrarium
442 4876 581 4931 charitatis
610 4888 721 4948 prepter
745 4877 862 4949 aliquam

64 4944 213 5010 omionenr
234 4946 462 5014 concupiscentie
483 4948 525 5002 vel
549 4948 650 5012 timori,
668 4957 696 5004 et
710 4949 761 5005 hoc
783 4949 863 5005 modo

65 5012 171 5092 latram
185 5023 281 5070 contra
300 5018 461 5073 charitatem
482 5017 635 5089 facientem,
658 5021 780 5076 amisisse
799 5024 863 5076 cha-

62 5091 178 5153 ritatem,
193 5085 243 5141 sed
261 5087 316 5142 cito
329 5103 517 5158 recuperasse.
535 5089 634 5145 Verum
649 5093 707 5147 iraee
720 5091 862 5163 responsio

60 5153 182 5211 Duraliio
204 5173 259 5212 non
282 5160 394 5214 omnino
412 5161 523 5228 arridet,
540 5163 586 5233 qni
599 5161 680 5217 aliam
693 5164 721 5218 in
738 5163 859 5220 lruuclo-

59 5241 118 5283 euru
133 5227 227 5298 atlert,
242 5230 270 5284 in
284 5233 309 5296 2,
326 5235 353 5288 2.
369 5249 397 5302 q.
415 5237 431 5288 2
445 5232 480 5286 tle
497 5233 644 5300 charitate,
660 5242 712 5289 art.
733 5237 768 5290 7:
784 5235 860 5290 scili-

57 5306 99 5355 eet
111 5306 253 5357 auctorem
267 5303 310 5359 hie
325 5317 380 5360 nou
395 5320 477 5375 agere
495 5305 530 5360 de
548 5307 679 5361 charitate
699 5315 861 5378 supernatu-

59 5370 105 5426 rali
120 5380 150 5426 et
164 5372 329 5445 theologica,
346 5390 408 5446 quae
426 5392 476 5447 per
486 5377 627 5447 quodlibet
639 5383 782 5447 peccatum
791 5392 861 5433 mur-

50 5441 110 5498 tale
127 5444 276 5512 amittitur3
290 5447 339 5501 sed
354 5445 389 5501 de
403 5449 519 5519 quadam
547 5449 679 5505 charitate
692 5465 708 5503 a
744 5448 822 5504 uisita
831 5454 860 5504 et

917 4520 1029 4578 tendum
1044 4528 1086 4574 est
1106 4528 1197 4573 tamen
1216 4515 1377 4572 solutionem
1394 4515 1422 4570 S.
1439 4515 1549 4570 Thomae
1569 4518 1637 4571 satis
1651 4532 1713 4573 esse

917 4594 950 4647 ad
966 4596 1086 4646 mentem
1100 4585 1229 4654 auctoris,
1245 4586 1291 4657 qui
1306 4599 1339 4641 ea
1362 4585 1468 4640 ratione
1483 4585 1571 4640 innuit
1602 4588 1712 4643 Petmm
1755 4592 1758 4596 '

916 4660 1056 4734 peccando
1071 4675 1126 4715 non
1141 4655 1263 4713 amisisse
1277 4655 1445 4721 charitatem,
1464 4675 1477 4706 ι
1493 4656 1566 4726 quia,
1583 4677 1597 4709 ι
1612 4657 1709 4732 inquit,

919 4754 931 4786 ι
947 4732 1068 4805 peccavit
1078 4729 1166 4802 potius
1176 4729 1203 4783 in
1213 4728 1366 4794 remutem,
1383 4742 1464 4802 marn
1477 4728 1711 4789 inclamatam.-

917 4806 1045 4866 ttuamris
1067 4804 1148 4858 eham
1171 4800 1224 4857 dici
1247 4802 1332 4872 possit
1350 4807 1508 4857 contentum
1526 4802 1598 4859 hunc
1619 4803 1712 4860 ellerri

915 4875 1034 4932 oratorio
1054 4889 1139 4943 neore,
1157 4887 1210 4945 quo
1225 4873 1340 4929 dicimus
1354 4887 1386 4928 ea
1405 4887 1461 4929 non
1476 4874 1562 4930 amitti
1575 4889 1637 4947 quae
1658 4874 1712 4929 cito

916 4955 1119 5019 recuperantur.
1136 4945 1172 5000 Et
1185 4944 1254 5001 sicut
1267 4943 1340 5000 idem
1358 4944 1408 5000 iste
1424 4952 1518 5001 auctor
1532 4946 1578 5011 ait,
1594 4960 1655 4999 eum
1666 4944 1712 5015 qui

916 5026 995 5074 natus
1010 5025 1052 5072 est
1062 5032 1096 5072 ex
1111 5016 1170 5072 Deo
1184 5031 1239 5072 non
1254 5030 1381 5088 peccare,
1433 5017 1469 5071 od
1483 5032 1537 5072 non
1553 5023 1713 5088 perseveret

916 5089 943 5145 in
957 5096 1084 5161 peccate:
1102 5088 1141 5144 sic
1165 5088 1256 5143 dicere
1319 5087 1376 5152 tuit,
1419 5094 1508 5142 etrum
1533 5095 1560 5142 et
1579 5083 1711 5140 Davidem

915 5161 1053 5234 peccando
1067 5177 1122 5217 non
1135 5159 1283 5214 amisisses
1301 5157 1437 5222 critatem,
1454 5173 1552 5228 nempe
1566 5156 1594 5209 in
1603 5155 1648 5210 illa
1656 5156 1711 5238 pri·

914 5235 1021 5289 ratione
1044 5231 1077 5287 ad
1088 5231 1169 5287 linem
1179 5243 1266 5301 usque
1275 5226 1471 5298 permanendo.
1491 5226 1622 5298 apposite
1632 5225 1712 5284 Galle·

916 5304 1009 5360 bertus
1037 5303 1139 5367 abhas,
1150 5314 1277 5356 sermone
1301 5296 1509 5370 quadragesimo
1536 5297 1653 5369 septimo
1682 5297 1710 5355 in

924 5376 1072 5432 Canticum
1086 5371 1264 5434 canticorum,
1278 5384 1353 5425 num.
1370 5371 1399 5424 ³:
1420 5368 1506 5424 «Non
1523 5370 1676 5442 imputatur,
1694 5392 1707 5422 ι

915 5447 1020 5504 oracula
1033 5444 1150 5518 peccati,
1165 5465 1176 5493 ι
1203 5441 1267 5498 dum
1280 5455 1336 5497 non
1348 5438 1512 5510 ,immoratur
1518 5483 1594 5499 .....
1627 5441 1709 5514 Quasi

47 5513 261 5573 emeretensis
290 5518 417 5586 humana,
440 5535 493 5592 qua
516 5521 613 5579 Petrus
634 5537 700 5594 arga
745 5519 858 5578 hristum
910 5530 1107 5599 eumaeusnen
1120 5512 1470 5586 summasunmna
1484 5523 1564 5574 est·
