3706 5962
46 216 100 280 869
373 161 375 165 γ
589 211 699 276 SBRMO
720 210 751 273 tlt
772 208 932 272 DOllelilh
954 206 1148 271 tttuhltttt.
1641 210 1695 273 8i0

44 344 136 400 iibens
159 342 201 398 his
217 341 332 399 ducibus
349 340 430 397 edam
458 340 488 396 in
510 340 656 415 AEgyptum
672 359 679 396 ε
696 345 800 397 tuntum
815 338 839 396 si
895 337 981 405 solus,
995 336 1024 392 id
1038 345 1081 394 cst
1091 335 1214 408 proprias
1232 333 1378 393 voluntatis
1392 334 1515 408 arbitrio,
1530 335 1578 393 aed
1592 350 1698 409 semper

48 434 160 495 ducunt,
174 431 319 501 reducant,
334 431 358 486 si
372 436 473 502 cogunt
486 429 662 495 descendere,
677 437 704 485 et
716 442 843 486 reascen-
897 429 1034 483 seniorum
1055 426 1193 496 distingue
1215 423 1340 482 consilio.

45 523 112 578 dere
139 520 247 576 iaciant.
278 520 405 575 Libenter
431 520 531 574 subdar
563 517 662 575 talibus
689 517 844 591 magistris;
936 519 980 571 32.
1004 516 1075 571 Eece
1098 515 1193 584 habes,
1213 512 1253 569 iili
1267 513 1436 583 charissime,
1457 515 1529 586 quod
1541 513 1648 584 petiisti,
1663 514 1697 570 li·

47 609 301 680 libenssupponnm
321 609 450 665 humeros
463 607 539 663 oneri
561 608 633 678 quod
648 606 843 678 imposuerint;
900 611 943 661 cet
966 610 1014 661 tno
1038 603 1182 672 desiderio,
1208 610 1256 658 tuo
1283 602 1406 670 aflectui,
1422 611 1528 674 tuaequc
1555 613 1699 674 exspecte-

48 699 136 753 libens
148 697 295 769 suscipiam
316 698 424 771 jugum,
439 695 482 752 cui
496 711 541 752 me
565 695 742 762 subdiderint,
759 695 848 751 sciens
899 692 967 747 tioni
989 692 1055 747 nibil
1068 692 1191 765 dignum,
1206 691 1352 747 voluntatis
1367 698 1456 746 tamon
1468 706 1548 758 meae,
1563 697 1609 745 ant
1630 706 1699 763 qua·

50 785 332 857 qniajugnmeorum
355 800 436 841 suano
457 792 508 851 est,
524 789 553 839 et
577 799 647 840 onus
670 798 764 839 eorum
779 782 846 839 iere.
902 780 1041 850 liscnnque
1078 788 1190 837 conatus
1217 778 1339 850 aliquod,
1367 779 1393 833 ni
1433 777 1519 849 fallor,
1557 778 1700 833 iudicium.

51 874 148 931 Sedet
163 873 221 938 tibi,
238 871 274 926 iili
295 873 330 928 mi
352 872 452 942 (liceta
468 873 567 928 talibus
581 873 653 928 curis
667 872 780 928 liberum
800 871 849 926 ad·
902 866 979 923 Scins
993 868 1084 942 igitur,
1109 867 1184 940 quod
1204 882 1258 922 non
1278 877 1330 923 um
1350 867 1534 941 evangelicam
1559 867 1701 924 lectionem

51 962 107 1018 huo
120 964 171 1018 sub
185 962 235 1016 slis
247 961 305 1017 suis
320 961 444 1018 Christus
456 961 615 1031 abscondat,
638 961 710 1031 qnod
734 959 849 1030 praelatis
903 971 1047 1028 exponere,
1065 972 1143 1029 quam
1163 973 1195 1013 ex
1206 972 1238 1011 es
1252 956 1341 1030 eliqua
1355 955 1564 1012 meditationum
1584 956 1700 1024 semina,

51 1049 184 1106 incumbit
201 1051 340 1116 lacere,ne
356 1049 456 1106 subditi
472 1049 682 1120 periclitentur),
694 1049 746 1104 hoc
761 1048 851 1118 ipsum
904 1045 975 1101 sicu
997 1047 1108 1117 rogasti,
1127 1044 1225 1101 elicere
1248 1046 1401 1102 curarimus
1427 1053 1475 1102 :et
1489 1045 1644 1116 legentibus
1655 1045 1702 1099 in·

50 1139 162 1210 expedit
184 1139 339 1212 providere,
363 1154 397 1194 nc
421 1138 485 1194 socii
508 1137 730 1194 scandalizentur.
748 1137 787 1192 llii
800 1151 851 1191 ne-
904 1133 1048 1188 citamsntn
1061 1134 1238 1189 devotionum
1251 1148 1289 1189 ex
1303 1132 1386 1203 hujus
1400 1131 1469 1187 serie
1482 1132 1607 1187 iectionis
1622 1147 1706 1189 evan

51 1227 366 1299 cessitatesquandoque
377 1236 540 1298 praeponunt
554 1225 789 1299 contemplationis
801 1224 852 1280 de-
907 1221 1001 1294 pelice
1025 1220 1239 1292 composuimus,
1259 1219 1346 1290 ipsius
1373 1220 1516 1289 adjuvante
1545 1218 1644 1293 gratia,
1669 1219 1703 1274 de

51 1315 140 1373 liciis:
160 1323 188 1370 tn
204 1333 250 1373 ess
265 1330 320 1371 nnn
343 1332 489 1388 praeponas
510 1314 606 1372 unitati
620 1322 647 1370 et
661 1314 723 1386 psci
737 1328 852 1387 congre·
906 1311 986 1379 cujus
1003 1308 1142 1381 loquimur
1165 1306 1288 1376 infantia,
1309 1309 1355 1379 qui
1370 1309 1468 1381 plenus
1491 1314 1533 1364 est
1555 1308 1655 1364 virtute
1677 1314 1705 1363 ct

51 1404 179 1478 gationis.
217 1405 355 1476 Praecipue
369 1405 427 1460 haee
440 1403 499 1474 ipsa
512 1402 695 1474 spiritualium
718 1402 855 1458 vicissitn·
908 1397 994 1469 gretia
1007 1405 1034 1454 et
1052 1397 1194 1469 sapientis,
1218 1398 1298 1454 lesus
1312 1396 1435 1453 Christus
1451 1396 1584 1453 Dominus
1597 1403 1703 1465 noster,

51 1494 148 1548 dinuru
163 1500 297 1562 tempora,
313 1492 421 1561 quando
443 1490 569 1546 videlicet
583 1491 627 1546 vel
650 1489 797 1546 descendes
821 1490 854 1545 ad
907 1486 955 1558 qui
974 1502 1036 1542 cum
1051 1486 1129 1542 Patre
1144 1493 1171 1542 et
1189 1485 1292 1556 Spiritu
1315 1495 1409 1544 sancto
1430 1485 1497 1543 vivit
1513 1494 1540 1543 et
1559 1492 1656 1558 regnat
1676 1483 1706 1539 in

51 1575 205 1646 Nazareth,
234 1577 277 1633 rel
301 1577 431 1634 ascendas
457 1577 486 1632 in
514 1577 684 1648 Jerusalem,
714 1591 852 1648 nunquam
869 1572 1006 1651 Baecula
1020 1575 1306 1632 seculorumdmen.

430 1905 613 2000 Sillith
643 1907 699 1998 ΙΝ
730 1904 999 1999 bultttttttlt
1027 1903 1353 1997 Phluhhtttt.

228 2095 344 2164 Christi
364 2096 397 2164 in
419 2094 598 2164 ierusalem
618 2096 784 2184 ingressus
801 2094 948 2184 mysticae
962 2093 1176 2182 expositiones
1189 2093 1328 2183 (March.
1356 2114 1420 2174 ω,
1436 2093 1529 2182 1-9).

92 2371 170 2426 Hunc
187 2385 357 2436 romonem,
373 2369 530 2427 scabiolis
543 2368 753 2427 llarchiuncmi
763 2374 891 2442 enimn,
907 2370 1075 2428 Guiticlmus
1090 2368 1188 2426 Setius
1202 2368 1315 2425 certauit
1332 2369 1391 2424 inm
1405 2365 1479 2441 stylo
1492 2369 1521 2426 et
1537 2363 1709 2434 conditione,

54 2483 143 2542 quom
156 2470 264 2541 pictate
274 2467 455 2524 Berccrdum
468 2468 576 2538 referre
590 2486 600 2526 .·
615 2468 744 2543 crumnis
761 2468 810 2542 (uc
824 2468 891 2544 quid
901 2469 935 2529 dc
947 2468 1020 2542 stylo
1034 2466 1174 2540 dicamus)
1195 2467 1302 2526 icamia
1313 2481 1479 2525 summum
1494 2464 1527 2524 dc
1542 2467 1666 2539 tempore
1680 2465 1712 2520 irs

53 2566 259 2639 montocriptis
276 2565 406 2625 omnihus
420 2565 608 2627 desideretur.

96 2853 122 2907 l.
136 2848 303 2921 Redemptor
317 2858 419 2920 noster,
435 2849 530 2908 iratres
545 2849 708 2919 charissimi,
722 2850 856 2910 Dominus
913 2854 1050 2912 solventes
1068 2859 1095 2909 et
1116 2851 1233 2927 pullum,
1251 2858 1334 2926 atquc
1348 2850 1382 2908 ad
1395 2849 1488 2910 losum
1502 2849 1643 2923 ducentes,
1659 2851 1715 2909 duo

57 2940 239 2997 nostcrlesus
260 2954 342 3013 quem
352 2939 429 2997 Pater
442 2940 633 3000 adsalutarem
647 2941 860 3000 victimsmmisit
914 2945 980 3001 sunt
1002 2941 1209 3016 praedicatorum
1224 2940 1344 3009 ordines,
1369 2956 1485 3016 quorum
1511 2957 1583 3000 nnus
1604 2939 1646 3019 in
1661 2942 1716 2997 cir-

59 3027 88 3084 in
103 3027 246 3093 mundum,
259 3042 319 3083 cum
336 3035 442 3101 tempus
457 3029 569 3086 instaret
578 3029 686 3104 qnando
697 3037 859 3097 moreretur,
914 3031 1118 3102 cumcisionem,
1132 3031 1200 3088 ulter
1213 3031 1240 3088 in
1251 3032 1413 3105 preputium
1428 3039 1471 3088 est
1484 3030 1597 3104 missus,
1610 3038 1718 3088 utrum·

61 3123 234 3189 praesentem,
255 3125 284 3173 ut
302 3116 386 3188 scitis,
406 3118 534 3177 exhibere
548 3136 578 3176 se
591 3119 677 3177 uoluit
695 3118 722 3175 in
737 3121 799 3177 loco
814 3118 861 3175 ubi
916 3139 970 3196 que
984 3122 1113 3197 populum
1128 3129 1155 3180 et
1170 3130 1343 3196 peccatorum
1353 3121 1466 3179 funibus
1481 3121 1665 3192 absolventes,
1689 3128 1718 3178 et

62 3212 218 3263 moreretur
229 3222 236 3276 ;
248 3204 317 3260 sicut
332 3207 759 3283 autemvenitutmorerctur,sic
770 3205 865 3282 praesi·
880 3195 902 3275 Β
915 3213 949 3268 nd
972 3211 1136 3286 agnitionem
1155 3227 1227 3268 rerae
1249 3209 1311 3267 fidei
1331 3210 1523 3282 perducentes.
1549 3211 1718 3268 Vestimenta

63 3294 103 3351 dit
118 3293 174 3361 ubi,
189 3301 217 3350 ct
227 3295 346 3366 quaudo,
362 3303 390 3351 et
408 3311 461 3368 quo
471 3298 565 3353 mortis
578 3313 677 3368 genere
698 3302 859 3365 moreretur,
910 3299 1035 3372 iumento
1062 3299 1198 3372 imposita,
1234 3305 1404 3355 sacramento
1427 3301 1491 3354 sunt
1524 3296 1588 3355 fidei
1615 3297 1719 3371 populo

63 3385 252 3457 praescriptum
266 3398 358 3439 coram
372 3400 402 3440 se
416 3385 517 3440 habens
531 3383 566 3440 sb
580 3393 681 3442 eterno
695 3384 791 3441 mortis
805 3399 861 3440 suae
915 3388 1061 3446 christiano
1075 3388 1230 3457 commissa,
1252 3402 1335 3459 super
1357 3385 1430 3458 quod
1453 3385 1529 3443 sedet
1542 3387 1630 3457 lesus,
1656 3385 1721 3457 quis

64 3488 162 3547 genus,
178 3473 264 3529 locum
280 3481 306 3528 et
320 3481 436 3544 tempus.
452 3471 615 3530 llaecsutem
627 3474 772 3540 triuerant,
786 3473 862 3529 Jero·
915 3476 1059 3548 perfidem
1076 3475 1104 3531 in
1120 3474 1201 3534 591
1220 3474 1348 3533 cordibus
1362 3490 1455 3532 eornm
1466 3474 1570 3532 habitat
1584 3474 1720 3541 Christus,

64 3561 342 3633 solyms,l’ascha,ot
356 3561 438 3618 Crux.
463 3561 532 3617 Num
546 3562 570 3618 si
584 3563 618 3618 de
635 3562 695 3620 loco
710 3560 862 3635 quaeris,in
915 3566 1036 3623 Plurima
1061 3571 1152 3621 subm
1183 3565 1272 3634 turha,
1307 3580 1369 3637 quae
1395 3562 1532 3621 sternebat
1560 3563 1721 3620 vestimenta

64 3652 233 3724 terosotyms
242 3650 462 3709 mortuusestzsi
475 3649 720 3724 depeneremorte
729 3648 864 3708 crnciszsi
916 3672 965 3712 sua
975 3655 1002 3712 in
1015 3654 1068 3726 vis,
1083 3652 1230 3711 multitudo
1244 3661 1287 3710 est
1302 3661 1452 3726 martyrum
1466 3659 1633 3724 sanctorum,
1657 3667 1721 3711 cor-

65 3755 131 3798 sero
140 3741 173 3796 de
185 3749 317 3811 tempore,
328 3739 442 3797 instante
453 3744 575 3813 tempore
586 3739 721 3812 paschalis
730 3739 864 3796 solemni·
917 3761 984 3820 popa
1001 3760 1051 3800 sua
1081 3743 1116 3798 ad
1145 3743 1321 3802 intitutionem
1338 3742 1435 3800 Christi
1463 3742 1662 3816 opponentinnr
1686 3741 1722 3798 nd

67 3831 139 3888 tatis.
155 3829 191 3886 Ut
202 3837 292 3887 autem
315 3844 364 3886 sos
379 3828 444 3888 satis
465 3828 581 3901 legendo
596 3835 623 3887 et
637 3827 772 3887 audiendo
791 3827 864 3884 didi·
917 3833 1058 3908 supplicia.
1083 3833 1184 3890 hamos
1204 3833 1239 3890 de
1259 3832 1405 3890 arboribus
1425 3833 1572 3902 caedentcs,
1596 3832 1724 3891 doctores

67 3919 154 3985 cistis,
164 3917 250 3991 iniqui
258 3934 320 3974 eum
330 3918 426 3986 Judaei,
437 3916 708 3992 aliquandoetnliter‚
716 3916 826 3984 etalibi,
837 3924 866 3974 et
917 3935 990 3992 punt,
1010 3923 1156 3982 catholicas
1178 3938 1212 3979 ex
1226 3921 1315 3980 libris
1338 3922 1438 3992 sanctis
1459 3922 1608 3981 subtemina
1629 3930 1723 3979 extra·

67 4014 147 4064 antes
160 4004 293 4077 perimere
304 4006 461 4062 voluerunt.
475 4007 547 4062 Nam
560 4009 673 4080 qnando
691 4023 753 4066 eum
776 4007 865 4063 duxe—
917 4014 1025 4073 hentcs.
1038 4012 1234 4088 Quiproeibcnt
1243 4018 1272 4072 et
1281 4013 1329 4088 qui
1338 4013 1540 4089 sequebantur,
1550 4011 1723 4079 ckmnbcat,

69 4100 134 4150 runt
148 4101 177 4146 ut
200 4091 405 4164 praecipitsrcnt,
421 4093 467 4149 nbi
482 4104 510 4150 et
525 4096 661 4154 transiens
675 4112 723 4168 per
746 4094 866 4152 medinm
919 4106 1068 4174 lipsanum
1082 4103 1128 4178 qui
1137 4118 1218 4158 unam
1233 4102 1356 4160 eundem
1369 4099 1533 4159 confitentur
1546 4099 1626 4157 fidem
1649 4098 1727 4159 chris

53 4229 55 4233 .
69 4181 179 4238 illorum
193 4177 258 4248 ibat,
284 4195 334 4236 nee
360 4181 395 4235 ad
419 4181 574 4240 Jerusalem
593 4193 735 4252 venerunt,
750 4200 801 4242 uec
814 4185 866 4239 Pn-
919 4192 1043 4263 priapum,
1069 4200 1096 4249 et
1109 4190 1225 4265 populus
1238 4191 1368 4248 luduicus
1383 4191 1411 4246 in
1431 4190 1528 4247 eadem
1550 4188 1604 4246 lide
1617 4203 1725 4261 praecc-

70 4271 136 4329 seha
150 4274 386 4341 exspectaverunt,
399 4284 451 4326 nee
477 4285 585 4327 crucem
612 4272 789 4346 quesierunt,
817 4271 867 4330 sed
919 4281 998 4349 dens,
1013 4288 1041 4337 et
1058 4280 1168 4354 gentilis
1186 4279 1368 4354 subsequens.
1387 4277 1420 4334 lit
1438 4277 1547 4352 quidm
1566 4291 1665 4335 sensus
1682 4273 1727 4332 his

71 4360 100 4415 in
116 4357 347 4429 perimendorum
371 4373 540 4431 nequaquem
562 4359 606 4419 tel
629 4362 750 4431 modum,
766 4362 806 4418 rel
821 4362 865 4418 lo-
918 4383 967 4440 ρει·
987 4364 1078 4423 omnis
1098 4365 1288 4438 approbandus
1311 4372 1353 4421 cst
1381 4363 1455 4438 quis,
1481 4379 1574 4433 sanna,
1599 4371 1626 4420 et
1646 4362 1727 4435 plene

72 4464 137 4506 cum
154 4456 268 4515 mutare,
293 4462 463 4520 nequaquam
483 4456 590 4522 tempus
613 4464 804 4522 preoccupare
819 4465 867 4508 sen
884 4457 907 4534 n
922 4453 1070 4511 catholicus
1083 4460 1134 4510 est.
1148 4452 1250 4509 Verum
1268 4468 1320 4509 nos
1338 4451 1420 4507 istum
1433 4452 1627 4524 approbantes,
1642 4449 1728 4505 alium

72 4538 185 4595 diilerre
200 4536 350 4594 valuerunt.
362 4536 443 4594 Venit
456 4537 550 4613 itaque
566 4539 747 4597 hodiernsdic
761 4540 871 4597 leroso-
924 4558 978 4600 non
991 4549 1081 4598 sutem
1096 4540 1214 4596 alienum
1231 4538 1260 4595 in
1275 4540 1325 4597 hoe
1343 4546 1436 4596 sancto
1448 4537 1600 4613 Evangelio
1619 4536 1728 4612 perqui-

74 4627 185 4702 lymsm,
205 4634 268 4683 ante
283 4626 405 4699 quinque
419 4627 616 4688 videlicetdies
635 4626 758 4700 Paschae,
778 4627 825 4685 illo
840 4643 871 4686 se
924 4647 1027 4698 murus,
1042 4638 1070 4687 et
1094 4644 1190 4687 sensns
1209 4627 1237 4684 in
1255 4643 1289 4686 eo
1302 4626 1413 4686 morulis
1428 4627 1574 4685 medullam
1600 4642 1729 4701 perseru-

72 4717 214 4775 insinuans
228 4733 301 4791 agno
326 4718 510 4791 praeiipurnto,
532 4719 579 4792 qui
593 4719 698 4778 decima
721 4719 873 4795 quartadie
927 4723 1023 4788 untes,
1038 4720 1071 4776 sd
1086 4715 1291 4774 edificationem
1317 4732 1424 4775 morum
1436 4714 1616 4775 ministerium
1628 4715 1730 4791 liupuss

74 4807 175 4864 mansis
189 4808 264 4867 terni
277 4808 311 4865 nd
325 4823 468 4880 vesperam
478 4809 668 4878 immolandus,
684 4809 788 4867 decima
809 4809 875 4883 qui·
929 4818 1030 4867 nostrae
1062 4816 1263 4867 convertamus.
1622 4870 1625 4875 ,

75 4899 135 4955 dem
155 4896 278 4968 ejumem
303 4900 403 4954 mensis
431 4898 475 4955 die
492 4900 558 4967 tolli,
573 4909 601 4958 et
616 4915 702 4972 usque
725 4901 760 4956 ad
775 4899 875 4972 praedi-
966 4902 993 4955 3.
1009 4901 1142 4972 Egoputo
1157 4898 1230 4971 quod
1245 4895 1365 4970 qnotidie
1378 4895 1516 4955 Dominus
1530 4895 1731 4971 appropinquat

77 4995 149 5045 ctum
159 4985 305 5043 terminum
317 4987 576 5058 jubebaturservsri
589 4991 689 5061 (Ecod.
706 4991 769 5062 nu).
919 4975 1081 5065 ,lsraelem
1095 4989 1206 5046 veniens
1219 4985 1385 5061 Bethphuge,
1405 4995 1433 5044 et
1450 4986 1587 5044 Bethania
1600 4983 1633 5040 ad
1649 4997 1729 5040 mos-

114 5080 140 5134 2.
158 5076 198 5133 De
209 5076 260 5132 hoc
271 5085 363 5133 autem
374 5078 490 5135 aduentu
505 5080 566 5149 ejus
578 5081 613 5134 ad
636 5079 787 5137 Jerusalem
801 5078 878 5140 multi
932 5089 984 5138 tem
1006 5076 1117 5145 Olivnti,
1130 5077 1238 5134 mittens
1256 5075 1285 5133 in
1307 5076 1448 5135 castellum
1474 5076 1545 5150 quod
1569 5080 1664 5131 contra
1681 5087 1731 5131 eos

79 5172 140 5221 ante
154 5181 205 5220 nos
219 5165 301 5221 muita
325 5165 472 5225 dixerunt:
490 5183 552 5240 quae
567 5167 631 5240 quia
653 5183 705 5225 nos
718 5184 784 5226 nera
798 5178 878 5242 atque
932 5176 975 5226 est
991 5168 1061 5226 duos
1083 5165 1233 5241 discipulos
1254 5165 1302 5238 qui
1327 5165 1363 5221 sd
1387 5181 1452 5223 enm
1474 5167 1633 5239 perducunt,
1648 5177 1732 5238 super

79 5253 211 5312 catholica
237 5270 299 5311 esse
310 5255 509 5328 cognoscimus,
537 5256 653 5329 dignum
664 5265 710 5318 est
736 5267 766 5313 ut
784 5266 879 5316 nostro
932 5260 1004 5331 quod
1019 5256 1124 5327 sedeat,
1145 5255 1310 5325 iumentum,
1328 5254 1377 5312 sed
1402 5253 1591 5325 spiritualiter.
1613 5252 1732 5326 Spiritus

81 5359 113 5401 eu
127 5342 235 5399 silemio
249 5345 441 5416 approbemus.
462 5347 496 5401 Et
518 5346 672 5404 communis
695 5345 805 5420 quidem
819 5362 880 5403 aen·
934 5347 1008 5406 enim
1028 5355 1089 5402 unte
1106 5344 1201 5401 faciem
1225 5354 1346 5399 nostram
1370 5341 1493 5400 Christus
1515 5341 1659 5411 Dominus,
1678 5341 1732 5399 etsi

81 5441 203 5499 ausast,
229 5432 303 5506 qnod
325 5434 384 5504 eius
399 5435 425 5489 in
440 5434 590 5511 Jemsaiepr
619 5435 773 5511 ingressus,
796 5435 880 5507 ipsius
927 5436 1113 5510 ,eognovimus
1134 5430 1270 5490 Christum
1285 5431 1434 5489 seeundum
1459 5447 1582 5506 manent,
1605 5432 1655 5490 sed
1673 5430 1732 5511 ism

79 5527 126 5584 ast
151 5520 187 5580 nd
208 5520 357 5582 Ecclesiam
386 5522 516 5587 adtentus
531 5524 606 5586 :dno
623 5523 757 5602 discipuli·
778 5518 880 5586 ninam
923 5515 1007 5586 ‘nune
1023 5540 1078 5585 non
1092 5522 1217 5586 norimus
1231 5522 1274 5596 (ll
1287 5522 1349 5586 dor.
1363 5537 1393 5597 r,
1404 5521 1462 5598 ts).
1476 5520 1594 5582 Proinde
1607 5518 1732 5596 quaeren'·
