3706 5962
129 213 185 277 185

810 212 968 277 fidefilIlI
985 216 1123 277 sullus

1723 212 1779 273 tob

130 339 241 398 duhel.
264 339 385 410 Cumque
400 338 532 393 charitate
554 338 678 394 ordinata
697 340 746 395 sibi
761 347 790 398 et
804 342 863 398 Deo
880 358 927 397 va·
943 359 966 437 fl
984 343 1018 400 de
1033 342 1094 399 oleo
1108 340 1261 398 devotionis
1275 354 1329 410 quo
1343 338 1465 393 abundus
1476 353 1526 408 per
1539 337 1630 393 omnia
1643 354 1709 393 vasa
1723 337 1778 399 illu,

131 435 216 494 caret,
241 426 366 498 filiosque
387 425 551 498 negligeret,
568 434 712 499 uotumque
726 429 777 485 Dei
792 431 862 487 actui
881 446 927 487 eo·
982 437 1084 489 etcum
1098 430 1216 502 impleta
1225 429 1350 499 suerint,
1362 433 1502 481 revertere
1511 426 1545 480 ad
1556 440 1609 480 mc.
1621 427 1682 482 Nou
1696 429 1778 487 enirn,

132 532 195 574 ram
213 521 400 587 proponerem
415 511 487 569 facta
501 520 542 569 est
554 513 642 570 fames
651 515 727 571 verbi
741 517 793 573 Dei
805 537 811 573 ε
823 519 927 590 parvuli

132 605 272 680 petierunt
286 618 393 675 panem,
409 618 462 659 neo
472 609 531 667 erat
546 604 592 675 qui
607 606 760 678 porrigeret
775 608 825 664 eis.
840 608 930 681 Coepit

133 693 253 751 creditor
268 691 391 748 diabolus
406 691 504 754 redire,
531 695 628 763 etjam
643 709 697 749 non
712 695 782 751 sicut
796 696 927 766 perditor,

134 782 182 839 sod
198 781 267 837 siout
279 779 399 837 creditor
411 779 474 836 illos
489 787 614 850 repetere
628 784 662 837 ad
676 766 851 839 serviendum
866 786 929 840 sibi.

134 871 222 927 Mater
234 884 300 926 vero
311 868 373 940 quis
386 869 558 924 convolabat
570 869 664 926 labore
679 871 811 927 bonorum
831 873 932 929 studio·

131 966 195 1016 'rum
219 966 247 1014 ct
260 965 368 1014 actuum
386 972 480 1029 agere,
497 965 594 1028 putans
612 974 642 1014 se
660 966 780 1015 acturam
796 960 851 1016 solu
867 975 930 1018 ora-

135 1047 222 1112 tioue,
238 1046 321 1117 coepit
333 1045 367 1101 ad
382 1046 469 1100 Deum
484 1046 612 1103 clamare.
628 1048 661 1102 Et
675 1047 740 1119 quid
755 1047 822 1103 dixit
835 1047 873 1103 illi
888 1065 933 1105 re-

129 1138 266 1206 'ipdnsum
280 1133 422 1190 divinum?
434 1133 507 1202 Quid
518 1132 610 1197 babes,
623 1134 719 1205 inquit,
732 1136 764 1190 in
775 1137 855 1193 doma
871 1141 931 1207 tua,

137 1222 225 1291 idest,
235 1222 263 1277 in
273 1221 437 1278 dormientia
445 1221 509 1276 tuaf
521 1224 556 1277 At
565 1222 619 1287 illa,
636 1222 719 1287 Viuit,
731 1223 829 1296 inquit,
839 1226 933 1284 Dami-

137 1316 268 1374 uusmon
278 1310 361 1368 babeo
371 1325 420 1383 epo
430 1309 595 1365 ancillatua
605 1310 717 1382 aliquid
727 1312 757 1367 iu
769 1311 848 1371 domo
859 1329 933 1383 med,

138 1398 200 1456 uisi
211 1414 317 1471 parum
326 1399 381 1456 otei
394 1398 426 1453 in
439 1414 512 1463 uase,
524 1396 551 1451 id
562 1408 614 1463 est,
626 1398 778 1456 devotionis
788 1401 815 1456 in
831 1410 931 1467 mente,

139 1501 191 1560 pua
207 1502 311 1558 anper.
327 1485 528 1541 Notadelicias.
544 1486 604 1542 Non
619 1495 683 1558 eget
701 1488 786 1559 pasci,
798 1490 848 1544 sed
862 1490 934 1546 desi-

982 527 1012 577 nt
1026 520 1102 586 diois,
1126 534 1220 592 parum
1235 517 1321 572 habes
1344 514 1407 580 olel,
1431 530 1493 587 quae
1511 514 1678 585 intempore
1702 515 1782 570 famis

982 624 1037 665 non
1051 609 1137 664 solum
1156 606 1321 680 pascendam
1336 611 1373 669 te,
1390 605 1440 662 sed
1455 603 1611 677 ungendam
1626 604 1779 673 praesurais.

983 696 1104 753 Audiens
1131 697 1190 752 haee
1217 709 1326 766 sponsa.
1355 693 1517 749 chantatenr
1547 692 1727 757 reordinavit;
1753 700 1782 746 ut

984 786 1067 841 missa
1081 785 1178 846 fuerat,
1204 783 1294 839 oleum
1310 781 1426 853 Spiritus
1440 781 1525 836 suncti
1544 780 1682 836 mentibus
1702 779 1781 835 audi-

985 881 1073 929 torum
1101 870 1217 927 infudit:
1244 871 1318 924 Deus
1341 876 1431 924 eutem
1451 882 1536 923 vacua
1558 882 1627 923 vasa
1648 868 1781 937 implevit.

985 960 1063 1031 Quod
1077 976 1138 1016 cum
1153 958 1251 1015 facturn
1266 963 1348 1021 esset,
1371 954 1452 1026 Vade,
1464 956 1559 1027 inquit,
1577 955 1781 1021 baumoleum,

986 1054 1015 1106 et
1031 1049 1118 1106 libera
1133 1053 1160 1105 tc
1174 1065 1190 1104 a
1206 1045 1362 1114 creditore,·
1379 1045 1404 1099 id
1420 1052 1471 1109 est,
1483 1059 1535 1115 pro
1550 1043 1684 1098 effusione
1698 1043 1784 1099 devo·

986 1137 1068 1193 tionis
1083 1143 1146 1201 ιιιιι,
1157 1143 1267 1191 ιιιιιιιιι
1275 1134 1336 1189 vitae
1351 1141 1479 1203 exspecta
1492 1131 1615 1202 pramis.
1635 1134 1671 1188 fu
1685 1135 1782 1187 autem

987 1230 1016 1284 et
1028 1226 1085 1296 itii
1102 1225 1146 1280 tui
1165 1224 1253 1282 uiuite
1267 1223 1300 1278 de
1314 1222 1422 1294 reliqna
1437 1221 1484 1283 tlt
1503 1222 1566 1293 flep.
1582 1221 1706 1290 rv‚l-l);
1720 1220 1785 1291 quia

988 1321 1088 1387 quanta
1104 1328 1119 1366 a
1135 1319 1162 1368 te
1175 1311 1235 1367 uliis
1251 1311 1299 1366 fiet
1319 1310 1370 1367 olei
1386 1311 1467 1380 liujus
1486 1309 1591 1373 effusio,
1616 1315 1722 1363 ιιιιιιι
1740 1325 1785 1363 me

989 1402 1038 1457 tibi
1053 1402 1099 1458 fiet
1114 1400 1221 1456 infusio.
1237 1400 1292 1456 Sed
1314 1398 1410 1465 vivite,
1427 1396 1528 1469 iuquit3
1544 1412 1608 1462 non,
1628 1396 1784 1468 Ungirninl:

989 1505 1038 1548 vos
1058 1491 1155 1546 instate
1176 1498 1206 1544 ιιι
1227 1489 1332 1552 vivatis,
1358 1496 1387 1543 tu
1401 1486 1527 1544 videlicet
1541 1494 1569 1541 et
1590 1483 1638 1540 filii
1660 1485 1713 1552 tui3
1733 1500 1787 1551 ego

139 1572 219 1630 durat
229 1573 305 1646 ungi.
318 1573 417 1638 Atilla,
439 1574 523 1640 Vade,
534 1574 632 1646 inquit,
645 1581 674 1633 et
685 1582 748 1650 pete
758 1582 858 1635 mutuo
868 1595 936 1634 uasa
991 1588 1115 1651 tempore
1129 1593 1180 1634 auo
1194 1577 1229 1634 de
1242 1577 1370 1634 unctione
1382 1575 1538 1653 deliciarum
1555 1581 1706 1629 vestrarum
1726 1588 1790 1643 pro·

57 1740 61 1747 ¹
140 1677 232 1719 uacua
244 1677 303 1719 non
315 1679 418 1735 pauca,
432 1661 459 1717 id
475 1671 524 1726 est,
541 1663 695 1720 auditorum
709 1666 802 1730 corda,
818 1666 936 1723 etmitte
991 1667 1101 1724 videbo.

143 1838 1790 1874 w

398 1988 846 2107 (ellurum
921 1992 1328 2106 nunnus

748 2213 1202 2307 oucssuanonus

315 2427 400 2540 [tn
456 2423 857 2562 COLLOQUIO
908 2423 1181 2540 SlMONlS
1223 2423 1368 2540 CUlll
1425 2423 1634 2572 lusti,

669 2646 711 2700 liu
734 2646 761 2700 S.
779 2642 913 2698 bernardi
932 2641 1108 2699 sermonibus
1132 2643 1266 2699 collecta.

455 2791 503 2847 AD
521 2790 701 2848 flandiensi
720 2790 866 2848 SANCTAE
885 2790 1041 2850 ROMANAE
1061 2792 1242 2849 EGCLESlAE
1262 2790 1501 2848 CARDINALEM.

819 3038 1140 3130 indomito·

192 3211 276 3270 m
292 3217 316 3271 l.
330 3215 417 3286 liujus
428 3213 557 3287 opusculi
567 3218 667 3271 auctos·
680 3219 722 3269 est
735 3214 898 3286 deofridus,
911 3215 1049 3274 bernardi
1059 3216 1229 3289 discipulus,
1239 3216 1288 3288 qui
1302 3215 1379 3271 istud
1389 3233 1426 3272 ec
1438 3215 1629 3271 uariissaucti
1638 3212 1734 3268 Patris
1744 3227 1806 3268 ser·

157 3284 454 3350 monibusconteeuit,
467 3286 514 3341 uti
519 3285 580 3354 ipse
588 3284 693 3341 asserit
704 3285 791 3341 initio
796 3287 905 3359 protopi
911 3286 1064 3359 sequentis.
1073 3286 1197 3343 ll'amabi
1209 3287 1239 3342 in
1249 3286 1335 3343 editis
1341 3285 1458 3358 lepitur,
1472 3304 1482 3336 ι
1497 3284 1622 3340 emuttis
1631 3281 1807 3338 sermonibus

160 3359 294 3424 Patrem·
307 3376 319 3406 ι
332 3355 390 3412 scri
410 3355 434 3411 ιι
444 3371 540 3413 omnes
547 3360 717 3427 meterent,
736 3375 749 3407 ι
761 3357 881 3415 annuitis
889 3356 1066 3415 sermonibus
1076 3358 1172 3414 Patris
1183 3357 1310 3414 nostrin
1326 3356 1577 3420 cheminionensis,
1591 3354 1737 3412 «amanis
1746 3368 1808 3408 ser-

158 3427 288 3486 monibus
296 3427 372 3485 beati
402 3427 522 3483 ernaudi
530 3427 627 3484 Patris
637 3428 742 3485 nostri.
757 3447 768 3478 s
786 3430 819 3484 ln
830 3429 879 3485 boc
889 3428 983 3486 codice
992 3427 1123 3484 sicbabet
1134 3428 1203 3483 libri
1211 3428 1379 3500 inscriptio:
1392 3450 1404 3474 a
1420 3426 1699 3500 lncipitopusaulum
1710 3423 1806 3480 domm

162 3497 293 3570 Goufrtdi
308 3498 341 3554 de
355 3495 440 3555 dictis
453 3497 531 3556 beati
545 3499 685 3555 Benmrdl
705 3500 742 3556 ad
756 3501 908 3556 Henricum
919 3501 1051 3556 Romanu
1065 3499 1198 3556 Ecclesiae
1218 3505 1285 3556 tunc
1300 3498 1511 3562 subdiaconum,
1527 3502 1623 3569 postea
1638 3495 1808 3552 monaulum

163 3569 362 3634 Clarae-Vallis,
376 3569 478 3626 deinde
487 3568 674 3637 cardinalem,
685 3584 772 3644 super·
784 3569 859 3626 Dixit
868 3569 962 3626 Simon
977 3570 1073 3626 Petrus
1082 3569 1116 3626 ad
1130 3571 1231 3632 lesum.
1250 3590 1263 3621 a
1282 3569 1373 3627 Codes
1387 3569 1623 3642 Aquicinctensis,
1640 3569 1763 3638 scriptus
1775 3565 1808 3620 ab

161 3639 489 3712 annisquadriupentis:
507 3661 518 3689 ι
535 3640 615 3696 Liber
623 3641 656 3696 de
670 3641 789 3698 lectione
803 3641 973 3711 euanpetica,
989 3641 1061 3697 Ecce
1075 3656 1124 3696 uos
1139 3640 1294 3712 reliquimus
1304 3638 1403 3703 omnia,
1419 3638 1554 3697 collectus
1567 3656 1603 3696 ed
1613 3636 1700 3694 dictis
1711 3635 1808 3712 domni

163 3709 415 3770 Bernardiabbatis
432 3709 633 3767 Clarae-Vultis.
643 3732 654 3759 ι
663 3710 695 3765 ln
709 3712 802 3769 codice
816 3712 958 3775 Vaticano,
969 3728 1000 3767 n.
1010 3713 1072 3776 658,
1084 3715 1142 3768 scri
1162 3715 1189 3767 to
1195 3726 1248 3783 pra
1257 3710 1369 3768 llicolno
1385 3712 1410 3774 V,
1421 3713 1517 3766 exstat
1527 3709 1576 3765 sub
1586 3710 1637 3766 boe
1648 3706 1742 3765 tituto:
1751 3709 1809 3763 «lle

163 3782 299 3855 colloquio
310 3779 435 3837 Simonis
449 3783 478 3834 et
488 3781 565 3845 besu,
582 3780 618 3835 ad
632 3783 781 3838 llcnricum
791 3783 924 3838 Romanor
935 3782 1063 3840 Ecclesiae
1073 3729 1286 3846 sabaeaconum,
1301 3783 1350 3855 qui
1359 3785 1455 3853 postca
1467 3782 1623 3838 monnellus
1639 3779 1809 3835 curae-uat-

166 3854 251 3912 lensis
260 3852 356 3922 faetus
365 3855 408 3907 ιιι
421 3849 504 3906 abbas
514 3850 589 3923 apud
598 3855 805 3908 nmcrmterium
817 3853 1075 3910 Sanctirlnastasii
1084 3853 1207 3919 detlrbe;
1221 3873 1232 3902 a
1251 3856 1279 3908 ιι
1290 3854 1322 3909 in
1331 3853 1402 3921 fine:
1418 3873 1429 3901 ι
1443 3851 1570 3923 Explicit
1583 3851 1652 3907 liber
1661 3849 1737 3905 beati
1745 3851 1810 3905 Ber·

164 3921 259 3980 nardi.
273 3940 286 3972 a
303 3920 579 3978 Vallis-lucentinus
591 3922 656 3978 anti
676 3924 750 3979 utor:
760 3945 771 3973 ι
780 3923 923 3995 Incipiunt
932 3923 1061 3997 capitula
1075 3922 1257 3996 inopusculo,
1279 3924 1334 3982 uod
1344 3922 1501 3993 sccitabbas
1512 3919 1728 3994 lpniacensisad
1738 3922 1810 3976 llen·

166 3994 269 4076 ricurm
285 4011 296 4040 ι
309 3995 362 4047 etc.
371 3990 499 4076 ‘Denique
509 3939 751 4076 clamucium
761 3997 789 4050 et
798 3997 888 4067 liepioe
899 3995 1030 4052 Nauarroe
1040 3993 1147 4050 codices
1159 3940 1289 4063 caufridi
1300 4010 1402 4050 nomen
1429 3992 1580 4065 referunt,
1592 4008 1649 4049 non
1661 3989 1810 4072 Bernabdi.

168 4067 211 4122 Ee
219 4063 327 4134 autom,
336 4062 458 4135 altisque
467 4058 608 4120 codicibus
614 4064 799 4136 intettipitur,
813 4065 887 4121 bunc
896 4064 1002 4121 librum
1010 4064 1116 4121 abalia's
1129 4064 1275 4135 cotafrido,
1286 4062 1320 4119 ab
1330 4064 1399 4120 aliis
1407 4011 1546 4121 bernarda
1556 4065 1622 4121 olim
1633 4063 1812 4134 fuissentin·

167 4136 277 4190 butum.
290 4135 333 4189 lis
344 4133 389 4190 bis
401 4150 477 4190 unm
486 4138 529 4191 est
547 4131 711 4190 Witletmus
720 4134 874 4193 monachus
888 4136 1077 4201 lamacensis,
1089 4138 1137 4209 qui
1147 4136 1179 4190 in
1189 4134 1364 4192 Bernardino
1374 4151 1423 4190 suo
1434 4151 1483 4191 seu
1493 4134 1562 4189 libra
1578 4136 1692 4191 Florum
1706 4148 1741 4187 eu
1749 4132 1814 4189 Ber-

167 4202 270 4268 nardo,
291 4203 421 4262 lebnam«
437 4204 470 4260 de
483 4204 619 4277 colloquia
630 4205 753 4263 Simonis
768 4211 795 4265 et
809 4209 875 4264 lesu
891 4228 905 4257 ι
918 4207 1026 4279 passim
1039 4205 1089 4262 sub
1099 4207 1363 4265 bernardimmine
1373 4206 1478 4262 laudat.
1494 4208 1643 4277 Utrumque
1653 4219 1751 4262 uerum
1760 4206 1812 4268 ιιι,
1835 4228 1842 4239 ·

168 4280 197 4336 ιι
207 4274 346 4333 Bernardi
357 4291 413 4333 esse
431 4275 480 4333 bac
490 4276 670 4349 opuseulum,
681 4277 727 4334 uti
736 4279 870 4342 auctoris,
883 4281 911 4333 ct
924 4277 1055 4349 (leufridi
1065 4279 1110 4334 uti
1119 4277 1283 4342 collectoris,
1294 4279 1385 4350 quiec
1394 4275 1667 4344 oredieentisuarios
1680 4271 1816 4331 Berramdi

168 4362 318 4412 sermones,
336 4344 369 4404 de
380 4345 514 4422 colloquio
525 4347 649 4404 Simonis
664 4347 700 4404 dd
715 4351 809 4406 fessum
819 4347 939 4412 babitus,
953 4351 984 4404 in
998 4365 1090 4405 unum
1104 4347 1250 4418 conflauit.
1266 4348 1339 4405 Sene
1355 4352 1421 4404 tanc
1434 4350 1522 4404 moris
1532 4336 1604 4415 erua‘t,¹
1619 4349 1653 4400 ut
1664 4360 1699 4400 ee
1713 4361 1760 4400 ore
1778 4344 1817 4399 lo-

169 4420 282 4547 om&
298 4418 1007 4548 ammiansmonerssinaiaab‘mpdosebernargi,
1029 4419 1100 4546 aaa?
1121 4418 1154 4474 de
1169 4418 1348 4545 ᾃὲνῧιιιιιιι
1363 4421 1394 4474 in
1417 4420 1536 4476 Cantica
1553 4418 1672 4490 aliisque
1695 4416 1816 4507 constat,

168 4507 182 4547 s
275 4507 305 4545 m
446 4507 493 4553 ,u
539 4506 624 4546 eue
670 4506 697 4546 ca
762 4507 820 4546 ass
869 4506 1321 4548 rnaonausaeummemus.

203 4564 230 4617 ι.
252 4559 411 4630 (laufridus
429 4563 454 4617 it
487 4577 524 4623 ,ue
539 4560 623 4618 istius
633 4562 761 4634 opusculi
773 4579 831 4618 non
845 4493 1153 4626 auctor,sedcbtlector
1164 4560 1365 4633 aquescendus.
1378 4562 1413 4615 At
1422 4562 1517 4630 plures
1526 4560 1607 4628 suere
1618 4559 1681 4628 ejus
1695 4556 1819 4617 nominis

127 4676 129 4681 .
170 4630 302 4688 ammata·
318 4630 474 4688 clara-lat
487 4647 576 4689 enses.
591 4630 724 4690 Abbatem
745 4634 936 4716 lpniucensem
950 4637 1029 4689 uocat
1045 4632 1132 4690 eaden
1152 4631 1389 4688 Vallis-Lucentis.
1406 4629 1429 4686 ιι
1441 4644 1504 4701 erpa
1519 4633 1560 4686 est
1572 4624 1739 4699 (laudidus,
1750 4627 1818 4708 licr-

169 4699 392 4773 nardipramum
403 4701 544 4769 notarius,
554 4705 652 4775 etpost
661 4702 1103 4775 Guermcumubbnslaniaccnsis,
1113 4705 1239 4775 tumpast
1248 4701 1411 4758 fastredum
1420 4695 1819 4770 clerte-Vallensisquilebras

170 4773 204 4828 de
214 4771 352 4828 Bunardi
364 4773 424 4828 uita
435 4771 512 4836 duos,
528 4777 557 4828 ιι
566 4788 724 4829 sermonem
734 4774 768 4833 dc
781 4775 877 4832 eodem
885 4774 1050 4846 composuit.
1065 4773 1200 4830 llenricus
1209 4787 1283 4839 uem,
1295 4773 1341 4827 eui
1350 4773 1517 4845 opusculum
1531 4768 1610 4826 istud
1621 4770 1819 4840 nuncupatum

171 4846 224 4908 est,
244 4843 305 4914 ipse
326 4846 369 4901 est
385 4859 467 4925 quem
480 4842 556 4899 ιιιιιιι
572 4845 722 4915 Gaufridus
739 4846 838 4903 laudat
853 4848 884 4901 in
899 4845 972 4904 dctis
989 4844 1106 4901 concilii
1122 4842 1267 4901 lletnensis
1285 4848 1384 4900 contro
1402 4842 1558 4899 Gilbertum
1574 4843 1765 4897 Porretonuns
1778 4836 1820 4918 ιιι

172 4914 274 4972 verbis:
289 4935 298 4961 ι
315 4915 453 4970 minus
462 4913 600 4970 llenricus
609 4915 740 4985 Pisanus,
754 4922 822 4973 tunc
834 4918 968 4973 Rauennae
983 4914 1114 4972 Ecclesiae
1127 4915 1322 4983 subdiaconus,
1334 4916 1452 4984 futurus
1466 4916 1564 4984 postea
1577 4909 1821 4968 ctare-tattaeus

171 4983 333 5057 menoetius,
353 4989 381 5040 et
394 5001 430 5042 ee
443 4983 541 5042 abbate
557 4987 826 5052 Sancti-dunstani,
851 4991 1016 5044 sanctarum
1031 4985 1156 5042 Nesciet
1171 4985 1292 5042 Achillei
1307 4987 1452 5058 presbyter
1466 4981 1633 5045 cardinatis,
1653 5005 1663 5029 ·
1681 4988 1734 5037 etc.

207 5059 233 5114 3.
246 5057 325 5114 Auno
337 5057 401 5110 tool
417 5056 627 5128 typisuulpatus
637 5061 678 5115 ιιι
688 5060 741 5114 iste
752 5057 821 5113 liber
832 5057 932 5130 Spera,
944 5056 993 5113 sub
1003 5057 1339 5113 titulollectamationum
1349 5061 1377 5113 ιι
1386 5054 1502 5112 nontine
1511 5051 1657 5119 damandi,
1667 5051 1769 5134 absque
1780 5045 1823 5100 di·

171 5128 325 5184 stinctt'one
333 5129 502 5184 sectionum.
515 5128 762 5186 declamationum
771 5129 935 5186 vocabulum
946 5143 1011 5184 cum
1020 5127 1276 5184 nomineBernnrdi
1290 5128 1476 5198 insequentes
1486 5124 1755 5190 editionestransitt,
1767 5134 1823 5175 non

171 5203 271 5255 contra
281 5203 407 5256 mentem
417 5198 555 5264 auctoris,
563 5199 612 5271 qui
624 5199 750 5257 libellum
760 5200 836 5255 bunc
847 5221 858 5250 ι
872 5199 1124 5269 instarcujusdom
1134 5201 1236 5326 copiosi
1243 5197 1441 5256 declamatorii
1450 5199 1608 5278 sennanim
1620 5211 1638 5250 a
1648 5210 1678 5252 se
1686 5191 1825 5264 composi·

173 5273 235 5326 tum
246 5267 330 5327 dicit.
344 5271 484 5329 Ceterum
491 5286 554 5327 cum
561 5273 702 5328 auctorin
708 5271 766 5339 ficia
773 5269 882 5343 proloqu·
890 5273 1018 5336 testetur,
1030 5287 1058 5328 se
1071 5273 1155 5343 bajus
1176 5271 1230 5328 ibri
1241 5267 1522 5328 lectionembrevibus
1535 5266 1705 5323 disiunxisse
1717 5269 1829 5321 senten·

173 5340 231 5407 tiis,
252 5354 367 5414 eamque
387 5341 490 5414 scripti
504 5341 614 5400 codices
632 5343 739 5416 passim
757 5343 789 5398 in
805 5341 958 5414 senapinta
977 5344 1112 5400 sectiones
1135 5343 1304 5416 partiantur
1319 5361 1327 5408 ,·
1343 5340 1417 5396 banc
1440 5339 1654 5396 distinctionem
1671 5352 1708 5393 eu
1728 5335 1828 5418 mente

171 5411 299 5468 auctoris
310 5427 422 5469 seruare
437 5413 530 5469 uisum
543 5416 594 5469 est.
609 5413 735 5472 certain
750 5412 842 5471 codice
855 5410 1133 5470 Albo-lfanteltorum
1146 5412 1221 5485 apud
1228 5414 1354 5469 Parisios
1363 5413 1505 5468 tractatus
1520 5408 1574 5465 iste
1583 5409 1626 5464 ita
1641 5403 1829 5463 inserebatur:

173 5479 353 5538 «smunua
366 5484 695 5556 emcptoeeuapucuatis
708 5482 1003 5542 imminutionis
1018 5483 1255 5541 ctera-tadu.»
1307 5509 1310 5513 ·
1630 5500 1632 5504 ·
