3706 5962
1739 188 1795 249 284

789 192 983 254 citissimi
1000 191 1138 252 mettis

145 200 199 263 283

145 336 199 396 tns,
214 331 242 382 et
256 324 385 400 irriguus,
400 329 428 378 et
440 320 545 390 fertilis,
560 329 589 377 et
601 335 747 377 nemorosa
761 319 838 378 vallis
852 334 938 377 verno
956 333 979 411 Α
996 334 1078 392 quam
1092 316 1151 375 fere
1165 317 1200 374 de
1214 316 1388 373 tabernaculo
1398 313 1673 389 Dominiegrederis3
1685 316 1713 370 in
1724 330 1795 371 con-

145 416 173 470 in
197 422 320 485 tempore
347 410 438 467 avium
465 408 537 466 dulci
560 416 641 465 cantu
669 409 790 472 resultat,
806 417 835 464 ut
854 409 940 480 possit
996 406 1075 476 ciliis,
1098 407 1126 462 in
1139 404 1346 471 conventiculis,
1362 405 1390 460 in
1413 403 1547 476 capitibus
1569 402 1731 474 platearum,
1746 405 1795 460 ubi

146 508 299 560 emortuum
318 514 446 557 recreare
465 496 599 570 spiritum,
615 496 724 554 delicati
742 497 825 553 animi
845 497 940 553 deter-
996 495 1077 553 modo
1099 495 1217 567 dispersi
1239 504 1303 550 sunt
1325 493 1430 566 lapides
1443 491 1589 549 sanctuarii
1608 490 1672 562 (etsi
1693 492 1734 547 tui
1743 492 1795 548 aii-

146 608 212 666 gerc
238 590 355 655 fastidia,
372 588 506 644 indevotae
526 587 626 643 mentis
653 586 776 643 emollire
803 585 940 641 duritiam.
995 584 1122 658 quoties),
1137 590 1166 639 tu
1181 581 1318 640 rarissime
1331 581 1439 640 videris.
1456 583 1585 655 blaquum
1599 579 1627 636 in
1642 580 1694 637 boc
1708 596 1795 657 arqu-

146 678 271 753 Denique
284 677 343 734 haec
356 675 435 732 vobis
455 683 502 730 ant
522 673 618 730 future
631 673 808 745 jucunditatis
821 672 942 744 auspicia
995 680 1127 742 mentum,
1142 672 1191 730 tibi
1206 688 1261 730 non
1283 678 1389 745 gratam
1413 669 1641 745 inquietudinem,
1656 677 1685 726 et
1704 687 1795 727 remo·

147 767 311 840 depingunt3
326 773 374 820 aut
394 764 488 836 primae
502 762 575 819 illius
594 762 799 835 qualescunque
812 761 942 817 exhibent
995 770 1051 817 tam
1074 760 1241 834 procedendi
1265 759 1468 817 necessitatem.
1483 759 1522 815 Te
1544 773 1600 815 uon
1613 772 1720 825 manus,
1737 774 1793 815 non

146 854 285 928 reliquias,
302 868 369 928 quas
386 853 459 909 inter
478 849 596 924 paradisi
610 865 718 907 amoena
732 852 859 905 humane
872 864 941 906 con-
995 850 1098 918 oculas,
1114 865 1169 906 nou
1185 865 1234 921 pes
1256 857 1318 905 tuus
1333 846 1496 905 scandalizat
1513 866 1519 901 :
1536 846 1655 920 alioquin
1669 847 1794 921 quamvis

146 942 256 1000 ditionis
270 941 365 997 sortita
378 947 421 998 est
435 938 589 1013 integrius.
605 937 661 994 Sed
675 937 777 994 uallum
791 937 899 1009 inquies
913 936 941 992 iu
995 954 1058 995 cnm
1081 937 1175 994 dolore
1193 936 1408 993 abscindendum
1423 943 1451 992 et
1464 935 1649 1007 separandum
1667 942 1725 990 crat
1740 952 1793 1007 po-

32 1076 38 1081 .
147 1029 301 1102 hujusmodi
322 1028 449 1084 meritum
471 1027 578 1084 virtutis
603 1026 738 1083 collocari.
753 1025 863 1099 Negare
886 1039 942 1081 non
996 1026 1050 1082 tius
1072 1026 1225 1082 membrum
1250 1041 1265 1080 a
1289 1025 1386 1097 capite,
1411 1040 1491 1097 quam
1519 1032 1601 1096 capnt
1623 1039 1640 1078 a
1666 1039 1791 1096 corpore.

146 1132 267 1189 possum,
283 1116 384 1190 quippe
399 1132 460 1172 cum
482 1114 571 1170 media
585 1115 640 1169 sint
659 1117 717 1171 haec
734 1132 740 1169 :
756 1115 805 1172 sed
824 1115 891 1172 sicut
907 1115 942 1171 ad
996 1115 1104 1170 Nullam
1115 1129 1186 1186 ergo
1196 1113 1224 1169 in
1234 1113 1370 1170 hisbabes
1378 1113 1524 1181 deserendi
1538 1112 1681 1170 materiam
1697 1113 1792 1172 officii.

146 1205 358 1278 comparandum
372 1204 497 1262 meritum
513 1203 594 1270 nulla,
611 1203 651 1260 sic
664 1204 698 1259 ad
713 1203 835 1277 quietem
850 1203 943 1261 couie·
997 1203 1080 1259 Forte
1091 1201 1239 1273 injuriosus
1253 1201 1355 1267 videar,
1368 1209 1395 1257 et
1408 1200 1489 1257 nimis
1503 1200 1599 1258 molles
1612 1200 1713 1258 afferre
1727 1217 1794 1258 con·

146 1292 260 1352 rendam
280 1310 335 1351 uon
353 1310 448 1367 pamm
468 1299 531 1349 sunt
549 1292 702 1350 commoda.
716 1292 775 1349 Nec
794 1308 844 1349 nos
858 1293 894 1348 ita
908 1293 943 1347 ab
996 1291 1153 1353 solutiones.
1174 1290 1281 1347 erudito
1308 1290 1513 1364 exercitatoque
1540 1290 1667 1364 indiguus
1691 1291 1793 1348 animo.

147 1383 275 1456 antiquis,
291 1382 338 1455 qui
352 1382 432 1439 nobis
450 1380 664 1440 conversationis
685 1379 873 1454 experimenta
888 1391 942 1438 tra-
997 1379 1070 1450 Quid
1093 1379 1167 1437 enim
1190 1379 1214 1436 ai
1238 1386 1383 1450 paupertas
1405 1378 1556 1445 incumbat,
1580 1377 1603 1433 si
1627 1377 1744 1448 injuriae,
1771 1379 1794 1436 si

146 1471 285 1541 didemnt,
304 1485 418 1544 quorum
445 1469 592 1527 auctoritas
617 1470 763 1544 antiquior,
783 1476 812 1526 et
838 1471 942 1543 puritas
997 1469 1150 1537 calumnie,
1165 1467 1188 1524 si
1210 1467 1249 1524 rei
1272 1466 1364 1540 iuopia
1387 1466 1537 1533 familiaris,
1553 1467 1607 1523 imo
1629 1467 1793 1536 communis,

147 1559 284 1632 amplior:
306 1575 373 1626 non,
388 1559 509 1633 inquam,
525 1559 562 1615 ita
584 1558 690 1616 abillis
713 1559 896 1625 dissentimus,
913 1567 943 1615 ut
998 1556 1020 1613 si
1035 1557 1116 1627 hujus
1139 1556 1219 1612 etiam
1235 1554 1335 1627 inopiae
1357 1554 1482 1629 direptio,
1498 1556 1552 1612 sia
1572 1553 1659 1612 latere
1682 1555 1794 1627 pericu-

146 1664 209 1721 quae
222 1647 274 1720 ipsi
291 1649 325 1703 ad
345 1648 541 1721 perfectionem
556 1648 750 1718 impedimenta
764 1647 939 1714 crediderint,
996 1642 1053 1700 lum
1082 1645 1109 1700 in
1137 1643 1213 1699 falsis
1238 1651 1364 1716 emmpat
1392 1643 1539 1701 fratribus?
1561 1644 1794 1701 succumbendum

146 1751 198 1793 uos
219 1735 326 1793 virtutis
353 1735 534 1792 iustrumenta
552 1735 742 1807 predicemus.
759 1733 798 1790 illi
822 1734 943 1791 fortioris
959 1719 982 1797 B
998 1733 1051 1790 erit
1072 1733 1131 1790 viro
1155 1732 1217 1789 forti
1231 1742 1259 1790 et
1282 1731 1375 1789 lidelif
1389 1732 1543 1790 cedendum
1566 1733 1634 1799 loco,
1651 1740 1679 1789 et
1697 1741 1795 1790 contra

148 1823 230 1878 animi
248 1823 443 1896 impedimenta
465 1823 527 1880 loca
547 1822 647 1879 fertilia
668 1831 697 1879 et
715 1838 823 1880 amoena
841 1822 942 1880 defini·
997 1821 1072 1879 Pauli
1085 1821 1217 1880 munitum
1237 1822 1390 1879 deserenda
1412 1821 1561 1879 collectici
1573 1822 1664 1894 (liebr.
1688 1839 1720 1889 ιι,
1735 1823 1795 1891 ad.)

147 1928 236 1968 vere:
259 1926 309 1968 nos
332 1911 453 1968 dicamus
476 1910 628 1969 fomentum
650 1927 711 1968 esse
733 1911 899 1984 infirmioris,
916 1918 945 1969 et
998 1911 1056 1967 lmo
1065 1908 1177 1982 quidem
1188 1910 1307 1967 tenenda
1320 1917 1348 1966 et
1357 1910 1460 1967 tuenda
1471 1916 1546 1966 tauto
1554 1910 1681 1983 amplius,
1693 1917 1796 1982 quanto

148 2001 208 2071 ejus
220 2000 266 2074 qni
276 2000 392 2057 necdum
403 2001 494 2056 dicere
507 1999 603 2072 possit,
615 2000 720 2072 hecolt
729 2001 870 2058 consolari
880 2002 944 2057 ani·
999 1998 1176 2071 periculosior
1196 1999 1324 2055 institerit
1346 1999 1415 2055 dies.
1431 1999 1557 2071 Denique
1581 1999 1638 2055 iere
1658 2001 1718 2056 baeo
1732 2014 1794 2055 om-

149 2106 197 2145 me
210 2106 290 2156 mco,-
305 2105 413 2146 mmor
429 2088 550 2161 scillei,
566 2089 941 2161 sceleratissumum.
1000 2087 1045 2143 nia
1065 2086 1246 2144 transcurristi
1266 2094 1492 2144 testamentorum
1516 2102 1620 2160 genera
1636 2105 1643 2143 :
1659 2088 1706 2160 qui
1728 2101 1795 2143 vero

149 2192 249 2247 ιιιιιι,
261 2180 288 2242 3,
301 2178 341 2248 ι).
354 2178 454 2235 Omnia
464 2194 577 2250 possum
588 2179 620 2233 iu
635 2193 667 2235 eo
681 2177 785 2250 perime
798 2181 944 2251 confortet
999 2177 1027 2232 in
1050 2176 1143 2233 arduis
1168 2176 1320 2245 cucurristi,
1344 2177 1466 2250 nunquid
1490 2176 1517 2231 in
1540 2177 1628 2249 planis
1650 2176 1795 2232 effunden-

151 2265 262 2322 Christo
271 2264 409 2339 (Philipp.
420 2281 460 2333 rr,
475 2265 528 2334 13).
541 2264 730 2335 Quasiverunt
739 2265 843 2339 antiqui
852 2273 945 2339 patres

150 2353 209 2408 loca
230 2352 350 2417 horrida,
365 2354 450 2421 arida,
466 2358 497 2409 nt
519 2354 681 2410 exercendae
704 2352 839 2409 haberent
860 2353 944 2410 absti-

149 2440 249 2497 nentia
268 2440 420 2509 materiam,
438 2449 465 2497 et
488 2441 661 2498 distendendi
679 2458 728 2514 per
747 2442 944 2501 sollicitudines

148 2528 231 2583 animi
247 2543 301 2585 nou
322 2530 456 2586 haberent
469 2544 590 2586 causam.
605 2530 745 2602 Corporali
759 2529 945 2605 indulgentius

148 2634 210 2674 sese
225 2617 312 2674 labori
320 2617 521 2690 impenderunt,
534 2627 563 2674 ut
577 2620 703 2674 etcordis
717 2621 868 2677 libertatem
882 2638 945 2692 pos-

148 2706 279 2773 siderent,
296 2715 324 2763 et
336 2723 435 2779 vagam
454 2707 588 2763 evitarent
608 2707 780 2765 discurrendi
796 2709 943 2780 levitatem,

148 2794 228 2850 simul
251 2802 279 2849 et
302 2795 481 2868 conquirendi
509 2795 721 2867 improbitatem.
737 2797 863 2871 Denique
886 2798 946 2869 plns

148 2899 277 2939 manuum
315 2883 441 2954 artificio,
471 2898 551 2957 qnam
588 2900 714 2957 agromm
750 2886 824 2942 cultu
862 2887 944 2942 vitam

149 2972 346 3044 transigebant,
373 2972 462 3030 tenuis
481 2973 620 3046 angustias
643 2975 801 3031 substautiae
825 2979 866 3047 (nt
891 2992 943 3031 nou

148 3059 237 3115 dicam
254 3059 365 3131 nullius)
378 3059 454 3116 lucro
473 3059 572 3132 quietis
590 3060 712 3118 levantes
729 3081 735 3119 :
752 3061 854 3134 quippe
874 3078 944 3135 pau-

148 3147 189 3204 cis
211 3148 341 3221 contenti,
356 3148 400 3204 vel
419 3147 559 3222 affligendi
579 3150 710 3221 corporis,
728 3150 771 3207 vel
790 3151 945 3208 recreaudae

149 3235 249 3292 mentis
263 3237 360 3312 gratia.
376 3236 461 3293 Anxie
476 3236 611 3309 siquidem
625 3244 654 3294 et
669 3238 767 3295 misere
779 3253 827 3295 cor
841 3238 945 3294 disten-

149 3325 222 3381 ditur
236 3334 264 3381 et
277 3325 447 3392 distrahitur,
464 3326 508 3382 cui
527 3328 610 3383 multa
624 3327 783 3397 providendi
797 3337 825 3384 et
839 3327 867 3383 in
881 3328 944 3385 lon-

149 3413 280 3488 ginquum
305 3414 437 3472 incumbit
461 3417 619 3473 necessitas.
636 3417 796 3475 Servierunt
813 3417 852 3474 illi
872 3427 944 3475 tcm-

143 3503 208 3574 pori
223 3520 284 3574 suo,
298 3519 349 3561 uos
364 3513 458 3563 nostro
477 3505 636 3562 serviamus.
654 3507 717 3563 llaec
732 3513 824 3563 nostra
837 3515 902 3564 retas
917 3507 944 3563 iu

148 3593 270 3648 deterius
296 3608 424 3664 vergens,
440 3593 508 3650 alios
536 3594 624 3651 attulit
652 3610 754 3652 mores.
776 3595 945 3652 Providentia

149 3693 222 3734 nunc
251 3689 315 3734 sant
342 3680 564 3752 permanentibus
591 3681 711 3752 copiosa,
736 3682 946 3740 adventantibus

149 3765 265 3823 curiosa.
281 3766 339 3822 Nec
365 3767 413 3822 hos
436 3766 498 3823 dico
523 3767 713 3835 adventantes,
728 3770 775 3843 qui
800 3773 945 3827 seculares

150 3862 226 3924 sunt;
239 3853 304 3925 quid
318 3854 391 3909 enim
406 3854 471 3909 mihi
483 3855 518 3910 de
533 3855 575 3910 his
584 3856 631 3928 qui
646 3855 792 3927 forissunt,
803 3856 947 3928 iudicare?

149 3942 280 4012 Quamvis
303 3958 355 3999 nec
376 3942 448 4014 apud
470 3943 530 3999 illos
553 3944 633 4000 solita
653 3952 777 4002 teneatur
799 3946 944 4012 districtio,

150 4045 223 4103 segre
239 4028 274 4084 ibi
287 4028 407 4086 ferentes
416 4031 544 4104 inopiam,
557 4032 604 4086 ubi
616 4049 708 4088 rerum
718 4035 838 4090 omnium
854 4036 946 4106 copias

150 4117 325 4177 arbitrantur.
342 4119 397 4175 Sed
420 4120 485 4192 quid
510 4118 569 4177 illos
591 4136 812 4188 commemorem,
830 4138 945 4196 querum

149 4209 217 4264 dens
233 4216 330 4264 venter
347 4207 409 4264 esti
424 4208 559 4282 (Philipp.
575 4225 616 4277 ιιι,
634 4210 689 4279 ts).
707 4211 761 4280 lpsi
775 4211 946 4269 abstinentiae

1000 2272 1044 2320 tur
1065 2280 1178 2338 gressus
1199 2264 1257 2321 tui‘i
1281 2270 1327 2321 aut
1342 2263 1387 2336 qni
1412 2279 1496 2337 egere
1514 2263 1639 2330 didicisti,
1656 2265 1796 2320 abundare

1000 2353 1123 2418 nescies;
1143 2349 1223 2410 187
1240 2369 1302 2408 cnm
1318 2352 1398 2409 Paulo
1421 2352 1554 2421 esuriens,
1570 2353 1620 2409 sed
1640 2367 1700 2408 cum
1714 2352 1796 2408 Paulo

999 2441 1125 2514 saturari,
1142 2441 1233 2516 [supp.
1256 2439 1415 2514 nesciensli
1437 2440 1565 2514 Philipp.
1589 2457 1628 2507 tv,
1655 2444 1711 2510 li.)
1738 2441 1796 2497 lmo

999 2535 1116 2603 utroque
1131 2531 1158 2585 in
1181 2546 1285 2604 genere
1301 2531 1373 2586 bene
1396 2529 1510 2585 instituti
1530 2529 1613 2586 animi
1634 2530 1796 2586 documenta

999 2617 1153 2690 praebuiati;
1170 2625 1329 2687 susceptum
1350 2617 1565 2674 conversationis
1580 2617 1633 2673 iter
1654 2617 1794 2685 contiuuo,

1001 2721 1134 2777 nusquam
1148 2704 1294 2776 interrupti
1309 2704 1411 2761 tenoris
1426 2705 1471 2762 filo
1489 2705 1637 2762 deducens.
1655 2706 1714 2777 Ego
1728 2720 1795 2761 veru

999 2795 1043 2850 his
1064 2793 1221 2851 fortioribus
1244 2794 1364 2863 omissis,
1384 2794 1515 2851 mediocri
1538 2795 1665 2851 incedere
1690 2794 1745 2862 via,
1768 2802 1797 2850 et

1002 2898 1036 2940 ca
1057 2897 1270 2939 commemorare
1290 2882 1381 2957 [supp.
1400 2882 1492 2957 voluil,
1517 2882 1710 2955 inquietudinis
1734 2891 1796 2938 ate

1001 2988 1062 3045 qnae
1075 2987 1172 3028 causas
1186 2979 1345 3028 amoverent
1357 2986 1363 3026 :
1375 2987 1435 3027 cum
1450 2971 1579 3028 altissima
1593 2973 1621 3028 in
1635 2978 1797 3044 paupertate

1000 3060 1121 3132 quietum
1137 3068 1163 3116 te
1187 3075 1298 3133 semper
1320 3060 1495 3128 audierimus,
1511 3062 1571 3133 plus
1591 3060 1645 3118 fide
1663 3067 1690 3118 et
1714 3075 1796 3116 manu

1001 3148 1142 3215 nitentem,
1152 3165 1234 3221 quam
1245 3150 1287 3207 vel
1303 3148 1430 3221 pudenda
1444 3149 1654 3215 mendicatione,
1664 3149 1707 3206 vel
1722 3148 1798 3220 turpi

1000 3236 1204 3295 nundinatione.

1036 3326 1285 3399 §.sedquoniam
1307 3327 1391 3382 multa
1414 3326 1448 3383 de
1472 3327 1598 3383 facilitate
1621 3326 1797 3381 administra·

1002 3415 1082 3471 tionis
1102 3415 1229 3483 diximus,
1245 3430 1417 3487 consequens
1428 3423 1470 3471 est
1483 3426 1512 3471 ut
1527 3415 1731 3470 administrandi
1745 3429 1798 3486 pe-

1002 3504 1091 3560 ritiam
1113 3518 1169 3560 uon
1188 3510 1367 3560 transeamus.
1391 3502 1520 3560 Peritiam
1545 3504 1642 3573 dicam,
1668 3519 1703 3558 an
1730 3518 1798 3576 gra-

1001 3592 1085 3650 tiam?
1100 3593 1155 3651 imo
1169 3600 1196 3650 et
1206 3593 1339 3664 peritiam,
1351 3599 1380 3648 et
1393 3592 1519 3668 gratiam.
1532 3594 1626 3664 luepta
1640 3592 1691 3647 erit
1701 3606 1800 3663 qnam·

1000 3682 1068 3738 libet
1085 3689 1148 3752 apta
1171 3681 1283 3738 materia
1304 3680 1421 3753 imperiti
1449 3682 1519 3737 inter
1545 3696 1642 3736 manus
1670 3680 1798 3750 artificis;

1001 3770 1060 3843 ipsa
1073 3785 1139 3827 vero
1163 3769 1260 3840 peritia
1280 3778 1326 3825 aut
1344 3770 1499 3841 perniciosa
1513 3771 1575 3837 erit,
1597 3779 1643 3826 aut
1661 3770 1798 3838 inefficax,

1001 3858 1025 3915 si
1039 3858 1128 3931 gratia
1151 3858 1287 3930 dirigente
1309 3859 1481 3914 destituatur.
1498 3859 1556 3915 Nisi
1571 3861 1643 3916 euim
1668 3860 1801 3917 Dominus

1000 3948 1176 4004 aevhiicaverit
1194 3950 1314 4015 domum,
1330 3949 1358 4003 in
1381 3964 1480 4005 vanum
1500 3951 1624 4005 laborant
1648 3951 1692 4023 qui
1707 3951 1799 4007 redifi-

1001 4048 1064 4094 cant
1078 4053 1139 4093 eam
1155 4037 1244 4109 (Paul.
1260 4053 1356 4102 cxxvi,
1372 4041 1410 4109 l).
1426 4039 1542 4094 Collatus
1558 4039 1605 4094 tibi
1621 4039 1701 4096 dotes
1715 4041 1800 4097 forsi-

1002 4131 1048 4179 tan
1072 4123 1280 4180 dissimulabis:
1306 4126 1354 4180 sed
1379 4125 1453 4199 quod
1476 4126 1612 4183 humilitas
1634 4128 1800 4186 dissimulat.

1001 4211 1102 4268 utilitas
1116 4213 1224 4269 clamat.
1241 4212 1312 4281 Quid
1333 4230 1405 4271 nunc
1418 4230 1472 4288 ego
1493 4231 1703 4273 commemorem
1725 4236 1800 4290 prae-

151 4296 321 4368 professores
341 4304 370 4354 et
388 4297 590 4368 predicatores,
606 4297 658 4370 ipsi
675 4299 805 4371 primates
824 4299 943 4367 Ordinis,
1000 4301 1056 4367 dia,
1086 4302 1151 4373 quid
1172 4303 1313 4373 pecunias,
1340 4303 1405 4376 quid
1428 4320 1502 4371 vasa,
1526 4304 1590 4377 quid
1611 4314 1711 4373 vestes,
1733 4308 1800 4378 quid

149 4401 231 4459 quam
245 4383 381 4443 fastidiosi
400 4393 463 4442 sunt
483 4385 580 4442 alienis
603 4386 630 4442 in
649 4387 789 4444 domibusl
803 4405 883 4460 quam
898 4405 945 4445 ei·
962 4370 985 4448 ὓ
1001 4390 1084 4461 aedes,
1100 4392 1165 4464 quid
1189 4393 1322 4458 hominos,
1348 4392 1413 4463 quid
1436 4393 1527 4447 omnia
1550 4402 1577 4449 et
1600 4403 1660 4450 orta
1679 4403 1706 4450 et
1720 4404 1800 4452 aucta

150 4473 264 4549 quisitas
283 4481 311 4532 et
332 4475 488 4533 elaboratas
508 4475 652 4534 artificiose
676 4476 817 4551 nequimut
836 4478 944 4550 epulas!
1002 4480 1029 4537 in
1043 4498 1124 4537 manu
1149 4489 1204 4551 tua,
1220 4496 1281 4555 quae
1306 4482 1348 4537 vel
1372 4497 1464 4537 rerum
1485 4482 1647 4537 exteriorum
1673 4491 1736 4537 sunt
1757 4484 1802 4539 vel

151 4566 288 4637 quomodo
320 4568 484 4623 contrahunt
521 4565 651 4634 imntem,
682 4575 828 4640 corrugant
855 4583 945 4637 nares,
1001 4568 1151 4641 religionis,
1176 4586 1209 4626 er
1232 4585 1286 4642 quo
1311 4578 1338 4625 te
1353 4569 1484 4625 Dominus
1502 4569 1594 4641 ligavit
1608 4571 1641 4625 ad
1666 4572 1800 4627 arandum

151 4659 278 4709 avertunt
291 4654 394 4721 oculos,
410 4655 433 4710 si
449 4654 515 4728 quid
530 4655 619 4712 minus
634 4655 735 4728 lepide,
748 4655 837 4712 miuus
851 4645 947 4714 festive
1000 4657 1061 4713 loco
1074 4674 1134 4727 suo,
1149 4657 1184 4713 ad
1206 4656 1417 4731 confringendas
1436 4655 1532 4730 glebas
1550 4657 1657 4714 vallium
1673 4667 1736 4730 post
1750 4661 1802 4717 se?

151 4740 316 4812 apponaturl
1001 4754 1102 4819 quantu
1125 4745 1230 4818 piamm
1246 4745 1368 4801 surrexit
1382 4761 1463 4820 seges
1476 4745 1648 4804 animarum?
1661 4748 1801 4820 quomodo

188 4831 215 4886 5.
230 4828 285 4884 Sed
305 4829 432 4902 quoniam
448 4831 528 4902 hujus
547 4831 678 4904 temporis
695 4832 798 4889 mulitia
818 4833 855 4890 ita
869 4850 947 4892 com·
1001 4835 1086 4892 valles
1109 4845 1163 4891 tuae
1186 4832 1326 4889 abundant
1348 4833 1495 4900 frumento,
1522 4833 1659 4892 frumento
1680 4835 1716 4892 de
1745 4852 1801 4910 qno

151 4928 275 4993 paratum
301 4926 351 4984 est,
369 4917 403 4974 ad
429 4926 573 4994 utrumque
600 4920 701 4977 suflicit
728 4938 824 4979 manus
846 4929 902 4990 tua,
918 4930 948 4981 nt
1001 4922 1121 4978 dicitur:
1137 4921 1209 4991 Quid
1221 4923 1320 4978 benten
1335 4923 1404 4991 ejus,
1417 4924 1468 4978 out
1484 4921 1554 4994 quid
1565 4923 1729 4996 pulchrum,
1741 4925 1802 4981 uiri

152 5006 238 5080 possit
265 5006 346 5063 simul
372 5007 494 5064 ostentui
522 5008 625 5066 servire
652 5016 680 5065 et
707 5010 775 5076 naui,
798 5027 946 5083 pauperum
1001 5007 1804 5084 frumentumeleciorumetviuumpermiuonsoirpiocr?

154 5095 311 5153 necessitati
344 5105 372 5153 et
401 5095 513 5153 divitum
546 5098 667 5154 sanitati.
697 5096 768 5169 Quid
799 5097 949 5171 deinceps?
1001 5098 1133 5168 (zochor.
1148 5112 1189 5163 ιιι,
1208 5098 1263 5165 li.)
1283 5098 1343 5153 Nou
1358 5106 1437 5169 potos
1452 5098 1643 5156 administrare
1658 5100 1717 5156 siue
1731 5116 1801 5174 qra-

153 5183 247 5256 quales
282 5186 368 5244 babos
404 5185 536 5244 officiales
574 5188 671 5256 socios,
701 5203 783 5260 quam
811 5195 945 5256 strennos,
1002 5188 1049 5250 tia,
1060 5187 1133 5259 quod
1143 5203 1192 5258 per
1206 5194 1231 5243 te
1245 5185 1284 5242 sic
1294 5186 1414 5242 excrevit
1424 5185 1451 5241 in
1466 5187 1564 5259 gioria.
1576 5188 1704 5245 Gloriosa
1718 5190 1803 5262 plane

154 5285 234 5343 quam
256 5273 412 5341 industrios,
430 5290 511 5350 quam
534 5276 673 5343 sollicitos,
689 5292 781 5351 quam,
797 5276 869 5350 quod
889 5278 947 5349 pri-
1003 5277 1152 5334 factasunt
1172 5276 1199 5332 iu
1223 5275 1331 5332 civitate
1351 5283 1407 5343 tna,
1435 5277 1483 5333 scd
1507 5293 1559 5349 per
1579 5294 1689 5333 manum
1714 5287 1803 5336 tuam.

154 5374 229 5414 mum
256 5369 308 5427 est,
334 5362 450 5421 fideles?
478 5365 527 5420 Vix
555 5365 777 5422 administranda
804 5366 948 5423 exterioris
1004 5369 1056 5424 Pro
1070 5383 1103 5425 eo
1124 5366 1197 5424 enim
1212 5367 1284 5441 qnod
1300 5365 1349 5422 fuit
1369 5365 1499 5422 derelicta
1518 5374 1546 5422 ct
1570 5369 1738 5439 contemptui
1754 5370 1804 5424 ha-

152 5446 312 5512 snbstantiae
325 5450 360 5506 ad
375 5459 401 5508 tc
416 5468 547 5510 summam
562 5453 662 5512 deferri
677 5469 791 5512 necesse
805 5461 857 5513 est.
872 5457 945 5513 Nus·
1002 5456 1067 5526 bita,
1084 5464 1110 5511 et
1127 5470 1181 5512 non
1196 5461 1255 5511 crat
1278 5454 1324 5526 qui
1338 5453 1465 5510 transiret
1486 5454 1521 5510 ad
1535 5455 1618 5523 illam,
1640 5473 1705 5514 ecce
1728 5475 1801 5533 qun·
