3706 5962
55 197 110 259 589
642 196 832 260 mauranus
847 197 889 259 DE
908 197 1104 262 cuautvtvtt.
1646 213 1700 276 590

55 309 378 381 apsaretianensium
393 325 453 397 ejus
466 323 636 382 uobtnimia
645 322 733 397 (Psoi.
745 339 799 394 ont,
810 328 846 396 1).
864 338 887 417 Α
903 332 986 399 opto;
1014 327 1062 382 sed
1089 325 1270 399 impatientem
1284 343 1344 385 esse
1358 329 1385 385 in
1409 330 1461 391 boc
1474 335 1563 408 magis
1577 339 1696 411 expedit.

55 411 133 469 Velle
147 411 237 480 nimis,
253 424 293 469 est
316 413 378 486 plus
397 411 464 469 velle
478 427 558 485 quam
582 427 673 484 posse·
688 410 747 479 0110
766 428 849 469 Simu
1215 416 1329 473 CAPUT
1342 419 1390 473 ΠΙ·

55 509 82 556 et
96 517 148 574 ego
165 500 266 557 dictum
288 510 353 573 puto
369 522 376 557 ε
392 501 614 560 adolescentulo
635 500 801 559 dilexerunt
824 507 851 559 te
1101 506 1138 562 De
1150 505 1372 564 indiuiduitate
1389 512 1505 568 amris·

53 592 144 647 bimis
162 589 286 661 (Contio.
306 605 326 656 t,
344 590 379 662 2).
401 589 472 660 Quid
486 591 559 647 enim
578 591 676 658 nimia
692 590 745 646 uisi
769 607 850 661 supra
940 594 984 647 12.
1000 589 1046 648 His
1062 607 1128 664 ergo
1147 595 1268 666 utrisque
1282 595 1359 667 [sort.
1384 601 1530 675 utcunque]
1547 607 1695 676 praetactis,

56 687 137 750 posse
158 684 187 736 et
208 679 305 734 vires?
319 678 443 734 lniinitus
466 679 565 752 quippe
590 685 617 734 et
637 678 787 734 immensus
810 684 851 734 est
904 678 938 735 ad
962 680 1149 750 investiganda
1170 682 1274 754 reliqua
1296 685 1374 740 stilus
1397 701 1550 760 percurrat,
1568 704 1698 765 quantum

53 768 138 832 Dens,
160 768 189 822 iu
206 783 286 841 qoem
310 767 396 822 tendit
409 784 484 824 amor
498 782 603 837 eorum,
621 773 652 823 ut
671 768 760 822 nullus
783 782 850 839 pos·
905 766 938 820 ad
953 773 1005 821 tam
1022 767 1103 841 digna
1120 769 1220 825 aditum
1243 772 1348 841 aperire
1374 772 1529 846 dignabitur
1557 781 1583 834 in
1603 781 1700 840 dulce·

54 857 90 913 sit
104 873 166 913 esse
189 857 251 912 iinis
276 857 319 913 vel
337 873 464 912 mensura
487 855 596 912 amoris.
621 858 700 911 Amat
723 871 790 927 ergo
813 856 852 913 sic
904 855 967 910 diue
982 872 1029 910 ⁸118
1052 858 1162 928 pauperi
1178 860 1262 916 ⁰0⁰⁸·
1277 860 1350 917 80101
1363 869 1453 921 lamen
1478 867 1504 922 1⁰
1524 869 1567 925 ¹15³
1596 870 1700 929 facilius

54 961 150 1002 amans
173 947 271 1010 auimo,
297 946 347 1001 etsi
369 945 448 1001 nimis
470 961 552 1018 posse
570 961 630 1011 suo,
648 946 739 1000 minus
762 955 851 1001 tamen
905 952 995 1014 patere
1018 945 1159 1016 ingressus
1178 949 1221 1018 pie
1245 951 1424 1022 pulsantibus,
1448 973 1530 1029 quam
1566 962 1701 1021 subtiliter

53 1035 126 1091 velle
142 1050 192 1091 suo
209 1052 216 1089 ι
232 1049 282 1090 nec
292 1033 363 1106 capit
378 1034 411 1090 de
425 1036 475 1091 bac
488 1034 703 1106 impossibilitate
716 1032 850 1099 solatium,
905 1035 1144 1102 perscrutantibus.
1165 1037 1255 1093 Pulsat
1269 1040 1314 1112 qui
1329 1040 1443 1109 affectat,
1461 1047 1506 1115 qui
1521 1058 1581 1104 orat
1593 1056 1621 1106 et
1640 1054 1700 1124 pul·

54 1125 106 1181 sed
126 1124 217 1197 potius
232 1123 362 1179 desiderii
388 1124 595 1180 incrementum.
623 1123 798 1195 concupivit.
814 1122 853 1178 ᾶίῑ
905 1121 1028 1177 Saltibus
1047 1124 1357 1196 1ΡΘΓΠΗΓΗῙΜΝΙ·111.
1384 1132 1422 1200 7)·
1443 1134 1504 1189 N⁰¹1
1522 1138 1594 1192 essim
1609 1143 1701 1197 ambl-

54 1213 177 1285 quidam,
195 1213 293 1269 animo
303 1230 365 1270 meo
378 1213 538 1270 desiderare
547 1212 771 1284 justificationes
786 1215 851 1267 tuor
905 1210 1022 1281 gendum
1037 1219 1088 1279 est,
1105 1213 1169 1284 quin
1187 1214 1304 1273 libenter
1313 1218 1430 1288 pulsanti
1446 1224 1558 1295 aperiat,
1573 1230 1618 1300 qui
1633 1246 1688 1287 uon

56 1304 146 1376 (pgat,
158 1317 252 1370 uxum,
269 1305 326 1373 20).
345 1305 403 1359 Nec
422 1301 509 1374 potuit
527 1299 618 1356 satiari
640 1299 791 1364 desiderio,
806 1297 852 1371 qui
905 1299 971 1354 dum
991 1299 1140 1369 pulsantem
1171 1303 1293 1360 bortatur
1307 1313 1336 1361 ut
1351 1309 1451 1378 pulset.
1467 1312 1511 1370 Sic
1532 1315 1606 1374 Deus
1622 1320 1698 1391 prius

55 1407 112 1448 non
125 1391 183 1450 visa
195 1393 349 1448 desiderare
363 1390 527 1462 concupivit.
544 1390 641 1446 Fames
663 1389 735 1446 enim
755 1387 851 1444 animae
905 1388 961 1444 vult
974 1403 989 1441 a
1003 1404 1033 1443 se
1048 1390 1150 1462 requiri
1160 1391 1240 1447 etiam
1254 1396 1327 1467 quod
1344 1399 1483 1467 promittit.
1506 1403 1541 1459 Et
1552 1403 1615 1463 ideo
1626 1412 1700 1481 quod

54 1481 218 1539 desiderium
246 1489 297 1537 est.
335 1477 379 1538 Sic
410 1496 474 1537 vere
504 1478 612 1535 Domini
640 1493 734 1533 amans
764 1476 853 1534 anima
905 1475 970 1530 dare
996 1476 1124 1547 disponit,
1150 1480 1224 1550 prius
1240 1484 1379 1552 promittit,
1404 1498 1433 1544 ut
1468 1494 1582 1563 rogandi
1603 1512 1701 1555 ausum

55 1584 148 1626 amore
161 1585 217 1626 non
231 1568 343 1624 satiatur
358 1581 365 1623 t
380 1568 443 1639 quia
461 1568 537 1624 Deus
551 1581 627 1622 amor
644 1574 685 1622 est
704 1579 785 1637 quem
803 1565 850 1635 (lui
868 1565 1035 1687 Bpraebeat,
1052 1573 1079 1621 θῑ
1092 1577 1121 1623 ¹¹2
1135 1569 1209 1639 quod
1224 1571 1335 1628 daulfus
1350 1582 1407 1630 elai
1417 1579 1512 1650 gratis,
1527 1583 1623 1641 (1910ῑᾶ
1638 1602 1697 1657 110·

55 1667 138 1729 amat,
154 1673 276 1714 amorem
290 1665 372 1713 amat.
387 1659 486 1712 Amare
509 1664 599 1712 nutem
618 1668 736 1711 amorem
760 1652 851 1710 circu·
908 1660 1041 1710 mereatur
1054 1658 1150 1713 oratio.
1165 1658 1195 1711 ln
1210 1659 1262 1716 boc
1272 1662 1351 1718 nobis
1366 1678 1382 1718 e
1405 1667 1484 1721 nobis
1499 1671 1592 1726 merita
1607 1684 1701 1730 extor-

55 1746 203 1814 lum‘iacit,
218 1754 250 1803 ut
262 1748 351 1803 nullus
371 1744 432 1802 finis
446 1745 482 1801 sit
494 1744 604 1801 amoris.
727 1769 730 1776 ·
907 1756 1001 1814 quens,
1017 1744 1082 1798 dum
1104 1760 1156 1800 nos
1182 1749 1324 1819 praevenit,
1354 1752 1499 1813 tribuendo
1526 1755 1613 1818 395
1628 1764 1701 1835 quod

93 1836 139 1894 10,
155 1838 237 1893 vites
256 1835 338 1908 igitur
348 1834 576 1907 quemadmodum
598 1830 791 1904 insuperabilis
812 1837 855 1888 est
907 1830 1096 1898 retribuamus,
1107 1831 1163 1905 agit
1176 1850 1210 1888 ne
1226 1837 1310 1908 gratis
1327 1837 1435 1895 tribuat.
1457 1842 1536 1899 Plane
1554 1846 1654 1920 dignus
1672 1858 1703 1906 ut

54 1925 187 1989 charitas,
203 1925 293 1980 omnia
312 1939 461 1994 superans3
478 1922 515 1977 ita
529 1927 557 1978 et
570 1920 738 1988 insatiabilia,
761 1921 854 1977 omnia
907 1930 1051 1987 reametur,
1071 1921 1116 1992 qui
1131 1937 1180 1977 nos
1195 1923 1235 1979 sic
1256 1927 1384 1993 praevenit
1400 1929 1427 1982 in
1447 1933 1571 1989 amando.
1587 1938 1620 1994 la
1635 1936 1703 2010 ltoc,

53 2027 169 2077 vorans,
184 2018 211 2065 et
225 2026 259 2066 ex
276 2012 352 2081 copia
367 2013 439 2082 parit
453 2010 583 2082 inopiam,
606 2009 671 2064 dum
689 2024 722 2065 ex
741 2025 853 2084 praegu·
906 2005 1132 2076 inquitloannes,
1147 2015 1188 2068 esi
1199 2012 1489 2092 oboritur,nouquasi
1498 2037 1550 2079 nos
1563 2024 1702 2084 dilexeri-

54 2091 135 2159 'statis
157 2099 263 2172 quidem
286 2099 391 2154 deliciis
414 2098 528 2170 amplius
552 2106 643 2153 tamen
662 2097 689 2151 in
713 2096 854 2154 desiueriis
906 2111 972 2152 mus
985 2097 1084 2161 Deum,
1100 2098 1146 2154 sed
1157 2103 1224 2172 quio
1238 2102 1298 2174 ipre
1308 2108 1388 2176 prior
1402 2107 1504 2166 dilexit
1519 2128 1570 2168 nos
1586 2116 1612 2186 (l
1619 2118 1700 2175 loon.

55 2188 219 2247 exardescit.
238 2186 306 2257 Quae
327 2187 376 2242 etsi
398 2185 496 2241 deutur
510 2184 545 2239 ad
559 2183 764 2257 plenitudinem,
779 2200 853 2240 nun·
905 2184 1163 2253 tv,1tl).l’raecedit
1184 2187 1268 2260 igitur
1281 2204 1358 2246 amor
1376 2210 1451 2266 suus,
1476 2208 1568 2253 nostro
1588 2202 1701 2273 quidem

57 2294 140 2352 quam
151 2288 239 2333 umen
254 2277 288 2331 ad
303 2276 463 2331 satietatem.
478 2275 532 2344 Qui
541 2274 692 2345 eduntote,
704 2273 749 2339 ait,
761 2274 853 2330 adbuc
906 2272 1059 2347 benignior,
1084 2273 1132 2330 sed
1147 2286 1237 2332 noster
1251 2282 1413 2351 expenditur
1424 2285 1533 2354 justior.
1549 2289 1609 2360 lpse
1629 2294 1700 2348 enim

57 2362 850 2442 asariamttllccii.xxrv,29).ODeusbone,quemamare,
906 2361 993 2417 adbuc
1021 2363 1141 2434 ingratos
1169 2367 1253 2439 gratis
1267 2367 1357 2441 diligit
1374 2384 1381 2425 :
1397 2386 1448 2426 nos
1462 2389 1526 2430 vero
1545 2392 1595 2432 suo
1615 2378 1698 2449 dono,

58 2459 142 2513 edere
156 2466 215 2522 est;
232 2455 367 2528 quomodo
382 2461 504 2509 amantes
518 2459 544 2507 te
556 2451 595 2506 sic
608 2450 707 2517 reficis,
722 2456 753 2505 ut
765 2450 854 2522 magis
906 2466 959 2506 nou
974 2451 1074 2516 debito,
1084 2462 1191 2509 constat
1201 2454 1323 2528 diligere.
1341 2458 1391 2513 Dat
1407 2461 1488 2530 unde,
1504 2471 1531 2518 et
1545 2463 1607 2521 iacit
1618 2485 1701 2540 quare

59 2546 191 2613 esuriant,
207 2544 259 2599 nisi
274 2543 336 2615 qnia
351 2549 378 2597 tu
402 2541 482 2597 simul
506 2540 582 2597 cibus
595 2556 625 2596 es
639 2548 666 2595 et
680 2539 805 2596 esuries?
821 2540 853 2596 Et
906 2546 1019 2606 amatur,
1040 2547 1069 2595 ut
1083 2543 1117 2596 de
1133 2558 1182 2597 suo
1196 2552 1223 2598 et
1249 2560 1300 2614 pro
1314 2562 1364 2602 suo
1390 2548 1494 2620 pariter
1515 2553 1650 2628 diligatur.
1665 2560 1700 2616 lit

58 2634 106 2707 qui
120 2642 145 2689 te
159 2649 214 2689 non
235 2631 392 2706 gustaverit,
409 2639 436 2685 te
452 2644 563 2701 prorsns
580 2627 683 2684 esurire
697 2627 792 2684 nescit.
809 2628 852 2683 ad
906 2626 1014 2697 quidem
1025 2628 1126 2684 donum
1141 2629 1206 2684 illud
1220 2635 1349 2705 prosequi
1364 2635 1468 2703 omitto,
1486 2654 1519 2695 eo
1542 2643 1614 2712 quod
1629 2643 1700 2699 inei-

59 2721 114 2778 hoe
126 2717 191 2794 ergo
205 2719 288 2782 cibas.
303 2729 333 2775 ut
348 2718 452 2775 esurire
464 2717 558 2774 iacias.
573 2716 748 2784 trudentes,
765 2715 852 2772 altilia
901 2716 986 2859 laide
1004 2717 1049 2772 sit.
1064 2719 1131 2772 Nam
1160 2718 1211 2773 etsi
1230 2722 1322 2776 sentiri
1338 2740 1353 2777 a
1368 2725 1499 2794 paucitate
1518 2730 1700 2798 spiritualium

58 2811 152 2884 plana,
169 2809 299 2882 impleuit
322 2810 400 2866 bonis
419 2809 496 2879 (luc.
511 2821 531 2872 1,
548 2808 605 2876 53).
625 2804 729 2874 Quibus
749 2804 852 2860 bonis?
907 2820 922 2872 p
948 2804 1000 2871 sit,
1016 2807 1131 2877 exprimi
1147 2816 1264 2864 tamena
1279 2811 1385 2866 nemine
1401 2824 1497 2883 potest.
1515 2817 1608 2872 Solum
1626 2822 1700 2876 euim

58 2900 130 2957 Nolo
145 2914 162 2955 a
176 2916 218 2955 me
234 2915 351 2970 quaeras,
367 2914 426 2969 quae
441 2904 503 2951 sunt
517 2896 589 2951 bona
602 2893 750 2950 charitatis.
767 2893 857 2949 Prole·
871 2881 893 2960 ὓ
907 2891 973 2946 illud
995 2896 1077 2961 novit,
1102 2895 1149 2966 qui
1178 2894 1234 2964 dat,
1261 2904 1287 2951 rt
1312 2899 1357 2969 qui
1372 2901 1470 2974 accipit
1485 2906 1575 2977 [Apoc.
1597 2923 1628 2975 tt,
1646 2911 1703 2981 17),

58 2985 573 3059 010aesrim0illa,dequibusdicitur:
593 2983 854 3052 Oculurnortuidii,
910 2981 1026 3036 exclusis
1054 2982 1167 3038 ceteris.
1196 2985 1264 3054 ipsis
1293 2988 1373 3042 etiam
1401 2992 1595 3062 accipientibus
1610 3006 1636 3052 et
1651 2998 1702 3054 ba-

59 3076 142 3144 Deas,
153 3078 255 3150 ubsque
270 3081 298 3134 te
308 3094 369 3150 quoe
382 3073 552 3133 abscondisti
567 3073 731 3130 timentibus
746 3076 773 3127 te
787 3073 851 3142 (lca.
912 3071 1039 3127 bentibus
1053 3079 1190 3142 suspecta,
1206 3080 1232 3129 et
1250 3083 1292 3130 est
1305 3075 1406 3134 incerta
1421 3080 1465 3135 illa
1479 3082 1569 3139 clausa
1582 3087 1701 3158 collatio,

60 3160 127 3239 ian,
142 3167 170 3239 a)
187 3178 233 3222 :at
246 3167 314 3222 alins
331 3179 338 3220 :
358 3164 433 3233 Quod
447 3164 544 3221 oculus
561 3178 618 3218 non
632 3161 714 3228 uidit,
731 3166 759 3219 et
774 3162 855 3217 auris
907 3157 989 3229 idque
1001 3159 1154 3228 salubriter,
1169 3172 1196 3215 ut
1211 3175 1384 3232 praesumant.

58 3257 283 3322 amandaverat
295 3251 854 3318 incorltomt'uiroonmooudittldor.tt,
944 3252 989 3303 13.
1005 3247 1056 3302 Sed
1071 3265 1154 3315 nuuc,
1173 3266 1276 3321 quaeso,
1297 3252 1379 3309 reduc
1393 3256 1488 3311 oeulos
1505 3259 1539 3313 ad
1553 3261 1613 3318 baec
1633 3264 1704 3320 inie-

59 3349 102 3416 9),
114 3346 201 3402 Audis
215 3344 389 3417 diligentibus
398 3347 559 3414 praeparata,
576 3346 607 3395 ut
619 3338 771 3394 dilectionis
783 3339 856 3392 bona
909 3336 992 3402 riora,
1008 3351 1069 3406 quae
1083 3335 1203 3391 videntes
1217 3337 1341 3410 plerique
1356 3355 1409 3394 non
1424 3343 1531 3417 videot3
1547 3355 1574 3402 et
1593 3350 1704 3410 adverte

59 3435 119 3490 fore
139 3450 189 3491 non
206 3435 339 3505 ambigas·
356 3433 386 3488 ln
405 3431 455 3488 hae
468 3429 540 3486 enim
556 3429 681 3500 repospae
694 3434 755 3482 sung
769 3433 854 3481 aerep.
909 3422 934 3480 si
952 3438 1005 3478 uon
1017 3430 1113 3479 cuncta
1128 3439 1189 3494 quse
1202 3426 1245 3481 vel
1260 3428 1338 3482 nobis
1352 3429 1379 3481 in
1396 3432 1537 3501 prosperis
1566 3439 1702 3508 serviunt,

59 3524 153 3580 geraris
175 3524 289 3591 deliciae,
312 3532 339 3579 et
362 3520 450 3577 omnis
472 3516 591 3575 coelestis
614 3515 745 3572 suavitas.
760 3515 792 3569 ln
806 3514 856 3569 bac
910 3509 953 3567 vel
976 3520 1068 3566 contra
1096 3527 1146 3567 nos
1161 3513 1279 3571 saeviunt
1302 3514 1329 3569 in
1348 3515 1479 3586 adversis,
1499 3523 1623 3592 quaedam
1648 3526 1705 3584 sint

59 3608 127 3670 ggng
146 3629 208 3687 pag,
235 3614 375 3686 parientia,
399 3607 600 3682 longanimitas,
624 3613 653 3661 et
675 3603 806 3677 gaudium
828 3601 857 3656 in
910 3597 1047 3654 charitatis
1067 3601 1182 3656 calcaria
1208 3602 1331 3673 urgentia
1359 3608 1560 3676 quodammodo
1589 3613 1622 3667 ad
1641 3630 1704 3670 cur-

59 3703 163 3776 Spiritu
178 3705 273 3760 sancto
294 3703 385 3774 (Rom.
409 3715 467 3769 nv,
485 3691 743 3772 17);etquidquid
759 3693 857 3763 jucun.
910 3703 969 3742 sum
984 3687 1093 3743 amoris.
1111 3689 1154 3745 dd
1167 3690 1220 3745 hoc
1243 3691 1315 3746 enim
1330 3694 1420 3750 omnia
1442 3711 1539 3770 cursus
1566 3701 1608 3756 sui
1623 3701 1704 3759 finem

60 3787 125 3848 aum
142 3801 228 3849 meme
252 3791 358 3862 concipi
381 3797 478 3862 potes„
499 3794 527 3843 e,
549 3783 711 3846 ultrafloc,
735 3782 855 3854 inquam,
910 3775 1040 3849 dirigunt,
1054 3785 1084 3832 ut
1095 3779 1220 3834 humanis
1242 3780 1401 3837 utilitatibus
1433 3796 1459 3839 et
1483 3786 1705 3850 oblectationibus

60 3882 223 3955 praepmgq
237 3879 413 3955 dirigentibus
429 3890 476 3948 te;
495 3876 543 3933 sed
557 3871 723 3931 abscondisti
739 3870 858 3928 timenti·
911 3875 1063 3934 occurrant,
1078 3869 1121 3924 vel
1139 3868 1291 3926 defectibus
1309 3879 1381 3928 certe
1394 3885 1562 3933 succurrant.
1578 3878 1706 3937 Hoccoe-

59 3973 113 4026 gu,
129 3980 165 4038 pe,
182 3969 398 4025 donepchastraa
422 3967 496 4023 foras
509 3965 635 4024 velamen
652 3962 741 4018 mittat
755 3960 859 4016 timoris
911 3955 978 4025 lum,
1000 3966 1078 4023 terra,
1107 3972 1181 4013 mare
1208 3966 1235 4014 et
1261 3974 1317 4030 aer,
1346 3961 1399 4018 hoc
1420 3963 1550 4023 circuitus
1565 3970 1704 4041 temporis,

55 4060 87 4132 (l
99 4060 182 4114 loom.
207 4072 242 4121 tv,
268 4055 324 4126 28),
346 4063 376 4110 ut
399 4055 491 4111 viuere
515 4052 630 4124 possint,
655 4066 738 4123 quam
759 4063 858 4120 magna
911 4043 1039 4101 redivivis
1054 4048 1183 4117 partubus
1196 4047 1306 4120 antiqua
1333 4049 1477 4124 innorons,
1493 4054 1598 4128 dilapsa
1615 4058 1705 4116 refor-

55 4143 209 4202 multitudo
224 4140 375 4197 dulcedinis
390 4147 442 4196 tuae
462 4141 549 4213 (Prot.
566 4156 629 4210 xxx,
649 4139 705 4210 20),
721 4153 784 4211 quae
806 4134 856 4193 etsi
910 4148 1001 4204 mans,
1020 4142 1179 4207 consumpta
1200 4143 1365 4204 restaurans,
1390 4138 1503 4210 implero
1526 4159 1581 4199 non
1595 4156 1704 4204 cessat:

60 4235 160 4305 replet,
177 4232 258 4288 satiat
281 4245 429 4302 nunquam.
445 4229 512 4283 ldeo
527 4228 615 4282 audeo
639 4227 728 4283 dicere
745 4225 817 4294 illos,
833 4225 856 4281 si
915 4233 943 4275 ut
966 4220 1035 4277 sicut
1059 4222 1117 4276 baec
1139 4221 1279 4291 mndata,
1296 4229 1504 4300 communiaque
1516 4229 1647 4287 beneficia
1663 4250 1706 4290 rc-

59 4322 193 4396 quisunt,
210 4318 329 4375 secunda
343 4318 412 4374 stola
425 4315 545 4374 vestitos.
911 4324 1008 4380 spuere
1027 4323 1106 4364 nemo
1128 4320 1170 4366 est
1194 4309 1240 4381 qui
1266 4312 1360 4380 possit,
1372 4314 1408 4369 ita
1426 4321 1529 4372 tantum
1546 4318 1705 4379 beneficium

70 4421 79 4441 .
89 4399 91 4403 <
98 4416 109 4466 4
116 4416 141 4467 4·
158 4409 262 4481 Objicjs
276 4408 387 4464 pompa„
400 4406 485 4461 iupa:
502 4404 631 4462 sobebor
644 4417 708 4459 oum
722 4415 858 4474 apparas·
910 4395 1026 4468 diligere
1041 4411 1095 4452 uon
1111 4397 1146 4452 sit
1169 4398 1214 4470 qui
1229 4412 1283 4451 non
1298 4398 1404 4457 debeat.
1426 4403 1551 4460 Assentis
1567 4407 1657 4463 forsan
1672 4411 1705 4467 de

58 4503 101 4559 m
115 4501 206 4568 olom
222 4504 272 4557 ma
287 4497 373 4567 (ΡΜ)
390 4511 446 4566 m,
464 4497 528 4565 15))
545 4491 646 4548 egiqud
661 4489 734 4561 quod
747 4490 858 4544 rep-usa.
911 4486 1063 4557 prosperis,
1092 4495 1118 4540 at
1141 4486 1253 4541 adversa
1266 4488 1402 4558 quomodo
1415 4482 1421 4492 '
1435 4507 1554 4548 amorem
1577 4495 1702 4568 doceant,

58 4592 115 4646 lem
135 4603 196 4662 quae
209 4603 315 4642 sursum
331 4596 381 4654 est,
396 4584 477 4653 adipe
499 4580 625 4637 t'rumenti
640 4578 754 4635 satiatur
766 4577 855 4650 (Prot.
910 4573 954 4628 vel
967 4573 1089 4646 erigant,
1107 4573 1154 4627 tibi
1168 4574 1338 4631 innotescere
1351 4578 1438 4650 cupis.
1456 4580 1522 4635 Cum
1546 4584 1704 4660 plerumque

58 4693 163 4745 oxnvn,
181 4677 235 4745 tt).
253 4676 307 4730 Sed
331 4674 455 4730 satiatem
478 4671 515 4727 ibi
539 4667 689 4726 desiderati
712 4662 855 4721 abuudan-
910 4661 1027 4716 humana
1041 4660 1205 4732 ingratitudo
1220 4665 1337 4734 superbe
1352 4665 1403 4722 sibi
1416 4659 1525 4741 ulrogat
1545 4671 1615 4728 dona
1634 4676 1703 4733 Cou-

58 4764 125 4824 Μ
140 4775 236 4821 nome
251 4766 368 4831 noveris,
385 4778 439 4818 non
459 4760 585 4817 desideffi
608 4758 699 4813 finem,
715 4754 788 4812 pinis
803 4769 854 4810 gu.
909 4748 1014 4820 ditoris,
1028 4749 1086 4805 vult
1108 4750 1180 4805 idem
1196 4751 1311 4809 bominis
1330 4753 1459 4812 Conditor
1471 4758 1525 4816 alto
1547 4762 1704 4837 salubrique

57 4866 116 4914 tem
132 4853 269 4923 desiderii,
286 4861 314 4909 up
328 4854 364 4907 ,p
377 4850 498 4924 quidam,
524 4848 636 4904 satietas
649 4852 701 4904 eat.
723 4843 775 4914 Qui
790 4858 855 4900 vero
909 4839 1021 4898 consilio
1039 4840 1176 4896 bominem
1192 4841 1408 4902 tribulationibus
1424 4851 1542 4906 exerceri
1558 4866 1565 4906 :
1582 4861 1620 4920 ut,
1641 4870 1703 4908 cum

55 4961 168 5017 ,emper
196 4942 329 5009 esuriunt,
359 4941 443 5012 liquet
475 4940 549 5011 qnod
577 4935 666 4993 satiati
699 4949 754 4990 non
781 4942 854 4989 suut.
908 4929 1036 4986 deiecerit
1050 4930 1142 4994 bomo,
1159 4936 1186 4986 et
1204 4932 1361 4989 subvenerit
1379 4936 1465 5008 Deus,
1482 4949 1510 4994 ut
1528 4940 1640 5012 dignum
1651 4950 1701 5013 est,

53 5036 114 5092 Sed
144 5049 209 5091 vere
232 5035 311 5089 beata
334 5028 452 5097 esuries,
477 5043 539 5101 quae
566 5024 655 5083 solum
677 5024 759 5080 esurit
782 5021 855 5097 qdod
907 5018 1199 5075 ameturabbomine.
1221 5021 1332 5078 liccest
1349 5027 1420 5093 quod
1436 5027 1505 5082 dicit
1521 5042 1528 5081 ε
1545 5032 1643 5087 luccen
1656 5046 1702 5086 me

54 5123 151 5188 habet,
170 5131 197 5178 ρ)
211 5121 301 5178 ,opum
316 5122 397 5176 habet
409 5117 480 5190 quod
495 5115 588 5171 esurit.
608 5114 656 5169 llis
676 5113 769 5184 itaque
790 5128 853 5184 per·
908 5109 995 5167 indie
1009 5107 1223 5177 tributario-nte
1234 5125 1334 5166 eruam
1350 5114 1385 5180 te,
1402 5118 1431 5170 et
1445 5115 1643 5186 honorificabis
1656 5134 1702 5175 me

52 5226 170 5270 suasum
198 5211 233 5265 sit
261 5208 387 5265 charitati
411 5213 474 5275 tuae,
499 5202 570 5275 quod
599 5201 741 5257 dulcedine
769 5198 853 5255 drviui
909 5198 1091 5268 (Psalxmx,
1108 5201 1164 5267 15).
1190 5198 1227 5251 Ex
1243 5199 1384 5256 occasione
1398 5202 1499 5274 quippe
1522 5203 1702 5276 frequentium

53 5299 161 5360 amoris
182 5314 263 5355 nemo
287 5299 313 5354 in
337 5298 427 5353 futoro
450 5291 552 5357 satiari,
578 5303 657 5345 nemo
671 5287 699 5343 iu
724 5286 854 5359 praesenti
906 5286 1107 5353 necessitatum,
1122 5284 1352 5342 crebrls'necrsse
1375 5295 1416 5344 est
1442 5290 1703 5363 interpellationibus

52 5391 166 5465 irnpleri
194 5398 290 5464 potest,
321 5389 361 5444 De
393 5400 448 5455 qua
480 5377 698 5453 impossibilitate
724 5374 852 5431 solatium
906 5374 994 5430 Deum
1008 5376 1043 5430 ab
1054 5373 1161 5429 bomine
1172 5372 1345 5445 frequentari,
1371 5375 1697 5459 frequentandogustari,

51 5483 104 5542 tibi
131 5481 176 5554 sit,
200 5479 303 5538 nullum
330 5479 431 5535 habere
454 5472 590 5531 solatium.
614 5466 775 5529 Patientiam
803 5463 851 5522 tibi
904 5467 1041 5536 gustando
1053 5461 1166 5537 probari
1180 5476 1259 5535 quam
1273 5461 1361 5521 dulcis
1374 5473 1416 5524 est
1431 5469 1524 5526 Deus:
1546 5471 1638 5547 sicque
1652 5493 1701 5534 eor
