<?xml version="1.0" encoding="UTF-8"?>
<!DOCTYPE html PUBLIC "-//W3C//DTD XHTML 1.0 Transitional//EN"
    "http://www.w3.org/TR/xhtml1/DTD/xhtml1-transitional.dtd">
<html xmlns="http://www.w3.org/1999/xhtml" xml:lang="en" lang="en">
 <head>
  <title>
</title>
<meta http-equiv="Content-Type" content="text/html;charset=utf-8" />
  <meta name='ocr-system' content='tesseract 3.04.00' />
  <meta name='ocr-capabilities' content='ocr_page ocr_carea ocr_par ocr_line ocrx_word'/>
</head>
<body>
  <div class='ocr_page' id='page_1' title='image "./patrologiaecurs00unkngoog/patrologiaecurs00unkngoog_0180.png"; bbox 0 0 3706 5962; ppageno 0'>
   <div class='ocr_carea' id='block_1_1' title="bbox 142 214 197 276">
    <p class='ocr_par' dir='ltr' id='par_1_1' title="bbox 142 214 197 276">
     <span class='ocr_line' id='line_1_1' title="bbox 142 214 197 276; baseline -0.036 0"><span class='ocrx_word' id='word_1_1' title='bbox 142 214 197 276; x_wconf 67' lang='lat'><strong>³⁴7</strong></span> 
     </span>
    </p>
   </div>
   <div class='ocr_carea' id='block_1_2' title="bbox 754 193 1185 267">
    <p class='ocr_par' dir='ltr' id='par_1_2' title="bbox 754 193 1185 267">
     <span class='ocr_line' id='line_1_2' title="bbox 754 193 1185 267; baseline -0.012 0"><span class='ocrx_word' id='word_1_2' title='bbox 754 197 909 267; x_wconf 80' lang='lat' dir='ltr'><strong>ohtaottts</strong></span> <span class='ocrx_word' id='word_1_3' title='bbox 926 193 1185 262; x_wconf 68' lang='lat' dir='ltr'><strong>attrabuntur</strong></span> 
     </span>
    </p>
   </div>
   <div class='ocr_carea' id='block_1_3' title="bbox 1744 196 1801 257">
    <p class='ocr_par' dir='ltr' id='par_1_3' title="bbox 1744 196 1801 257">
     <span class='ocr_line' id='line_1_3' title="bbox 1744 196 1801 257; baseline 0 0"><span class='ocrx_word' id='word_1_4' title='bbox 1744 196 1801 257; x_wconf 79' lang='grc'><strong>348</strong></span> 
     </span>
    </p>
   </div>
   <div class='ocr_carea' id='block_1_4' title="bbox 141 320 1800 414">
    <p class='ocr_par' dir='ltr' id='par_1_4' title="bbox 141 320 1800 414">
     <span class='ocr_line' id='line_1_4' title="bbox 141 320 1800 414; baseline -0.011 -19"><span class='ocrx_word' id='word_1_5' title='bbox 141 343 185 395; x_wconf 91' lang='grc' dir='ltr'><strong>εει</strong></span> <span class='ocrx_word' id='word_1_6' title='bbox 199 335 355 392; x_wconf 87' lang='lat' dir='ltr'><strong>intellectus</strong></span> <span class='ocrx_word' id='word_1_7' title='bbox 368 333 481 392; x_wconf 84' lang='lat' dir='ltr'>adhibet</span> <span class='ocrx_word' id='word_1_8' title='bbox 498 334 567 392; x_wconf 91' lang='lat' dir='ltr'><strong>aciei</strong></span> <span class='ocrx_word' id='word_1_9' title='bbox 581 333 735 408; x_wconf 70' lang='lat' dir='ltr'>cogitantis,</span> <span class='ocrx_word' id='word_1_10' title='bbox 761 339 789 387; x_wconf 92' lang='grc' dir='ltr'><strong>ει</strong></span> <span class='ocrx_word' id='word_1_11' title='bbox 812 328 851 385; x_wconf 88' lang='lat' dir='ltr'><strong>sic</strong></span> <span class='ocrx_word' id='word_1_12' title='bbox 872 339 939 398; x_wconf 90' lang='lat' dir='ltr'><strong>per·</strong></span> <span class='ocrx_word' id='word_1_13' title='bbox 959 335 983 414; x_wconf 64' lang='grc' dir='ltr'>Ι</span> <span class='ocrx_word' id='word_1_14' title='bbox 997 322 1124 391; x_wconf 79' lang='lat' dir='ltr'><strong>putandae</strong></span> <span class='ocrx_word' id='word_1_15' title='bbox 1132 332 1196 381; x_wconf 89' lang='lat' dir='ltr'><strong>sunt</strong></span> <span class='ocrx_word' id='word_1_16' title='bbox 1210 325 1400 398; x_wconf 83' lang='lat' dir='ltr'><strong>cogitationes.</strong></span> <span class='ocrx_word' id='word_1_17' title='bbox 1409 324 1480 378; x_wconf 88' lang='lat' dir='ltr'><strong>Nam</strong></span> <span class='ocrx_word' id='word_1_18' title='bbox 1495 321 1548 378; x_wconf 89' lang='lat' dir='ltr'><strong>etsi</strong></span> <span class='ocrx_word' id='word_1_19' title='bbox 1573 320 1720 393; x_wconf 85' lang='lat' dir='ltr'><strong>aliquando</strong></span> <span class='ocrx_word' id='word_1_20' title='bbox 1730 321 1800 378; x_wconf 86' lang='lat' dir='ltr'><strong>liunt</strong></span> 
     </span>
    </p>
   </div>
   <div class='ocr_carea' id='block_1_5' title="bbox 141 424 628 587">
    <p class='ocr_par' dir='ltr' id='par_1_5' title="bbox 141 424 628 587">
     <span class='ocr_line' id='line_1_5' title="bbox 141 424 581 498; baseline -0.007 -15"><span class='ocrx_word' id='word_1_21' title='bbox 141 425 230 498; x_wconf 83' lang='lat' dir='ltr'><strong>agitm</strong></span> <span class='ocrx_word' id='word_1_22' title='bbox 245 424 383 498; x_wconf 77' lang='lat' dir='ltr'>negotium</span> <span class='ocrx_word' id='word_1_23' title='bbox 396 424 581 496; x_wconf 72' lang='lat' dir='ltr'><strong>cogitationis.</strong></span> 
     </span>
     <span class='ocr_line' id='line_1_6' title="bbox 454 530 628 587; baseline -0.011 0"><span class='ocrx_word' id='word_1_24' title='bbox 454 530 566 587; x_wconf 76' lang='lat' dir='ltr'><strong>catut</strong></span> <span class='ocrx_word' id='word_1_25' title='bbox 581 532 628 586; x_wconf 95' lang='lat' dir='ltr'><strong>lll.</strong></span> 
     </span>
    </p>
   </div>
   <div class='ocr_carea' id='block_1_6' title="bbox 146 612 943 763">
    <p class='ocr_par' dir='ltr' id='par_1_6' title="bbox 146 612 943 763">
     <span class='ocr_line' id='line_1_7' title="bbox 146 612 943 763; baseline -0.014 -85"><span class='ocrx_word' id='word_1_26' title='bbox 146 619 271 678; x_wconf 81' lang='lat' dir='ltr'><strong>Tertium</strong></span> <span class='ocrx_word' id='word_1_27' title='bbox 284 623 397 676; x_wconf 83' lang='lat' dir='ltr'><strong>statum</strong></span> <span class='ocrx_word' id='word_1_28' title='bbox 409 619 642 763; x_wconf 46' lang='lat' dir='ltr'><strong>uitoeegeptlitpcigpae,</strong></span> <span class='ocrx_word' id='word_1_29' title='bbox 654 618 735 674; x_wconf 82' lang='lat' dir='ltr'><strong>idest</strong></span> <span class='ocrx_word' id='word_1_30' title='bbox 750 612 943 688; x_wconf 82' lang='lat' dir='ltr'><strong>spiritualem,</strong></span> 
     </span>
    </p>
   </div>
   <div class='ocr_carea' id='block_1_7' title="bbox 99 771 946 1467">
    <p class='ocr_par' dir='ltr' id='par_1_7' title="bbox 99 771 946 1467">
     <span class='ocr_line' id='line_1_8' title="bbox 176 771 943 850; baseline -0.013 -15"><span class='ocrx_word' id='word_1_31' title='bbox 176 781 221 835; x_wconf 86' lang='lat' dir='ltr'><strong>tt.</strong></span> <span class='ocrx_word' id='word_1_32' title='bbox 236 779 304 835; x_wconf 86' lang='lat' dir='ltr'><strong>Cum</strong></span> <span class='ocrx_word' id='word_1_33' title='bbox 319 793 386 835; x_wconf 82' lang='lat' dir='ltr'><strong>vero</strong></span> <span class='ocrx_word' id='word_1_34' title='bbox 401 777 435 834; x_wconf 93' lang='lat' dir='ltr'><strong>de</strong></span> <span class='ocrx_word' id='word_1_35' title='bbox 451 778 493 834; x_wconf 90' lang='lat' dir='ltr'><strong>his</strong></span> <span class='ocrx_word' id='word_1_36' title='bbox 516 793 579 850; x_wconf 84' lang='lat' dir='ltr'><strong>quae</strong></span> <span class='ocrx_word' id='word_1_37' title='bbox 602 778 636 833; x_wconf 89' lang='lat' dir='ltr'><strong>de</strong></span> <span class='ocrx_word' id='word_1_38' title='bbox 658 777 717 833; x_wconf 89' lang='lat' dir='ltr'><strong>Deo</strong></span> <span class='ocrx_word' id='word_1_39' title='bbox 741 774 785 831; x_wconf 84' lang='lat' dir='ltr'><strong>vel</strong></span> <span class='ocrx_word' id='word_1_40' title='bbox 806 771 840 827; x_wconf 91' lang='lat' dir='ltr'><strong>ad</strong></span> <span class='ocrx_word' id='word_1_41' title='bbox 858 771 943 827; x_wconf 83' lang='grc' dir='ltr'>ὓειιιιι</span> 
     </span>
     <span class='ocr_line' id='line_1_9' title="bbox 140 857 943 940; baseline -0.017 -14"><span class='ocrx_word' id='word_1_42' title='bbox 140 876 204 926; x_wconf 92' lang='lat' dir='ltr'><strong>sunt</strong></span> <span class='ocrx_word' id='word_1_43' title='bbox 215 868 358 940; x_wconf 88' lang='lat' dir='ltr'><strong>cogitatur,</strong></span> <span class='ocrx_word' id='word_1_44' title='bbox 374 876 401 923; x_wconf 89' lang='lat' dir='ltr'><strong>et</strong></span> <span class='ocrx_word' id='word_1_45' title='bbox 415 867 539 924; x_wconf 84' lang='lat' dir='ltr'><strong>voluntas</strong></span> <span class='ocrx_word' id='word_1_46' title='bbox 563 881 596 923; x_wconf 89' lang='lat' dir='ltr'><strong>eo</strong></span> <span class='ocrx_word' id='word_1_47' title='bbox 623 863 730 937; x_wconf 86' lang='lat' dir='ltr'><strong>prolicit</strong></span> <span class='ocrx_word' id='word_1_48' title='bbox 747 870 777 919; x_wconf 93' lang='lat' dir='ltr'><strong>ut</strong></span> <span class='ocrx_word' id='word_1_49' title='bbox 796 875 872 916; x_wconf 92' lang='lat' dir='ltr'><strong>amor</strong></span> <span class='ocrx_word' id='word_1_50' title='bbox 886 857 943 923; x_wconf 90' lang='lat' dir='ltr'><strong>flat,</strong></span> 
     </span>
     <span class='ocr_line' id='line_1_10' title="bbox 140 949 944 1027; baseline -0.015 -13"><span class='ocrx_word' id='word_1_51' title='bbox 140 957 270 1014; x_wconf 80' lang='lat' dir='ltr'><strong>mutinuo</strong></span> <span class='ocrx_word' id='word_1_52' title='bbox 293 972 343 1027; x_wconf 82' lang='lat' dir='ltr'><strong>per</strong></span> <span class='ocrx_word' id='word_1_53' title='bbox 360 955 430 1012; x_wconf 88' lang='lat' dir='ltr'><strong>viam</strong></span> <span class='ocrx_word' id='word_1_54' title='bbox 450 955 551 1011; x_wconf 90' lang='lat' dir='ltr'><strong>amoris</strong></span> <span class='ocrx_word' id='word_1_55' title='bbox 568 952 686 1010; x_wconf 90' lang='lat' dir='ltr'><strong>infundit</strong></span> <span class='ocrx_word' id='word_1_56' title='bbox 699 969 730 1009; x_wconf 87' lang='lat' dir='ltr'><strong>se</strong></span> <span class='ocrx_word' id='word_1_57' title='bbox 746 949 864 1022; x_wconf 88' lang='lat' dir='ltr'><strong>Spiritus</strong></span> <span class='ocrx_word' id='word_1_58' title='bbox 882 962 944 1004; x_wconf 89' lang='lat' dir='ltr'><strong>san·</strong></span> 
     </span>
     <span class='ocr_line' id='line_1_11' title="bbox 137 1034 945 1113; baseline -0.014 -16"><span class='ocrx_word' id='word_1_59' title='bbox 137 1049 207 1111; x_wconf 90' lang='lat' dir='ltr'><strong>ctus,</strong></span> <span class='ocrx_word' id='word_1_60' title='bbox 221 1039 331 1113; x_wconf 88' lang='lat' dir='ltr'><strong>spiritus</strong></span> <span class='ocrx_word' id='word_1_61' title='bbox 344 1039 418 1109; x_wconf 83' lang='lat' dir='ltr'><strong>ritae3</strong></span> <span class='ocrx_word' id='word_1_62' title='bbox 441 1049 470 1098; x_wconf 90' lang='grc' dir='ltr'><strong>ει</strong></span> <span class='ocrx_word' id='word_1_63' title='bbox 484 1040 576 1096; x_wconf 90' lang='lat' dir='ltr'><strong>omnia</strong></span> <span class='ocrx_word' id='word_1_64' title='bbox 590 1037 720 1106; x_wconf 73' lang='lat' dir='ltr'><strong>auocat,</strong></span> <span class='ocrx_word' id='word_1_65' title='bbox 737 1034 872 1105; x_wconf 85' lang='lat' dir='ltr'><strong>adjuvans</strong></span> <span class='ocrx_word' id='word_1_66' title='bbox 895 1046 945 1089; x_wconf 85' lang='lat' dir='ltr'><strong>seu</strong></span> 
     </span>
     <span class='ocr_line' id='line_1_12' title="bbox 99 1119 945 1198; baseline -0.012 -14"><span class='ocrx_word' id='word_1_67' title='bbox 99 1130 112 1149; x_wconf 84' lang='lat'><strong><em>‘</em></strong></span> <span class='ocrx_word' id='word_1_68' title='bbox 138 1129 166 1184; x_wconf 91' lang='lat' dir='ltr'><strong>in</strong></span> <span class='ocrx_word' id='word_1_69' title='bbox 177 1128 312 1198; x_wconf 87' lang='lat' dir='ltr'><strong>oratioue,</strong></span> <span class='ocrx_word' id='word_1_70' title='bbox 325 1143 375 1185; x_wconf 88' lang='grc' dir='ltr'>εειι</span> <span class='ocrx_word' id='word_1_71' title='bbox 390 1127 419 1183; x_wconf 93' lang='lat' dir='ltr'><strong>in</strong></span> <span class='ocrx_word' id='word_1_72' title='bbox 434 1127 621 1194; x_wconf 76' lang='lat' dir='ltr'><strong>meditatione,</strong></span> <span class='ocrx_word' id='word_1_73' title='bbox 645 1142 695 1184; x_wconf 90' lang='lat' dir='ltr'><strong>sen</strong></span> <span class='ocrx_word' id='word_1_74' title='bbox 715 1126 744 1180; x_wconf 92' lang='lat' dir='ltr'><strong>in</strong></span> <span class='ocrx_word' id='word_1_75' title='bbox 768 1129 883 1180; x_wconf 91' lang='lat' dir='ltr'><strong>tractatu</strong></span> <span class='ocrx_word' id='word_1_76' title='bbox 901 1119 945 1175; x_wconf 94' lang='lat' dir='ltr'><strong>in-</strong></span> 
     </span>
     <span class='ocr_line' id='line_1_13' title="bbox 141 1208 946 1291; baseline -0.01 -20"><span class='ocrx_word' id='word_1_77' title='bbox 141 1215 297 1273; x_wconf 86' lang='lat' dir='ltr'><strong>firmitatem</strong></span> <span class='ocrx_word' id='word_1_78' title='bbox 315 1216 472 1291; x_wconf 87' lang='lat' dir='ltr'><strong>cogitantis.</strong></span> <span class='ocrx_word' id='word_1_79' title='bbox 489 1216 523 1272; x_wconf 85' lang='lat' dir='ltr'><strong>Et</strong></span> <span class='ocrx_word' id='word_1_80' title='bbox 541 1215 670 1272; x_wconf 89' lang='lat' dir='ltr'><strong>continuo</strong></span> <span class='ocrx_word' id='word_1_81' title='bbox 684 1212 816 1269; x_wconf 86' lang='lat' dir='ltr'><strong>memoria</strong></span> <span class='ocrx_word' id='word_1_82' title='bbox 829 1208 946 1267; x_wconf 82' lang='lat' dir='ltr'><strong>efficitur</strong></span> 
     </span>
     <span class='ocr_line' id='line_1_14' title="bbox 141 1295 945 1378; baseline -0.01 -18"><span class='ocrx_word' id='word_1_83' title='bbox 141 1306 285 1378; x_wconf 78' lang='lat' dir='ltr'><strong>sapientia,</strong></span> <span class='ocrx_word' id='word_1_84' title='bbox 301 1320 363 1362; x_wconf 90' lang='lat' dir='ltr'><strong>com</strong></span> <span class='ocrx_word' id='word_1_85' title='bbox 378 1304 498 1362; x_wconf 80' lang='lat' dir='ltr'><strong>suaviter</strong></span> <span class='ocrx_word' id='word_1_86' title='bbox 508 1303 533 1360; x_wconf 93' lang='lat' dir='ltr'><strong>ei</strong></span> <span class='ocrx_word' id='word_1_87' title='bbox 549 1303 658 1375; x_wconf 89' lang='lat' dir='ltr'><strong>sapiunt</strong></span> <span class='ocrx_word' id='word_1_88' title='bbox 672 1304 744 1359; x_wconf 91' lang='lat' dir='ltr'><strong>bona</strong></span> <span class='ocrx_word' id='word_1_89' title='bbox 758 1298 820 1372; x_wconf 85' lang='lat' dir='ltr'><strong>liei,</strong></span> <span class='ocrx_word' id='word_1_90' title='bbox 835 1308 862 1356; x_wconf 89' lang='lat' dir='ltr'><strong>et</strong></span> <span class='ocrx_word' id='word_1_91' title='bbox 871 1295 945 1370; x_wconf 85' lang='lat' dir='ltr'><strong>quod</strong></span> 
     </span>
     <span class='ocr_line' id='line_1_15' title="bbox 142 1386 946 1467; baseline -0.014 -15"><span class='ocrx_word' id='word_1_92' title='bbox 142 1411 175 1452; x_wconf 83' lang='lat' dir='ltr'><strong>ex</strong></span> <span class='ocrx_word' id='word_1_93' title='bbox 196 1394 237 1452; x_wconf 86' lang='lat' dir='ltr'><strong>eis</strong></span> <span class='ocrx_word' id='word_1_94' title='bbox 249 1393 400 1467; x_wconf 89' lang='lat' dir='ltr'><strong>cogitatum</strong></span> <span class='ocrx_word' id='word_1_95' title='bbox 415 1399 457 1450; x_wconf 87' lang='lat' dir='ltr'><strong>cst</strong></span> <span class='ocrx_word' id='word_1_96' title='bbox 471 1392 643 1448; x_wconf 90' lang='lat' dir='ltr'><strong>formandum</strong></span> <span class='ocrx_word' id='word_1_97' title='bbox 657 1391 686 1447; x_wconf 90' lang='lat' dir='ltr'><strong>in</strong></span> <span class='ocrx_word' id='word_1_98' title='bbox 700 1389 809 1456; x_wconf 83' lang='lat' dir='ltr'><strong>aflectu,</strong></span> <span class='ocrx_word' id='word_1_99' title='bbox 835 1386 946 1443; x_wconf 86' lang='lat' dir='ltr'><strong>adhibet</strong></span> 
     </span>
    </p>
   </div>
   <div class='ocr_carea' id='block_1_8' title="bbox 996 409 1803 1459">
    <p class='ocr_par' dir='ltr' id='par_1_8' title="bbox 996 409 1803 1459">
     <span class='ocr_line' id='line_1_16' title="bbox 996 409 1799 482; baseline 0.001 -18"><span class='ocrx_word' id='word_1_100' title='bbox 996 425 1083 482; x_wconf 81' lang='lat' dir='ltr'><strong>usqne</strong></span> <span class='ocrx_word' id='word_1_101' title='bbox 1098 413 1132 468; x_wconf 87' lang='lat' dir='ltr'><strong>ad</strong></span> <span class='ocrx_word' id='word_1_102' title='bbox 1144 413 1354 470; x_wconf 85' lang='lat' dir='ltr'><strong>delectationem</strong></span> <span class='ocrx_word' id='word_1_103' title='bbox 1370 411 1463 481; x_wconf 88' lang='lat' dir='ltr'><strong>animi,</strong></span> <span class='ocrx_word' id='word_1_104' title='bbox 1484 411 1538 466; x_wconf 87' lang='lat' dir='ltr'><strong>cito</strong></span> <span class='ocrx_word' id='word_1_105' title='bbox 1562 415 1653 466; x_wconf 89' lang='lat' dir='ltr'><strong>tamen</strong></span> <span class='ocrx_word' id='word_1_106' title='bbox 1678 409 1745 466; x_wconf 88' lang='lat' dir='ltr'><strong>iude</strong></span> <span class='ocrx_word' id='word_1_107' title='bbox 1768 425 1799 465; x_wconf 88' lang='lat' dir='ltr'><strong>ss</strong></span> 
     </span>
     <span class='ocr_line' id='line_1_17' title="bbox 998 497 1799 574; baseline 0 -20"><span class='ocrx_word' id='word_1_108' title='bbox 998 499 1099 556; x_wconf 78' lang='lat' dir='ltr'><strong>excutit</strong></span> <span class='ocrx_word' id='word_1_109' title='bbox 1111 501 1218 558; x_wconf 78' lang='lat' dir='ltr'><strong>animm</strong></span> <span class='ocrx_word' id='word_1_110' title='bbox 1231 518 1343 574; x_wconf 89' lang='lat' dir='ltr'><strong>compos</strong></span> <span class='ocrx_word' id='word_1_111' title='bbox 1361 501 1414 557; x_wconf 90' lang='lat' dir='ltr'><strong>sui.</strong></span> <span class='ocrx_word' id='word_1_112' title='bbox 1438 497 1517 568; x_wconf 83' lang='lat' dir='ltr'><strong>Quod</strong></span> <span class='ocrx_word' id='word_1_113' title='bbox 1537 506 1628 554; x_wconf 86' lang='lat' dir='ltr'><strong>autem</strong></span> <span class='ocrx_word' id='word_1_114' title='bbox 1658 497 1687 552; x_wconf 92' lang='lat' dir='ltr'><strong>iu</strong></span> <span class='ocrx_word' id='word_1_115' title='bbox 1711 504 1799 554; x_wconf 91' lang='lat' dir='ltr'><strong>totum</strong></span> 
     </span>
     <span class='ocr_line' id='line_1_18' title="bbox 997 584 1798 659; baseline -0.002 -16"><span class='ocrx_word' id='word_1_116' title='bbox 997 587 1065 655; x_wconf 85' lang='lat' dir='ltr'><strong>vult,</strong></span> <span class='ocrx_word' id='word_1_117' title='bbox 1080 587 1167 659; x_wconf 90' lang='lat' dir='ltr'><strong>primo</strong></span> <span class='ocrx_word' id='word_1_118' title='bbox 1181 590 1410 647; x_wconf 89' lang='lat' dir='ltr'><strong>considerandum</strong></span> <span class='ocrx_word' id='word_1_119' title='bbox 1423 597 1466 645; x_wconf 90' lang='grc' dir='ltr'><strong>εει</strong></span> <span class='ocrx_word' id='word_1_120' title='bbox 1476 586 1502 642; x_wconf 91' lang='lat' dir='ltr'><strong>ei</strong></span> <span class='ocrx_word' id='word_1_121' title='bbox 1516 585 1583 658; x_wconf 86' lang='lat' dir='ltr'><strong>quid</strong></span> <span class='ocrx_word' id='word_1_122' title='bbox 1596 584 1660 642; x_wconf 91' lang='lat' dir='ltr'><strong>illud</strong></span> <span class='ocrx_word' id='word_1_123' title='bbox 1674 585 1711 640; x_wconf 86' lang='lat' dir='ltr'><strong>sit</strong></span> <span class='ocrx_word' id='word_1_124' title='bbox 1724 585 1798 658; x_wconf 91' lang='lat' dir='ltr'><strong>quod</strong></span> 
     </span>
     <span class='ocr_line' id='line_1_19' title="bbox 998 674 1798 751; baseline -0.003 -19"><span class='ocrx_word' id='word_1_125' title='bbox 998 677 1037 732; x_wconf 86' lang='lat' dir='ltr'><strong>sic</strong></span> <span class='ocrx_word' id='word_1_126' title='bbox 1050 677 1129 746; x_wconf 77' lang='lat' dir='ltr'><strong>velit,</strong></span> <span class='ocrx_word' id='word_1_127' title='bbox 1147 679 1256 746; x_wconf 90' lang='lat' dir='ltr'><strong>deinde,</strong></span> <span class='ocrx_word' id='word_1_128' title='bbox 1283 688 1415 751; x_wconf 87' lang='lat' dir='ltr'><strong>quantum</strong></span> <span class='ocrx_word' id='word_1_129' title='bbox 1438 677 1514 747; x_wconf 81' lang='lat' dir='ltr'><strong>velit,</strong></span> <span class='ocrx_word' id='word_1_130' title='bbox 1529 685 1557 732; x_wconf 89' lang='grc' dir='ltr'><strong>ει</strong></span> <span class='ocrx_word' id='word_1_131' title='bbox 1571 675 1710 746; x_wconf 86' lang='lat' dir='ltr'><strong>quomodo</strong></span> <span class='ocrx_word' id='word_1_132' title='bbox 1723 674 1798 731; x_wconf 81' lang='lat' dir='ltr'><strong>velit.</strong></span> 
     </span>
     <span class='ocr_line' id='line_1_20' title="bbox 999 762 1801 836; baseline -0.004 -15"><span class='ocrx_word' id='word_1_133' title='bbox 999 764 1026 821; x_wconf 92' lang='lat' dir='ltr'><strong>Si</strong></span> <span class='ocrx_word' id='word_1_134' title='bbox 1042 767 1114 836; x_wconf 88' lang='lat' dir='ltr'><strong>quod</strong></span> <span class='ocrx_word' id='word_1_135' title='bbox 1128 765 1157 821; x_wconf 91' lang='lat' dir='ltr'><strong>in</strong></span> <span class='ocrx_word' id='word_1_136' title='bbox 1171 770 1255 822; x_wconf 88' lang='lat' dir='ltr'><strong>totum</strong></span> <span class='ocrx_word' id='word_1_137' title='bbox 1276 766 1344 834; x_wconf 89' lang='lat' dir='ltr'><strong>vult,</strong></span> <span class='ocrx_word' id='word_1_138' title='bbox 1363 768 1437 822; x_wconf 87' lang='lat' dir='ltr'><strong>Deus</strong></span> <span class='ocrx_word' id='word_1_139' title='bbox 1456 773 1509 832; x_wconf 91' lang='lat' dir='ltr'><strong>est,</strong></span> <span class='ocrx_word' id='word_1_140' title='bbox 1534 762 1735 819; x_wconf 88' lang='lat' dir='ltr'><strong>discutiendum</strong></span> <span class='ocrx_word' id='word_1_141' title='bbox 1759 771 1801 818; x_wconf 85' lang='lat' dir='ltr'><strong>ast</strong></span> 
     </span>
     <span class='ocr_line' id='line_1_21' title="bbox 999 851 1801 928; baseline -0.002 -19"><span class='ocrx_word' id='word_1_142' title='bbox 999 853 1025 909; x_wconf 91' lang='lat' dir='ltr'><strong>ei</strong></span> <span class='ocrx_word' id='word_1_143' title='bbox 1039 855 1128 912; x_wconf 89' lang='lat' dir='ltr'><strong>Deum</strong></span> <span class='ocrx_word' id='word_1_144' title='bbox 1137 862 1269 926; x_wconf 64' lang='lat' dir='ltr'><strong>mantum</strong></span> <span class='ocrx_word' id='word_1_145' title='bbox 1283 863 1311 912; x_wconf 90' lang='grc' dir='ltr'><strong>ει</strong></span> <span class='ocrx_word' id='word_1_146' title='bbox 1320 854 1458 928; x_wconf 83' lang='lat' dir='ltr'><strong>quomodo</strong></span> <span class='ocrx_word' id='word_1_147' title='bbox 1472 851 1548 920; x_wconf 78' lang='lat' dir='ltr'><strong>velit,</strong></span> <span class='ocrx_word' id='word_1_148' title='bbox 1564 858 1593 908; x_wconf 89' lang='grc' dir='ltr'><strong>ει</strong></span> <span class='ocrx_word' id='word_1_149' title='bbox 1605 859 1695 907; x_wconf 89' lang='lat' dir='ltr'><strong>utrum</strong></span> <span class='ocrx_word' id='word_1_150' title='bbox 1712 866 1801 922; x_wconf 85' lang='lat' dir='ltr'><strong>usque</strong></span> 
     </span>
     <span class='ocr_line' id='line_1_22' title="bbox 999 938 1801 1019; baseline -0.005 -21"><span class='ocrx_word' id='word_1_151' title='bbox 999 943 1027 999; x_wconf 93' lang='lat' dir='ltr'><strong>in</strong></span> <span class='ocrx_word' id='word_1_152' title='bbox 1044 950 1231 1017; x_wconf 89' lang='lat' dir='ltr'><strong>contemptum</strong></span> <span class='ocrx_word' id='word_1_153' title='bbox 1246 945 1394 1019; x_wconf 86' lang='lat' dir='ltr'><strong>suiipsius,</strong></span> <span class='ocrx_word' id='word_1_154' title='bbox 1410 943 1587 1015; x_wconf 89' lang='lat' dir='ltr'><strong>omniumque</strong></span> <span class='ocrx_word' id='word_1_155' title='bbox 1602 957 1663 1015; x_wconf 83' lang='lat' dir='ltr'><strong>quae</strong></span> <span class='ocrx_word' id='word_1_156' title='bbox 1678 947 1743 998; x_wconf 89' lang='lat' dir='ltr'><strong>sunt</strong></span> <span class='ocrx_word' id='word_1_157' title='bbox 1758 938 1801 998; x_wconf 86' lang='lat' dir='ltr'><strong>vel</strong></span> 
     </span>
     <span class='ocr_line' id='line_1_23' title="bbox 999 1031 1800 1106; baseline -0.005 -17"><span class='ocrx_word' id='word_1_158' title='bbox 999 1048 1060 1089; x_wconf 90' lang='grc' dir='ltr'>εεεε</span> <span class='ocrx_word' id='word_1_159' title='bbox 1069 1041 1198 1106; x_wconf 80' lang='lat' dir='ltr'><strong>possunt3</strong></span> <span class='ocrx_word' id='word_1_160' title='bbox 1214 1044 1242 1091; x_wconf 90' lang='grc' dir='ltr'><strong>ει</strong></span> <span class='ocrx_word' id='word_1_161' title='bbox 1255 1035 1306 1091; x_wconf 84' lang='grc' dir='ltr'>Ιιοε</span> <span class='ocrx_word' id='word_1_162' title='bbox 1320 1049 1377 1091; x_wconf 92' lang='lat' dir='ltr'><strong>non</strong></span> <span class='ocrx_word' id='word_1_163' title='bbox 1392 1040 1496 1089; x_wconf 86' lang='lat' dir='ltr'><strong>tantum</strong></span> <span class='ocrx_word' id='word_1_164' title='bbox 1510 1047 1544 1088; x_wconf 86' lang='lat' dir='ltr'><strong>ex</strong></span> <span class='ocrx_word' id='word_1_165' title='bbox 1557 1031 1661 1104; x_wconf 72' lang='lat' dir='ltr'><strong>iudicio</strong></span> <span class='ocrx_word' id='word_1_166' title='bbox 1676 1031 1800 1100; x_wconf 89' lang='lat' dir='ltr'><strong>rationis,</strong></span> 
     </span>
     <span class='ocr_line' id='line_1_24' title="bbox 999 1119 1801 1194; baseline -0.002 -15"><span class='ocrx_word' id='word_1_167' title='bbox 999 1123 1049 1179; x_wconf 85' lang='lat' dir='ltr'><strong>sed</strong></span> <span class='ocrx_word' id='word_1_168' title='bbox 1064 1121 1146 1179; x_wconf 89' lang='lat' dir='ltr'><strong>ctiam</strong></span> <span class='ocrx_word' id='word_1_169' title='bbox 1159 1138 1192 1178; x_wconf 85' lang='lat' dir='ltr'><strong>ex</strong></span> <span class='ocrx_word' id='word_1_170' title='bbox 1212 1122 1315 1181; x_wconf 87' lang='lat' dir='ltr'><strong>aflectu</strong></span> <span class='ocrx_word' id='word_1_171' title='bbox 1334 1123 1447 1180; x_wconf 87' lang='lat' dir='ltr'><strong>mentis:</strong></span> <span class='ocrx_word' id='word_1_172' title='bbox 1473 1129 1503 1178; x_wconf 87' lang='lat' dir='ltr'><strong>ut</strong></span> <span class='ocrx_word' id='word_1_173' title='bbox 1517 1125 1577 1194; x_wconf 79' lang='lat' dir='ltr'><strong>jam</strong></span> <span class='ocrx_word' id='word_1_174' title='bbox 1595 1120 1721 1177; x_wconf 81' lang='lat' dir='ltr'><strong>voluntas</strong></span> <span class='ocrx_word' id='word_1_175' title='bbox 1740 1119 1801 1192; x_wconf 89' lang='lat' dir='ltr'><strong>plus</strong></span> 
     </span>
     <span class='ocr_line' id='line_1_25' title="bbox 1000 1208 1802 1283; baseline -0.001 -18"><span class='ocrx_word' id='word_1_176' title='bbox 1000 1224 1079 1283; x_wconf 88' lang='lat' dir='ltr'><strong>quam</strong></span> <span class='ocrx_word' id='word_1_177' title='bbox 1094 1211 1219 1267; x_wconf 87' lang='lat' dir='ltr'><strong>voluntas</strong></span> <span class='ocrx_word' id='word_1_178' title='bbox 1236 1211 1280 1279; x_wconf 89' lang='lat' dir='ltr'><strong>sit,</strong></span> <span class='ocrx_word' id='word_1_179' title='bbox 1297 1219 1327 1267; x_wconf 91' lang='lat' dir='ltr'><strong>nt</strong></span> <span class='ocrx_word' id='word_1_180' title='bbox 1341 1225 1417 1267; x_wconf 92' lang='lat' dir='ltr'><strong>amor</strong></span> <span class='ocrx_word' id='word_1_181' title='bbox 1431 1210 1475 1278; x_wconf 90' lang='lat' dir='ltr'><strong>sit,</strong></span> <span class='ocrx_word' id='word_1_182' title='bbox 1495 1217 1524 1266; x_wconf 92' lang='lat' dir='ltr'><strong>ut</strong></span> <span class='ocrx_word' id='word_1_183' title='bbox 1537 1208 1647 1266; x_wconf 91' lang='lat' dir='ltr'><strong>dilectio</strong></span> <span class='ocrx_word' id='word_1_184' title='bbox 1661 1208 1707 1275; x_wconf 89' lang='lat' dir='ltr'><strong>sit,</strong></span> <span class='ocrx_word' id='word_1_185' title='bbox 1721 1216 1752 1264; x_wconf 89' lang='lat' dir='ltr'><strong>nt</strong></span> <span class='ocrx_word' id='word_1_186' title='bbox 1767 1209 1802 1264; x_wconf 88' lang='lat' dir='ltr'><strong>sit</strong></span> 
     </span>
     <span class='ocr_line' id='line_1_26' title="bbox 999 1295 1803 1372; baseline -0.006 -17"><span class='ocrx_word' id='word_1_187' title='bbox 999 1297 1126 1368; x_wconf 87' lang='lat' dir='ltr'><strong>charitas,</strong></span> <span class='ocrx_word' id='word_1_188' title='bbox 1141 1299 1177 1355; x_wconf 88' lang='lat' dir='ltr'><strong>sit</strong></span> <span class='ocrx_word' id='word_1_189' title='bbox 1189 1299 1280 1355; x_wconf 87' lang='lat' dir='ltr'><strong>unitas</strong></span> <span class='ocrx_word' id='word_1_190' title='bbox 1300 1299 1420 1372; x_wconf 88' lang='lat' dir='ltr'><strong>spiritus.</strong></span> <span class='ocrx_word' id='word_1_191' title='bbox 1437 1298 1483 1356; x_wconf 88' lang='lat' dir='ltr'><strong>Sic</strong></span> <span class='ocrx_word' id='word_1_192' title='bbox 1501 1299 1575 1355; x_wconf 87' lang='lat' dir='ltr'><strong>enim</strong></span> <span class='ocrx_word' id='word_1_193' title='bbox 1590 1295 1746 1369; x_wconf 89' lang='lat' dir='ltr'><strong>diligendus</strong></span> <span class='ocrx_word' id='word_1_194' title='bbox 1761 1302 1803 1352; x_wconf 91' lang='grc' dir='ltr'><strong>εει</strong></span> 
     </span>
     <span class='ocr_line' id='line_1_27' title="bbox 1001 1385 1801 1459; baseline -0.001 -18"><span class='ocrx_word' id='word_1_195' title='bbox 1001 1388 1082 1444; x_wconf 84' lang='grc' dir='ltr'>ὓειιε.</span> <span class='ocrx_word' id='word_1_196' title='bbox 1099 1389 1196 1459; x_wconf 84' lang='lat' dir='ltr'><strong>llagna</strong></span> <span class='ocrx_word' id='word_1_197' title='bbox 1211 1388 1283 1444; x_wconf 90' lang='lat' dir='ltr'><strong>enim</strong></span> <span class='ocrx_word' id='word_1_198' title='bbox 1293 1390 1419 1447; x_wconf 84' lang='lat' dir='ltr'><strong>voluntas</strong></span> <span class='ocrx_word' id='word_1_199' title='bbox 1429 1389 1463 1443; x_wconf 90' lang='lat' dir='ltr'><strong>ad</strong></span> <span class='ocrx_word' id='word_1_200' title='bbox 1477 1388 1575 1454; x_wconf 84' lang='lat' dir='ltr'><strong>Deum,</strong></span> <span class='ocrx_word' id='word_1_201' title='bbox 1590 1401 1668 1443; x_wconf 89' lang='lat' dir='ltr'><strong>amor</strong></span> <span class='ocrx_word' id='word_1_202' title='bbox 1683 1393 1741 1454; x_wconf 87' lang='lat' dir='ltr'><strong>cst;</strong></span> <span class='ocrx_word' id='word_1_203' title='bbox 1757 1385 1801 1440; x_wconf 92' lang='lat' dir='ltr'><strong>di-</strong></span> 
     </span>
    </p>
   </div>
   <div class='ocr_carea' id='block_1_9' title="bbox 140 1472 1809 5555">
    <p class='ocr_par' dir='ltr' id='par_1_9' title="bbox 140 1472 1809 5555">
     <span class='ocr_line' id='line_1_28' title="bbox 140 1472 1800 1554; baseline -0.006 -15"><span class='ocrx_word' id='word_1_204' title='bbox 140 1482 300 1539; x_wconf 87' lang='lat' dir='ltr'><strong>intellectui.</strong></span> <span class='ocrx_word' id='word_1_205' title='bbox 314 1482 471 1539; x_wconf 83' lang='lat' dir='ltr'><strong>Intellectus</strong></span> <span class='ocrx_word' id='word_1_206' title='bbox 494 1496 561 1538; x_wconf 81' lang='lat' dir='ltr'><strong>sero</strong></span> <span class='ocrx_word' id='word_1_207' title='bbox 576 1479 729 1554; x_wconf 89' lang='lat' dir='ltr'><strong>cogitantis,</strong></span> <span class='ocrx_word' id='word_1_208' title='bbox 750 1476 867 1535; x_wconf 86' lang='lat' dir='ltr'><strong>efficitur</strong></span> <span class='ocrx_word' id='word_1_209' title='bbox 880 1491 946 1532; x_wconf 91' lang='lat' dir='ltr'><strong>con·</strong></span> <span class='ocrx_word' id='word_1_210' title='bbox 1000 1475 1091 1542; x_wconf 91' lang='lat' dir='ltr'><strong>lectio,</strong></span> <span class='ocrx_word' id='word_1_211' title='bbox 1116 1476 1236 1532; x_wconf 66' lang='lat' dir='ltr'><strong>adhmio</strong></span> <span class='ocrx_word' id='word_1_212' title='bbox 1258 1477 1316 1534; x_wconf 88' lang='lat' dir='ltr'><strong>sive</strong></span> <span class='ocrx_word' id='word_1_213' title='bbox 1344 1475 1514 1547; x_wconf 70' lang='lat' dir='ltr'><strong>conjunctim</strong></span> <span class='ocrx_word' id='word_1_214' title='bbox 1540 1475 1668 1541; x_wconf 77' lang='lat' dir='ltr'><strong>charitas,</strong></span> <span class='ocrx_word' id='word_1_215' title='bbox 1700 1472 1800 1530; x_wconf 75' lang='lat' dir='ltr'><strong>fruitio.</strong></span> 
     </span>
     <span class='ocr_line' id='line_1_29' title="bbox 142 1563 1804 1643; baseline -0.006 -15"><span class='ocrx_word' id='word_1_216' title='bbox 142 1570 280 1643; x_wconf 86' lang='lat' dir='ltr'><strong>templatio</strong></span> <span class='ocrx_word' id='word_1_217' title='bbox 294 1571 421 1642; x_wconf 89' lang='lat' dir='ltr'><strong>amantis,</strong></span> <span class='ocrx_word' id='word_1_218' title='bbox 439 1577 467 1627; x_wconf 89' lang='lat' dir='ltr'><strong>et</strong></span> <span class='ocrx_word' id='word_1_219' title='bbox 481 1569 604 1627; x_wconf 89' lang='lat' dir='ltr'><strong>formans</strong></span> <span class='ocrx_word' id='word_1_220' title='bbox 619 1570 686 1626; x_wconf 92' lang='lat' dir='ltr'><strong>illud</strong></span> <span class='ocrx_word' id='word_1_221' title='bbox 700 1569 729 1623; x_wconf 89' lang='lat' dir='ltr'><strong>in</strong></span> <span class='ocrx_word' id='word_1_222' title='bbox 743 1567 873 1640; x_wconf 89' lang='lat' dir='ltr'><strong>quasdam</strong></span> <span class='ocrx_word' id='word_1_223' title='bbox 887 1564 944 1636; x_wconf 89' lang='lat' dir='ltr'><strong>spi·</strong></span> <span class='ocrx_word' id='word_1_224' title='bbox 1002 1564 1097 1620; x_wconf 88' lang='lat' dir='ltr'><strong>Unitas</strong></span> <span class='ocrx_word' id='word_1_225' title='bbox 1115 1580 1182 1621; x_wconf 81' lang='lat' dir='ltr'><strong>aero</strong></span> <span class='ocrx_word' id='word_1_226' title='bbox 1202 1565 1313 1637; x_wconf 86' lang='lat' dir='ltr'><strong>spiritua</strong></span> <span class='ocrx_word' id='word_1_227' title='bbox 1336 1580 1398 1623; x_wconf 90' lang='lat' dir='ltr'><strong>cum</strong></span> <span class='ocrx_word' id='word_1_228' title='bbox 1418 1565 1478 1622; x_wconf 81' lang='lat' dir='ltr'><strong>lieo</strong></span> <span class='ocrx_word' id='word_1_229' title='bbox 1503 1563 1605 1620; x_wconf 91' lang='lat' dir='ltr'><strong>homini</strong></span> <span class='ocrx_word' id='word_1_230' title='bbox 1628 1579 1738 1620; x_wconf 73' lang='lat' dir='ltr'><strong>sumum</strong></span> <span class='ocrx_word' id='word_1_231' title='bbox 1755 1577 1804 1620; x_wconf 87' lang='lat' dir='ltr'><strong>cor</strong></span> 
     </span>
     <span class='ocr_line' id='line_1_30' title="bbox 143 1642 1801 1730; baseline -0.005 -15"><span class='ocrx_word' id='word_1_232' title='bbox 143 1660 259 1726; x_wconf 83' lang='lat' dir='ltr'><strong>ritualia,</strong></span> <span class='ocrx_word' id='word_1_233' title='bbox 277 1660 322 1716; x_wconf 81' lang='lat' dir='ltr'><strong>vel</strong></span> <span class='ocrx_word' id='word_1_234' title='bbox 337 1658 434 1725; x_wconf 69' lang='lat' dir='ltr'><strong>divina</strong></span> <span class='ocrx_word' id='word_1_235' title='bbox 448 1658 590 1716; x_wconf 87' lang='lat' dir='ltr'><strong>suavitatis</strong></span> <span class='ocrx_word' id='word_1_236' title='bbox 604 1655 788 1730; x_wconf 88' lang='lat' dir='ltr'><strong>experientias</strong></span> <span class='ocrx_word' id='word_1_237' title='bbox 810 1653 893 1710; x_wconf 78' lang='lat' dir='ltr'><strong>afficit</strong></span> <span class='ocrx_word' id='word_1_238' title='bbox 911 1669 945 1709; x_wconf 86' lang='lat' dir='ltr'><strong>ex</strong></span> <span class='ocrx_word' id='word_1_239' title='bbox 963 1642 985 1719; x_wconf 76' lang='lat' dir='ltr'>B</span> <span class='ocrx_word' id='word_1_240' title='bbox 1001 1653 1120 1719; x_wconf 86' lang='lat' dir='ltr'><strong>habenti,</strong></span> <span class='ocrx_word' id='word_1_241' title='bbox 1146 1652 1311 1725; x_wconf 85' lang='lat' dir='ltr'><strong>proficientis</strong></span> <span class='ocrx_word' id='word_1_242' title='bbox 1329 1655 1356 1710; x_wconf 93' lang='lat' dir='ltr'><strong>in</strong></span> <span class='ocrx_word' id='word_1_243' title='bbox 1381 1656 1467 1711; x_wconf 87' lang='lat' dir='ltr'><strong>Deum</strong></span> <span class='ocrx_word' id='word_1_244' title='bbox 1488 1652 1633 1711; x_wconf 83' lang='lat' dir='ltr'><strong>voluntatis</strong></span> <span class='ocrx_word' id='word_1_245' title='bbox 1647 1658 1690 1710; x_wconf 97' lang='grc' dir='ltr'><strong>εει</strong></span> <span class='ocrx_word' id='word_1_246' title='bbox 1707 1651 1801 1724; x_wconf 89' lang='lat' dir='ltr'><strong>perfe-</strong></span> 
     </span>
     <span class='ocr_line' id='line_1_31' title="bbox 143 1739 1801 1820; baseline -0.003 -18"><span class='ocrx_word' id='word_1_247' title='bbox 143 1746 183 1802; x_wconf 85' lang='lat' dir='ltr'><strong>eis</strong></span> <span class='ocrx_word' id='word_1_248' title='bbox 212 1745 299 1803; x_wconf 90' lang='lat' dir='ltr'><strong>aciem</strong></span> <span class='ocrx_word' id='word_1_249' title='bbox 323 1745 491 1820; x_wconf 82' lang='lat' dir='ltr'><strong>cogitantis;</strong></span> <span class='ocrx_word' id='word_1_250' title='bbox 515 1745 559 1799; x_wconf 90' lang='lat' dir='ltr'><strong>illa</strong></span> <span class='ocrx_word' id='word_1_251' title='bbox 582 1759 648 1801; x_wconf 83' lang='lat' dir='ltr'><strong>sero</strong></span> <span class='ocrx_word' id='word_1_252' title='bbox 676 1741 794 1799; x_wconf 79' lang='lat' dir='ltr'><strong>eflicitur</strong></span> <span class='ocrx_word' id='word_1_253' title='bbox 818 1739 946 1814; x_wconf 88' lang='lat' dir='ltr'><strong>gaudium</strong></span> <span class='ocrx_word' id='word_1_254' title='bbox 1000 1741 1066 1807; x_wconf 90' lang='lat' dir='ltr'><strong>etio,</strong></span> <span class='ocrx_word' id='word_1_255' title='bbox 1086 1757 1148 1798; x_wconf 94' lang='lat' dir='ltr'><strong>cum</strong></span> <span class='ocrx_word' id='word_1_256' title='bbox 1161 1743 1218 1812; x_wconf 86' lang='lat' dir='ltr'><strong>jam</strong></span> <span class='ocrx_word' id='word_1_257' title='bbox 1233 1759 1289 1799; x_wconf 92' lang='lat' dir='ltr'><strong>non</strong></span> <span class='ocrx_word' id='word_1_258' title='bbox 1305 1742 1475 1801; x_wconf 86' lang='lat' dir='ltr'><strong>solummodo</strong></span> <span class='ocrx_word' id='word_1_259' title='bbox 1493 1742 1549 1800; x_wconf 83' lang='lat' dir='ltr'><strong>uult</strong></span> <span class='ocrx_word' id='word_1_260' title='bbox 1563 1743 1718 1815; x_wconf 87' lang='lat' dir='ltr'><strong>quodDeus</strong></span> <span class='ocrx_word' id='word_1_261' title='bbox 1733 1740 1801 1806; x_wconf 84' lang='lat' dir='ltr'><strong>vult,</strong></span> 
     </span>
     <span class='ocr_line' id='line_1_32' title="bbox 143 1826 1802 1902; baseline -0.002 -13"><span class='ocrx_word' id='word_1_262' title='bbox 143 1832 267 1889; x_wconf 88' lang='lat' dir='ltr'><strong>fruentis.</strong></span> <span class='ocrx_word' id='word_1_263' title='bbox 282 1833 315 1887; x_wconf 86' lang='lat' dir='ltr'><strong>Et</strong></span> <span class='ocrx_word' id='word_1_264' title='bbox 334 1841 399 1890; x_wconf 91' lang='lat' dir='ltr'><strong>tunc</strong></span> <span class='ocrx_word' id='word_1_265' title='bbox 418 1833 453 1888; x_wconf 92' lang='lat' dir='ltr'><strong>de</strong></span> <span class='ocrx_word' id='word_1_266' title='bbox 472 1833 530 1888; x_wconf 82' lang='lat' dir='ltr'><strong>lieo</strong></span> <span class='ocrx_word' id='word_1_267' title='bbox 548 1832 620 1888; x_wconf 90' lang='lat' dir='ltr'><strong>bene</strong></span> <span class='ocrx_word' id='word_1_268' title='bbox 641 1829 779 1902; x_wconf 90' lang='lat' dir='ltr'><strong>cogitatur</strong></span> <span class='ocrx_word' id='word_1_269' title='bbox 796 1826 946 1884; x_wconf 90' lang='lat' dir='ltr'><strong>secundum</strong></span> <span class='ocrx_word' id='word_1_270' title='bbox 1000 1830 1048 1887; x_wconf 88' lang='lat' dir='ltr'><strong>scd</strong></span> <span class='ocrx_word' id='word_1_271' title='bbox 1063 1830 1103 1886; x_wconf 90' lang='lat' dir='ltr'><strong>sic</strong></span> <span class='ocrx_word' id='word_1_272' title='bbox 1117 1839 1159 1887; x_wconf 89' lang='grc' dir='ltr'><strong>εει</strong></span> <span class='ocrx_word' id='word_1_273' title='bbox 1173 1848 1227 1889; x_wconf 93' lang='lat' dir='ltr'><strong>non</strong></span> <span class='ocrx_word' id='word_1_274' title='bbox 1242 1840 1347 1889; x_wconf 90' lang='lat' dir='ltr'><strong>tantum</strong></span> <span class='ocrx_word' id='word_1_275' title='bbox 1362 1832 1487 1899; x_wconf 89' lang='lat' dir='ltr'><strong>affectus,</strong></span> <span class='ocrx_word' id='word_1_276' title='bbox 1508 1832 1557 1888; x_wconf 90' lang='lat' dir='ltr'><strong>sed</strong></span> <span class='ocrx_word' id='word_1_277' title='bbox 1579 1831 1607 1888; x_wconf 94' lang='lat' dir='ltr'><strong>in</strong></span> <span class='ocrx_word' id='word_1_278' title='bbox 1622 1830 1723 1887; x_wconf 88' lang='lat' dir='ltr'><strong>affeetu</strong></span> <span class='ocrx_word' id='word_1_279' title='bbox 1738 1846 1802 1902; x_wconf 88' lang='lat' dir='ltr'><strong>per-</strong></span> 
     </span>
     <span class='ocr_line' id='line_1_33' title="bbox 144 1917 1805 1994; baseline -0.002 -17"><span class='ocrx_word' id='word_1_280' title='bbox 144 1922 293 1977; x_wconf 88' lang='lat' dir='ltr'><strong>humanum</strong></span> <span class='ocrx_word' id='word_1_281' title='bbox 308 1919 434 1990; x_wconf 82' lang='lat' dir='ltr'><strong>modum3</strong></span> <span class='ocrx_word' id='word_1_282' title='bbox 450 1921 474 1976; x_wconf 92' lang='lat' dir='ltr'><strong>si</strong></span> <span class='ocrx_word' id='word_1_283' title='bbox 497 1928 589 1976; x_wconf 89' lang='lat' dir='ltr'><strong>tamen</strong></span> <span class='ocrx_word' id='word_1_284' title='bbox 610 1917 739 1994; x_wconf 83' lang='lat' dir='ltr'><strong>cogitatio</strong></span> <span class='ocrx_word' id='word_1_285' title='bbox 763 1917 879 1973; x_wconf 90' lang='lat' dir='ltr'><strong>dicenda</strong></span> <span class='ocrx_word' id='word_1_286' title='bbox 893 1923 944 1984; x_wconf 90' lang='lat' dir='ltr'><strong>est,</strong></span> <span class='ocrx_word' id='word_1_287' title='bbox 1001 1918 1097 1989; x_wconf 86' lang='lat' dir='ltr'><strong>fectus,</strong></span> <span class='ocrx_word' id='word_1_288' title='bbox 1128 1926 1157 1976; x_wconf 88' lang='lat' dir='ltr'><strong>nt</strong></span> <span class='ocrx_word' id='word_1_289' title='bbox 1179 1935 1235 1977; x_wconf 85' lang='lat' dir='ltr'><strong>noa</strong></span> <span class='ocrx_word' id='word_1_290' title='bbox 1262 1921 1346 1994; x_wconf 90' lang='lat' dir='ltr'><strong>possit</strong></span> <span class='ocrx_word' id='word_1_291' title='bbox 1372 1922 1443 1980; x_wconf 81' lang='lat' dir='ltr'><strong>aelle</strong></span> <span class='ocrx_word' id='word_1_292' title='bbox 1470 1920 1523 1977; x_wconf 91' lang='lat' dir='ltr'><strong>nisi</strong></span> <span class='ocrx_word' id='word_1_293' title='bbox 1550 1919 1625 1993; x_wconf 90' lang='lat' dir='ltr'><strong>qnod</strong></span> <span class='ocrx_word' id='word_1_294' title='bbox 1640 1921 1711 1976; x_wconf 84' lang='lat' dir='ltr'><strong>Deus</strong></span> <span class='ocrx_word' id='word_1_295' title='bbox 1734 1919 1805 1975; x_wconf 60' lang='lat' dir='ltr'><strong>vult„</strong></span> 
     </span>
     <span class='ocr_line' id='line_1_34' title="bbox 144 2005 1802 2083; baseline -0.002 -17"><span class='ocrx_word' id='word_1_296' title='bbox 144 2009 191 2066; x_wconf 93' lang='lat' dir='ltr'><strong>ubi</strong></span> <span class='ocrx_word' id='word_1_297' title='bbox 206 2007 241 2063; x_wconf 93' lang='lat' dir='ltr'><strong>nil</strong></span> <span class='ocrx_word' id='word_1_298' title='bbox 260 2007 334 2081; x_wconf 89' lang='lat' dir='ltr'><strong>cogit</strong></span> <span class='ocrx_word' id='word_1_299' title='bbox 344 2023 395 2065; x_wconf 91' lang='lat' dir='ltr'><strong>neo</strong></span> <span class='ocrx_word' id='word_1_300' title='bbox 406 2007 521 2082; x_wconf 90' lang='lat' dir='ltr'><strong>cogitur,</strong></span> <span class='ocrx_word' id='word_1_301' title='bbox 537 2008 586 2064; x_wconf 89' lang='lat' dir='ltr'><strong>sed</strong></span> <span class='ocrx_word' id='word_1_302' title='bbox 600 2005 786 2063; x_wconf 89' lang='lat' dir='ltr'><strong>tantummodo</strong></span> <span class='ocrx_word' id='word_1_303' title='bbox 800 2005 828 2060; x_wconf 94' lang='lat' dir='ltr'><strong>in</strong></span> <span class='ocrx_word' id='word_1_304' title='bbox 845 2020 946 2061; x_wconf 89' lang='lat' dir='ltr'><strong>memo·</strong></span> <span class='ocrx_word' id='word_1_305' title='bbox 1002 2009 1077 2065; x_wconf 86' lang='lat' dir='ltr'><strong>Velle</strong></span> <span class='ocrx_word' id='word_1_306' title='bbox 1095 2016 1186 2065; x_wconf 89' lang='lat' dir='ltr'><strong>autem</strong></span> <span class='ocrx_word' id='word_1_307' title='bbox 1206 2011 1277 2083; x_wconf 91' lang='lat' dir='ltr'><strong>quod</strong></span> <span class='ocrx_word' id='word_1_308' title='bbox 1297 2011 1371 2067; x_wconf 85' lang='lat' dir='ltr'><strong>Deus</strong></span> <span class='ocrx_word' id='word_1_309' title='bbox 1385 2010 1453 2073; x_wconf 88' lang='lat' dir='ltr'><strong>vult,</strong></span> <span class='ocrx_word' id='word_1_310' title='bbox 1480 2012 1531 2065; x_wconf 95' lang='lat' dir='ltr'><strong>hoc</strong></span> <span class='ocrx_word' id='word_1_311' title='bbox 1555 2017 1597 2065; x_wconf 90' lang='grc' dir='ltr'><strong>εει</strong></span> <span class='ocrx_word' id='word_1_312' title='bbox 1614 2009 1671 2080; x_wconf 78' lang='lat' dir='ltr'><strong>iam</strong></span> <span class='ocrx_word' id='word_1_313' title='bbox 1686 2008 1802 2063; x_wconf 82' lang='lat' dir='ltr'><strong>similem</strong></span> 
     </span>
     <span class='ocr_line' id='line_1_35' title="bbox 146 2092 1802 2170; baseline 0.001 -18"><span class='ocrx_word' id='word_1_314' title='bbox 146 2095 214 2152; x_wconf 92' lang='lat' dir='ltr'><strong>riam</strong></span> <span class='ocrx_word' id='word_1_315' title='bbox 229 2094 402 2151; x_wconf 86' lang='lat' dir='ltr'><strong>abundantiae</strong></span> <span class='ocrx_word' id='word_1_316' title='bbox 416 2094 556 2151; x_wconf 78' lang='lat' dir='ltr'><strong>suauitatis</strong></span> <span class='ocrx_word' id='word_1_317' title='bbox 569 2094 620 2150; x_wconf 87' lang='lat' dir='ltr'><strong>Dei</strong></span> <span class='ocrx_word' id='word_1_318' title='bbox 635 2094 793 2165; x_wconf 85' lang='lat' dir='ltr'><strong>exsultatur,</strong></span> <span class='ocrx_word' id='word_1_319' title='bbox 808 2092 946 2162; x_wconf 84' lang='lat' dir='ltr'><strong>jubilatur,</strong></span> <span class='ocrx_word' id='word_1_320' title='bbox 1003 2099 1060 2153; x_wconf 80' lang='lat' dir='ltr'><strong>lieo</strong></span> <span class='ocrx_word' id='word_1_321' title='bbox 1074 2112 1150 2153; x_wconf 89' lang='lat' dir='ltr'><strong>esse:</strong></span> <span class='ocrx_word' id='word_1_322' title='bbox 1162 2113 1218 2152; x_wconf 89' lang='lat' dir='ltr'><strong>non</strong></span> <span class='ocrx_word' id='word_1_323' title='bbox 1238 2113 1320 2170; x_wconf 88' lang='lat' dir='ltr'><strong>posse</strong></span> <span class='ocrx_word' id='word_1_324' title='bbox 1335 2098 1405 2155; x_wconf 83' lang='lat' dir='ltr'><strong>velle</strong></span> <span class='ocrx_word' id='word_1_325' title='bbox 1420 2098 1472 2153; x_wconf 91' lang='lat' dir='ltr'><strong>nisi</strong></span> <span class='ocrx_word' id='word_1_326' title='bbox 1486 2098 1559 2170; x_wconf 91' lang='lat' dir='ltr'><strong>quod</strong></span> <span class='ocrx_word' id='word_1_327' title='bbox 1575 2098 1650 2154; x_wconf 85' lang='lat' dir='ltr'><strong>Deus</strong></span> <span class='ocrx_word' id='word_1_328' title='bbox 1663 2096 1730 2163; x_wconf 74' lang='lat' dir='ltr'><strong>cult,</strong></span> <span class='ocrx_word' id='word_1_329' title='bbox 1749 2097 1802 2154; x_wconf 93' lang='lat' dir='ltr'><strong>hoc</strong></span> 
     </span>
     <span class='ocr_line' id='line_1_36' title="bbox 148 2179 1801 2257; baseline 0.001 -17"><span class='ocrx_word' id='word_1_330' title='bbox 148 2192 176 2240; x_wconf 89' lang='lat' dir='ltr'><strong>et</strong></span> <span class='ocrx_word' id='word_1_331' title='bbox 191 2199 256 2241; x_wconf 80' lang='lat' dir='ltr'><strong>rere</strong></span> <span class='ocrx_word' id='word_1_332' title='bbox 267 2183 383 2240; x_wconf 90' lang='lat' dir='ltr'><strong>sentitur</strong></span> <span class='ocrx_word' id='word_1_333' title='bbox 392 2183 427 2239; x_wconf 89' lang='lat' dir='ltr'><strong>de</strong></span> <span class='ocrx_word' id='word_1_334' title='bbox 442 2198 476 2240; x_wconf 90' lang='lat' dir='ltr'><strong>co</strong></span> <span class='ocrx_word' id='word_1_335' title='bbox 491 2183 518 2238; x_wconf 93' lang='lat' dir='ltr'><strong>in</strong></span> <span class='ocrx_word' id='word_1_336' title='bbox 533 2184 665 2252; x_wconf 88' lang='lat' dir='ltr'><strong>bonitate,</strong></span> <span class='ocrx_word' id='word_1_337' title='bbox 679 2183 714 2238; x_wconf 89' lang='lat' dir='ltr'><strong>ab</strong></span> <span class='ocrx_word' id='word_1_338' title='bbox 728 2198 773 2249; x_wconf 89' lang='lat' dir='ltr'><strong>eo,</strong></span> <span class='ocrx_word' id='word_1_339' title='bbox 787 2182 834 2255; x_wconf 86' lang='lat' dir='ltr'><strong>qui</strong></span> <span class='ocrx_word' id='word_1_340' title='bbox 848 2182 876 2236; x_wconf 90' lang='lat' dir='ltr'><strong>in</strong></span> <span class='ocrx_word' id='word_1_341' title='bbox 886 2179 948 2236; x_wconf 92' lang='lat' dir='ltr'><strong>sim·</strong></span> <span class='ocrx_word' id='word_1_342' title='bbox 1002 2192 1044 2241; x_wconf 91' lang='lat' dir='ltr'><strong>est</strong></span> <span class='ocrx_word' id='word_1_343' title='bbox 1057 2186 1114 2256; x_wconf 79' lang='lat' dir='ltr'><strong>jam</strong></span> <span class='ocrx_word' id='word_1_344' title='bbox 1128 2200 1190 2242; x_wconf 88' lang='lat' dir='ltr'><strong>esse</strong></span> <span class='ocrx_word' id='word_1_345' title='bbox 1204 2186 1277 2257; x_wconf 92' lang='lat' dir='ltr'><strong>quod</strong></span> <span class='ocrx_word' id='word_1_346' title='bbox 1301 2188 1376 2242; x_wconf 87' lang='lat' dir='ltr'><strong>Deus</strong></span> <span class='ocrx_word' id='word_1_347' title='bbox 1396 2193 1448 2255; x_wconf 94' lang='grc' dir='ltr'>εει,</span> <span class='ocrx_word' id='word_1_348' title='bbox 1469 2186 1510 2242; x_wconf 91' lang='lat' dir='ltr'><strong>cui</strong></span> <span class='ocrx_word' id='word_1_349' title='bbox 1531 2185 1601 2243; x_wconf 86' lang='lat' dir='ltr'><strong>velle</strong></span> <span class='ocrx_word' id='word_1_350' title='bbox 1619 2192 1648 2240; x_wconf 91' lang='lat' dir='ltr'><strong>et</strong></span> <span class='ocrx_word' id='word_1_351' title='bbox 1671 2200 1743 2251; x_wconf 91' lang='grc' dir='ltr'>εεεε,</span> <span class='ocrx_word' id='word_1_352' title='bbox 1772 2185 1801 2241; x_wconf 90' lang='lat' dir='ltr'><strong>id</strong></span> 
     </span>
     <span class='ocr_line' id='line_1_37' title="bbox 150 2268 1808 2345; baseline 0.001 -18"><span class='ocrx_word' id='word_1_353' title='bbox 150 2272 271 2344; x_wconf 88' lang='lat' dir='ltr'><strong>plicitate</strong></span> <span class='ocrx_word' id='word_1_354' title='bbox 283 2269 371 2330; x_wconf 57' lang='grc' dir='ltr'><strong>ΜΒ</strong></span> <span class='ocrx_word' id='word_1_355' title='bbox 386 2272 477 2329; x_wconf 91' lang='lat' dir='ltr'><strong>cordis</strong></span> <span class='ocrx_word' id='word_1_356' title='bbox 490 2272 614 2345; x_wconf 83' lang='lat' dir='ltr'><strong>quaesivit</strong></span> <span class='ocrx_word' id='word_1_357' title='bbox 627 2272 714 2328; x_wconf 91' lang='lat' dir='ltr'><strong>illum.</strong></span> <span class='ocrx_word' id='word_1_358' title='bbox 729 2270 784 2327; x_wconf 90' lang='lat' dir='ltr'><strong>Sed</strong></span> <span class='ocrx_word' id='word_1_359' title='bbox 799 2271 895 2328; x_wconf 90' lang='lat' dir='ltr'><strong>modus</strong></span> <span class='ocrx_word' id='word_1_360' title='bbox 903 2268 948 2325; x_wconf 90' lang='lat' dir='ltr'><strong>hic</strong></span> <span class='ocrx_word' id='word_1_361' title='bbox 1001 2273 1089 2344; x_wconf 88' lang='lat' dir='ltr'><strong>ipsum</strong></span> <span class='ocrx_word' id='word_1_362' title='bbox 1104 2281 1156 2332; x_wconf 91' lang='lat' dir='ltr'><strong>est.</strong></span> <span class='ocrx_word' id='word_1_363' title='bbox 1172 2273 1251 2331; x_wconf 88' lang='lat' dir='ltr'><strong>Unde</strong></span> <span class='ocrx_word' id='word_1_364' title='bbox 1267 2274 1338 2330; x_wconf 90' lang='lat' dir='ltr'><strong>bene</strong></span> <span class='ocrx_word' id='word_1_365' title='bbox 1349 2273 1459 2340; x_wconf 88' lang='lat' dir='ltr'><strong>dicitur,</strong></span> <span class='ocrx_word' id='word_1_366' title='bbox 1470 2273 1543 2345; x_wconf 93' lang='lat' dir='ltr'><strong>quod</strong></span> <span class='ocrx_word' id='word_1_367' title='bbox 1555 2277 1619 2330; x_wconf 91' lang='lat' dir='ltr'><strong>tunc</strong></span> <span class='ocrx_word' id='word_1_368' title='bbox 1633 2271 1716 2345; x_wconf 91' lang='lat' dir='ltr'><strong>plene</strong></span> <span class='ocrx_word' id='word_1_369' title='bbox 1730 2273 1808 2336; x_wconf 69' lang='lat' dir='ltr'><strong>uide»,</strong></span> 
     </span>
     <span class='ocr_line' id='line_1_38' title="bbox 149 2349 1800 2434; baseline 0.001 -19"><span class='ocrx_word' id='word_1_370' title='bbox 149 2361 286 2434; x_wconf 87' lang='lat' dir='ltr'><strong>cogitandi</strong></span> <span class='ocrx_word' id='word_1_371' title='bbox 305 2363 340 2417; x_wconf 91' lang='lat' dir='ltr'><strong>de</strong></span> <span class='ocrx_word' id='word_1_372' title='bbox 355 2363 412 2418; x_wconf 87' lang='lat' dir='ltr'><strong>Deo</strong></span> <span class='ocrx_word' id='word_1_373' title='bbox 428 2371 538 2418; x_wconf 88' lang='lat' dir='ltr'><strong>nonest</strong></span> <span class='ocrx_word' id='word_1_374' title='bbox 554 2361 582 2417; x_wconf 94' lang='lat' dir='ltr'><strong>in</strong></span> <span class='ocrx_word' id='word_1_375' title='bbox 601 2360 714 2417; x_wconf 86' lang='lat' dir='ltr'><strong>arbitrio</strong></span> <span class='ocrx_word' id='word_1_376' title='bbox 727 2360 881 2434; x_wconf 88' lang='lat' dir='ltr'><strong>cogitantis,</strong></span> <span class='ocrx_word' id='word_1_377' title='bbox 896 2358 946 2414; x_wconf 89' lang='lat' dir='ltr'><strong>sed</strong></span> <span class='ocrx_word' id='word_1_378' title='bbox 1001 2361 1167 2420; x_wconf 84' lang='lat' dir='ltr'><strong>bimuscum</strong></span> <span class='ocrx_word' id='word_1_379' title='bbox 1176 2363 1325 2431; x_wconf 67' lang='lat' dir='ltr'><strong>mentiost,</strong></span> <span class='ocrx_word' id='word_1_380' title='bbox 1340 2379 1404 2419; x_wconf 88' lang='lat' dir='ltr'><strong>cum</strong></span> <span class='ocrx_word' id='word_1_381' title='bbox 1411 2349 1519 2420; x_wconf 73' lang='lat' dir='ltr'><strong>similes</strong></span> <span class='ocrx_word' id='word_1_382' title='bbox 1532 2361 1560 2417; x_wconf 82' lang='lat' dir='ltr'><strong>ei</strong></span> <span class='ocrx_word' id='word_1_383' title='bbox 1570 2360 1710 2433; x_wconf 81' lang='lat' dir='ltr'><strong>erimus(l</strong></span> <span class='ocrx_word' id='word_1_384' title='bbox 1718 2363 1800 2420; x_wconf 78' lang='lat' dir='ltr'><strong>loco.</strong></span> 
     </span>
     <span class='ocr_line' id='line_1_39' title="bbox 148 2448 1801 2525; baseline 0.001 -21"><span class='ocrx_word' id='word_1_385' title='bbox 148 2449 178 2505; x_wconf 94' lang='lat' dir='ltr'><strong>in</strong></span> <span class='ocrx_word' id='word_1_386' title='bbox 205 2450 291 2525; x_wconf 88' lang='lat' dir='ltr'><strong>gratia</strong></span> <span class='ocrx_word' id='word_1_387' title='bbox 314 2450 454 2507; x_wconf 90' lang='lat' dir='ltr'><strong>donantis:</strong></span> <span class='ocrx_word' id='word_1_388' title='bbox 479 2449 582 2507; x_wconf 87' lang='lat' dir='ltr'><strong>scilicet</strong></span> <span class='ocrx_word' id='word_1_389' title='bbox 599 2466 660 2505; x_wconf 90' lang='lat' dir='ltr'><strong>cum</strong></span> <span class='ocrx_word' id='word_1_390' title='bbox 689 2448 804 2520; x_wconf 88' lang='lat' dir='ltr'><strong>Spiritus</strong></span> <span class='ocrx_word' id='word_1_391' title='bbox 826 2454 944 2514; x_wconf 86' lang='lat' dir='ltr'><strong>sanctus,</strong></span> <span class='ocrx_word' id='word_1_392' title='bbox 1002 2466 1042 2518; x_wconf 90' lang='lat' dir='ltr'><strong>m,</strong></span> <span class='ocrx_word' id='word_1_393' title='bbox 1058 2451 1100 2523; x_wconf 62' lang='grc' dir='ltr'><strong>εις</strong></span> <span class='ocrx_word' id='word_1_394' title='bbox 1117 2454 1168 2509; x_wconf 92' lang='lat' dir='ltr'><strong>hoc</strong></span> <span class='ocrx_word' id='word_1_395' title='bbox 1182 2459 1233 2521; x_wconf 92' lang='grc' dir='ltr'>εει,</span> <span class='ocrx_word' id='word_1_396' title='bbox 1253 2452 1356 2508; x_wconf 87' lang='lat' dir='ltr'><strong>erimus</strong></span> <span class='ocrx_word' id='word_1_397' title='bbox 1367 2451 1438 2523; x_wconf 87' lang='lat' dir='ltr'><strong>quod</strong></span> <span class='ocrx_word' id='word_1_398' title='bbox 1454 2451 1513 2522; x_wconf 89' lang='lat' dir='ltr'><strong>ipse</strong></span> <span class='ocrx_word' id='word_1_399' title='bbox 1533 2460 1584 2506; x_wconf 89' lang='lat' dir='ltr'><strong>est.</strong></span> <span class='ocrx_word' id='word_1_400' title='bbox 1605 2448 1709 2518; x_wconf 83' lang='lat' dir='ltr'><strong>Quibus</strong></span> <span class='ocrx_word' id='word_1_401' title='bbox 1728 2451 1801 2506; x_wconf 89' lang='lat' dir='ltr'><strong>enim</strong></span> 
     </span>
     <span class='ocr_line' id='line_1_40' title="bbox 145 2537 1800 2612; baseline -0.001 -17"><span class='ocrx_word' id='word_1_402' title='bbox 145 2539 192 2611; x_wconf 91' lang='lat' dir='ltr'><strong>qui</strong></span> <span class='ocrx_word' id='word_1_403' title='bbox 207 2539 252 2596; x_wconf 92' lang='lat' dir='ltr'><strong>ubi</strong></span> <span class='ocrx_word' id='word_1_404' title='bbox 266 2539 324 2596; x_wconf 79' lang='lat' dir='ltr'><strong>uult</strong></span> <span class='ocrx_word' id='word_1_405' title='bbox 341 2539 439 2611; x_wconf 86' lang='lat' dir='ltr'><strong>spirat,</strong></span> <span class='ocrx_word' id='word_1_406' title='bbox 454 2541 564 2612; x_wconf 87' lang='lat' dir='ltr'><strong>quando</strong></span> <span class='ocrx_word' id='word_1_407' title='bbox 584 2538 651 2604; x_wconf 87' lang='lat' dir='ltr'><strong>vult,</strong></span> <span class='ocrx_word' id='word_1_408' title='bbox 666 2548 695 2594; x_wconf 90' lang='lat' dir='ltr'><strong>ct</strong></span> <span class='ocrx_word' id='word_1_409' title='bbox 718 2537 855 2610; x_wconf 91' lang='lat' dir='ltr'><strong>quomodo</strong></span> <span class='ocrx_word' id='word_1_410' title='bbox 878 2537 945 2598; x_wconf 88' lang='lat' dir='ltr'><strong>vult,</strong></span> <span class='ocrx_word' id='word_1_411' title='bbox 1002 2546 1123 2610; x_wconf 88' lang='lat' dir='ltr'><strong>potestas</strong></span> <span class='ocrx_word' id='word_1_412' title='bbox 1140 2540 1204 2595; x_wconf 87' lang='lat' dir='ltr'><strong>data</strong></span> <span class='ocrx_word' id='word_1_413' title='bbox 1218 2547 1261 2596; x_wconf 90' lang='grc' dir='ltr'><strong>εει</strong></span> <span class='ocrx_word' id='word_1_414' title='bbox 1275 2538 1346 2596; x_wconf 89' lang='lat' dir='ltr'><strong>lilios</strong></span> <span class='ocrx_word' id='word_1_415' title='bbox 1368 2539 1418 2595; x_wconf 87' lang='lat' dir='ltr'><strong>Dei</strong></span> <span class='ocrx_word' id='word_1_416' title='bbox 1438 2539 1508 2610; x_wconf 90' lang='lat' dir='ltr'><strong>lieri,</strong></span> <span class='ocrx_word' id='word_1_417' title='bbox 1534 2539 1597 2594; x_wconf 90' lang='lat' dir='ltr'><strong>data</strong></span> <span class='ocrx_word' id='word_1_418' title='bbox 1612 2546 1654 2594; x_wconf 89' lang='lat' dir='ltr'><strong>est</strong></span> <span class='ocrx_word' id='word_1_419' title='bbox 1668 2546 1800 2609; x_wconf 86' lang='lat' dir='ltr'><strong>potestas,</strong></span> 
     </span>
     <span class='ocr_line' id='line_1_41' title="bbox 145 2626 1801 2701; baseline 0 -18"><span class='ocrx_word' id='word_1_420' title='bbox 145 2637 174 2684; x_wconf 92' lang='grc' dir='ltr'><strong>ει</strong></span> <span class='ocrx_word' id='word_1_421' title='bbox 190 2627 287 2700; x_wconf 87' lang='lat' dir='ltr'><strong>quibus</strong></span> <span class='ocrx_word' id='word_1_422' title='bbox 305 2627 371 2694; x_wconf 84' lang='lat' dir='ltr'><strong>vult,</strong></span> <span class='ocrx_word' id='word_1_423' title='bbox 397 2627 425 2683; x_wconf 91' lang='lat' dir='ltr'><strong>in</strong></span> <span class='ocrx_word' id='word_1_424' title='bbox 440 2628 491 2686; x_wconf 91' lang='lat' dir='ltr'><strong>hoc</strong></span> <span class='ocrx_word' id='word_1_425' title='bbox 505 2628 616 2701; x_wconf 86' lang='lat' dir='ltr'><strong>aspirat.</strong></span> <span class='ocrx_word' id='word_1_426' title='bbox 634 2627 689 2684; x_wconf 92' lang='lat' dir='ltr'><strong>Sed</strong></span> <span class='ocrx_word' id='word_1_427' title='bbox 708 2626 827 2683; x_wconf 87' lang='lat' dir='ltr'><strong>hominis</strong></span> <span class='ocrx_word' id='word_1_428' title='bbox 841 2633 884 2682; x_wconf 91' lang='lat' dir='ltr'><strong>cst</strong></span> <span class='ocrx_word' id='word_1_429' title='bbox 899 2626 944 2696; x_wconf 87' lang='lat' dir='ltr'><strong>jn·</strong></span> <span class='ocrx_word' id='word_1_430' title='bbox 1001 2642 1057 2684; x_wconf 90' lang='lat' dir='ltr'><strong>non</strong></span> <span class='ocrx_word' id='word_1_431' title='bbox 1068 2628 1177 2701; x_wconf 87' lang='lat' dir='ltr'><strong>quidem</strong></span> <span class='ocrx_word' id='word_1_432' title='bbox 1191 2637 1221 2685; x_wconf 90' lang='lat' dir='ltr'><strong>ut</strong></span> <span class='ocrx_word' id='word_1_433' title='bbox 1234 2629 1288 2684; x_wconf 86' lang='lat' dir='ltr'><strong>sint</strong></span> <span class='ocrx_word' id='word_1_434' title='bbox 1302 2630 1386 2692; x_wconf 83' lang='lat' dir='ltr'><strong>Deus,</strong></span> <span class='ocrx_word' id='word_1_435' title='bbox 1402 2627 1451 2684; x_wconf 90' lang='lat' dir='ltr'><strong>sed</strong></span> <span class='ocrx_word' id='word_1_436' title='bbox 1465 2629 1521 2684; x_wconf 88' lang='lat' dir='ltr'><strong>sint</strong></span> <span class='ocrx_word' id='word_1_437' title='bbox 1531 2635 1622 2683; x_wconf 87' lang='lat' dir='ltr'><strong>tamen</strong></span> <span class='ocrx_word' id='word_1_438' title='bbox 1637 2626 1708 2699; x_wconf 91' lang='lat' dir='ltr'><strong>quod</strong></span> <span class='ocrx_word' id='word_1_439' title='bbox 1725 2626 1801 2683; x_wconf 86' lang='lat' dir='ltr'><strong>Deus</strong></span> 
     </span>
     <span class='ocr_line' id='line_1_42' title="bbox 145 2714 1788 2790; baseline -0.002 -18"><span class='ocrx_word' id='word_1_440' title='bbox 145 2717 217 2790; x_wconf 91' lang='lat' dir='ltr'><strong>giter</strong></span> <span class='ocrx_word' id='word_1_441' title='bbox 234 2732 389 2788; x_wconf 85' lang='lat' dir='ltr'><strong>praepararc</strong></span> <span class='ocrx_word' id='word_1_442' title='bbox 416 2732 473 2788; x_wconf 91' lang='lat' dir='ltr'><strong>cor,</strong></span> <span class='ocrx_word' id='word_1_443' title='bbox 490 2718 655 2773; x_wconf 86' lang='lat' dir='ltr'><strong>voluntatem</strong></span> <span class='ocrx_word' id='word_1_444' title='bbox 671 2715 843 2786; x_wconf 87' lang='lat' dir='ltr'><strong>expediendo</strong></span> <span class='ocrx_word' id='word_1_445' title='bbox 857 2716 891 2769; x_wconf 90' lang='lat' dir='ltr'><strong>ab</strong></span> <span class='ocrx_word' id='word_1_446' title='bbox 906 2716 946 2770; x_wconf 91' lang='lat' dir='ltr'><strong>af·</strong></span> <span class='ocrx_word' id='word_1_447' title='bbox 1002 2725 1055 2781; x_wconf 89' lang='lat' dir='ltr'><strong>est,</strong></span> <span class='ocrx_word' id='word_1_448' title='bbox 1065 2716 1120 2772; x_wconf 91' lang='lat' dir='ltr'><strong>sint</strong></span> <span class='ocrx_word' id='word_1_449' title='bbox 1144 2715 1241 2785; x_wconf 89' lang='lat' dir='ltr'><strong>sancti,</strong></span> <span class='ocrx_word' id='word_1_450' title='bbox 1263 2716 1345 2771; x_wconf 87' lang='lat' dir='ltr'><strong>futuri</strong></span> <span class='ocrx_word' id='word_1_451' title='bbox 1360 2716 1442 2785; x_wconf 90' lang='lat' dir='ltr'><strong>plene</strong></span> <span class='ocrx_word' id='word_1_452' title='bbox 1470 2716 1554 2782; x_wconf 88' lang='lat' dir='ltr'><strong>beati,</strong></span> <span class='ocrx_word' id='word_1_453' title='bbox 1569 2714 1642 2786; x_wconf 88' lang='lat' dir='ltr'><strong>quod</strong></span> <span class='ocrx_word' id='word_1_454' title='bbox 1658 2714 1732 2770; x_wconf 86' lang='lat' dir='ltr'><strong>Deus</strong></span> <span class='ocrx_word' id='word_1_455' title='bbox 1745 2722 1788 2769; x_wconf 89' lang='lat' dir='ltr'><strong>est</strong></span> 
     </span>
     <span class='ocr_line' id='line_1_43' title="bbox 147 2802 1801 2874; baseline -0.002 -14"><span class='ocrx_word' id='word_1_456' title='bbox 147 2804 309 2861; x_wconf 75' lang='lat' dir='ltr'><strong>lectionibus</strong></span> <span class='ocrx_word' id='word_1_457' title='bbox 326 2802 432 2870; x_wconf 80' lang='lat' dir='ltr'><strong>aliems,</strong></span> <span class='ocrx_word' id='word_1_458' title='bbox 453 2804 586 2861; x_wconf 89' lang='lat' dir='ltr'><strong>rationem</strong></span> <span class='ocrx_word' id='word_1_459' title='bbox 605 2804 647 2859; x_wconf 88' lang='lat' dir='ltr'><strong>vel</strong></span> <span class='ocrx_word' id='word_1_460' title='bbox 663 2802 829 2859; x_wconf 90' lang='lat' dir='ltr'><strong>intellectum</strong></span> <span class='ocrx_word' id='word_1_461' title='bbox 843 2820 859 2858; x_wconf 93' lang='lat' dir='ltr'><strong>a</strong></span> <span class='ocrx_word' id='word_1_462' title='bbox 875 2802 946 2859; x_wconf 91' lang='lat' dir='ltr'><strong>solli-</strong></span> <span class='ocrx_word' id='word_1_463' title='bbox 1000 2805 1057 2861; x_wconf 89' lang='lat' dir='ltr'><strong>Nec</strong></span> <span class='ocrx_word' id='word_1_464' title='bbox 1072 2805 1180 2860; x_wconf 89' lang='lat' dir='ltr'><strong>aliunde</strong></span> <span class='ocrx_word' id='word_1_465' title='bbox 1197 2804 1239 2861; x_wconf 94' lang='lat' dir='ltr'><strong>hic</strong></span> <span class='ocrx_word' id='word_1_466' title='bbox 1253 2804 1349 2871; x_wconf 73' lang='lat' dir='ltr'><strong>macti,</strong></span> <span class='ocrx_word' id='word_1_467' title='bbox 1366 2819 1419 2860; x_wconf 88' lang='lat' dir='ltr'><strong>nec</strong></span> <span class='ocrx_word' id='word_1_468' title='bbox 1443 2804 1480 2859; x_wconf 90' lang='lat' dir='ltr'><strong>ibi</strong></span> <span class='ocrx_word' id='word_1_469' title='bbox 1504 2802 1588 2859; x_wconf 89' lang='lat' dir='ltr'><strong>futuri</strong></span> <span class='ocrx_word' id='word_1_470' title='bbox 1614 2803 1698 2873; x_wconf 89' lang='lat' dir='ltr'><strong>beati,</strong></span> <span class='ocrx_word' id='word_1_471' title='bbox 1719 2817 1801 2874; x_wconf 82' lang='lat' dir='ltr'><strong>quam</strong></span> 
     </span>
     <span class='ocr_line' id='line_1_44' title="bbox 146 2891 1737 2966; baseline -0.001 -18"><span class='ocrx_word' id='word_1_472' title='bbox 146 2891 319 2964; x_wconf 88' lang='lat' dir='ltr'><strong>citudinibus,</strong></span> <span class='ocrx_word' id='word_1_473' title='bbox 330 2893 489 2950; x_wconf 87' lang='lat' dir='ltr'><strong>memoriam</strong></span> <span class='ocrx_word' id='word_1_474' title='bbox 503 2893 538 2947; x_wconf 90' lang='lat' dir='ltr'><strong>ab</strong></span> <span class='ocrx_word' id='word_1_475' title='bbox 552 2892 645 2949; x_wconf 86' lang='lat' dir='ltr'><strong>otiosis</strong></span> <span class='ocrx_word' id='word_1_476' title='bbox 660 2900 689 2948; x_wconf 91' lang='grc' dir='ltr'><strong>ει</strong></span> <span class='ocrx_word' id='word_1_477' title='bbox 702 2891 862 2963; x_wconf 74' lang='lat' dir='ltr'><strong>negotiosis,</strong></span> <span class='ocrx_word' id='word_1_478' title='bbox 879 2906 946 2948; x_wconf 92' lang='lat' dir='ltr'><strong>non·</strong></span> <span class='ocrx_word' id='word_1_479' title='bbox 1000 2910 1034 2950; x_wconf 86' lang='lat' dir='ltr'><strong>ex</strong></span> <span class='ocrx_word' id='word_1_480' title='bbox 1048 2894 1116 2959; x_wconf 85' lang='lat' dir='ltr'><strong>Deo,</strong></span> <span class='ocrx_word' id='word_1_481' title='bbox 1136 2893 1183 2966; x_wconf 87' lang='lat' dir='ltr'><strong>qui</strong></span> <span class='ocrx_word' id='word_1_482' title='bbox 1196 2909 1292 2950; x_wconf 90' lang='lat' dir='ltr'><strong>corum</strong></span> <span class='ocrx_word' id='word_1_483' title='bbox 1305 2902 1333 2949; x_wconf 92' lang='grc' dir='ltr'><strong>ει</strong></span> <span class='ocrx_word' id='word_1_484' title='bbox 1346 2893 1476 2949; x_wconf 89' lang='lat' dir='ltr'><strong>sanctitas</strong></span> <span class='ocrx_word' id='word_1_485' title='bbox 1490 2901 1517 2948; x_wconf 92' lang='lat' dir='ltr'><strong>et</strong></span> <span class='ocrx_word' id='word_1_486' title='bbox 1532 2891 1672 2948; x_wconf 87' lang='lat' dir='ltr'><strong>beatitudo</strong></span> <span class='ocrx_word' id='word_1_487' title='bbox 1685 2899 1737 2947; x_wconf 83' lang='lat' dir='ltr'><strong>est.</strong></span> 
     </span>
     <span class='ocr_line' id='line_1_45' title="bbox 145 2949 1799 3053; baseline -0.001 -17"><span class='ocrx_word' id='word_1_488' title='bbox 145 2997 293 3053; x_wconf 88' lang='lat' dir='ltr'><strong>unmquam</strong></span> <span class='ocrx_word' id='word_1_489' title='bbox 309 2990 337 3037; x_wconf 94' lang='lat' dir='ltr'><strong>et</strong></span> <span class='ocrx_word' id='word_1_490' title='bbox 350 2997 366 3038; x_wconf 90' lang='lat' dir='ltr'><strong>a</strong></span> <span class='ocrx_word' id='word_1_491' title='bbox 380 2981 544 3038; x_wconf 88' lang='lat' dir='ltr'><strong>necessariis</strong></span> <span class='ocrx_word' id='word_1_492' title='bbox 555 2981 794 3053; x_wconf 78' lang='lat' dir='ltr'><strong>occupationibus3</strong></span> <span class='ocrx_word' id='word_1_493' title='bbox 810 2989 840 3036; x_wconf 90' lang='lat' dir='ltr'><strong>ut</strong></span> <span class='ocrx_word' id='word_1_494' title='bbox 857 2980 884 3036; x_wconf 93' lang='lat' dir='ltr'><strong>in</strong></span> <span class='ocrx_word' id='word_1_495' title='bbox 901 2981 945 3038; x_wconf 90' lang='lat' dir='ltr'><strong>dic</strong></span> <span class='ocrx_word' id='word_1_496' title='bbox 961 2949 984 3028; x_wconf 67' lang='lat' dir='ltr'><strong>c</strong></span> <span class='ocrx_word' id='word_1_497' title='bbox 1037 2985 1080 3039; x_wconf 80' lang='lat' dir='ltr'><strong>lb.</strong></span> <span class='ocrx_word' id='word_1_498' title='bbox 1102 2984 1138 3039; x_wconf 82' lang='lat' dir='ltr'><strong>Et</strong></span> <span class='ocrx_word' id='word_1_499' title='bbox 1154 2983 1212 3038; x_wconf 84' lang='lat' dir='ltr'><strong>haec</strong></span> <span class='ocrx_word' id='word_1_500' title='bbox 1231 2981 1350 3038; x_wconf 89' lang='lat' dir='ltr'><strong>hominis</strong></span> <span class='ocrx_word' id='word_1_501' title='bbox 1362 2988 1406 3037; x_wconf 92' lang='grc' dir='ltr'><strong>εει</strong></span> <span class='ocrx_word' id='word_1_502' title='bbox 1421 2979 1563 3053; x_wconf 86' lang='lat' dir='ltr'><strong>perfectio,</strong></span> <span class='ocrx_word' id='word_1_503' title='bbox 1579 2979 1725 3036; x_wconf 88' lang='lat' dir='ltr'><strong>similitudo</strong></span> <span class='ocrx_word' id='word_1_504' title='bbox 1739 2980 1799 3037; x_wconf 82' lang='lat' dir='ltr'><strong>bei.</strong></span> 
     </span>
     <span class='ocr_line' id='line_1_46' title="bbox 146 3067 1800 3142; baseline 0.001 -18"><span class='ocrx_word' id='word_1_505' title='bbox 146 3069 218 3125; x_wconf 91' lang='lat' dir='ltr'><strong>bona</strong></span> <span class='ocrx_word' id='word_1_506' title='bbox 232 3070 351 3142; x_wconf 86' lang='lat' dir='ltr'><strong>Domini,</strong></span> <span class='ocrx_word' id='word_1_507' title='bbox 367 3078 396 3127; x_wconf 93' lang='lat' dir='ltr'><strong>et</strong></span> <span class='ocrx_word' id='word_1_508' title='bbox 414 3070 442 3124; x_wconf 96' lang='lat' dir='ltr'><strong>in</strong></span> <span class='ocrx_word' id='word_1_509' title='bbox 457 3071 525 3126; x_wconf 89' lang='lat' dir='ltr'><strong>hora</strong></span> <span class='ocrx_word' id='word_1_510' title='bbox 548 3070 711 3142; x_wconf 88' lang='lat' dir='ltr'><strong>beneplaciti</strong></span> <span class='ocrx_word' id='word_1_511' title='bbox 725 3070 795 3139; x_wconf 85' lang='lat' dir='ltr'><strong>ejus,</strong></span> <span class='ocrx_word' id='word_1_512' title='bbox 811 3085 872 3125; x_wconf 90' lang='lat' dir='ltr'><strong>cum</strong></span> <span class='ocrx_word' id='word_1_513' title='bbox 895 3085 945 3126; x_wconf 93' lang='lat' dir='ltr'><strong>au·</strong></span> <span class='ocrx_word' id='word_1_514' title='bbox 1000 3072 1155 3128; x_wconf 85' lang='lat' dir='ltr'><strong>Perfectum</strong></span> <span class='ocrx_word' id='word_1_515' title='bbox 1169 3078 1260 3127; x_wconf 87' lang='lat' dir='ltr'><strong>autem</strong></span> <span class='ocrx_word' id='word_1_516' title='bbox 1276 3069 1348 3127; x_wconf 87' lang='lat' dir='ltr'><strong>nolle</strong></span> <span class='ocrx_word' id='word_1_517' title='bbox 1362 3085 1436 3137; x_wconf 83' lang='lat' dir='ltr'><strong>esse,</strong></span> <span class='ocrx_word' id='word_1_518' title='bbox 1452 3068 1613 3142; x_wconf 89' lang='lat' dir='ltr'><strong>delinquere</strong></span> <span class='ocrx_word' id='word_1_519' title='bbox 1624 3076 1676 3124; x_wconf 89' lang='grc' dir='ltr'>εει.</span> <span class='ocrx_word' id='word_1_520' title='bbox 1691 3067 1723 3124; x_wconf 80' lang='lat' dir='ltr'><strong>Et</strong></span> <span class='ocrx_word' id='word_1_521' title='bbox 1735 3067 1800 3125; x_wconf 89' lang='lat' dir='ltr'><strong>ideo</strong></span> 
     </span>
     <span class='ocr_line' id='line_1_47' title="bbox 146 3155 1799 3233; baseline -0.001 -21"><span class='ocrx_word' id='word_1_522' title='bbox 146 3156 228 3214; x_wconf 88' lang='lat' dir='ltr'><strong>dierit</strong></span> <span class='ocrx_word' id='word_1_523' title='bbox 242 3173 336 3215; x_wconf 84' lang='lat' dir='ltr'><strong>vocem</strong></span> <span class='ocrx_word' id='word_1_524' title='bbox 351 3157 462 3233; x_wconf 88' lang='lat' dir='ltr'><strong>spiritus</strong></span> <span class='ocrx_word' id='word_1_525' title='bbox 477 3159 614 3232; x_wconf 86' lang='lat' dir='ltr'><strong>spirantis,</strong></span> <span class='ocrx_word' id='word_1_526' title='bbox 632 3175 664 3215; x_wconf 91' lang='lat' dir='ltr'><strong>ea</strong></span> <span class='ocrx_word' id='word_1_527' title='bbox 678 3175 739 3230; x_wconf 82' lang='lat' dir='ltr'><strong>quaa</strong></span> <span class='ocrx_word' id='word_1_528' title='bbox 753 3158 945 3231; x_wconf 74' lang='lat' dir='ltr'><strong>cogitationem</strong></span> <span class='ocrx_word' id='word_1_529' title='bbox 1000 3159 1062 3216; x_wconf 93' lang='lat' dir='ltr'><strong>huic</strong></span> <span class='ocrx_word' id='word_1_530' title='bbox 1091 3158 1255 3232; x_wconf 88' lang='lat' dir='ltr'><strong>perfectioni</strong></span> <span class='ocrx_word' id='word_1_531' title='bbox 1282 3158 1429 3215; x_wconf 89' lang='lat' dir='ltr'><strong>nutrienda</strong></span> <span class='ocrx_word' id='word_1_532' title='bbox 1457 3165 1501 3215; x_wconf 90' lang='grc' dir='ltr'><strong>εει</strong></span> <span class='ocrx_word' id='word_1_533' title='bbox 1527 3171 1637 3227; x_wconf 88' lang='lat' dir='ltr'><strong>semper</strong></span> <span class='ocrx_word' id='word_1_534' title='bbox 1663 3155 1799 3223; x_wconf 86' lang='lat' dir='ltr'><strong>voluntas,</strong></span> 
     </span>
     <span class='ocr_line' id='line_1_48' title="bbox 147 3245 1800 3322; baseline 0 -20"><span class='ocrx_word' id='word_1_535' title='bbox 147 3245 259 3314; x_wconf 88' lang='lat' dir='ltr'><strong>faciunt,</strong></span> <span class='ocrx_word' id='word_1_536' title='bbox 275 3248 404 3304; x_wconf 92' lang='lat' dir='ltr'><strong>continuo</strong></span> <span class='ocrx_word' id='word_1_537' title='bbox 423 3247 509 3303; x_wconf 90' lang='lat' dir='ltr'><strong>libero</strong></span> <span class='ocrx_word' id='word_1_538' title='bbox 529 3255 691 3305; x_wconf 85' lang='lat' dir='ltr'><strong>concurrant</strong></span> <span class='ocrx_word' id='word_1_539' title='bbox 715 3247 775 3314; x_wconf 88' lang='lat' dir='ltr'><strong>sibi,</strong></span> <span class='ocrx_word' id='word_1_540' title='bbox 803 3254 831 3303; x_wconf 90' lang='lat' dir='ltr'><strong>et</strong></span> <span class='ocrx_word' id='word_1_541' title='bbox 849 3261 948 3318; x_wconf 92' lang='lat' dir='ltr'><strong>coope·</strong></span> <span class='ocrx_word' id='word_1_542' title='bbox 1000 3264 1077 3306; x_wconf 91' lang='lat' dir='ltr'><strong>amor</strong></span> <span class='ocrx_word' id='word_1_543' title='bbox 1104 3250 1311 3322; x_wconf 70' lang='lat' dir='ltr'><strong>preparandus,</strong></span> <span class='ocrx_word' id='word_1_544' title='bbox 1350 3247 1476 3305; x_wconf 88' lang='lat' dir='ltr'><strong>voluntas</strong></span> <span class='ocrx_word' id='word_1_545' title='bbox 1508 3245 1671 3312; x_wconf 88' lang='lat' dir='ltr'><strong>cohibenda,</strong></span> <span class='ocrx_word' id='word_1_546' title='bbox 1707 3261 1743 3301; x_wconf 93' lang='lat' dir='ltr'><strong>ne</strong></span> <span class='ocrx_word' id='word_1_547' title='bbox 1771 3246 1800 3302; x_wconf 92' lang='lat' dir='ltr'><strong>in</strong></span> 
     </span>
     <span class='ocr_line' id='line_1_49' title="bbox 147 3334 1798 3409; baseline -0.001 -18"><span class='ocrx_word' id='word_1_548' title='bbox 147 3341 242 3392; x_wconf 89' lang='lat' dir='ltr'><strong>rentur</strong></span> <span class='ocrx_word' id='word_1_549' title='bbox 261 3335 289 3392; x_wconf 93' lang='lat' dir='ltr'><strong>in</strong></span> <span class='ocrx_word' id='word_1_550' title='bbox 313 3337 424 3403; x_wconf 91' lang='lat' dir='ltr'><strong>bonum,</strong></span> <span class='ocrx_word' id='word_1_551' title='bbox 451 3345 480 3393; x_wconf 89' lang='grc' dir='ltr'><strong>ει</strong></span> <span class='ocrx_word' id='word_1_552' title='bbox 502 3336 580 3409; x_wconf 87' lang='lat' dir='ltr'><strong>quasi</strong></span> <span class='ocrx_word' id='word_1_553' title='bbox 606 3335 759 3408; x_wconf 79' lang='lat' dir='ltr'><strong>symbolum</strong></span> <span class='ocrx_word' id='word_1_554' title='bbox 791 3335 891 3392; x_wconf 87' lang='lat' dir='ltr'><strong>faciant</strong></span> <span class='ocrx_word' id='word_1_555' title='bbox 918 3335 945 3391; x_wconf 94' lang='lat' dir='ltr'><strong>in</strong></span> <span class='ocrx_word' id='word_1_556' title='bbox 1000 3339 1089 3395; x_wconf 88' lang='lat' dir='ltr'><strong>aliena</strong></span> <span class='ocrx_word' id='word_1_557' title='bbox 1108 3338 1268 3409; x_wconf 68' lang='lat' dir='ltr'><strong>dissipatum</strong></span> <span class='ocrx_word' id='word_1_558' title='bbox 1293 3353 1370 3394; x_wconf 91' lang='lat' dir='ltr'><strong>amor</strong></span> <span class='ocrx_word' id='word_1_559' title='bbox 1389 3338 1553 3401; x_wconf 85' lang='lat' dir='ltr'><strong>servandus,</strong></span> <span class='ocrx_word' id='word_1_560' title='bbox 1578 3334 1798 3406; x_wconf 82' lang='lat' dir='ltr'><strong>coinquinetur.</strong></span> 
     </span>
     <span class='ocr_line' id='line_1_50' title="bbox 146 3422 1800 3499; baseline -0.001 -20"><span class='ocrx_word' id='word_1_561' title='bbox 146 3423 275 3494; x_wconf 84' lang='lat' dir='ltr'><strong>gaudium</strong></span> <span class='ocrx_word' id='word_1_562' title='bbox 288 3425 445 3497; x_wconf 86' lang='lat' dir='ltr'><strong>cogitantis:</strong></span> <span class='ocrx_word' id='word_1_563' title='bbox 470 3425 595 3482; x_wconf 88' lang='lat' dir='ltr'><strong>voluntas</strong></span> <span class='ocrx_word' id='word_1_564' title='bbox 608 3425 763 3482; x_wconf 83' lang='lat' dir='ltr'><strong>exhibendo</strong></span> <span class='ocrx_word' id='word_1_565' title='bbox 776 3425 804 3480; x_wconf 91' lang='lat' dir='ltr'><strong>in</strong></span> <span class='ocrx_word' id='word_1_566' title='bbox 817 3425 945 3499; x_wconf 89' lang='lat' dir='ltr'><strong>gaudium</strong></span> <span class='ocrx_word' id='word_1_567' title='bbox 1001 3428 1114 3497; x_wconf 86' lang='lat' dir='ltr'><strong>Propter</strong></span> <span class='ocrx_word' id='word_1_568' title='bbox 1134 3429 1186 3483; x_wconf 93' lang='lat' dir='ltr'><strong>hoc</strong></span> <span class='ocrx_word' id='word_1_569' title='bbox 1202 3426 1275 3481; x_wconf 89' lang='lat' dir='ltr'><strong>enim</strong></span> <span class='ocrx_word' id='word_1_570' title='bbox 1298 3424 1385 3482; x_wconf 90' lang='lat' dir='ltr'><strong>solum</strong></span> <span class='ocrx_word' id='word_1_571' title='bbox 1404 3425 1490 3481; x_wconf 88' lang='lat' dir='ltr'><strong>creati</strong></span> <span class='ocrx_word' id='word_1_572' title='bbox 1509 3439 1603 3480; x_wconf 83' lang='lat' dir='ltr'><strong>sumna</strong></span> <span class='ocrx_word' id='word_1_573' title='bbox 1626 3430 1655 3479; x_wconf 93' lang='grc' dir='ltr'><strong>ει</strong></span> <span class='ocrx_word' id='word_1_574' title='bbox 1674 3422 1800 3489; x_wconf 81' lang='lat' dir='ltr'><strong>vivimus,</strong></span> 
     </span>
     <span class='ocr_line' id='line_1_51' title="bbox 147 3509 1801 3587; baseline -0.001 -21"><span class='ocrx_word' id='word_1_575' title='bbox 147 3511 256 3568; x_wconf 87' lang='lat' dir='ltr'><strong>Domini</strong></span> <span class='ocrx_word' id='word_1_576' title='bbox 286 3529 381 3584; x_wconf 84' lang='lat' dir='ltr'><strong>puram</strong></span> <span class='ocrx_word' id='word_1_577' title='bbox 409 3512 600 3587; x_wconf 79' lang='lat' dir='ltr'><strong>affectionem3</strong></span> <span class='ocrx_word' id='word_1_578' title='bbox 635 3513 777 3578; x_wconf 90' lang='lat' dir='ltr'><strong>momoria,</strong></span> <span class='ocrx_word' id='word_1_579' title='bbox 804 3515 947 3571; x_wconf 87' lang='lat' dir='ltr'><strong>materiam</strong></span> <span class='ocrx_word' id='word_1_580' title='bbox 1001 3524 1031 3570; x_wconf 90' lang='lat' dir='ltr'><strong>nt</strong></span> <span class='ocrx_word' id='word_1_581' title='bbox 1054 3517 1109 3572; x_wconf 88' lang='lat' dir='ltr'><strong>Deo</strong></span> <span class='ocrx_word' id='word_1_582' title='bbox 1123 3514 1226 3571; x_wconf 89' lang='lat' dir='ltr'><strong>similes</strong></span> <span class='ocrx_word' id='word_1_583' title='bbox 1239 3515 1333 3576; x_wconf 86' lang='lat' dir='ltr'><strong>simus,</strong></span> <span class='ocrx_word' id='word_1_584' title='bbox 1349 3530 1412 3570; x_wconf 87' lang='lat' dir='ltr'><strong>curn</strong></span> <span class='ocrx_word' id='word_1_585' title='bbox 1432 3512 1466 3568; x_wconf 88' lang='lat' dir='ltr'><strong>ad</strong></span> <span class='ocrx_word' id='word_1_586' title='bbox 1481 3513 1532 3568; x_wconf 87' lang='lat' dir='ltr'><strong>Dei</strong></span> <span class='ocrx_word' id='word_1_587' title='bbox 1553 3511 1701 3584; x_wconf 84' lang='lat' dir='ltr'><strong>imaginem</strong></span> <span class='ocrx_word' id='word_1_588' title='bbox 1716 3509 1801 3568; x_wconf 87' lang='lat' dir='ltr'><strong>creati</strong></span> 
     </span>
     <span class='ocr_line' id='line_1_52' title="bbox 148 3598 1809 3674; baseline 0.005 -21"><span class='ocrx_word' id='word_1_589' title='bbox 148 3598 271 3670; x_wconf 78' lang='lat' dir='ltr'><strong>fidelem3</strong></span> <span class='ocrx_word' id='word_1_590' title='bbox 287 3600 449 3669; x_wconf 88' lang='lat' dir='ltr'><strong>intellectus,</strong></span> <span class='ocrx_word' id='word_1_591' title='bbox 466 3603 642 3674; x_wconf 73' lang='lat' dir='ltr'><strong>experientia</strong></span> <span class='ocrx_word' id='word_1_592' title='bbox 656 3602 828 3658; x_wconf 88' lang='lat' dir='ltr'><strong>suavitatem.</strong></span> <span class='ocrx_word' id='word_1_593' title='bbox 1000 3602 1095 3660; x_wconf 90' lang='lat' dir='ltr'><strong>simus.</strong></span> <span class='ocrx_word' id='word_1_594' title='bbox 1120 3603 1168 3658; x_wconf 78' lang='lat' dir='ltr'><strong>list</strong></span> <span class='ocrx_word' id='word_1_595' title='bbox 1199 3611 1290 3659; x_wconf 91' lang='lat' dir='ltr'><strong>autem</strong></span> <span class='ocrx_word' id='word_1_596' title='bbox 1318 3602 1369 3659; x_wconf 85' lang='lat' dir='ltr'><strong>liei</strong></span> <span class='ocrx_word' id='word_1_597' title='bbox 1393 3601 1541 3658; x_wconf 87' lang='lat' dir='ltr'><strong>similitudo</strong></span> <span class='ocrx_word' id='word_1_598' title='bbox 1571 3599 1695 3673; x_wconf 76' lang='lat' dir='ltr'><strong>quasdam</strong></span> <span class='ocrx_word' id='word_1_599' title='bbox 1718 3615 1809 3671; x_wconf 79' lang='lat' dir='ltr'><strong>quaran-¹</strong></span> 
     </span>
     <span class='ocr_line' id='line_1_53' title="bbox 186 3688 1800 3766; baseline 0.002 -24"><span class='ocrx_word' id='word_1_600' title='bbox 186 3691 228 3744; x_wconf 75' lang='grc' dir='ltr'>ιιι.</span> <span class='ocrx_word' id='word_1_601' title='bbox 249 3688 294 3745; x_wconf 88' lang='lat' dir='ltr'><strong>Sic</strong></span> <span class='ocrx_word' id='word_1_602' title='bbox 312 3705 379 3762; x_wconf 87' lang='lat' dir='ltr'><strong>ergo</strong></span> <span class='ocrx_word' id='word_1_603' title='bbox 397 3690 523 3746; x_wconf 87' lang='lat' dir='ltr'><strong>voluntas</strong></span> <span class='ocrx_word' id='word_1_604' title='bbox 541 3690 667 3763; x_wconf 88' lang='lat' dir='ltr'><strong>neglecta</strong></span> <span class='ocrx_word' id='word_1_605' title='bbox 686 3690 751 3745; x_wconf 87' lang='lat' dir='ltr'><strong>lacit</strong></span> <span class='ocrx_word' id='word_1_606' title='bbox 768 3690 947 3766; x_wconf 84' lang='lat' dir='ltr'><strong>cogitationes</strong></span> <span class='ocrx_word' id='word_1_607' title='bbox 1001 3707 1082 3748; x_wconf 86' lang='lat' dir='ltr'><strong>nemo</strong></span> <span class='ocrx_word' id='word_1_608' title='bbox 1100 3691 1194 3749; x_wconf 83' lang='lat' dir='ltr'><strong>vivens</strong></span> <span class='ocrx_word' id='word_1_609' title='bbox 1207 3690 1258 3747; x_wconf 90' lang='lat' dir='ltr'><strong>nisi</strong></span> <span class='ocrx_word' id='word_1_610' title='bbox 1278 3707 1340 3748; x_wconf 90' lang='lat' dir='ltr'><strong>cnm</strong></span> <span class='ocrx_word' id='word_1_611' title='bbox 1361 3691 1417 3747; x_wconf 87' lang='lat' dir='ltr'><strong>vita</strong></span> <span class='ocrx_word' id='word_1_612' title='bbox 1442 3689 1527 3754; x_wconf 85' lang='lat' dir='ltr'><strong>exuit,</strong></span> <span class='ocrx_word' id='word_1_613' title='bbox 1552 3705 1633 3761; x_wconf 87' lang='lat' dir='ltr'><strong>quam</strong></span> <span class='ocrx_word' id='word_1_614' title='bbox 1652 3689 1727 3745; x_wconf 89' lang='lat' dir='ltr'><strong>omni</strong></span> <span class='ocrx_word' id='word_1_615' title='bbox 1750 3688 1800 3746; x_wconf 88' lang='lat' dir='ltr'><strong>ho-</strong></span> 
     </span>
     <span class='ocr_line' id='line_1_54' title="bbox 147 3776 1800 3852; baseline 0.004 -21"><span class='ocrx_word' id='word_1_616' title='bbox 147 3776 258 3844; x_wconf 76' lang='lat' dir='ltr'><strong>ohosns,</strong></span> <span class='ocrx_word' id='word_1_617' title='bbox 273 3786 301 3833; x_wconf 88' lang='lat' dir='ltr'><strong>et</strong></span> <span class='ocrx_word' id='word_1_618' title='bbox 323 3777 449 3850; x_wconf 87' lang='lat' dir='ltr'><strong>indignas</strong></span> <span class='ocrx_word' id='word_1_619' title='bbox 464 3778 535 3834; x_wconf 88' lang='lat' dir='ltr'><strong>Deo:</strong></span> <span class='ocrx_word' id='word_1_620' title='bbox 560 3786 697 3847; x_wconf 86' lang='lat' dir='ltr'><strong>corrupta,</strong></span> <span class='ocrx_word' id='word_1_621' title='bbox 712 3793 868 3849; x_wconf 84' lang='lat' dir='ltr'><strong>perversas,</strong></span> <span class='ocrx_word' id='word_1_622' title='bbox 885 3794 947 3850; x_wconf 80' lang='lat' dir='ltr'><strong>qoae</strong></span> <span class='ocrx_word' id='word_1_623' title='bbox 1001 3779 1065 3835; x_wconf 84' lang='lat' dir='ltr'><strong>mini</strong></span> <span class='ocrx_word' id='word_1_624' title='bbox 1087 3779 1116 3837; x_wconf 94' lang='lat' dir='ltr'><strong>in</strong></span> <span class='ocrx_word' id='word_1_625' title='bbox 1139 3779 1322 3837; x_wconf 88' lang='lat' dir='ltr'><strong>testimonium</strong></span> <span class='ocrx_word' id='word_1_626' title='bbox 1341 3779 1448 3836; x_wconf 77' lang='lat' dir='ltr'><strong>amissa</strong></span> <span class='ocrx_word' id='word_1_627' title='bbox 1468 3778 1591 3836; x_wconf 86' lang='lat' dir='ltr'><strong>melioris</strong></span> <span class='ocrx_word' id='word_1_628' title='bbox 1614 3785 1642 3836; x_wconf 88' lang='grc' dir='ltr'><strong>ει</strong></span> <span class='ocrx_word' id='word_1_629' title='bbox 1665 3777 1800 3852; x_wconf 77' lang='lat' dir='ltr'><strong>dignioris</strong></span> 
     </span>
     <span class='ocr_line' id='line_1_55' title="bbox 148 3865 1799 3940; baseline 0 -20"><span class='ocrx_word' id='word_1_630' title='bbox 148 3873 312 3936; x_wconf 83' lang='lat' dir='ltr'><strong>separante</strong></span> <span class='ocrx_word' id='word_1_631' title='bbox 335 3867 407 3923; x_wconf 82' lang='lat' dir='ltr'><strong>lieo:</strong></span> <span class='ocrx_word' id='word_1_632' title='bbox 429 3874 513 3933; x_wconf 90' lang='lat' dir='ltr'><strong>recta,</strong></span> <span class='ocrx_word' id='word_1_633' title='bbox 539 3866 710 3922; x_wconf 87' lang='lat' dir='ltr'><strong>necessarias</strong></span> <span class='ocrx_word' id='word_1_634' title='bbox 734 3866 767 3922; x_wconf 91' lang='lat' dir='ltr'><strong>ad</strong></span> <span class='ocrx_word' id='word_1_635' title='bbox 792 3883 869 3922; x_wconf 92' lang='lat' dir='ltr'><strong>usum</strong></span> <span class='ocrx_word' id='word_1_636' title='bbox 885 3867 947 3923; x_wconf 78' lang='lat' dir='ltr'><strong>vitae</strong></span> <span class='ocrx_word' id='word_1_637' title='bbox 1000 3868 1181 3925; x_wconf 85' lang='lat' dir='ltr'><strong>similitudinis</strong></span> <span class='ocrx_word' id='word_1_638' title='bbox 1208 3876 1315 3926; x_wconf 87' lang='lat' dir='ltr'><strong>creator</strong></span> <span class='ocrx_word' id='word_1_639' title='bbox 1337 3869 1459 3926; x_wconf 90' lang='lat' dir='ltr'><strong>omnium</strong></span> <span class='ocrx_word' id='word_1_640' title='bbox 1497 3867 1637 3924; x_wconf 90' lang='lat' dir='ltr'><strong>hominum</strong></span> <span class='ocrx_word' id='word_1_641' title='bbox 1674 3865 1799 3940; x_wconf 81' lang='lat' dir='ltr'><strong>reliquit;</strong></span> 
     </span>
     <span class='ocr_line' id='line_1_56' title="bbox 149 3953 1800 4030; baseline 0.002 -23"><span class='ocrx_word' id='word_1_642' title='bbox 149 3954 243 4021; x_wconf 83' lang='lat' dir='ltr'><strong>hujus:</strong></span> <span class='ocrx_word' id='word_1_643' title='bbox 268 3954 323 4025; x_wconf 90' lang='lat' dir='ltr'><strong>pia,</strong></span> <span class='ocrx_word' id='word_1_644' title='bbox 346 3953 472 4011; x_wconf 89' lang='lat' dir='ltr'><strong>cftieaces</strong></span> <span class='ocrx_word' id='word_1_645' title='bbox 498 3956 532 4009; x_wconf 91' lang='lat' dir='ltr'><strong>ad</strong></span> <span class='ocrx_word' id='word_1_646' title='bbox 562 3954 678 4010; x_wconf 86' lang='lat' dir='ltr'><strong>fructum</strong></span> <span class='ocrx_word' id='word_1_647' title='bbox 702 3954 831 4025; x_wconf 87' lang='lat' dir='ltr'><strong>Spiritus,</strong></span> <span class='ocrx_word' id='word_1_648' title='bbox 853 3968 880 4010; x_wconf 86' lang='lat' dir='ltr'><strong>ct</strong></span> <span class='ocrx_word' id='word_1_649' title='bbox 912 3956 946 4011; x_wconf 87' lang='lat' dir='ltr'><strong>ad</strong></span> <span class='ocrx_word' id='word_1_650' title='bbox 999 3975 1082 4030; x_wconf 86' lang='lat' dir='ltr'><strong>qnam</strong></span> <span class='ocrx_word' id='word_1_651' title='bbox 1097 3959 1180 4016; x_wconf 88' lang='lat' dir='ltr'><strong>habet</strong></span> <span class='ocrx_word' id='word_1_652' title='bbox 1198 3965 1226 4014; x_wconf 90' lang='grc' dir='ltr'><strong>ει</strong></span> <span class='ocrx_word' id='word_1_653' title='bbox 1240 3958 1333 4015; x_wconf 82' lang='lat' dir='ltr'><strong>volens</strong></span> <span class='ocrx_word' id='word_1_654' title='bbox 1349 3967 1377 4015; x_wconf 93' lang='lat' dir='ltr'><strong>et</strong></span> <span class='ocrx_word' id='word_1_655' title='bbox 1395 3957 1592 4030; x_wconf 86' lang='lat' dir='ltr'><strong>nolensctqui</strong></span> <span class='ocrx_word' id='word_1_656' title='bbox 1606 3972 1665 4014; x_wconf 90' lang='lat' dir='ltr'><strong>eam</strong></span> <span class='ocrx_word' id='word_1_657' title='bbox 1681 3956 1800 4029; x_wconf 82' lang='lat' dir='ltr'><strong>cogitare</strong></span> 
     </span>
     <span class='ocr_line' id='line_1_57' title="bbox 148 4040 1800 4120; baseline 0.004 -27"><span class='ocrx_word' id='word_1_658' title='bbox 148 4040 292 4097; x_wconf 91' lang='lat' dir='ltr'><strong>fruendum</strong></span> <span class='ocrx_word' id='word_1_659' title='bbox 307 4043 373 4097; x_wconf 81' lang='lat' dir='ltr'><strong>lieo.</strong></span> <span class='ocrx_word' id='word_1_660' title='bbox 392 4047 510 4101; x_wconf 82' lang='lat' dir='ltr'><strong>Fructus</strong></span> <span class='ocrx_word' id='word_1_661' title='bbox 530 4051 620 4098; x_wconf 90' lang='lat' dir='ltr'><strong>autem</strong></span> <span class='ocrx_word' id='word_1_662' title='bbox 635 4045 760 4116; x_wconf 85' lang='lat' dir='ltr'><strong>Spiritus</strong></span> <span class='ocrx_word' id='word_1_663' title='bbox 783 4047 863 4112; x_wconf 82' lang='lat' dir='ltr'><strong>suot,</strong></span> <span class='ocrx_word' id='word_1_664' title='bbox 878 4043 949 4101; x_wconf 86' lang='lat' dir='ltr'><strong>sicut</strong></span> <span class='ocrx_word' id='word_1_665' title='bbox 1001 4055 1099 4119; x_wconf 88' lang='lat' dir='ltr'><strong>potest,</strong></span> <span class='ocrx_word' id='word_1_666' title='bbox 1115 4055 1143 4105; x_wconf 92' lang='grc' dir='ltr'><strong>ει</strong></span> <span class='ocrx_word' id='word_1_667' title='bbox 1165 4047 1210 4120; x_wconf 90' lang='lat' dir='ltr'><strong>qui</strong></span> <span class='ocrx_word' id='word_1_668' title='bbox 1225 4055 1279 4102; x_wconf 92' lang='lat' dir='ltr'><strong>tam</strong></span> <span class='ocrx_word' id='word_1_669' title='bbox 1294 4047 1380 4104; x_wconf 87' lang='lat' dir='ltr'><strong>habes</strong></span> <span class='ocrx_word' id='word_1_670' title='bbox 1403 4054 1489 4104; x_wconf 90' lang='lat' dir='ltr'><strong>estut</strong></span> <span class='ocrx_word' id='word_1_671' title='bbox 1511 4063 1572 4104; x_wconf 88' lang='lat' dir='ltr'><strong>eam</strong></span> <span class='ocrx_word' id='word_1_672' title='bbox 1596 4045 1716 4117; x_wconf 69' lang='lat' dir='ltr'><strong>angione</strong></span> <span class='ocrx_word' id='word_1_673' title='bbox 1744 4058 1800 4101; x_wconf 94' lang='lat' dir='ltr'><strong>non</strong></span> 
     </span>
     <span class='ocr_line' id='line_1_58' title="bbox 148 4128 1800 4210; baseline 0.002 -25"><span class='ocrx_word' id='word_1_674' title='bbox 148 4128 294 4201; x_wconf 78' lang='lat' dir='ltr'><strong>Apostolus</strong></span> <span class='ocrx_word' id='word_1_675' title='bbox 307 4130 382 4195; x_wconf 90' lang='lat' dir='ltr'><strong>dicit,</strong></span> <span class='ocrx_word' id='word_1_676' title='bbox 393 4132 532 4197; x_wconf 82' lang='lat' dir='ltr'><strong>chorites,</strong></span> <span class='ocrx_word' id='word_1_677' title='bbox 541 4149 614 4205; x_wconf 86' lang='lat' dir='ltr'><strong>porc,</strong></span> <span class='ocrx_word' id='word_1_678' title='bbox 628 4132 773 4205; x_wconf 75' lang='lat' dir='ltr'><strong>goudium,</strong></span> <span class='ocrx_word' id='word_1_679' title='bbox 787 4133 945 4204; x_wconf 80' lang='lat' dir='ltr'><strong>patientia,</strong></span> <span class='ocrx_word' id='word_1_680' title='bbox 1000 4136 1097 4210; x_wconf 84' lang='lat' dir='ltr'><strong>possit:</strong></span> <span class='ocrx_word' id='word_1_681' title='bbox 1115 4135 1217 4193; x_wconf 89' lang='lat' dir='ltr'><strong>scilicet</strong></span> <span class='ocrx_word' id='word_1_682' title='bbox 1235 4135 1308 4209; x_wconf 88' lang='lat' dir='ltr'><strong>quod</strong></span> <span class='ocrx_word' id='word_1_683' title='bbox 1327 4137 1396 4192; x_wconf 81' lang='lat' dir='ltr'><strong>sicto</strong></span> <span class='ocrx_word' id='word_1_684' title='bbox 1414 4136 1515 4208; x_wconf 87' lang='lat' dir='ltr'><strong>ubique</strong></span> <span class='ocrx_word' id='word_1_685' title='bbox 1533 4136 1607 4192; x_wconf 87' lang='lat' dir='ltr'><strong>Deus</strong></span> <span class='ocrx_word' id='word_1_686' title='bbox 1621 4143 1675 4200; x_wconf 88' lang='lat' dir='ltr'><strong>cst,</strong></span> <span class='ocrx_word' id='word_1_687' title='bbox 1691 4142 1720 4190; x_wconf 88' lang='grc' dir='ltr'><strong>ει</strong></span> <span class='ocrx_word' id='word_1_688' title='bbox 1737 4132 1800 4189; x_wconf 89' lang='lat' dir='ltr'><strong>ubi-</strong></span> 
     </span>
     <span class='ocr_line' id='line_1_59' title="bbox 150 4219 1809 4297; baseline 0.001 -23"><span class='ocrx_word' id='word_1_689' title='bbox 150 4219 363 4292; x_wconf 82' lang='lat' dir='ltr'><strong>touponisuitcs,</strong></span> <span class='ocrx_word' id='word_1_690' title='bbox 371 4219 670 4295; x_wconf 65' lang='lat' dir='ltr'><strong>contemperentur,</strong></span> <span class='ocrx_word' id='word_1_691' title='bbox 677 4221 872 4291; x_wconf 80' lang='lat' dir='ltr'><strong>mansuetudo,</strong></span> <span class='ocrx_word' id='word_1_692' title='bbox 878 4222 947 4294; x_wconf 77' lang='lat' dir='ltr'><strong>fides</strong></span> <span class='ocrx_word' id='word_1_693' title='bbox 1000 4243 1054 4297; x_wconf 91' lang='lat' dir='ltr'><strong>que</strong></span> <span class='ocrx_word' id='word_1_694' title='bbox 1073 4232 1145 4283; x_wconf 87' lang='lat' dir='ltr'><strong>totus</strong></span> <span class='ocrx_word' id='word_1_695' title='bbox 1160 4233 1202 4282; x_wconf 93' lang='grc' dir='ltr'><strong>εει</strong></span> <span class='ocrx_word' id='word_1_696' title='bbox 1219 4225 1248 4281; x_wconf 92' lang='lat' dir='ltr'><strong>in</strong></span> <span class='ocrx_word' id='word_1_697' title='bbox 1261 4233 1386 4283; x_wconf 87' lang='lat' dir='ltr'><strong>creatura</strong></span> <span class='ocrx_word' id='word_1_698' title='bbox 1401 4242 1460 4290; x_wconf 89' lang='lat' dir='ltr'><strong>sua,</strong></span> <span class='ocrx_word' id='word_1_699' title='bbox 1475 4224 1515 4283; x_wconf 89' lang='lat' dir='ltr'><strong>sic</strong></span> <span class='ocrx_word' id='word_1_700' title='bbox 1528 4232 1557 4281; x_wconf 93' lang='grc' dir='ltr'><strong>ει</strong></span> <span class='ocrx_word' id='word_1_701' title='bbox 1578 4224 1606 4280; x_wconf 92' lang='lat' dir='ltr'><strong>in</strong></span> <span class='ocrx_word' id='word_1_702' title='bbox 1621 4239 1737 4296; x_wconf 84' lang='lat' dir='ltr'><strong>corpora</strong></span> <span class='ocrx_word' id='word_1_703' title='bbox 1752 4238 1809 4278; x_wconf 63' lang='lat' dir='ltr'><strong>suo,</strong></span> 
     </span>
     <span class='ocr_line' id='line_1_60' title="bbox 147 4308 1801 4385; baseline -0.002 -17"><span class='ocrx_word' id='word_1_704' title='bbox 147 4309 497 4382; x_wconf 68' lang='lat' dir='ltr'><strong>nudorumcontineutin,</strong></span> <span class='ocrx_word' id='word_1_705' title='bbox 509 4312 742 4383; x_wconf 65' lang='lat' dir='ltr'><strong>costitusfflolot.</strong></span> <span class='ocrx_word' id='word_1_706' title='bbox 755 4312 903 4382; x_wconf 48' lang='lat' dir='ltr'><strong>mitat).</strong></span> <span class='ocrx_word' id='word_1_707' title='bbox 915 4314 947 4369; x_wconf 87' lang='lat' dir='ltr'><strong>Et</strong></span> <span class='ocrx_word' id='word_1_708' title='bbox 988 4314 1089 4374; x_wconf 80' lang='lat' dir='ltr'><strong>&#39;omnis</strong></span> <span class='ocrx_word' id='word_1_709' title='bbox 1107 4316 1201 4374; x_wconf 84' lang='lat' dir='ltr'><strong>vivens</strong></span> <span class='ocrx_word' id='word_1_710' title='bbox 1214 4315 1315 4373; x_wconf 88' lang='lat' dir='ltr'><strong>anima.</strong></span> <span class='ocrx_word' id='word_1_711' title='bbox 1332 4316 1365 4370; x_wconf 79' lang='lat' dir='ltr'><strong>ut</strong></span> <span class='ocrx_word' id='word_1_712' title='bbox 1387 4315 1458 4372; x_wconf 90' lang='lat' dir='ltr'><strong>sicut</strong></span> <span class='ocrx_word' id='word_1_713' title='bbox 1472 4329 1582 4385; x_wconf 89' lang='lat' dir='ltr'><strong>semper</strong></span> <span class='ocrx_word' id='word_1_714' title='bbox 1607 4312 1660 4368; x_wconf 88' lang='lat' dir='ltr'><strong>sibi</strong></span> <span class='ocrx_word' id='word_1_715' title='bbox 1685 4308 1801 4367; x_wconf 86' lang='lat' dir='ltr'><strong>indissi-</strong></span> 
     </span>
     <span class='ocr_line' id='line_1_61' title="bbox 148 4398 1802 4474; baseline 0 -23"><span class='ocrx_word' id='word_1_716' title='bbox 148 4398 262 4454; x_wconf 92' lang='lat' dir='ltr'><strong>inomni</strong></span> <span class='ocrx_word' id='word_1_717' title='bbox 278 4414 379 4474; x_wconf 87' lang='lat' dir='ltr'><strong>genere</strong></span> <span class='ocrx_word' id='word_1_718' title='bbox 399 4400 578 4473; x_wconf 87' lang='lat' dir='ltr'><strong>cogitationis,</strong></span> <span class='ocrx_word' id='word_1_719' title='bbox 596 4400 686 4456; x_wconf 91' lang='lat' dir='ltr'><strong>omnia</strong></span> <span class='ocrx_word' id='word_1_720' title='bbox 701 4416 879 4474; x_wconf 76' lang='lat' dir='ltr'><strong>quecumque</strong></span> <span class='ocrx_word' id='word_1_721' title='bbox 898 4416 945 4457; x_wconf 90' lang='lat' dir='ltr'><strong>co·</strong></span> <span class='ocrx_word' id='word_1_722' title='bbox 1000 4405 1069 4462; x_wconf 89' lang='lat' dir='ltr'><strong>milis</strong></span> <span class='ocrx_word' id='word_1_723' title='bbox 1082 4405 1156 4461; x_wconf 87' lang='lat' dir='ltr'><strong>Deus</strong></span> <span class='ocrx_word' id='word_1_724' title='bbox 1169 4403 1368 4460; x_wconf 88' lang='lat' dir='ltr'><strong>indissimiliter</strong></span> <span class='ocrx_word' id='word_1_725' title='bbox 1376 4403 1519 4461; x_wconf 88' lang='lat' dir='ltr'><strong>dissimilia</strong></span> <span class='ocrx_word' id='word_1_726' title='bbox 1532 4401 1561 4459; x_wconf 89' lang='lat' dir='ltr'><strong>in</strong></span> <span class='ocrx_word' id='word_1_727' title='bbox 1577 4399 1802 4458; x_wconf 57' lang='lat' dir='ltr'><strong>”Serestum</strong></span> 
     </span>
     <span class='ocr_line' id='line_1_62' title="bbox 147 4491 1801 4567; baseline -0.004 -18"><span class='ocrx_word' id='word_1_728' title='bbox 147 4495 244 4567; x_wconf 87' lang='lat' dir='ltr'><strong>gitanti</strong></span> <span class='ocrx_word' id='word_1_729' title='bbox 271 4505 427 4567; x_wconf 86' lang='lat' dir='ltr'><strong>occurmnt,</strong></span> <span class='ocrx_word' id='word_1_730' title='bbox 448 4497 652 4555; x_wconf 86' lang='lat' dir='ltr'><strong>conformantur</strong></span> <span class='ocrx_word' id='word_1_731' title='bbox 677 4497 823 4555; x_wconf 92' lang='lat' dir='ltr'><strong>intentioni</strong></span> <span class='ocrx_word' id='word_1_732' title='bbox 846 4498 945 4554; x_wconf 87' lang='lat' dir='ltr'><strong>volun·</strong></span> <span class='ocrx_word' id='word_1_733' title='bbox 998 4503 1142 4566; x_wconf 65' lang='lat' dir='ltr'><strong>operatum</strong></span> <span class='ocrx_word' id='word_1_734' title='bbox 1158 4492 1198 4549; x_wconf 91' lang='lat' dir='ltr'><strong>sic</strong></span> <span class='ocrx_word' id='word_1_735' title='bbox 1212 4492 1302 4548; x_wconf 80' lang='lat' dir='ltr'><strong>anirua</strong></span> <span class='ocrx_word' id='word_1_736' title='bbox 1325 4492 1441 4549; x_wconf 88' lang='lat' dir='ltr'><strong>hominis</strong></span> <span class='ocrx_word' id='word_1_737' title='bbox 1456 4491 1581 4565; x_wconf 83' lang='lat' dir='ltr'><strong>quamvis</strong></span> <span class='ocrx_word' id='word_1_738' title='bbox 1596 4498 1682 4547; x_wconf 89' lang='lat' dir='ltr'><strong>totum</strong></span> <span class='ocrx_word' id='word_1_739' title='bbox 1700 4503 1801 4558; x_wconf 83' lang='lat' dir='ltr'><strong>corpus</strong></span> 
     </span>
     <span class='ocr_line' id='line_1_63' title="bbox 149 4576 1803 4658; baseline -0.005 -18"><span class='ocrx_word' id='word_1_740' title='bbox 149 4587 221 4655; x_wconf 87' lang='lat' dir='ltr'><strong>tatis,</strong></span> <span class='ocrx_word' id='word_1_741' title='bbox 239 4597 338 4657; x_wconf 89' lang='lat' dir='ltr'><strong>agente</strong></span> <span class='ocrx_word' id='word_1_742' title='bbox 362 4587 389 4642; x_wconf 93' lang='lat' dir='ltr'><strong>in</strong></span> <span class='ocrx_word' id='word_1_743' title='bbox 404 4587 445 4643; x_wconf 90' lang='lat' dir='ltr'><strong>eis</strong></span> <span class='ocrx_word' id='word_1_744' title='bbox 466 4588 652 4644; x_wconf 88' lang='lat' dir='ltr'><strong>misericordia</strong></span> <span class='ocrx_word' id='word_1_745' title='bbox 671 4596 699 4644; x_wconf 91' lang='lat' dir='ltr'><strong>et</strong></span> <span class='ocrx_word' id='word_1_746' title='bbox 716 4588 818 4658; x_wconf 87' lang='lat' dir='ltr'><strong>judicio</strong></span> <span class='ocrx_word' id='word_1_747' title='bbox 841 4588 901 4656; x_wconf 87' lang='lat' dir='ltr'><strong>Dei,</strong></span> <span class='ocrx_word' id='word_1_748' title='bbox 917 4597 947 4644; x_wconf 90' lang='lat' dir='ltr'><strong>ut</strong></span> <span class='ocrx_word' id='word_1_749' title='bbox 998 4582 1137 4641; x_wconf 85' lang='lat' dir='ltr'><strong>vivificans</strong></span> <span class='ocrx_word' id='word_1_750' title='bbox 1150 4581 1303 4639; x_wconf 87' lang='lat' dir='ltr'><strong>indissimili</strong></span> <span class='ocrx_word' id='word_1_751' title='bbox 1313 4583 1375 4648; x_wconf 85' lang='lat' dir='ltr'><strong>vita,</strong></span> <span class='ocrx_word' id='word_1_752' title='bbox 1391 4582 1420 4637; x_wconf 90' lang='lat' dir='ltr'><strong>in</strong></span> <span class='ocrx_word' id='word_1_753' title='bbox 1434 4580 1561 4638; x_wconf 88' lang='lat' dir='ltr'><strong>sensibus</strong></span> <span class='ocrx_word' id='word_1_754' title='bbox 1576 4576 1803 4650; x_wconf 79' lang='lat' dir='ltr'><strong>tamenoorporis</strong></span> 
     </span>
     <span class='ocr_line' id='line_1_64' title="bbox 145 4669 1802 4748; baseline -0.002 -22"><span class='ocrx_word' id='word_1_755' title='bbox 145 4671 237 4744; x_wconf 80' lang='lat' dir='ltr'><strong>justus</strong></span> <span class='ocrx_word' id='word_1_756' title='bbox 249 4673 413 4742; x_wconf 89' lang='lat' dir='ltr'><strong>justificetur</strong></span> <span class='ocrx_word' id='word_1_757' title='bbox 429 4676 526 4745; x_wconf 88' lang='lat' dir='ltr'><strong>adhue,</strong></span> <span class='ocrx_word' id='word_1_758' title='bbox 543 4684 569 4732; x_wconf 91' lang='lat' dir='ltr'><strong>et</strong></span> <span class='ocrx_word' id='word_1_759' title='bbox 582 4675 629 4748; x_wconf 86' lang='lat' dir='ltr'><strong>qui</strong></span> <span class='ocrx_word' id='word_1_760' title='bbox 647 4676 674 4731; x_wconf 94' lang='lat' dir='ltr'><strong>in</strong></span> <span class='ocrx_word' id='word_1_761' title='bbox 690 4676 815 4732; x_wconf 90' lang='lat' dir='ltr'><strong>sordibus</strong></span> <span class='ocrx_word' id='word_1_762' title='bbox 824 4687 865 4734; x_wconf 90' lang='lat' dir='ltr'><strong>est</strong></span> <span class='ocrx_word' id='word_1_763' title='bbox 882 4691 945 4732; x_wconf 89' lang='lat' dir='ltr'><strong>sor·</strong></span> <span class='ocrx_word' id='word_1_764' title='bbox 999 4680 1026 4730; x_wconf 89' lang='lat' dir='ltr'><strong>et</strong></span> <span class='ocrx_word' id='word_1_765' title='bbox 1054 4672 1083 4729; x_wconf 92' lang='lat' dir='ltr'><strong>in</strong></span> <span class='ocrx_word' id='word_1_766' title='bbox 1105 4671 1314 4748; x_wconf 87' lang='lat' dir='ltr'><strong>cogitationibus</strong></span> <span class='ocrx_word' id='word_1_767' title='bbox 1336 4671 1427 4727; x_wconf 90' lang='lat' dir='ltr'><strong>cordis</strong></span> <span class='ocrx_word' id='word_1_768' title='bbox 1454 4669 1649 4727; x_wconf 84' lang='lat' dir='ltr'><strong>indissimiliter</strong></span> <span class='ocrx_word' id='word_1_769' title='bbox 1670 4673 1802 4740; x_wconf 84' lang='lat' dir='ltr'><strong>operatur</strong></span> 
     </span>
     <span class='ocr_line' id='line_1_65' title="bbox 149 4756 1800 4834; baseline -0.001 -18"><span class='ocrx_word' id='word_1_770' title='bbox 149 4761 244 4816; x_wconf 64' lang='lat' dir='ltr'><strong>deccat</strong></span> <span class='ocrx_word' id='word_1_771' title='bbox 258 4760 347 4817; x_wconf 87' lang='lat' dir='ltr'><strong>adbuc</strong></span> <span class='ocrx_word' id='word_1_772' title='bbox 361 4764 455 4834; x_wconf 72' lang='lat' dir='ltr'><strong>(apoc.</strong></span> <span class='ocrx_word' id='word_1_773' title='bbox 479 4778 550 4832; x_wconf 85' lang='grc' dir='ltr'>ιιιιιι,</span> <span class='ocrx_word' id='word_1_774' title='bbox 574 4763 628 4834; x_wconf 87' lang='lat' dir='ltr'><strong>ll).</strong></span> <span class='ocrx_word' id='word_1_775' title='bbox 655 4763 720 4820; x_wconf 91' lang='lat' dir='ltr'><strong>ldeo</strong></span> <span class='ocrx_word' id='word_1_776' title='bbox 734 4763 835 4820; x_wconf 90' lang='lat' dir='ltr'><strong>homini</strong></span> <span class='ocrx_word' id='word_1_777' title='bbox 857 4765 946 4821; x_wconf 88' lang='lat' dir='ltr'><strong>Deum</strong></span> <span class='ocrx_word' id='word_1_778' title='bbox 998 4761 1105 4818; x_wconf 88' lang='lat' dir='ltr'><strong>assidue</strong></span> <span class='ocrx_word' id='word_1_779' title='bbox 1128 4760 1279 4817; x_wconf 84' lang='lat' dir='ltr'><strong>dissimilia.</strong></span> <span class='ocrx_word' id='word_1_780' title='bbox 1302 4760 1365 4817; x_wconf 78' lang='lat' dir='ltr'><strong>ilaec</strong></span> <span class='ocrx_word' id='word_1_781' title='bbox 1388 4759 1536 4817; x_wconf 89' lang='lat' dir='ltr'><strong>similitudo</strong></span> <span class='ocrx_word' id='word_1_782' title='bbox 1560 4759 1610 4816; x_wconf 80' lang='lat' dir='ltr'><strong>liei</strong></span> <span class='ocrx_word' id='word_1_783' title='bbox 1628 4758 1657 4814; x_wconf 93' lang='lat' dir='ltr'><strong>in</strong></span> <span class='ocrx_word' id='word_1_784' title='bbox 1677 4756 1800 4824; x_wconf 83' lang='lat' dir='ltr'><strong>homino,</strong></span> 
     </span>
     <span class='ocr_line' id='line_1_66' title="bbox 149 4847 1803 4923; baseline -0.001 -19"><span class='ocrx_word' id='word_1_785' title='bbox 149 4861 241 4904; x_wconf 87' lang='lat' dir='ltr'><strong>amare</strong></span> <span class='ocrx_word' id='word_1_786' title='bbox 259 4847 370 4918; x_wconf 88' lang='lat' dir='ltr'><strong>volenti,</strong></span> <span class='ocrx_word' id='word_1_787' title='bbox 385 4850 428 4907; x_wconf 83' lang='lat' dir='ltr'><strong>vel</strong></span> <span class='ocrx_word' id='word_1_788' title='bbox 439 4851 495 4920; x_wconf 86' lang='lat' dir='ltr'><strong>jam</strong></span> <span class='ocrx_word' id='word_1_789' title='bbox 519 4851 632 4917; x_wconf 90' lang='lat' dir='ltr'><strong>amanti,</strong></span> <span class='ocrx_word' id='word_1_790' title='bbox 646 4867 711 4907; x_wconf 89' lang='lat' dir='ltr'><strong>suus</strong></span> <span class='ocrx_word' id='word_1_791' title='bbox 724 4867 833 4923; x_wconf 89' lang='lat' dir='ltr'><strong>semper</strong></span> <span class='ocrx_word' id='word_1_792' title='bbox 845 4868 944 4908; x_wconf 88' lang='lat' dir='ltr'><strong>consu·</strong></span> <span class='ocrx_word' id='word_1_793' title='bbox 1000 4860 1130 4922; x_wconf 88' lang='lat' dir='ltr'><strong>quantum</strong></span> <span class='ocrx_word' id='word_1_794' title='bbox 1145 4849 1179 4904; x_wconf 92' lang='lat' dir='ltr'><strong>ad</strong></span> <span class='ocrx_word' id='word_1_795' title='bbox 1198 4848 1327 4905; x_wconf 90' lang='lat' dir='ltr'><strong>meritum</strong></span> <span class='ocrx_word' id='word_1_796' title='bbox 1341 4850 1414 4920; x_wconf 75' lang='lat' dir='ltr'><strong>eins,</strong></span> <span class='ocrx_word' id='word_1_797' title='bbox 1438 4848 1538 4906; x_wconf 77' lang='lat' dir='ltr'><strong>nulius</strong></span> <span class='ocrx_word' id='word_1_798' title='bbox 1559 4849 1632 4921; x_wconf 89' lang='lat' dir='ltr'><strong>apud</strong></span> <span class='ocrx_word' id='word_1_799' title='bbox 1655 4847 1744 4904; x_wconf 85' lang='lat' dir='ltr'><strong>Deum</strong></span> <span class='ocrx_word' id='word_1_800' title='bbox 1758 4852 1803 4903; x_wconf 89' lang='grc' dir='ltr'><strong>εει</strong></span> 
     </span>
     <span class='ocr_line' id='line_1_67' title="bbox 147 4932 1801 5012; baseline -0.002 -20"><span class='ocrx_word' id='word_1_801' title='bbox 147 4935 246 4993; x_wconf 90' lang='lat' dir='ltr'><strong>lendus</strong></span> <span class='ocrx_word' id='word_1_802' title='bbox 270 4945 314 4991; x_wconf 94' lang='grc' dir='ltr'><strong>εει</strong></span> <span class='ocrx_word' id='word_1_803' title='bbox 336 4936 453 5005; x_wconf 90' lang='lat' dir='ltr'><strong>animus,</strong></span> <span class='ocrx_word' id='word_1_804' title='bbox 477 4938 656 4995; x_wconf 83' lang='lat' dir='ltr'><strong>examinanda</strong></span> <span class='ocrx_word' id='word_1_805' title='bbox 679 4940 855 5009; x_wconf 75' lang='lat' dir='ltr'><strong>contuentia,</strong></span> <span class='ocrx_word' id='word_1_806' title='bbox 880 4940 945 5012; x_wconf 88' lang='lat' dir='ltr'><strong>quid</strong></span> <span class='ocrx_word' id='word_1_807' title='bbox 998 4937 1136 5002; x_wconf 88' lang='lat' dir='ltr'><strong>momenti,</strong></span> <span class='ocrx_word' id='word_1_808' title='bbox 1152 4953 1214 4995; x_wconf 89' lang='lat' dir='ltr'><strong>cum</strong></span> <span class='ocrx_word' id='word_1_809' title='bbox 1227 4944 1343 5010; x_wconf 84' lang='lat' dir='ltr'><strong>naturae,</strong></span> <span class='ocrx_word' id='word_1_810' title='bbox 1364 4953 1421 4996; x_wconf 93' lang='lat' dir='ltr'><strong>non</strong></span> <span class='ocrx_word' id='word_1_811' title='bbox 1444 4937 1592 4995; x_wconf 86' lang='lat' dir='ltr'><strong>voluntatis</strong></span> <span class='ocrx_word' id='word_1_812' title='bbox 1614 4937 1676 5008; x_wconf 77' lang='lat' dir='ltr'><strong>cius</strong></span> <span class='ocrx_word' id='word_1_813' title='bbox 1698 4935 1735 4991; x_wconf 85' lang='lat' dir='ltr'><strong>sit</strong></span> <span class='ocrx_word' id='word_1_814' title='bbox 1757 4932 1801 4992; x_wconf 85' lang='lat' dir='ltr'><strong>vel</strong></span> 
     </span>
     <span class='ocr_line' id='line_1_68' title="bbox 149 5022 1800 5102; baseline -0.001 -21"><span class='ocrx_word' id='word_1_815' title='bbox 149 5024 183 5082; x_wconf 88' lang='lat' dir='ltr'><strong>sit</strong></span> <span class='ocrx_word' id='word_1_816' title='bbox 196 5022 270 5096; x_wconf 91' lang='lat' dir='ltr'><strong>quod</strong></span> <span class='ocrx_word' id='word_1_817' title='bbox 284 5024 312 5080; x_wconf 93' lang='lat' dir='ltr'><strong>in</strong></span> <span class='ocrx_word' id='word_1_818' title='bbox 328 5031 413 5082; x_wconf 87' lang='lat' dir='ltr'><strong>totum</strong></span> <span class='ocrx_word' id='word_1_819' title='bbox 434 5028 497 5092; x_wconf 73' lang='lat' dir='ltr'><strong>uult,</strong></span> <span class='ocrx_word' id='word_1_820' title='bbox 516 5035 544 5084; x_wconf 92' lang='lat' dir='ltr'><strong>ct</strong></span> <span class='ocrx_word' id='word_1_821' title='bbox 558 5034 671 5101; x_wconf 89' lang='lat' dir='ltr'><strong>propter</strong></span> <span class='ocrx_word' id='word_1_822' title='bbox 685 5029 758 5100; x_wconf 90' lang='lat' dir='ltr'><strong>quod</strong></span> <span class='ocrx_word' id='word_1_823' title='bbox 772 5029 843 5086; x_wconf 88' lang='lat' dir='ltr'><strong>vult:</strong></span> <span class='ocrx_word' id='word_1_824' title='bbox 866 5029 945 5100; x_wconf 91' lang='lat' dir='ltr'><strong>qnid·</strong></span> <span class='ocrx_word' id='word_1_825' title='bbox 998 5026 1107 5085; x_wconf 87' lang='lat' dir='ltr'><strong>laboris.</strong></span> <span class='ocrx_word' id='word_1_826' title='bbox 1130 5025 1187 5082; x_wconf 88' lang='lat' dir='ltr'><strong>Sed</strong></span> <span class='ocrx_word' id='word_1_827' title='bbox 1210 5034 1254 5083; x_wconf 88' lang='grc' dir='ltr'><strong>εει</strong></span> <span class='ocrx_word' id='word_1_828' title='bbox 1271 5026 1323 5082; x_wconf 90' lang='lat' dir='ltr'><strong>alia</strong></span> <span class='ocrx_word' id='word_1_829' title='bbox 1346 5028 1434 5102; x_wconf 89' lang='lat' dir='ltr'><strong>magis</strong></span> <span class='ocrx_word' id='word_1_830' title='bbox 1453 5028 1512 5084; x_wconf 82' lang='lat' dir='ltr'><strong>lieo</strong></span> <span class='ocrx_word' id='word_1_831' title='bbox 1531 5025 1684 5099; x_wconf 88' lang='lat' dir='ltr'><strong>propinqua</strong></span> <span class='ocrx_word' id='word_1_832' title='bbox 1705 5022 1800 5080; x_wconf 88' lang='lat' dir='ltr'><strong>simili·</strong></span> 
     </span>
     <span class='ocr_line' id='line_1_69' title="bbox 148 5113 1801 5189; baseline -0.001 -20"><span class='ocrx_word' id='word_1_833' title='bbox 148 5113 214 5186; x_wconf 81' lang='lat' dir='ltr'><strong>quid</strong></span> <span class='ocrx_word' id='word_1_834' title='bbox 233 5114 304 5170; x_wconf 91' lang='lat' dir='ltr'><strong>aliud</strong></span> <span class='ocrx_word' id='word_1_835' title='bbox 322 5115 378 5171; x_wconf 84' lang='lat' dir='ltr'><strong>vult</strong></span> <span class='ocrx_word' id='word_1_836' title='bbox 392 5114 504 5187; x_wconf 85' lang='lat' dir='ltr'><strong>spiritus</strong></span> <span class='ocrx_word' id='word_1_837' title='bbox 522 5117 565 5174; x_wconf 86' lang='lat' dir='ltr'><strong>vel</strong></span> <span class='ocrx_word' id='word_1_838' title='bbox 578 5116 645 5183; x_wconf 90' lang='lat' dir='ltr'><strong>odit,</strong></span> <span class='ocrx_word' id='word_1_839' title='bbox 661 5115 792 5189; x_wconf 85' lang='lat' dir='ltr'><strong>quidquid</strong></span> <span class='ocrx_word' id='word_1_840' title='bbox 806 5123 901 5172; x_wconf 89' lang='lat' dir='ltr'><strong>contra</strong></span> <span class='ocrx_word' id='word_1_841' title='bbox 914 5115 945 5171; x_wconf 93' lang='lat' dir='ltr'><strong>il·</strong></span> <span class='ocrx_word' id='word_1_842' title='bbox 998 5116 1074 5182; x_wconf 90' lang='lat' dir='ltr'><strong>tudo,</strong></span> <span class='ocrx_word' id='word_1_843' title='bbox 1088 5114 1117 5172; x_wconf 91' lang='lat' dir='ltr'><strong>in</strong></span> <span class='ocrx_word' id='word_1_844' title='bbox 1131 5122 1261 5187; x_wconf 89' lang='lat' dir='ltr'><strong>quantum</strong></span> <span class='ocrx_word' id='word_1_845' title='bbox 1277 5116 1440 5186; x_wconf 85' lang='lat' dir='ltr'><strong>voluntaria,</strong></span> <span class='ocrx_word' id='word_1_846' title='bbox 1456 5131 1517 5189; x_wconf 76' lang='lat' dir='ltr'><strong>quas</strong></span> <span class='ocrx_word' id='word_1_847' title='bbox 1531 5115 1560 5171; x_wconf 93' lang='lat' dir='ltr'><strong>in</strong></span> <span class='ocrx_word' id='word_1_848' title='bbox 1574 5113 1719 5171; x_wconf 80' lang='lat' dir='ltr'><strong>virtutibus</strong></span> <span class='ocrx_word' id='word_1_849' title='bbox 1731 5127 1801 5169; x_wconf 85' lang='lat' dir='ltr'><strong>con·</strong></span> 
     </span>
     <span class='ocr_line' id='line_1_70' title="bbox 149 5201 1801 5281; baseline -0.001 -23"><span class='ocrx_word' id='word_1_850' title='bbox 149 5201 195 5258; x_wconf 95' lang='lat' dir='ltr'><strong>lud</strong></span> <span class='ocrx_word' id='word_1_851' title='bbox 209 5219 272 5260; x_wconf 90' lang='lat' dir='ltr'><strong>caro</strong></span> <span class='ocrx_word' id='word_1_852' title='bbox 285 5205 466 5276; x_wconf 89' lang='lat' dir='ltr'><strong>concupiscit.</strong></span> <span class='ocrx_word' id='word_1_853' title='bbox 484 5205 640 5262; x_wconf 88' lang='lat' dir='ltr'><strong>incidentes</strong></span> <span class='ocrx_word' id='word_1_854' title='bbox 656 5204 729 5261; x_wconf 88' lang='lat' dir='ltr'><strong>enim</strong></span> <span class='ocrx_word' id='word_1_855' title='bbox 750 5205 828 5278; x_wconf 88' lang='lat' dir='ltr'><strong>quasi</strong></span> <span class='ocrx_word' id='word_1_856' title='bbox 844 5205 945 5261; x_wconf 83' lang='lat' dir='ltr'><strong>extrin-</strong></span> <span class='ocrx_word' id='word_1_857' title='bbox 999 5204 1092 5262; x_wconf 90' lang='lat' dir='ltr'><strong>sistit:</strong></span> <span class='ocrx_word' id='word_1_858' title='bbox 1120 5205 1149 5262; x_wconf 94' lang='lat' dir='ltr'><strong>in</strong></span> <span class='ocrx_word' id='word_1_859' title='bbox 1167 5221 1221 5277; x_wconf 89' lang='lat' dir='ltr'><strong>qua</strong></span> <span class='ocrx_word' id='word_1_860' title='bbox 1241 5205 1348 5263; x_wconf 90' lang='lat' dir='ltr'><strong>animus</strong></span> <span class='ocrx_word' id='word_1_861' title='bbox 1370 5205 1486 5281; x_wconf 47' lang='lat' dir='ltr'><strong>virtutis,</strong></span> <span class='ocrx_word' id='word_1_862' title='bbox 1495 5203 1683 5276; x_wconf 87' lang='lat' dir='ltr'><strong>magnitudine</strong></span> <span class='ocrx_word' id='word_1_863' title='bbox 1702 5201 1801 5258; x_wconf 81' lang='lat' dir='ltr'><strong>snrnmi</strong></span> 
     </span>
     <span class='ocr_line' id='line_1_71' title="bbox 150 5293 1799 5369; baseline 0 -21"><span class='ocrx_word' id='word_1_864' title='bbox 150 5299 271 5348; x_wconf 80' lang='lat' dir='ltr'><strong>accuset</strong></span> <span class='ocrx_word' id='word_1_865' title='bbox 285 5293 453 5351; x_wconf 85' lang='lat' dir='ltr'><strong>decedentes</strong></span> <span class='ocrx_word' id='word_1_866' title='bbox 466 5294 653 5366; x_wconf 87' lang='lat' dir='ltr'><strong>cogitationes,</strong></span> <span class='ocrx_word' id='word_1_867' title='bbox 667 5293 948 5366; x_wconf 78' lang='lat' dir='ltr'><strong>etpraeteraolitantes</strong></span> <span class='ocrx_word' id='word_1_868' title='bbox 999 5293 1064 5350; x_wconf 89' lang='lat' dir='ltr'><strong>boni</strong></span> <span class='ocrx_word' id='word_1_869' title='bbox 1080 5295 1158 5368; x_wconf 77' lang='lat' dir='ltr'><strong>guasi</strong></span> <span class='ocrx_word' id='word_1_870' title='bbox 1169 5293 1270 5352; x_wconf 89' lang='lat' dir='ltr'><strong>imitari</strong></span> <span class='ocrx_word' id='word_1_871' title='bbox 1280 5296 1365 5369; x_wconf 82' lang='lat' dir='ltr'><strong>gestit</strong></span> <span class='ocrx_word' id='word_1_872' title='bbox 1381 5295 1612 5369; x_wconf 64' lang='lat' dir='ltr'><strong>magnitudinem</strong></span> <span class='ocrx_word' id='word_1_873' title='bbox 1625 5299 1656 5352; x_wconf 76' lang='lat' dir='ltr'><strong>et</strong></span> <span class='ocrx_word' id='word_1_874' title='bbox 1669 5306 1799 5365; x_wconf 81' lang='lat' dir='ltr'><strong>persore-</strong></span> 
     </span>
     <span class='ocr_line' id='line_1_72' title="bbox 151 5380 1800 5454; baseline 0.002 -19"><span class='ocrx_word' id='word_1_875' title='bbox 151 5380 314 5450; x_wconf 84' lang='lat' dir='ltr'><strong>voluntates,</strong></span> <span class='ocrx_word' id='word_1_876' title='bbox 329 5382 428 5453; x_wconf 91' lang='lat' dir='ltr'><strong>quibus</strong></span> <span class='ocrx_word' id='word_1_877' title='bbox 442 5383 524 5441; x_wconf 91' lang='lat' dir='ltr'><strong>modo</strong></span> <span class='ocrx_word' id='word_1_878' title='bbox 539 5384 604 5452; x_wconf 84' lang='lat' dir='ltr'><strong>vult,</strong></span> <span class='ocrx_word' id='word_1_879' title='bbox 629 5382 711 5439; x_wconf 93' lang='lat' dir='ltr'><strong>modo</strong></span> <span class='ocrx_word' id='word_1_880' title='bbox 734 5399 789 5441; x_wconf 92' lang='lat' dir='ltr'><strong>non</strong></span> <span class='ocrx_word' id='word_1_881' title='bbox 813 5383 879 5450; x_wconf 82' lang='lat' dir='ltr'><strong>vult,</strong></span> <span class='ocrx_word' id='word_1_882' title='bbox 896 5399 946 5440; x_wconf 91' lang='lat' dir='ltr'><strong>ne·</strong></span> <span class='ocrx_word' id='word_1_883' title='bbox 1000 5384 1096 5441; x_wconf 69' lang='lat' dir='ltr'><strong>rantis)</strong></span> <span class='ocrx_word' id='word_1_884' title='bbox 1118 5383 1238 5442; x_wconf 86' lang='lat' dir='ltr'><strong>inbono</strong></span> <span class='ocrx_word' id='word_1_885' title='bbox 1260 5386 1422 5446; x_wconf 86' lang='lat' dir='ltr'><strong>constantia.</strong></span> <span class='ocrx_word' id='word_1_886' title='bbox 1443 5383 1603 5441; x_wconf 83' lang='lat' dir='ltr'><strong>aeternitatis</strong></span> <span class='ocrx_word' id='word_1_887' title='bbox 1618 5384 1680 5454; x_wconf 90' lang='lat' dir='ltr'><strong>ejus</strong></span> <span class='ocrx_word' id='word_1_888' title='bbox 1694 5381 1800 5439; x_wconf 81' lang='lat' dir='ltr'><strong>incom-</strong></span> 
     </span>
     <span class='ocr_line' id='line_1_73' title="bbox 150 5469 1801 5555; baseline 0.001 -30"><span class='ocrx_word' id='word_1_889' title='bbox 150 5481 285 5555; x_wconf 79' lang='lat' dir='ltr'><strong>quaqusm</strong></span> <span class='ocrx_word' id='word_1_890' title='bbox 298 5469 371 5527; x_wconf 87' lang='lat' dir='ltr'><strong>inter</strong></span> <span class='ocrx_word' id='word_1_891' title='bbox 386 5469 550 5543; x_wconf 85' lang='lat' dir='ltr'><strong>voluntates,</strong></span> <span class='ocrx_word' id='word_1_892' title='bbox 559 5472 607 5528; x_wconf 89' lang='lat' dir='ltr'><strong>sed</strong></span> <span class='ocrx_word' id='word_1_893' title='bbox 621 5487 693 5545; x_wconf 88' lang='lat' dir='ltr'><strong>pene</strong></span> <span class='ocrx_word' id='word_1_894' title='bbox 706 5471 778 5530; x_wconf 87' lang='lat' dir='ltr'><strong>inter</strong></span> <span class='ocrx_word' id='word_1_895' title='bbox 787 5471 888 5532; x_wconf 85' lang='lat' dir='ltr'><strong>otiosas</strong></span> <span class='ocrx_word' id='word_1_896' title='bbox 901 5471 949 5530; x_wconf 86' lang='lat' dir='ltr'><strong>de-</strong></span> <span class='ocrx_word' id='word_1_897' title='bbox 1000 5472 1216 5531; x_wconf 79' lang='lat' dir='ltr'><strong>mutabilitatem.</strong></span> <span class='ocrx_word' id='word_1_898' title='bbox 1232 5475 1321 5546; x_wconf 86' lang='lat' dir='ltr'><strong>Super</strong></span> <span class='ocrx_word' id='word_1_899' title='bbox 1335 5474 1405 5531; x_wconf 91' lang='lat' dir='ltr'><strong>hanc</strong></span> <span class='ocrx_word' id='word_1_900' title='bbox 1418 5479 1509 5530; x_wconf 84' lang='lat' dir='ltr'><strong>autem</strong></span> <span class='ocrx_word' id='word_1_901' title='bbox 1522 5473 1576 5529; x_wconf 80' lang='lat' dir='ltr'><strong>alia</strong></span> <span class='ocrx_word' id='word_1_902' title='bbox 1590 5479 1633 5530; x_wconf 88' lang='grc' dir='ltr'><strong>εει</strong></span> <span class='ocrx_word' id='word_1_903' title='bbox 1654 5471 1744 5528; x_wconf 82' lang='lat' dir='ltr'><strong>adbuc</strong></span> <span class='ocrx_word' id='word_1_904' title='bbox 1759 5471 1801 5526; x_wconf 79' lang='lat' dir='ltr'><strong>si-</strong></span> 
     </span>
    </p>
   </div>
   <div class='ocr_carea' id='block_1_10' title="bbox 0 0 1866 5962">
    <p class='ocr_par' dir='ltr' id='par_1_10' title="bbox 0 0 1866 5962">
     <span class='ocr_line' id='line_1_74' title="bbox 0 0 1866 5962; baseline 0 0"><span class='ocrx_word' id='word_1_905' title='bbox 0 0 1866 5962; x_wconf 95' lang='lat' dir='ltr'><strong> </strong></span> 
     </span>
    </p>
   </div>
  </div>
 </body>
</html>
