3706 5962
100 112 152 175 Μ
715 110 748 172 ΙΝ
766 110 905 185 metita
922 111 1030 180 ΜΝ)
1048 115 1151 179 lttttt.
1713 121 1769 195 ato

99 237 258 312 reprimitur
273 233 430 305 :-aliad,si
452 233 587 310 langueas
604 244 632 294 at
651 235 730 311 quasi
754 237 900 310 exspirans
924 253 948 332 g
965 240 1091 296 rasulam.
1104 238 1153 296 llla
1166 256 1196 298 se
1212 248 1292 318 rogat
1304 242 1490 301 commendari
1509 260 1610 317 sponso
1630 245 1712 304 :ista
1732 263 1764 305 se

100 325 266 384 monbnndo
277 324 358 399 pulsa
373 322 491 380 molliter
504 331 603 381 tentat.
962 326 1059 384 instrui
1074 336 1171 402 rogant
1188 329 1354 402 desponsa,
1374 346 1427 387 nec
1442 330 1603 403 simpliciter
1621 351 1627 389 :
1642 337 1690 392 sed
1706 335 1763 405 illa,

133 416 159 469 5.
173 411 275 468 Sentio
289 410 380 468 adhuc
401 411 470 469 alias
491 413 627 486 quosdam
652 414 801 488 languores
825 416 909 471 mole
962 433 1023 473 curn
1038 416 1223 489 adjuratione;
1250 419 1301 486 hae,
1320 435 1382 475 cum
1401 419 1624 494 ingeminatione.
1645 423 1704 479 Non
1720 433 1765 481 est

80 512 83 517 “
102 513 165 575 stas,
179 517 283 559 omnes
300 501 382 557 utiles
397 509 490 558 umen
507 521 513 559 :
531 502 694 578 languorem
710 503 826 569 timoris,
850 504 909 560 lan·
962 506 1034 562 enim
1047 506 1144 563 leviter
1158 507 1291 580 rogantis,
1307 507 1485 580 relqnndilla
1497 509 1615 582 adjurat,
1632 511 1675 568 vel
1689 513 1762 585 quod

101 607 215 668 gnaram
229 590 318 656 taedii,
331 590 494 663 languorem
504 590 630 649 tristitiae.
645 592 746 663 Quidni
760 608 909 650 consumar
961 593 1020 650 istae
1034 594 1213 667 ingeminant.
1227 597 1322 664 ρεαιίι
1338 599 1390 660 est,
1407 595 1544 669 inquiunt,
1562 597 1680 656 dilectus
1696 606 1761 658 tuus

101 683 196 738 umore
207 688 237 737 et
246 695 434 752 moeroreprae
446 679 753 755 conscientianequiter
763 691 907 739 transacta
961 699 997 739 en
1007 684 1120 754 dilecto,
1130 701 1146 741 a
1152 683 1346 757 pulcherrima
1359 686 1681 761 mulierumtqualisest
1692 687 1762 748 atu·

100 771 172 835 titan
189 769 293 825 timore
307 783 359 840 pro
373 767 506 825 facilitate
521 769 614 842 lapsus
627 770 690 827 vitae
705 770 777 827 inter
792 771 906 843 laqueos
959 776 1024 828 ctus
1034 776 1102 829 tuus
1113 770 1409 846 eaditoeto,quoaiam
1419 778 1459 832 sie
1467 774 1609 848 adjurasti
1621 777 1760 834 nostbti·

98 860 227 934 ngendae,
237 859 302 916 vitre
316 857 409 923 tedia
421 858 450 914 in
461 857 584 933 imagine
598 861 816 933 pertranseuntis
826 862 906 920 vital
960 860 1020 916 liter
1039 861 1172 931 adjurata
1195 869 1267 931 sunt,
1284 879 1345 934 quae
1360 862 1400 918 sic
1419 863 1545 921 animatae
1558 874 1629 921 suat.
1645 866 1705 922 Non
1719 875 1764 926 eat

99 949 234 1006 Universa
254 947 330 1005 enim
354 947 461 1004 vanitas
483 947 573 1003 omnis
596 950 677 1005 horno
697 948 791 1006 vivens
814 951 903 1022 (Paul.
959 950 1056 1022 exigna
1085 958 1187 1007 sanctae
1214 951 1364 1008 collationis
1389 951 1499 1010 utilitas.
1526 955 1645 1010 Verbum
1667 964 1717 1028 est,
1734 966 1762 1014 et

97 1053 222 1104 xxxam,
232 1040 262 1104 7,
278 1039 316 1107 6).
331 1036 441 1092 Utinam
457 1035 516 1102 tibi,
529 1036 655 1107 Domine,
671 1037 771 1112 aliqua
787 1038 849 1095 tiliae
863 1040 906 1096 le-
958 1055 1012 1112 quo
1030 1039 1169 1096 charitatis
1183 1041 1300 1115 languor
1314 1050 1471 1113 generatur,
1486 1051 1512 1099 et
1527 1057 1581 1116 quo
1594 1042 1760 1103 infirmitatis

95 1125 219 1183 maalein
233 1125 362 1182 nann'ent
376 1124 526 1197 languores
541 1141 627 1192 meos,
641 1125 664 1181 si
679 1126 725 1200 qui
742 1137 805 1184 sunt
821 1127 849 1183 ia
861 1143 905 1185 rna
958 1136 1076 1186 curatur.
1093 1129 1173 1185 Novit
1196 1129 1326 1187 Centurio
1346 1130 1399 1186 vim
1423 1130 1552 1188 medendi
1576 1130 1716 1189 ellicaoem
1731 1132 1759 1187 ia

97 1214 143 1288 qni
156 1212 348 1271 commendari
365 1212 414 1269 tibi
431 1213 507 1289 digni
531 1213 604 1270 siatl
620 1214 690 1270 Nam
705 1215 783 1271 malti
799 1224 863 1271 sunt
875 1216 904 1272 in
958 1219 1041 1275 verbo
1052 1234 1061 1284 ;
1072 1219 1135 1274 ideo
1147 1219 1226 1274 dicit:
1243 1219 1632 1293 Dictautumuerbatldattb.
1645 1221 1758 1294 v111,8).

97 1320 142 1360 me
155 1302 317 1379 indigentes
330 1301 431 1358 urrani.
447 1301 528 1360 Ome
547 1302 666 1370 lebcem,
681 1303 704 1359 si
728 1303 825 1378 aliquis
839 1320 904 1361 een·
996 1303 1075 1364 tet
1094 1311 1121 1364 2.
1137 1308 1241 1364 Bonam
1257 1313 1299 1363 est
1314 1306 1337 1362 si
1351 1307 1578 1376 dicamurmrba,
1594 1310 1643 1367 sed
1659 1309 1758 1367 nihilo·

97 1391 169 1449 torio
182 1390 307 1449 aoelesds
321 1390 396 1448 dicat
408 1390 457 1447 tibi
474 1410 481 1450 :
498 1392 626 1459 Domine,
649 1410 720 1466 puer
734 1409 814 1450 meur
822 1397 902 1466 jacet
958 1395 1046 1451 minus
1062 1396 1161 1452 bonum
1178 1405 1220 1454 est
1243 1397 1266 1452 si
1290 1397 1442 1454 scribantur
1463 1400 1560 1458 uerba.
1585 1399 1664 1456 Volat
1684 1400 1757 1456 enirn

93 1483 275 1555 pamlgticus
289 1483 322 1537 iu
342 1479 434 1550 doma
450 1485 479 1536 et
497 1484 572 1540 mate
592 1482 760 1555 torquetur!
781 1482 900 1554 Utinam,
956 1482 1131 1541 irrevocabile
1147 1486 1271 1553 verbam,
1298 1485 1349 1540 nisi
1365 1486 1466 1559 scripto
1488 1487 1597 1560 legitur.
1617 1488 1758 1560 Scriptura

96 1569 228 1634 Domine,
245 1568 334 1625 statim
350 1567 519 1641 respondeas
532 1587 538 1626 :
551 1573 605 1642 Suo
621 1571 744 1640 ueniam,
758 1575 787 1628 et
799 1573 901 1630 curabo
918 1602 940 1682 B
955 1573 1069 1628 uerbum
1088 1581 1116 1629 et
1131 1573 1226 1629 stabile
1246 1573 1319 1641 lacit,
1338 1579 1366 1631 et
1384 1573 1507 1644 visibile;
1522 1575 1679 1632 mandatum
1702 1593 1755 1649 pa-

95 1658 182 1715 ram!
197 1657 255 1726 Dic,
271 1656 397 1725 Domine,
413 1658 507 1724 verbo,
524 1664 552 1715 et
574 1660 701 1717 sanabor.
720 1660 813 1717 Verbo
827 1661 902 1720 enim
956 1662 1027 1732 ginae
1041 1671 1203 1733 reposcetur
1225 1677 1287 1719 cum
1301 1662 1386 1719 uates.
1411 1663 1502 1720 Bnnus
1520 1664 1700 1736 depositarius
1713 1673 1760 1722 est

97 1747 176 1814 adas,
197 1746 261 1820 qnia
284 1746 405 1804 Verbum
421 1762 462 1802 es.
477 1745 574 1820 llagna
598 1748 746 1805 curationis
770 1749 856 1807 virtus
874 1752 902 1808 ia
955 1749 1035 1820 liber,
1054 1749 1162 1821 integre
1178 1749 1251 1823 qaod
1272 1751 1410 1823 acceperit
1422 1751 1566 1825 resignans
1583 1771 1590 1807 :
1607 1769 1667 1810 cnm
1682 1754 1758 1811 voles

101 1835 205 1904 Verbo,
215 1841 244 1892 et
257 1835 329 1908 qnod
344 1842 373 1891 ιιι
383 1850 425 1900 es,
437 1834 563 1903 Domine,
575 1843 603 1892 et
617 1836 718 1908 quoda
734 1845 760 1892 te
773 1854 825 1910 per
841 1844 901 1895 tuos
956 1855 1057 1906 sumes,
1074 1840 1120 1895 ubi
1143 1841 1219 1898 voles
1242 1840 1331 1912 leges,
1356 1840 1476 1913 quandiu
1500 1842 1578 1899 voles
1592 1843 1755 1899 moraberis.

97 1932 151 1982 est.
162 1923 255 1980 Sensit
265 1924 317 1980 boc
329 1924 455 1980 centurio
469 1923 515 1997 qui
529 1923 597 1980 dixit
615 1926 761 1994 :Domine
774 1927 818 1984 dic
834 1933 901 1985 tau·
955 1928 1094 2001 Scriptura
1102 1929 1241 1986 memoriae
1256 1930 1406 2002 reparatrix
1420 1939 1473 2001 est,
1484 1931 1548 2003 qnia
1559 1932 1638 1988 uerbi
1654 1949 1757 2004 reprae-

101 2019 162 2068 ιιιιιι
173 2011 628 2087 numerumnunerum
639 2015 755 2086 (tutta,
766 2018 900 2088 vrtuti-8).
955 2019 1088 2073 sentatrix
1111 2025 1162 2074 est.
1179 2018 1247 2074 Τιιιο
1271 2019 1348 2075 verbi
1363 2018 1561 2076 medicamenta
1576 2019 1629 2077 illic
1645 2021 1757 2088 condis;

100 2099 154 2156 Sed
166 2116 272 2157 nanas
287 2107 329 2157 est
353 2107 447 2156 ιειιιειι
465 2100 554 2156 omnis
568 2116 658 2157 serino
673 2101 807 2175 docentis,
822 2103 845 2159 si
860 2110 900 2173 ta,
955 2115 1099 2161 serrantur
1109 2105 1182 2162 enim
1193 2105 1285 2163 illaesa.
1301 2106 1328 2163 Si
1339 2108 1451 2163 verbum
1467 2108 1595 2164 medendi
1610 2109 1663 2164 vina
1674 2110 1757 2165 habet

102 2188 224 2256 Dauniae,
240 2188 315 2244 intas
329 2203 386 2244 noa
400 2188 531 2261 loquaris.
547 2188 597 2244 Dic
611 2189 705 2256 verbo,
718 2197 746 2246 et
760 2190 901 2247 sanabitur
953 2208 1016 2249 curn
1034 2193 1142 2261 dicitur,
1167 2212 1215 2251 cur
1239 2210 1294 2251 noa
1319 2195 1400 2250 habet
1419 2211 1479 2251 cum
1501 2195 1621 2271 legitur?
1640 2196 1669 2253 Si
1684 2198 1756 2254 bona

101 2278 218 2352 languor
230 2293 323 2343 mens;
334 2277 407 2335 lorte
416 2284 446 2335 ει
458 2276 637 2351 generabitur
648 2277 675 2347 ia
689 2294 734 2334 me
748 2278 864 2354 languor
874 2286 900 2336 te
954 2283 1134 2340 curationum
1157 2283 1246 2355 dicis,
1269 2302 1317 2343 cur
1340 2300 1395 2341 noa
1411 2285 1494 2353 bona,
1513 2301 1574 2341 cum
1593 2285 1682 2358 legis?
1696 2287 1756 2343 Nou

100 2367 240 2445 ιοιμειιιε,
250 2373 280 2422 ut
289 2373 317 2422 et
326 2381 380 2439 ego
390 2365 482 2423 dicere
491 2365 606 2421 audeam
620 2384 626 2423 :
639 2367 723 2423 lilia
733 2367 898 2435 Juusatm,
953 2379 1063 2427 curetur
1086 2372 1138 2428 hue
1161 2373 1242 2429 modo
1256 2372 1372 2444 languor
1393 2388 1479 2428 meus.
1503 2373 1562 2429 lloc
1577 2380 1620 2429 est
1634 2372 1727 2431 dicere
1745 2390 1752 2428 :

102 2455 533 2529 mtuuatertoqutunmare
546 2453 673 2527 tamena.
686 2456 899 2528 Bonusuterqne
953 2459 1005 2529 Qui
1019 2460 1108 2531 primo
1122 2461 1207 2524 audit,
1227 2460 1305 2516 verbi
1325 2459 1466 2516 utilitatem
1490 2461 1590 2531 capiat,
1611 2463 1647 2517 ad
1662 2471 1756 2533 poste·

102 2544 226 2618 languor,
245 2542 303 2601 sire
315 2543 467 2600 vehemens
487 2549 515 2599 et
528 2541 689 2614 concitatus,
705 2541 763 2598 siue
777 2543 821 2599 hic
834 2559 899 2599 con·
956 2564 1000 2604 ros
1010 2555 1037 2604 et
1051 2549 1133 2622 laage
1148 2549 1251 2620 positos
1265 2564 1319 2605 non
1335 2548 1489 2621 pertingat:
1502 2548 1548 2604 ubi
1561 2549 1650 2621 primo
1662 2559 1753 2616 sonat,

102 2633 227 2688 naamet
238 2638 407 2703 temperatus
424 2645 430 2683 :
445 2629 497 2685 nisi
512 2629 584 2703 quad
599 2629 625 2685 in
641 2645 674 2685 eo
688 2628 739 2685 iste
754 2630 899 2687 contianus
953 2633 989 2690 ibi
1003 2636 1153 2692 sallocetar
1174 2656 1181 2690 :
1197 2637 1372 2693 exhauriatur
1390 2635 1479 2693 omnis
1494 2638 1555 2707 ejus
1576 2636 1754 2693 commoditas

102 2735 155 2778 non
168 2726 223 2789 est,
239 2718 312 2792 qaod
335 2718 496 2790 frequenter
511 2717 654 2775 revertitur
673 2718 823 2790 adipsum,
840 2736 900 2791 pro
953 2725 1046 2781 audita
1067 2724 1163 2797 primo,
1180 2733 1282 2781 aterno
1297 2732 1436 2796 prematur
1451 2723 1569 2780 mentio.
1585 2723 1647 2779 Non
1656 2723 1754 2780 iterum

102 2818 162 2885 pter
173 2809 403 2868 incontinentiam
412 2808 535 2865 ardentis
544 2807 672 2865 desiderii
684 2825 857 2875 exarescens,
871 2819 899 2866 et
956 2813 1032 2869 radat
1046 2814 1074 2869 in
1097 2821 1197 2870 terram
1215 2815 1312 2870 bonam
1331 2820 1361 2869 ut
1376 2812 1491 2869 tructam
1505 2811 1596 2868 iaciat.
1620 2813 1677 2869 Hoc
1697 2828 1755 2869 ma·

103 2918 154 2959 non
167 2917 200 2960 se
221 2916 412 2975 compescens.
428 2901 489 2957 Non
504 2900 672 2958 convertitur
686 2899 774 2957 donec
789 2901 899 2958 deliniat
953 2903 1137 2959 dicamentum
1148 2903 1194 2976 qui
1203 2901 1307 2977 primns
1321 2901 1468 2973 acceperit,
1485 2899 1654 2958 convalescat
1664 2917 1754 2976 auger,

101 2991 207 3051 sema.
220 2990 252 3047 Si
266 2990 302 3047 ad
317 2990 413 3047 horam
432 2989 533 3064 diligis,
550 2998 577 3046 et
590 2998 654 3063 post
668 2991 763 3047 horam
776 2991 897 3061 desistis,
914 2944 936 3024 c
953 2991 1080 3049 virtutem
1100 2993 1160 3063 ejus
1183 2999 1244 3063 post
1267 2989 1343 3048 illum
1367 2989 1518 3062 persentiat
1542 2988 1643 3046 aulius.
1660 2990 1691 3045 ln
1709 2989 1754 3063 pi·

102 3085 208 3136 nonest
228 3093 308 3135 amor
323 3094 330 3135 :
346 3079 370 3135 si
384 3078 492 3154 diligis,
509 3087 537 3137 ει
555 3094 589 3135 ex
604 3094 697 3136 amora
720 3080 841 3136 absentis
855 3080 898 3136 di·
953 3082 1028 3137 scina
1050 3081 1097 3136 ilta
1123 3088 1184 3153 post
1211 3097 1289 3154 aqna
1313 3089 1418 3137 motum
1442 3079 1588 3134 sanabatur
1610 3095 1689 3144 unm,
1706 3078 1756 3136 sed

102 3169 160 3227 lecti
179 3185 237 3226 non
264 3167 394 3240 tabescis,
410 3177 522 3226 nonest
543 3167 668 3241 languor.
685 3169 719 3224 Ut
740 3185 808 3242 ergo
822 3185 900 3227 amor
955 3170 981 3224 in
1008 3187 1062 3226 uno
1086 3170 1132 3226 illo
1149 3171 1253 3242 signata
1274 3177 1316 3226 est
1339 3168 1468 3240 ebaritas,
1490 3184 1545 3224 aon
1570 3167 1753 3240 singularitas.

100 3257 213 3332 languor
227 3258 273 3326 sit,
287 3257 555 3328 babeatntrumqae,
570 3263 598 3312 ει
614 3257 856 3326 continuationem,
872 3266 900 3314 et
954 3260 1016 3314 Post
1039 3259 1155 3330 primum
1177 3266 1299 3314 curatum
1323 3272 1379 3312 non
1402 3265 1444 3312 est
1469 3254 1569 3311 dictum
1595 3255 1629 3311 de
1651 3254 1754 3326 piscina

103 3346 311 3405 ominationem.
327 3347 475 3410 turture,
492 3344 588 3418 inquit,
605 3345 707 3404 atucu
721 3347 789 3420 quia
803 3363 899 3405 amore
953 3348 997 3403 illa
1013 3368 1020 3405 ι
1041 3348 1193 3413 Exinanite,
1218 3345 1355 3402 emaanite
1379 3360 1465 3415 usque
1487 3344 1523 3399 ad
1548 3341 1753 3399 tundamentum

103 3439 232 3511 buseo.
248 3435 303 3507 Qun·
314 3435 343 3492 in
358 3433 560 3492 infirmitatibus
575 3443 650 3503 sunt,
665 3435 810 3510 languores
824 3451 898 3491 ann·
952 3438 980 3491 ia
995 3452 1041 3504 ea;
1057 3451 1137 3509 aqna
1154 3433 1280 3489 mlutaris
1302 3448 1352 3489 nec
1367 3431 1514 3504 vestigium
1528 3439 1647 3487 maneat.
1662 3431 1752 3487 Bonus

100 3523 157 3581 tisri
175 3522 275 3581 solnm
296 3522 419 3593 medico,
435 3538 497 3596 quaa
519 3520 672 3579 dilectionis
695 3528 770 3590 sunt,
784 3522 896 3580 amico:
952 3541 1030 3598 aquae
1045 3534 1145 3588 motus,
1164 3521 1309 3595 disputatio
1333 3528 1360 3576 at
1375 3519 1520 3594 exagitatio
1534 3534 1619 3574 sacra
1634 3518 1750 3592 paginae.

99 3612 271 3686 illiqnidenn,
288 3620 318 3669 nt
339 3620 477 3680 curentur,
494 3611 539 3668 isti
562 3619 652 3668 autem
677 3617 706 3667 ut
728 3620 896 3670 recreentur.
951 3613 1025 3670 Bene
1040 3611 1113 3669 enirn
1137 3619 1357 3676 monetaneum
1381 3607 1509 3679 prudenti
1527 3605 1703 3664 ventilatione
1717 3606 1752 3663 ad

98 3701 282 3768 Smnlamini,
310 3701 424 3768 tratres,
449 3701 591 3758 meliorem
622 3702 694 3758 hunc
725 3701 896 3775 languorem,
950 3702 1302 3774 spiritualempromovetur
1316 3696 1501 3754 intellectum:
1518 3696 1590 3753 bene
1604 3694 1677 3752 enim
1691 3711 1751 3752 mo-

97 3806 175 3864 qnexn
190 3790 264 3848 sicat
288 3790 459 3847 absentantis
472 3807 503 3847 se
527 3790 616 3848 dilecti
634 3791 799 3849 desiderium
814 3803 897 3862 creat,
951 3800 1038 3859 vetur,
1064 3807 1127 3848 cum
1150 3791 1211 3861 ejus
1237 3787 1406 3845 discussione
1430 3786 1537 3843 auditor
1564 3793 1750 3858 promouetur.
1799 3786 1805 3797 '

99 3879 135 3936 sie
153 3895 185 3938 se
200 3879 396 3953 prasentamb
419 3879 566 3937 delectatio
581 3889 686 3938 recreat
699 3881 805 3937 Domini
819 3882 895 3952 Jesu,
952 3882 1027 3936 Sient
1049 3878 1285 3943 medicamentum,
1310 3877 1350 3932 sie
1373 3884 1402 3931 et
1426 3874 1502 3931 cibas
1523 3882 1565 3930 est
1579 3873 1702 3932 verbum.
1717 3875 1752 3930 lit

97 3967 187 4040 sponsi
204 3967 335 4026 Εωιεείιε
348 3967 484 4025 etanimre
494 3975 608 4035 sanctae,
618 3969 665 4041 qui
680 3968 745 4027 vivit
759 3979 787 4026 et
801 3980 896 4043 regnat
951 3969 1087 4041 quomodo
1101 3967 1200 4034 dicitis,
1216 3967 1292 4024 cibus
1307 3982 1387 4039 quem
1411 3982 1461 4024 ros
1474 3963 1626 4037 operamini
1643 3973 1752 4038 pereat,

97 4073 144 4128 per
156 4055 254 4115 omnia
268 4055 369 4114 sadala
383 4055 554 4115 saeculorum.
571 4058 669 4113 Arnen.
951 4075 1005 4115 non
1020 4063 1179 4130 permaneat
1190 4057 1204 4114 t
1217 4056 1270 4114 Sed
1282 4064 1372 4113 tanen
1386 4070 1442 4112 non
1456 4060 1499 4112 est
1509 4053 1611 4127 passim
1624 4051 1751 4109 omnibns

379 4145 496 4202 saletto
513 4145 620 4201 XLllll.
951 4147 1010 4204 heac
1019 4146 1203 4220 permittenda
1216 4144 1342 4217 lieentia;
1358 4159 1410 4200 nac
1424 4157 1501 4216 aqnae
1520 4149 1610 4198 motus
1623 4142 1749 4210 sanabat,

100 4235 196 4304 daal&
209 4239 254 4291 eat
263 4231 388 4292 dilectus
399 4240 466 4291 tuus
475 4250 512 4291 ex
519 4234 632 4306 diecto,
642 4243 695 4291 etc.
708 4239 803 4306 (Cant.
816 4253 844 4308 v,
856 4240 896 4308 9.)
951 4237 1004 4294 nisi
1016 4253 1078 4293 cum
1093 4235 1206 4308 angelus
1226 4232 1398 4290 descendens
1415 4240 1538 4305 tempore
1557 4245 1607 4287 suo
1620 4231 1751 4286 movisset

131 4327 157 4378 l.
170 4322 275 4393 oeulis
285 4327 326 4380 cot
336 4322 458 4380 dikatur
469 4328 537 4380 tuus
547 4339 583 4380 ec
593 4323 727 4390 dilectae
737 4326 897 4398 puteterrt·
912 4298 936 4377 ii
951 4344 1011 4385 eam
1026 4329 1117 4400 (toan.
1142 4343 1171 4393 v,
1188 4326 1259 4396 bt).
1276 4324 1322 4380 llle
1337 4323 1430 4396 utique
1449 4322 1573 4396 angelus,
1589 4322 1667 4391 cuins
1679 4320 1750 4379 labia

97 4411 699 4486 muuturumtpuatueuatuctustuus,
711 4415 896 4485 quaratarusic
950 4415 1104 4472 custodiunt
1119 4412 1270 4475 scientiam,
1293 4427 1326 4467 ex
1346 4411 1424 4480 cujus
1447 4426 1496 4465 ore
1517 4415 1561 4464 est
1578 4407 1747 4482 exquirenda

96 4497 563 4574 adjurasttuoslflagnoprolusae
572 4499 898 4559 ridenturaffectnintar-
950 4504 1020 4580 legis
1038 4502 1163 4559 seientia.
1189 4500 1263 4572 Ergo
1284 4497 1369 4570 (quod
1393 4497 1504 4571 quidem
1528 4495 1667 4553 latendum
1692 4497 1748 4569 est)

97 4587 257 4662 rogationes
270 4587 330 4644 istae
344 4596 399 4644 um
415 4590 599 4645 uehementes.
616 4590 741 4646 Arbitror
750 4590 777 4646 ia
792 4589 898 4649 filiabus
951 4608 1050 4665 magna
1064 4589 1173 4646 texendi
1187 4587 1262 4643 verbi
1273 4585 1398 4644 salutaria
1413 4585 1514 4641 utilitas
1528 4600 1534 4639 :
1546 4585 1605 4651 sed,
1621 4601 1683 4642 aum
1698 4584 1749 4640 ali·

97 4674 247 4735 tamnen
264 4691 298 4732 ex
322 4675 541 4734 contabulatione
556 4694 664 4751 sponsae
688 4678 841 4750 languentis
855 4678 896 4735 si·
950 4682 993 4738 eui
1007 4682 1058 4736 boe
1072 4695 1142 4751 opus
1152 4675 1324 4751 permittitur,
1340 4675 1384 4733 vel
1401 4674 1562 4750 magianum
1582 4674 1700 4750 exigitur
1713 4675 1749 4732 ab

99 4763 187 4822 anilem
208 4765 370 4838 languorem
385 4772 433 4822 aut
449 4772 570 4822 creatum
586 4774 614 4822 ut
631 4767 676 4834 sit,
692 4774 738 4822 aut
752 4767 897 4824 exciutnrn
950 4785 994 4827 eo.
1014 4768 1078 4824 ldeo
1101 4782 1156 4823 non
1178 4765 1285 4824 videtur
1301 4773 1454 4829 nostrorum
1473 4764 1665 4839 redarguenda
1683 4779 1747 4821 aaa·

98 4862 125 4909 nt
136 4853 245 4912 anebor
261 4853 306 4909 sit,
324 4854 358 4910 Et
372 4854 400 4910 in
419 4854 598 4928 sequentibus
620 4855 733 4914 dicuat:
754 4857 809 4926 Quo
824 4856 896 4912 abitt
951 4859 1005 4915 tela
1021 4859 1153 4928 majorum
1169 4856 1242 4929 (quae
1258 4855 1485 4928 superabundans
1499 4870 1553 4911 non
1569 4855 1671 4924 nocet),
1687 4868 1748 4926 quoe

97 4938 218 5001 dilutus
234 4943 538 5016 contemneremus
562 4959 627 5000 aum
647 4948 742 5001 tecum
755 4945 851 5013 (Cant.
867 4960 896 5011 v,
950 4947 1115 5022 generaliter
1129 4944 1242 5017 imponit
1264 4943 1402 5002 sdentinm
1424 4962 1429 4998 :
1447 4959 1481 4998 ne
1495 4942 1629 5015 aliquibus
1648 4939 1749 4996 utiliter

99 5032 152 5105 Π).
168 5030 259 5101 Quasi
281 5032 375 5088 dicam
391 5049 397 5086 :
410 5030 570 5102 Quaeremus
585 5046 686 5101 tecum,
701 5031 752 5088 sed
772 5040 801 5089 et
818 5032 898 5090 nobis
949 5035 1053 5092 indulta
1070 5035 1189 5103 licentia,
1200 5033 1259 5090 aliis
1270 5032 1490 5106 presumptionis
1504 5029 1656 5085 temeraria
1670 5044 1749 5084 scam

96 5136 264 5196 gamains,
283 5120 331 5178 illo
356 5128 446 5178 ιεειιιιι
469 5119 523 5177 lrui
542 5120 673 5177 volentes.
696 5120 820 5194 Denique
842 5135 898 5177 non
950 5125 1040 5181 dalum
1056 5124 1116 5194 liat,
1131 5125 1208 5182 simul
1227 5138 1262 5179 ne
1277 5121 1349 5195 quis,
1373 5121 1436 5177 dnm
1461 5120 1489 5175 in
1511 5134 1596 5175 onere
1619 5116 1671 5175 sibi
1694 5132 1750 5195 noa

96 5211 191 5267 dicum
206 5206 460 5280 :Quaremnstibi3
472 5207 531 5273 sed,
547 5223 707 5281 queramus
722 5213 825 5279 tuum,
839 5225 901 5281 par·
951 5205 1077 5289 impastae
1092 5219 1250 5285 occupatur,
1266 5212 1366 5269 otietur
1380 5211 1413 5265 ab
1428 5206 1565 5279 imposita.

97 5298 218 5373 ticipinnn
243 5296 409 5356 inuentionis
428 5297 514 5355 beatae
532 5303 660 5370 optantes
679 5305 707 5353 et
725 5296 786 5353 sibi.
803 5298 900 5371 llagna
987 5307 1015 5361 3.
1030 5305 1074 5371 Et,
1090 5310 1120 5359 ut
1134 5309 1302 5359 revertamur
1322 5300 1356 5356 ad
1370 5297 1551 5372 propositum,
1566 5296 1680 5357 nattum
1698 5313 1750 5370 ει·Δ

97 5387 236 5463 utrimque
251 5385 400 5455 humilima
415 5392 443 5443 -θῑ
456 5385 485 5442 Ῑῦ
508 5400 618 5458 ⁸P⁰¹¹⁸⁸2
639 5391 668 5441 0⁸
685 5382 715 5439 5¹¹
729 5381 835 5440 filiabus
849 5383 898 5440 Je-
952 5394 1040 5453 citatae
1055 5398 1083 5449 et
1100 5391 1224 5447 animatae
1248 5397 1311 5446 suat
1334 5405 1367 5446 cx
1391 5385 1568 5447 oollocutione
1587 5394 1614 5444 et
1637 5388 1746 5458 adiura-
