3706 5962
155 199 237 269 ‚ttttt
813 189 981 253 teutona
1000 188 1180 254 CUIUSDAM.
1739 201 1797 262 qqqq
1825 108 1830 155 Ι

57 372 61 378 ,
167 326 302 395 dicarunt,
316 323 365 382 sed
378 321 405 380 ei
419 321 464 395 qni
474 337 523 395 pro
537 321 664 379 omnibus
680 319 799 377 animam
812 335 890 375 suam
913 333 964 390 po·
980 326 1057 411 qest
1072 317 1242 387 altitudinem
1263 321 1435 379 considerare
1449 320 1592 391 virtmum,
1621 339 1688 395 qnae
1706 330 1803 400 mai

166 413 232 471 suit.
248 404 318 472 Nihil
331 413 440 487 dignius
455 410 567 486 eogitari
585 417 674 482 potest
697 424 778 481 quern
792 423 839 465 cor
850 407 884 463 ad
900 422 963 463 enm
1017 408 1070 463 snb
1088 418 1223 478 praeeepto
1242 419 1289 466 aut
1306 410 1511 483 consilio-sepe
1532 411 1690 482 tradantur,
1714 415 1803 474 illnrnn

167 504 276 572 reterre,
291 505 342 574 qni¹
357 509 388 558 ut
403 499 518 566 viveres,
539 499 608 556 rnori
624 497 707 555 voluit
723 515 730 552 :
746 505 859 559 namet
872 496 963 565 justus
1017 505 1103 551 tamen
1128 497 1229 569 apicem
1256 515 1337 556 nemo
1363 499 1522 572 contingere
1549 501 1661 570 potuit,
1693 504 1746 560 nisi
1770 508 1804 577 qai
1834 522 1838 569 ς

166 607 214 649 cor
228 607 307 647 suunt
324 589 431 646 tradidit
446 590 480 644 ad
495 586 659 659 vigilandum
680 585 800 641 diluculo
821 584 855 639 cd
868 582 962 640 Domi·
1015 583 1090 640 Deus
1111 595 1139 641 et
1161 587 1241 641 horno
1261 588 1331 643 inter
1352 588 1477 645 homines
1500 589 1589 657 nesci,
1612 594 1769 648 conversari
1786 605 1805 649 et

166 695 243 748 num,
259 677 306 749 qui
320 676 382 733 iecit
395 675 470 730 illum
486 674 584 744 (dccli.
599 688 703 740 xxxtx,
715 674 753 744 6).
766 670 891 746 Vigilatio
901 685 961 725 cor·
1015 673 1085 729 mori
1098 673 1193 730 voluit.
1220 675 1334 746 Semper
1348 678 1420 732 enim
1448 677 1535 734 virtus
1557 695 1648 750 snpra
1669 680 1806 738 tacuttuau

167 768 211 826 dis
222 769 304 836 iusta,
318 773 345 821 et
355 762 484 838 cogitatio
499 763 560 831 ejus
572 763 703 832 justaest,
715 771 745 817 ut
757 760 902 816 meditetur
916 773 962 814 as·
1017 777 1249 835 quorumcumque
1272 775 1428 822 sanctorum
1448 768 1688 838 apprehensibilis
1711 771 1806 836 mansit,

167 856 244 911 sidus
263 840 329 926 quid
345 851 448 923 accepit
463 851 489 906 in
504 851 583 907 bonis
607 858 720 921 naturae,
742 849 807 920 qnid
831 847 858 903 in
881 845 961 903 bonis
1015 852 1048 907 ad
1058 865 1139 922 quam
1147 866 1258 922 semper
1269 859 1345 924 petet
1354 868 1494 921 ascensus,
1502 871 1654 929 quousque
1664 857 1694 915 in
1704 860 1807 931 patriam
1841 880 1843 899 ι

165 945 273 1019 gratie,
287 942 354 1014 quid
369 941 396 995 in
413 939 463 996 Dei
477 939 547 995 Filio
563 956 612 1010 pro
626 939 705 995 nohis
723 940 879 1002 humanato,
895 951 961 1006 pas·
1014 938 1151 995 veniretur
1165 955 1173 994 t
1190 954 1222 995 ac
1235 939 1259 994 ai
1272 956 1321 1013 per
1336 942 1387 999 hoc
1400 943 1469 1000 haue
1482 944 1576 999 cordis
1589 942 1681 1002 8oe
1690 947 1807 1003 directio

165 1048 206 1101 so,
223 1039 341 1097 mortno,
356 1038 383 1088 et
396 1029 501 1100 sepulto
517 1046 525 1084 ε
541 1028 605 1100 quid
617 1027 644 1082 in
659 1025 853 1103 promissione;
875 1039 960 1097 aquo
1014 1041 1077 1082 nem
1094 1027 1173 1097 quasi
1188 1029 1295 1085 totalem
1314 1028 1484 1088 dilectionem
1506 1048 1541 1088 ex
1563 1041 1626 1090 toto
1646 1035 1752 1092 hahere
1763 1051 1808 1091 nos

164 1121 237 1178 malo
253 1128 364 1191 ereptus
387 1127 438 1187 est,
458 1117 523 1190 qnid
546 1116 670 1172 retribuit
694 1116 808 1172 Domino
823 1129 874 1186 pro
897 1131 960 1172 om·
1016 1125 1170 1184 possumus,
1195 1130 1276 1187 quarn
1299 1123 1386 1173 tamen
1413 1119 1535 1190 protinus
1559 1119 1713 1189 iaciamus,
1737 1124 1809 1180 decli·

165 1209 250 1290 nibus
263 1225 324 1284 qnae
341 1207 465 1264 retribuit
478 1208 503 1264 ei
522 1224 529 1262 :
549 1205 616 1279 quid
630 1205 775 1277 diligimus,
795 1204 859 1277 quid
880 1202 959 1260 time-
1015 1208 1111 1257 nantes
1125 1216 1206 1258 omne
1220 1203 1323 1270 vitium,
1333 1205 1438 1262 edumei
1453 1206 1481 1262 in
1495 1222 1608 1264 ornnem
1621 1210 1808 1280 perfectionem

162 1314 235 1368 mus,
254 1298 320 1371 quid
334 1297 440 1374 aqimus
459 1313 467 1352 r
488 1310 541 1369 qqo
561 1295 700 1368 pergimus
714 1292 832 1364 impulsu
846 1299 958 1363 uatnrae,
1013 1285 1213 1346 intenderenon
1224 1291 1354 1361 valentes,
1366 1292 1488 1350 Salvator
1495 1295 1552 1354 sit:
1568 1295 1808 1364 Qnibnhetmco·

163 1401 220 1459 quo
234 1402 268 1445 ex
290 1385 376 1443 libere
396 1383 547 1455 voluntate,
567 1398 622 1456 qno
644 1384 742 1439 ducatu
764 1380 858 1454 gratiae
881 1381 958 1437 nohis
1015 1375 1083 1432 dulc
1099 1393 1172 1445 mec,
1196 1384 1226 1434 et
1244 1387 1336 1458 semet
1360 1397 1414 1452 eu,
1432 1383 1478 1439 hie
1503 1388 1547 1442 est
1574 1384 1628 1458 qui
1653 1401 1701 1443 ose
1724 1386 1808 1460 diliqr't

163 1474 244 1532 (Μ
1015 1465 1106 1535 (ioan.
1122 1482 1182 1533 xiv,
1207 1469 1264 1540 at).
1285 1470 1398 1529 hmator
1419 1472 1468 1527 [lei
1490 1471 1619 1529 inimicus
1638 1484 1684 1530 est
1706 1477 1807 1542 mnndi3

200 1567 228 1621 2.
243 1563 290 1621 list
304 1563 385 1620 etiam
398 1561 496 1635 triplex
514 1559 627 1617 directio
646 1558 736 1616 cordis
754 1559 838 1614 nostri
857 1572 957 1615 seeun—
1013 1556 1140 1627 quoniam
1156 1555 1257 1614 amicus
1271 1560 1375 1626 mundi,
1397 1559 1524 1618 inimicus
1537 1569 1581 1617 est
1605 1563 1670 1618 Dei.
1693 1564 1809 1620 luinims

165 1654 227 1711 dnm
247 1653 410 1710 sententiam
432 1649 642 1722 Scripturarum.
659 1649 746 1704 Prima
764 1653 806 1703 est
820 1646 852 1702 ad
873 1648 958 1702 mum
974 1631 997 1711 Β
1014 1657 1047 1699 ax
1060 1645 1151 1715 eorde,
1166 1646 1201 1700 de
1215 1647 1326 1704 inimico
1340 1648 1414 1705 nulla
1431 1649 1530 1722 gandia
1544 1651 1675 1725 suscipit,
1691 1653 1744 1708 nisi
1757 1671 1808 1710 curn

165 1750 221 1798 tnta
234 1741 385 1808 conversio,
400 1739 472 1796 sicut
486 1737 635 1811 exquirite
649 1737 749 1808 populo
763 1751 813 1793 suo
828 1734 958 1791 Dominus
1014 1744 1076 1785 eum
1097 1731 1170 1788 videt
1183 1747 1354 1805 oppressum,
1368 1744 1414 1791 aut
1439 1751 1502 1793 eum
1523 1737 1667 1807 potentior
1690 1739 1808 1796 factuain

163 1847 212 1902 per
222 1831 380 1901 prophetam
389 1826 888 1883 dicentem:convertiminiodmeirt
899 1827 958 1881 tolo
1012 1820 1137 1876 exsilium
1156 1825 1263 1880 tradere
1288 1832 1334 1882 aut
1357 1824 1506 1884 interficere
1528 1829 1631 1898 potuit.
1659 1829 1715 1887 ilie
1738 1839 1810 1903 typus

164 1917 247 1974 eorde
260 1921 350 1972 vestro
365 1915 442 1986 (ioel.
457 1929 489 1982 tt,
501 1914 560 1986 te).
575 1914 622 1970 ille
636 1911 769 1985 siquidem
785 1913 819 1967 ad
833 1913 920 1967 Deum
930 1911 958 1967 in
1013 1925 1066 1980 quo
1081 1910 1182 1969 foedere
1198 1927 1259 1970 cum
1282 1915 1382 1972 saeculo
1405 1914 1467 1987 quis
1488 1915 1661 1992 astringatur
1686 1920 1809 1974 ostendit.

94 2061 98 2069 ,
164 2005 314 2064 totocorde
333 2005 508 2071 convertitur,
523 2003 570 2075 qui
592 2003 627 2058 ah
649 2000 724 2075 omni
744 1999 846 2058 melitis
866 2016 958 2057 rerum
1012 2001 1124 2055 Amator
1147 2000 1187 2057 sic
1205 2019 1238 2059 ex
1261 2002 1343 2060 corde
1366 2003 1487 2076 perfecto
1505 2019 1559 2060 uon
1585 2005 1661 2077 sapit
1684 2009 1753 2081 alta,
1770 2009 1810 2064 sed

163 2092 382 2166 corruptibilium
398 2109 432 2149 ex
455 2101 512 2150 toto
534 2092 617 2148 corde
632 2091 718 2163 primo
741 2089 881 2149 avertitur.
897 2090 958 2147 Nou
1012 2090 1146 2144 consentit
1160 2091 1309 2148 humilibus
1325 2110 1332 2146 ε
1348 2101 1376 2147 et
1389 2103 1535 2163 occupatus
1550 2092 1581 2148 in
1596 2093 1672 2165 ipso,
1693 2096 1729 2152 ad
1742 2098 1811 2166 judi·

163 2191 254 2257 potest
268 2183 402 2256 quispiam
425 2181 459 2237 ad
477 2183 566 2238 Deum
581 2188 638 2237 toto
659 2179 741 2236 eorde
754 2180 884 2248 converti,
906 2178 958 2235 nisi
1011 2174 1052 2232 eiu
1067 2177 1207 2234 hominurn
1230 2193 1286 2235 non
1306 2179 1420 2239 vacabit.
1444 2182 1506 2237 Non
1530 2181 1715 2240 meditabitur
1738 2202 1811 2257 praru

162 2272 197 2328 nh
210 2271 284 2328 omni
299 2272 399 2329 mundo
421 2270 502 2329 luerit
520 2278 582 2326 ante
606 2285 730 2328 aversus.
748 2269 884 2342 Equidem
904 2270 956 2324 im-
1012 2265 1045 2322 de
1069 2266 1149 2322 rectis
1168 2283 1177 2323 a
1195 2283 1248 2325 non
1271 2271 1439 2325 contendet:
1465 2284 1521 2327 non
1548 2269 1691 2329 invidebit
1712 2274 1748 2329 iis
1769 2275 1810 2347 qni

161 2360 324 2433 plicamenta
342 2367 448 2416 terrena
462 2375 516 2416 non
542 2359 633 2414 sinunt
654 2359 791 2415 hominem
810 2361 843 2414 ad
868 2359 957 2416 Deum
1011 2357 1128 2412 humana
1163 2358 1342 2429 prosperitate
1376 2357 1529 2429 potiuntur.
1557 2359 1605 2417 Ad
1634 2362 1810 2433 aptitudinem

161 2446 241 2521 plena
262 2453 354 2505 mente
378 2447 510 2505 converti.
535 2447 683 2505 Conversio
702 2448 793 2504 totalis
817 2447 851 2502 ad
869 2449 957 2504 Deum
1010 2445 1093 2501 nostri
1110 2444 1167 2500 oris
1188 2453 1227 2503 cst
1241 2445 1404 2517 proterenda
1423 2448 1559 2520 purgatio,
1576 2458 1609 2505 ut
1631 2450 1704 2507 nihil
1720 2452 1811 2523 impar·

161 2535 251 2594 cordis
263 2535 411 2595 commeat
425 2535 551 2593 alienatio
564 2553 580 2592 a
598 2537 708 2604 seculo,
723 2551 740 2591 a
758 2535 849 2606 seipso
864 2553 871 2601 ;
887 2543 915 2591 et
928 2535 956 2591 in
1011 2532 1098 2587 tinens
1113 2549 1146 2588 ex
1161 2549 1193 2590 eo
1208 2534 1383 2607 proferatur:
1401 2541 1427 2592 et
1442 2535 1596 2593 moderatio
1615 2536 1645 2594 in
1660 2539 1709 2594 his
1718 2541 1811 2595 hahes·

160 2625 218 2682 Deo
237 2624 304 2681 ferri
316 2640 366 2698 per
380 2625 516 2694 virtutem,
532 2633 558 2681 et
577 2625 605 2682 in
619 2625 677 2699 ipso
689 2624 829 2697 quiescere
852 2640 900 2694 per
915 2624 957 2679 in·
1009 2629 1054 2676 tur
1068 2637 1129 2693 quae
1143 2620 1235 2678 dicere
1256 2623 1403 2681 necessitas
1429 2622 1489 2696 ipss
1510 2625 1659 2696 compellit,
1686 2629 1809 2700 qnonim

160 2712 294 2770 visibilem
319 2725 451 2771 remotam
473 2714 555 2770 animi
584 2729 692 2785 pacem.
717 2713 766 2769 td
788 2713 875 2767 Deum
899 2719 956 2768 toto
1009 2723 1057 2779 per
1077 2708 1242 2780 Sapientiam
1265 2711 1372 2778 dicitnr,
1391 2712 1445 2782 ortt
1462 2710 1636 2772 moderetur
1658 2715 1742 2774 labin
1753 2735 1810 2788 sun,

159 2802 242 2859 eorde
264 2817 411 2858 conversus
434 2802 582 2858 delectatur
601 2802 627 2855 in
652 2800 710 2872 ipso
727 2818 734 2855 z
751 2799 774 2855 si
795 2799 860 2871 quid
884 2800 956 2854 ultra
1005 2797 1248 2868 prudentissimus
1263 2805 1306 2856 est
1320 2800 1413 2871 (Pron.
1429 2816 1457 2872 x,
1474 2802 1528 2871 ts).
1543 2803 1578 2858 Et
1592 2803 1659 2858 nihil
1671 2804 1703 2858 in
1719 2821 1755 2862 eo
1769 2823 1812 2878 ap

160 2889 317 2946 delectabile
331 2891 417 2963 possit
440 2890 570 2961 accipere,
593 2904 648 2945 non
671 2888 792 2960 inquirit.
814 2888 956 2944 Existimat
1011 2886 1073 2951 tius,
1093 2903 1174 2959 qnam
1189 2890 1307 2961 propriae
1321 2890 1518 2958 accusationes,
1536 2891 1685 2959 orationes,
1704 2895 1811 2962 leudes,

161 2978 359 3034 inemendabile
374 2980 511 3047 damnum,
528 2978 551 3032 si
575 2979 609 3032 ad
623 2978 718 3032 horam
734 2978 767 3031 ah
781 2991 814 3032 eo
835 2976 955 3032 deflexe—
972 2948 995 3028 Β
1010 2973 1214 3032 henedictiones
1241 2977 1278 3032 ad
1301 2977 1423 3035 omnium
1453 2989 1616 3050 crmtorem;
1639 2989 1667 3035 et
1695 2982 1813 3041 humilis

163 3064 199 3121 rit
220 3065 385 3120 invisibilem
407 3063 563 3121 interiorem
581 3065 686 3132 visum,
709 3070 736 3119 et
758 3063 905 3121 deflectens
928 3065 955 3121 in
1010 3077 1112 3130 aetrno,
1128 3064 1551 3136 verecundus,erhortttirvs,ad
1566 3069 1736 3138 proximum
1753 3089 1812 3144 pro-

162 3151 216 3208 alio
231 3152 392 3223 apostasiam
407 3157 535 3223 operatus
550 3158 601 3206 est.
1010 3161 1115 3221 matur3
1136 3170 1191 3210 uon
1207 3155 1235 3211 in
1248 3157 1423 3235 contentione
1437 3159 1486 3215 ant
1498 3157 1701 3231 disceptatione
1716 3165 1811 3219 verho-

199 3241 367 3297 sescenta
385 3251 426 3297 est
440 3249 494 3297 tota
508 3240 654 3308 confessio,
669 3249 699 3297 ut
716 3238 841 3298 Psalmns
859 3240 955 3298 decla·
1010 3260 1080 3309 rum,
1097 3260 1151 3300 non
1169 3244 1197 3300 in
1221 3246 1442 3317 presumptione,
1465 3248 1511 3303 sed
1531 3247 1558 3303 in
1582 3250 1659 3306 omni
1685 3267 1811 3308 mansne·

163 3338 215 3398 rat,
230 3329 324 3386 dicens
340 3346 346 3386 :
369 3330 526 3402 Confitehor
541 3329 604 3396 tihi,
615 3332 744 3401 Domine,
754 3332 787 3386 io
802 3329 957 3389 totocorde
1012 3331 1106 3388 tudine
1120 3333 1214 3403 animi,
1231 3340 1258 3389 et
1272 3334 1404 3392 suavitate
1418 3332 1532 3408 tingue.
1546 3336 1645 3392 Tutius
1661 3347 1756 3396 taumn
1772 3349 1809 3396 est

161 3434 232 3476 meo.
252 3419 316 3474 Haec
330 3435 414 3492 porro
429 3418 564 3476 consessio
578 3419 606 3474 in
621 3429 735 3489 exceptu
756 3435 771 3474 a
790 3424 817 3474 te
833 3419 957 3490 deprimit
1011 3420 1103 3477 audire
1126 3438 1205 3493 quam
1226 3422 1330 3488 dicere;
1352 3421 1462 3495 erudiri,
1483 3438 1567 3498 quam
1590 3426 1713 3483 erudire.
1739 3429 1809 3484 Latet

161 3508 298 3566 miseriam
322 3525 384 3582 quae
401 3510 540 3581 peccando
563 3508 737 3574 contrahitur,
761 3517 789 3566 et
813 3507 881 3564 nibil
906 3508 958 3565 sihi
1012 3512 1149 3567 interdurn
1162 3511 1277 3567 blandus
1295 3511 1403 3568 daemon
1427 3511 1456 3568 tn
1479 3512 1646 3585 proterendo
1659 3530 1807 3585 sermones,

160 3598 236 3655 novit
250 3597 304 3653 nisi
324 3597 416 3655 omnia
437 3596 509 3654 mala
528 3597 657 3665 tribuere,
678 3598 735 3654 Deo
761 3604 850 3653 autent
874 3596 958 3654 ralert
1012 3599 1155 3671 exquibus
1169 3600 1237 3655 salet
1258 3615 1331 3672 saepe
1354 3600 1426 3657 isms
1448 3602 1613 3660 detestanda
1636 3613 1666 3661 et
1689 3607 1809 3663 vanitatis

159 3686 403 3753 omnemdaudem,
420 3688 531 3761 qratiam
546 3693 574 3743 et
597 3686 812 3743 benedictionem
834 3693 884 3742 :et
896 3702 958 3742 om·
1011 3706 1075 3746 aura
1088 3688 1208 3761 captari3
1233 3696 1260 3748 et
1273 3688 1388 3762 Spiritus
1409 3699 1519 3748 mamus
1542 3707 1598 3749 nos
1620 3700 1714 3765 wan«,
1738 3712 1807 3766 qno·

159 3773 206 3830 nie
219 3774 332 3832 bonaei
352 3775 446 3832 tribuit
469 3791 552 3849 aquo
576 3783 673 3833 cuncta
699 3777 851 3849 procedunt
874 3776 956 3832 horre.
1010 3777 1082 3834 niem
1096 3781 1141 3834 cir·
1157 3778 1302 3850 linqueres
1315 3795 1373 3837 noo
1392 3779 1535 3852 dirlpetnr
1553 3782 1590 3840 iss
1614 3786 1693 3841 ἰῆτο
1716 3782 1805 3853 (Paci.

160 3863 214 3934 Qui
227 3865 297 3921 hanc
311 3864 510 3923 confessionem
526 3865 601 3920 nouit
614 3865 724 3930 inferre,
740 3865 874 3922 vilescens
892 3865 954 3932 sihi,
1010 3881 1127 3930 nxxxrx,
1145 3867 1203 3937 ta).
1218 3866 1247 3921 Si
1260 3865 1361 3939 aliquis
1373 3875 1474 3940 praeter
1488 3870 1717 3929 necessitatemet
1729 3888 1805 3944 aper·

159 3952 231 4010 unda
244 3952 272 4011 in
286 3951 377 4023 seipso
389 3953 514 4009 exsultet
526 3967 582 4007 non
596 3952 705 4023 reperit,
720 3954 768 4008 sed
781 3954 853 4010 unde
869 3957 958 4028 gemat
1010 3959 1062 4006 mm
1086 3952 1226 4010 utilitatem
1245 3955 1325 4011 etiam
1340 3957 1368 4012 in
1391 3955 1470 4012 honis
1487 3957 1632 4015 auditores
1651 3959 1805 4034 alloquitur,

160 4047 241 4112 atque
255 4039 377 4096 tristetur
387 4042 518 4112 quoniam
532 4055 593 4096 reus
607 4048 648 4096 est
669 4040 775 4096 mortis.
799 4042 892 4096 mlum
907 4057 955 4098 ex·
1009 4054 1118 4112 semper
1139 4041 1241 4114 digitus
1261 4044 1412 4116 prudentie
1437 4045 1473 4101 sit
1497 4061 1582 4118 snper
1607 4062 1643 4104 os
1671 4065 1762 4124 snum,
1775 4065 1806 4105 ne

159 4127 243 4187 tultat
256 4128 285 4184 in
300 4144 333 4185 eo
347 4143 365 4186 a
378 4142 434 4202 quo
452 4129 480 4186 id
494 4129 569 4201 qnod
579 4128 660 4184 habet
675 4129 778 4200 accepit
795 4147 801 4184 :
817 4129 906 4187 necin
924 4145 954 4187 se
1009 4131 1092 4188 verba
1112 4129 1308 4202 indisciplinata
1327 4141 1430 4190 eructet
1444 4143 1492 4190 :et
1512 4150 1578 4191 eum
1606 4135 1698 4194 David
1723 4140 1751 4195 in
1763 4140 1805 4194 bae

161 4219 232 4292 ipso,
247 4216 299 4275 sed
312 4217 341 4274 in
354 4219 412 4276 Deo
434 4218 575 4294 gloriatur.
591 4217 665 4273 ldem
683 4224 711 4274 et
725 4217 856 4276 indivisus
868 4217 955 4276 iactus
970 4247 994 4326 Β
1008 4218 1109 4274 virtute
1123 4219 1253 4289 societur,
1269 4220 1316 4292 qni
1334 4221 1450 4289 dicebat,
1466 4223 1545 4291 otei,
1564 4225 1738 4284 Custodiam
1751 4227 1804 4283 sta

159 4316 202 4366 est
221 4308 249 4364 in
271 4307 412 4380 prosperis
435 4316 463 4364 et
487 4305 633 4367 adversis:
650 4323 734 4380 quem
752 4323 804 4366 nec
825 4322 955 4379 prospera
1001 4323 1094 4375 meas,
1106 4311 1140 4364 at
1153 4324 1211 4366 nost
1225 4308 1387 4384 delinquam
1401 4311 1544 4384 inlisaque
1562 4328 1630 4370 msa
1649 4333 1663 4372 .·
1673 4315 1804 4388 potarat

159 4395 302 4467 extollunt,
317 4412 367 4455 nec
379 4396 492 4454 adversa
513 4396 650 4471 frangunt.
665 4397 723 4455 Nec
737 4396 864 4454 alteratur
879 4413 955 4455 meua
1007 4413 1068 4455 meo
1082 4396 1252 4462 custodium,
1263 4414 1329 4455 eam
1338 4401 1645 4473 semisterstpeecntor
1655 4403 1801 4463 mmmm

158 4484 280 4557 ejusqui
300 4484 401 4543 intuto
414 4487 498 4544 corde
524 4487 583 4543 Deo
605 4484 757 4555 confitetur,
771 4485 836 4558 quin
859 4487 954 4543 Domi-
1007 4487 1152 4560 semem.
1168 4500 1286 4558 xxxvnt,
1303 4490 1329 4555 l,
1346 4489 1387 4557 2).

159 4587 224 4629 nam
241 4571 271 4628 iu
284 4575 357 4631 omni
375 4581 497 4650 tempore
518 4575 673 4646 benedicat,
687 4584 716 4631 et
737 4586 841 4633 arnotn
863 4577 955 4633 cordis
1044 4579 1070 4634 b.
1085 4577 1213 4633 Honeste
1227 4584 1317 4632 autern
1340 4578 1480 4635 hominurn
1503 4578 1630 4636 actiones
1649 4597 1710 4639 non
1732 4581 1802 4637 aliter

158 4672 320 4736 excecatus,
334 4671 410 4720 extra
434 4667 515 4723 etiam
537 4665 691 4722 communia
711 4665 875 4732 hominibus,
900 4666 955 4724 vite
1008 4682 1087 4739 quam
1101 4666 1134 4721 ah
1149 4666 1263 4721 honesto
1278 4666 1360 4722 corde
1384 4668 1528 4738 adjuvante
1546 4667 1643 4726 dirivm
1666 4671 1802 4746 gratissi

69 4770 72 4775 ·
158 4748 290 4819 modom,
327 4750 419 4825 lingua
452 4753 588 4810 Christum
624 4754 770 4811 Dominum
800 4753 951 4826 confitetur,
1007 4755 1157 4829 perlegam
1179 4754 1277 4811 Christi
1303 4755 1473 4828 procedunt3
1488 4764 1519 4812 nt
1537 4764 1581 4813 est
1597 4760 1727 4815 omnium
1742 4773 1802 4814 ses·

157 4840 308 4899 abhorrens
335 4857 396 4914 qum
428 4843 588 4910 abhorruit,
617 4843 783 4914 amplectens
810 4860 871 4917 quoe
894 4845 954 4916 ipse
1006 4860 1086 4902 suurn
1100 4847 1203 4900 sincera
1225 4844 1359 4911 custodia,
1384 4861 1418 4901 ne
1438 4847 1502 4919 qnid
1522 4860 1638 4918 pereas
1653 4849 1803 4922 improbum

156 4930 285 5005 amplecti
303 4930 431 5007 dignatus
458 4943 508 4990 est.
537 4932 628 4988 Tertia
655 4943 697 4990 est
723 4933 836 4990 directio
862 4933 953 4990 cordis
1005 4935 1040 4990 ad
1054 4933 1171 4989 animam
1195 4931 1320 4987 illabatur
1335 4950 1343 4986 :
1358 4945 1385 4989 et
1402 4948 1493 4991 mores
1515 4935 1678 5005 compositi,
1699 4952 1735 4992 ne
1756 4949 1803 4990 no-

155 5019 253 5087 nostri,
286 5029 472 5080 consummata
504 5022 621 5091 dilectio,
650 5029 680 5078 nt
710 5022 797 5079 heum
828 5039 862 5081 ex
897 5032 953 5080 toto
1006 5022 1102 5078 tabiles
1129 5018 1196 5075 liant
1224 5035 1258 5076 ea
1284 5021 1471 5094 singularitate
1497 5021 1617 5089 vivendi,
1646 5024 1716 5081 tales
1744 5023 1800 5085 rint,

155 5110 237 5169 corde
251 5110 407 5185 diligamus.
430 5113 490 5168 Non
507 5111 561 5168 erit
579 5121 669 5168 sutem
684 5113 744 5184 ipsa
766 5124 953 5170 consummata
1006 5111 1100 5185 quales
1120 5110 1197 5166 decet
1221 5104 1456 5176 servum'Christi,
1479 5125 1597 5183 superna
1614 5126 1676 5169 non
1700 5119 1804 5170 terrent

154 5200 278 5272 dilectio,
293 5201 412 5261 sicorda
431 5202 572 5263 hominnm
595 5202 712 5276 quedam
734 5201 871 5259 dubietate
888 5209 950 5259 tan-
1005 5209 1115 5274 captare
1137 5201 1281 5256 volentem.
1296 5199 1358 5257 Non
1376 5201 1544 5257 conversatio
1563 5200 1742 5275 importuna,
1763 5200 1805 5258 ssd

155 5299 266 5365 puntm.
289 5364 292 5369 .
1005 5306 1067 5350 rara
1080 5304 1130 5363 pro
1144 5286 1305 5344 necessitate
1319 5287 1428 5360 propria
1440 5288 1485 5345 vel
1497 5288 1648 5346 mmmuni.
1664 5287 1730 5348 hon
1743 5305 1805 5348 cns·

190 5381 218 5436 t.
234 5380 288 5437 cnr
301 5396 369 5456 ergo
383 5382 412 5440 in
421 5383 472 5440 hac
486 5383 539 5442 vita
553 5390 609 5440 tam
618 5398 748 5456 expresse
761 5382 950 5453 mandabatur,
1005 5396 1078 5447 rosa,
1093 5375 1148 5436 nou
1162 5378 1271 5451 signata
1289 5376 1498 5452 hypocritalibus
1518 5378 1600 5449 notis,
1628 5393 1746 5439 omnem
1757 5380 1807 5436 da·

154 5463 285 5527 tiinvis
296 5470 407 5530 velutin
420 5472 508 5544 petris
522 5487 577 5535 nou
586 5471 737 5545 impletur?
751 5472 806 5530 Sed
817 5472 948 5546 optimam
1007 5469 1155 5542 plicitatam
1193 5469 1221 5524 et
1256 5464 1444 5539 obliquitatem
1473 5466 1645 5541 mindam,
1683 5468 1810 5541 sabim
