3706 5962
134 158 186 223 551

703 149 895 214 mactatos
914 149 960 210 llE
978 151 1204 215 CONSlllllNle.

1728 160 1782 221 552

133 289 251 350 scentes,
266 278 476 347 reminiscimur,
496 277 561 334 dum
577 276 701 335 sidentes
715 291 771 334 non
799 274 927 349 pervide·
943 289 967 370 st
984 276 1102 349 diseias
1117 274 1257 335 creaturis.
1273 278 1344 334 Dum
1359 277 1433 335 enirn
1453 280 1526 335 Deus
1536 279 1564 335 in
1583 280 1710 338 omnibus
1722 283 1783 340 suis

135 388 205 439 mus,
222 377 249 426 et
261 369 425 442 aspicientes
437 383 492 424 non
508 365 701 439 perspicimus,
714 375 741 423 51
754 365 926 423 intendentes
984 365 1111 437 operibus
1122 366 1270 423 mirabilem
1295 367 1443 435 inveniunt,
1459 368 1523 442 quid
1554 369 1653 427 mirum
1671 371 1695 427 si
1718 372 1782 427 nbi·

136 475 190 518 non
204 466 393 533 penetramus,
408 457 496 514 donec
509 457 607 512 iterum
633 454 805 512 meditatione
831 468 927 509 assur-

136 565 235 625 gamus
245 548 272 604 in
283 545 786 619 contemplationem,contemplatione
797 544 824 598 15
838 541 927 598 admi-

135 640 277 705 rationem,
292 635 472 694 admiratione
481 634 510 691 in
524 634 623 692 mentis
634 634 835 690 alienationem.
852 630 931 688 lieri·

135 729 198 784 tatis
212 725 406 798 contemplatio
418 725 445 780 in
462 727 512 782 555
534 726 589 780 5115
607 725 760 792 inchoatur,
776 723 824 778 sed
838 721 866 776 15
889 721 931 777 15-

135 824 199 874 tura
210 819 271 891 jugi
283 814 463 888 perpetuitate
479 815 639 871 celebrator.
659 814 711 870 Per
729 811 849 869 ueritatis
863 825 930 867 con-

135 905 339 979 templationem
356 904 569 960 eruditnrhomo
584 902 618 957 ad
639 902 786 971 justitiam,
799 914 931 955 consum·

981 470 1034 526 555
1047 454 1170 512 mirando
1191 460 1362 524 venerantur,
1385 455 1539 514 venerando
1562 457 1697 515 mirantur
1720 476 1782 516 ma·

980 543 1378 619 55511551555555511115551
1396 547 1410 604 1
1433 547 1576 603 155551551
1598 548 1702 621 115555,
1726 564 1782 606 555

981 632 1111 690 5515515
1125 635 1255 691 creaturis
1268 634 1445 705 incorporeis,
1458 636 1504 692 sed
1519 636 1599 692 etiam
1622 637 1650 693 in
1669 645 1783 695 creatu-

983 720 1021 777 ris
1035 723 1184 793 corporeis,
1196 722 1267 778 unde
1287 722 1430 791 mirentur,
1454 724 1526 779 unde
1548 723 1701 782 Creatorem
1733 742 1781 782 ea·

983 825 1043 867 ram
1056 810 1138 884 digne
1157 819 1327 867 tenerentur.
1348 811 1412 867 llaec
1433 811 1522 866 omnia
1535 813 1638 884 jugiter
1662 821 1783 871 contem·

984 899 1100 973 plantor,
1125 899 1340 971 contemplantes
1362 899 1514 968 mirantur,
1539 903 1666 960 mirantes
1688 904 1782 961 15155-

134 1003 223 1051 55155
241 995 275 1050 ad
300 992 424 1067 gloriam.
449 992 540 1049 Gratia
564 989 798 1062 contemplationis
830 987 932 1044 coreb
983 996 1038 1046 tnr.
1064 989 1200 1046 Laetantur
1232 988 1266 1045 dc
1298 988 1388 1045 divina
1416 989 1641 1062 contemplatione
1664 1007 1782 1065 congra-

134 1084 208 1141 omni
228 1083 362 1138 mundano
376 1097 468 1137 amore
482 1097 536 1136 non
555 1082 642 1137 solum
657 1078 794 1143 emundat,
805 1076 852 1132 sed
865 1092 931 1132 555·
985 1078 1147 1135 tulantnrde
1160 1085 1252 1133 mutua
1273 1078 1387 1153 visione,
1403 1080 1533 1137 mirantur
1551 1080 1578 1136 in
1603 1098 1692 1139 rerum
1713 1098 1778 1139 cor-

134 1172 246 1242 ctificat,
263 1180 290 1229 et
299 1172 420 1227 animum
432 1171 466 1226 ad
476 1170 628 1226 coeleslium
639 1184 760 1225 amorem
775 1167 931 1223 inflammat.
985 1168 1119 1242 paralium
1131 1166 1324 1238 speculatione.

134 1261 188 1333 Qui
204 1261 296 1319 divina
312 1260 489 1332 inspiratione
509 1267 535 1317 et
546 1258 711 1315 revelatione
720 1257 753 1312 ad
764 1255 933 1328 contempla·
1022 1262 1066 1313 88.
1083 1257 1223 1314 Discamus
1233 1264 1259 1312 et
1277 1272 1327 1313 nos
1345 1258 1557 1329 contemplantes
1568 1258 1671 1325 mirari,
1682 1269 1709 1314 et
1722 1259 1777 1314 mi·

135 1352 217 1410 tionis
227 1351 341 1424 gratiam
354 1358 540 1422 promovetur,
563 1348 695 1422 quasdam
714 1346 807 1404 arrhas
834 1345 932 1402 iuturae
985 1354 1075 1404 rantes
1089 1345 1274 1418 contemplari,
1289 1346 1425 1419 quomodo
1445 1345 1518 1402 illius
1539 1362 1666 1419 superna
1693 1348 1780 1404 beati-

135 1441 209 1499 illins
235 1438 414 1513 plenitudinis
428 1441 533 1511 accipit,
550 1438 597 1494 ubi
616 1437 786 1509 sempiternae
810 1443 932 1491 contem·
949 1467 970 1545 B
987 1437 1088 1494 tudinis
1102 1436 1174 1493 cives
1188 1439 1280 1491 omnia
1295 1436 1418 1508 qnaesub
1433 1435 1500 1507 15515
1520 1444 1582 1493 5551
1594 1435 1782 1493 indesinenter

133 1529 246 1604 plationi
256 1536 390 1603 perpetuo
404 1527 555 1584 inlraercbit.
567 1525 622 1596 Qui
635 1542 699 1586 vero
713 1522 932 1597 contemplationi
984 1525 1127 1598 aspiciunt,
1143 1524 1318 1596 omniumque
1331 1540 1393 1596 5515
1406 1524 1440 1581 55
1455 1525 1510 1605 5115Ι
1526 1524 1626 1593 vident,
1648 1525 1780 1583 rationem

134 1618 255 1680 veritatis
269 1618 325 1678 5511
339 1633 447 1687 vacare,
463 1632 576 1674 necesse
600 1625 642 1672 est
664 1623 694 1671 nt
718 1615 805 1669 discat
818 1613 931 1684 requie·
985 1625 1012 1672 et
1034 1615 1154 1673 ordinem
1181 1615 1440 1686 comprehendunt;
1465 1615 1602 1686 quomodo
1623 1614 1657 1670 de
1687 1622 1780 1671 mutue

134 1722 223 1780 scere,
253 1722 309 1764 non
336 1707 425 1763 solnm
444 1707 478 1762 ab
509 1705 635 1777 operibus
661 1702 749 1769 malis,
778 1701 930 1760 sedetiam
966 1707 1111 1763 ‘societate
1125 1702 1362 1776 indissolubilique
1380 1702 1553 1761 charitatcin
1568 1701 1699 1759 infinitum
1714 1719 1780 1776 gau·

134 1811 151 1853 a
178 1795 387 1868 cogitationibus
423 1793 607 1866 supervacuis.
622 1792 698 1848 1115111
727 1791 859 1863 siquidem
883 1792 933 1847 etsi
983 1794 1074 1860 deant,
1086 1793 1222 1866 quomodo
1235 1792 1262 1849 15
1281 1792 1356 1848 illam
1379 1793 1479 1849 divinae
1499 1791 1626 1850 claritatis
1650 1792 1807 1850 51515555·

135 1885 222 1942 sciant
234 1900 330 1942 vacare
345 1899 472 1957 corpore,
488 1882 600 1939 minime
614 1885 703 1938 15555
717 1881 805 1940 551551
834 1895 931 1938 vacare
984 1884 1173 1941 insatiabiliter
1195 1883 1376 1939 inardescant.
1392 1882 1464 1938 Nihil
1479 1890 1521 1938 551
1532 1881 1687 1952 jucundius,
1712 1882 1781 1938 51511

134 1975 230 2057 corde,
245 1973 394 2031 nescientes
413 1973 502 2030 lacere
521 1972 662 2028 sabbatum
681 1987 715 2027 ex
734 1970 846 2026 sabbato
871 1988 877 2028 :
904 1979 931 2026 et
984 1974 1076 2032 utilius
1101 1975 1186 2047 gratia
1208 1971 1454 2045 contemplationis.
1483 1969 1591 2040 Quanto
1612 1970 1728 2043 5551155
1751 1970 1781 2028 15

134 2062 196 2120 1deo
210 2077 267 2119 non
281 2062 371 2118 551551
385 2060 499 2133 implere
528 2060 601 2132 quod
631 2061 730 2117 dicitur
755 2059 783 2116 15
811 2058 929 2116 Psalmo.
984 2062 1134 2120 coelestium
1147 2060 1372 2133 contemplatione
1397 2059 1546 2129 delectaris,
1577 2065 1605 2116 et
1621 2059 1781 2117 delectando

139 2152 284 2219 75551551
296 2151 387 2208 videte
397 2149 532 2221 qnoniam
544 2166 590 2222 epo
601 2166 663 2206 sam
670 2152 744 2208 Deua
757 2149 845 2222 (Prot.
860 2165 929 2223 xus,
983 2153 1134 2219 admiraris,
1151 2159 1224 2207 tanto
1239 2150 1366 2207 libentius
1394 2149 1555 2217 immoraris,
1570 2155 1643 2206 15515
1665 2147 1782 2223 diligen·

135 2239 191 2313 11).
208 2241 341 2297 Vacantes
360 2240 494 2312 siqnidem
517 2253 641 2310 corpore,
657 2239 704 2294 sed
726 2247 854 2312 vagantes
868 2238 931 2294 551·
983 2242 1036 2299 1155
1048 2240 1234 2313 perscrutaris,
1247 2239 1462 2313 profundiusque
1481 2237 1652 2294 illuminaris.
1668 2237 1781 2308 Semper
1812 2256 1817 2262 ·

134 2344 187 2402 que
201 2328 293 2396 corde,
309 2342 482 2401 nequequam
491 2337 632 2384 merentur
644 2327 737 2385 videre
749 2343 830 2400 quam
843 2326 931 2384 dulcis
982 2329 1079 2387 inillis
1098 2329 1220 2388 invenies
1248 2329 1320 2403 quod
1343 2329 1458 2395 mireris,
1484 2336 1511 2384 et
1535 2328 1608 2385 unde
1627 2318 1781 2385 delecteris.

133 2427 177 2477 est
190 2418 333 2485 Dominus,
356 2427 382 2474 et
409 2433 489 2490 quam
516 2417 606 2474 bonus
621 2416 705 2474 lsrael
734 2418 807 2475 Deus
835 2417 867 2473 iis
884 2418 930 2490 qai
982 2422 1121 2493 Nusquam
1136 2429 1176 2477 est
1190 2418 1328 2491 copiosior
1341 2418 1454 2474 materia
1476 2417 1636 2486 admirandi,
1662 2426 1689 2476 51
1712 2432 1782 2473 555-

133 2506 929 2580 55515555155515(15555555,1).1511555155ο(1555155
983 2527 1063 2583 qoam
1082 2511 1173 2566 utilior
1187 2525 1269 2565 causa
1288 2508 1448 2566 delectandi.
1469 2508 1500 2562 ln
1519 2507 1561 2562 515
1576 2523 1643 2580 ergo
1671 2521 1780 2579 semper

134 2597 258 2655 derident
281 2597 500 2654 sabbataeorum
524 2596 641 2669 (15555.
657 2612 678 2669 1,
698 2595 725 2669 1)
741 2613 748 2665 3
765 2595 853 2667 idest,
868 2596 930 2670 ipsa
981 2600 1017 2657 sit
1039 2608 1086 2657 tua
1116 2599 1260 2656 admiratio
1287 2608 1313 2656 et
1335 2598 1488 2656 delectatio.
1508 2597 1564 2654 Nec
1592 2612 1706 2655 necesse
1729 2596 1783 2652 erit

134 2701 190 2743 suae
209 2686 358 2743 vacationis
379 2686 434 2745 otia
448 2686 476 2742 in
497 2685 676 2757 cogitationes
698 2685 804 2741 inutiles
822 2645 1099 2763 5515-(15115555
1121 2689 1179 2746 aliis
1193 2702 1323 2761 quarere,
1340 2695 1367 2743 et
1379 2704 1428 2760 per
1450 2702 1546 2743 55555
1574 2687 1628 2764 555
1660 2684 1781 2758 11155555

133 2774 214 2844 5551,
224 2782 250 2830 51
263 2774 399 2847 perderis
414 2789 530 2847 quaeque
545 2789 614 2848 vago
624 2775 743 2843 incessu,
759 2773 818 2831 sine
832 2790 930 2846 respe-
983 2778 1182 2853 cogitationum
1196 2776 1384 2853 evagationem
1400 2778 1564 2834 discurrere.
1588 2776 1676 2834 Deum
1699 2791 1779 2831 nam-

133 2870 178 2923 515
193 2862 375 2936 perventionis
388 2863 490 2935 passim
506 2862 561 2920 555
576 2871 603 2919 51
615 2863 679 2920 11155
691 2870 832 2934 vagantur.
862 2865 930 2920 Ani-
983 2884 1037 2943 qne
1062 2882 1239 2943 cognoscere,
1257 2866 1398 2942 plenitudo
1420 2877 1461 2923 est
1489 2866 1620 2923 scientiae.
1637 2863 1781 2924 Plenitudo

132 2968 195 3010 mus
217 2968 311 3010 eorum
343 2953 374 3008 15
392 2953 498 3010 diversa
526 2952 638 3025 rapitur,
663 2959 785 3011 515555
812 2955 839 3009 15
862 2955 931 3011 5555
983 2966 1076 3015 autem
1103 2959 1186 3029 hujus
1210 2957 1338 3026 scientiae,
1361 2956 1499 3028 plenitudo
1515 2964 1556 3013 est
1578 2955 1682 3030 gloria.
1706 2954 1779 3011 Con·

132 3049 249 3116 partem,
266 3059 338 3101 nunc
358 3036 387 3098 15
403 3043 478 3100 illam
492 3043 669 3100 discurrendo
684 3042 751 3099 mira
766 3043 884 3116 agilitate
902 3044 930 3100 15
984 3047 1127 3106 summatis
1140 3047 1245 3119 gratim,
1260 3047 1425 3119 perpetuitas
1453 3044 1525 3104 ritae.
1542 3045 1583 3102 Ad
1611 3045 1695 3117 hujus
1715 3060 1781 3102 vero

131 3131 267 3190 contraria
281 3133 381 3206 agitur.
983 3137 1103 3196 scientiae
1126 3135 1323 3210 plenitudinem
1339 3150 1408 3209 opus
1427 3144 1468 3193 551
1489 3135 1577 3207 551155
1592 3126 1684 3192 intima
1710 3149 1782 3192 com·

168 3224 214 3279 at.
230 3222 282 3293 Sic,
299 3225 338 3280 sic
352 3222 480 3296 quamdiu
494 3223 545 3280 555
564 3221 657 3298 egenis
671 3223 753 3294 hujus
767 3224 862 3281 mundi
874 3225 930 3283 ele·
983 3227 1139 3301 punctione,
1151 3241 1230 3299 quam
1244 3224 1380 3300 protunda
1393 3225 1602 3301 investigatione
1619 3243 1627 3294 ;
1642 3223 1780 3298 suspiriis,

73 3305 76 3309 ’
132 3309 729 3380 55511531185151555511551115515555155
747 3314 817 3372 ultra
830 3316 931 3388 gaudia
984 3332 1066 3390 quam
1079 3315 1246 3390 argumentis
1262 3335 1268 3383 ;
1295 3315 1399 3373 crebris
1428 3315 1671 3385 lamentationibus,
1700 3330 1782 3387 quam

132 3408 228 3459 nostra
251 3403 431 3473 extendimus,
456 3403 521 3475 quia
543 3402 647 3461 15115115
671 3404 751 3477 plura
770 3412 834 3461 sunt
869 3420 930 3478 quae
983 3408 1101 3481 55515515
1119 3406 1423 3482 argumentationibus3
1450 3406 1587 3479 lacrymis,
1614 3421 1694 3478 quam
1717 3421 1781 3460 sen-

131 3491 526 3565 5555551551555,5555555
539 3491 567 3549 15
581 3491 700 3550 5555115
727 3494 930 3567 apprehendere
985 3499 1094 3570 tentiis;
1124 3498 1257 3567 oratione,
1284 3495 1517 3570 555515511555;
1540 3494 1626 3570 qratia
1645 3495 1780 3567 lacryma·

131 3595 287 3654 55555555.
303 3581 383 3638 115515
408 3581 557 3638 5515551115
577 3597 758 3655 supernorum
786 3583 929 3655 spirituum

131 3669 280 3727 multitudo
295 3668 432 3726 desideria
446 3685 494 3727 555
500 3670 571 3727 ultra
577 3671 740 3744 gaudiorum
754 3688 864 3729 snorum
874 3688 929 3730 non

131 3758 252 3817 extendit
264 3757 473 3830 plenitudinem,
488 3775 548 3832 555
568 3759 703 3818 felicitatis
726 3777 783 3818 555
809 3761 929 3818 infinita-

131 3856 187 3906 tem
205 3847 249 3906 vel
259 3845 467 3905 immensitatem
485 3849 715 3920 comprehendere
734 3849 843 3909 omnino
873 3865 927 3909 non

131 3935 419 3995 catacumbarum
442 3952 537 3995 eornm
557 3938 699 4011 gaudium,
718 3955 773 3997 non
787 3941 875 3999 solnm
893 3943 927 3998 de

984 3605 1053 3659 rum,
1083 3605 1165 3661 quam
1192 3587 1303 3646 55155115
1321 3587 1470 3644 litterarum
1486 3603 1494 3657 3
1519 3585 1670 3643 5551551155
1688 3582 1804 3658 potius

983 3679 1222 3754 contemplatione,
1266 3692 1346 3753 quam
1384 3675 1556 3733 terrestrium
1587 3672 1780 3748 occupatione.

1017 3860 1185 3935 Sequebatur
1198 3857 1243 3915 bic
1258 3854 1496 3915 innocentioribus
1517 3852 1683 3911 editionibus
1710 3850 1783 3908 alius

981 3952 1090 4011 libellos
1103 3946 1323 4018 deConscientia,
1345 3948 1394 4003 sed
1413 3946 1447 4003 ab
1470 3944 1581 4003 Horatio
1603 3943 1698 4001 merito
1731 3957 1781 4000 ex·

131 4025 360 4097 contemplatione
378 4024 526 4098 Crantoris,
541 4027 685 4086 sedetiam
699 4028 734 4086 de
748 4031 929 4101 contemplan·
982 4052 1110 4118 punctus,
1125 4047 1220 4114 utpote
1229 4054 1302 4097 mera
1316 4036 1487 4111 superiorum
1502 4031 1639 4107 repetitio.

127 4184 1770 4225 Μ

549 4401 871 4499 TRACTATUS
898 4406 968 4501 1111
994 4400 1369 4502 CONSCIENTIA.

440 4624 494 4689 au
520 4622 759 4693 aauotosvu
777 4628 971 4704 5555555
993 4628 1151 4694 carnus
1173 4621 1472 4692 5555555515.

797 4799 1105 4818 ψ

140 5007 192 5066 1115
208 5007 421 5065 tractarenon
437 5009 479 5062 est
493 5004 633 5064 bernardo
648 5006 793 5081 irtdipaar,
804 5023 965 5081 quanquam
977 5021 1028 5063 555
1043 5005 1192 5063 1111555555
1205 4996 1682 5067 5151551551551551555555555
1696 5008 1781 5052 soem

632 5079 752 5137 reticeat
766 5079 860 5155 cupit:
876 5080 947 5152 qaod
959 5076 1121 5138 bernardus
1133 5092 1191 5134 nort
1205 5076 1287 5132 solet.

423 5387 631 5451 PROOElllUli.

187 5476 191 5480 ,
946 5380 1300 5484 5555155555111511551
1328 5387 1419 5444 lumen
1445 5385 1576 5454 scientiae,
1605 5381 1781 5442 conscientiae

135 5478 234 5538 Pensa
256 5492 309 5550 me,
331 5478 427 5537 dilecte
448 5480 497 5552 mi,
523 5481 595 5554 qnod
622 5498 704 5553 supra
727 5497 770 5540 mc
798 5490 848 5553 est,
873 5480 929 5542 lmo
984 5485 1141 5557 puritatem.
1156 5478 1188 5540 15
1203 5486 1316 5553 utroque
1331 5475 1444 5550 lallcrls,
1460 5477 1509 5535 scd
1532 5474 1590 5533 lalli
1606 5488 1660 5534 555
1675 5472 1779 5549 credis,
