3706 5962
145 205 199 266 699
827 201 912 263 vltis
931 200 1084 265 utsvlct.
1449 266 1452 272 ,
1740 215 1794 280 'lm

145 331 214 386 dent
242 327 381 385 {auritum
408 329 554 387 devenire?
573 330 637 398 Quis
664 333 692 387 in
715 332 795 387 tantis
820 328 938 386 miseriis
952 339 976 419 Α
992 336 1075 386 tatem
1090 335 1214 404 corporis
1228 336 1386 409 amiserunt,
1402 354 1455 395 non
1469 354 1635 413 quocunque
1650 340 1733 410 ierit;
1747 340 1795 399 sed

147 418 225 474 locus
240 419 337 475 diviuae
358 420 578 491 contemplationi
592 421 769 493 relinquitur?
792 419 938 488 Quomodo
994 436 1156 493 quocunque
1170 425 1222 495 ipsi
1236 433 1373 498 poterunt.
1385 428 1502 486 Possunt
1515 439 1604 486 autem
1621 430 1647 485 in
1662 430 1794 487 omnibns

147 523 195 564 cor
209 524 316 564 sursum
332 509 425 565 haberi
444 502 532 579 polest
559 514 591 566 ad
608 511 763 578 Dominum,
788 510 867 566 tantis
881 525 942 582 qra—
994 508 1147 581 virtutibus,
1167 514 1218 569 uisi
1233 529 1296 571 cum
1312 517 1447 573 indecore
1467 517 1631 591 virginitatis
1645 518 1792 575 inceditur.

148 599 278 655 vitatibus
294 601 482 670 oppressum?
497 599 520 656 0
534 617 615 670 quam
630 604 715 657 beatae
728 600 941 673 virginesque-
994 594 1137 664 Quornodo
1156 606 1227 659 anim
1242 617 1301 676 post
1314 622 1376 661 eum
1391 606 1572 663 ibuntitiuere
1586 607 1727 681 virginali,
1744 608 1793 677 qui

149 706 212 746 rum
228 705 348 761 sponsus
361 689 432 745 ultra
451 692 520 746 mori
534 705 588 746 uon
603 697 701 761 potest,
716 707 829 762 quarum
844 689 901 754 lilii,
915 688 942 744 id
996 686 1039 743 hic
1049 690 1205 757 emiserunt,
1215 696 1287 764 qnod
1302 696 1374 751 nullo
1386 695 1628 765 modorecipiunti
1642 698 1698 753 Vos
1713 712 1791 770 ergo,

150 789 193 835 est
211 778 333 848 virtutes,
351 793 460 847 semper
477 779 579 846 vivunt,
600 779 655 835 bno
679 788 706 835 et
719 781 794 850 ipsas
814 779 847 834 ad
862 778 943 835 vitam
997 789 1014 831 o
1033 776 1152 850 virgines
1167 782 1234 850 ejas,
1252 783 1288 838 ite
1304 792 1364 850 post
1378 799 1449 849 aum,
1464 800 1524 854 quae
1539 793 1651 857 propter
1664 784 1719 842 hoc
1729 801 1795 860 quo-

150 868 317 940 pcrducunt;
334 884 449 938 quarum
463 869 570 925 animus
592 885 647 924 non
670 870 702 923 nd
718 870 824 926 diversa
839 877 945 924 terrena
997 880 1102 939 cunque
1114 867 1188 935 ierit,
1203 871 1346 943 sequimini
1362 889 1436 938 enm,
1452 872 1570 929 tenendo
1585 885 1794 943 perseveranter

152 955 298 1022 descendit,
324 958 502 1027 posteriorum
520 956 636 1013 oblitnsl
652 959 764 1014 Portant
781 959 836 1026 iam
859 954 944 1026 virgi·
997 957 1069 1024 quod
1085 956 1202 1025 vovistis,
1219 959 1346 1016 ardenter
1361 960 1440 1018 facite
1453 962 1527 1033 qnod
1546 962 1669 1034 potestis,
1687 977 1723 1019 ne
1735 964 1795 1019 vir·

151 1059 201 1098 nes
211 1045 297 1100 beatae
310 1045 338 1100 in
354 1056 442 1101 mente
463 1062 514 1102 sua
528 1047 625 1103 ciclum
638 1063 700 1103 cum
726 1044 840 1118 gaudiis,
855 1058 945 1114 quan·
998 1043 1117 1114 qinitetis
1129 1047 1228 1103 bonum
1244 1049 1318 1104 vobis
1333 1056 1433 1119 pereat,
1457 1050 1502 1106 cni
1516 1050 1601 1108 semel
1618 1048 1795 1124 perditae‚ia·

153 1134 613 1206 tumbominisiasest,quodipsns
629 1137 945 1206 praetareaestlaturum.
998 1147 1059 1187 rere
1074 1132 1138 1188 nihil
1152 1137 1275 1206 potestis,
1292 1144 1321 1192 nt
1339 1137 1442 1194 redeat.
1459 1138 1482 1195 0
1502 1146 1602 1211 quanta
1619 1155 1681 1196 cum
1707 1141 1795 1195 admi·

151 1223 213 1280 tam
227 1237 358 1295 vagantur
371 1241 421 1296 per
435 1225 534 1296 gaudia
547 1224 680 1291 coelestia,
697 1232 836 1281 transeunt
849 1222 945 1294 singu-
998 1222 1111 1288 ratione,
1128 1234 1230 1295 quanto
1240 1241 1301 1282 aum
1310 1226 1410 1298 gaudio
1425 1227 1527 1283 videbit
1541 1225 1795 1284 haeresceret

152 1311 245 1368 lariter
263 1314 362 1371 choros
376 1315 592 1371 beatissimorum
611 1314 768 1383 spirbaum,-
778 1313 946 1385 siugulorum
999 1311 1140 1368 multitudo
1149 1323 1313 1386 sauctorum,
1328 1333 1389 1388 quae
1402 1320 1511 1392 Agrium
1525 1317 1558 1371 ad
1573 1318 1631 1373 hoec
1645 1318 1722 1390 sequi
1742 1333 1797 1373 non

153 1402 301 1459 chororum
327 1402 414 1459 oldaia
428 1403 577 1474 singularia
590 1402 720 1475 spiritueli
749 1402 846 1458 mentis
868 1401 946 1458 viva·
999 1402 1105 1469 potestl
1123 1401 1239 1468 Videbit,
1254 1420 1304 1461 uec
1318 1405 1463 1462 invidebit:
1483 1415 1509 1461 et
1532 1404 1693 1462 collaetando
1707 1406 1795 1471 vobis,

153 1491 234 1546 citete
247 1491 424 1563 perspiciunt,
443 1500 472 1548 et
486 1492 666 1564 singularium
694 1491 827 1562 virginum
850 1491 948 1565 gaudia
1000 1489 1073 1560 quod
1088 1490 1219 1548 insenon
1234 1492 1321 1562 habel,
1337 1493 1798 1568 habebitinvehishqunsquippe

154 1579 207 1633 sibi
220 1593 237 1633 a
251 1595 314 1653 roge
328 1589 355 1636 et
368 1596 495 1652 aspouso
510 1580 765 1651 prosperitatibus
780 1579 877 1635 mentis
889 1579 948 1635 avi·
966 1577 1060 1676 Bille,
1076 1595 1155 1650 quom
1168 1597 1217 1636 vos
1232 1598 1395 1652 quocunque
1419 1583 1490 1648 ierit,
1514 1581 1668 1652 sequimini,
1684 1598 1737 1638 nec
1750 1597 1799 1638 ens

153 1666 239 1723 ditate
259 1677 416 1740 degustant,
436 1670 511 1726 nulls
534 1669 653 1724 filiorum
667 1678 831 1725 terrenorum
847 1666 948 1724 sollici·
1003 1664 1117 1732 deseret,
1144 1667 1193 1739 qui
1217 1684 1280 1723 eum
1304 1678 1358 1725 mm
1384 1672 1475 1727 valent
1496 1670 1573 1742 sequi
1604 1685 1659 1740 quo
1681 1685 1733 1727 vos
1748 1685 1799 1741 po·

154 1755 412 1812 tudincremorntae.
1004 1753 1089 1809 testis.
1109 1753 1331 1826 omnipotentem
1360 1760 1471 1831 liguum
1499 1757 1644 1829 loquimur,
1671 1758 1719 1832 qui
1750 1775 1799 1817 vos

1005 1843 1120 1915 praeibit,
1140 1858 1165 1899 et
1181 1844 1214 1898 ab
1233 1845 1273 1902 eis
1287 1862 1342 1901 non
1357 1847 1449 1912 abibit,
1467 1862 1526 1902 cum
1541 1840 1594 1902 erit
1618 1847 1693 1903 Deus
1711 1849 1802 1904 omnia

387 1896 501 1956 CAPUT
516 1898 619 1954 XXXI·
1004 1932 1032 1987 in
1047 1933 1186 2002 omnibus;
1203 1934 1291 2005 etqui
1321 1936 1409 1990 minus
1437 1935 1576 1991 habebunt
1599 1951 1616 1991 a
1644 1935 1733 2001 vobis,
1750 1951 1803 1993 non

193 2016 232 2071 tte
247 2015 338 2074 tribus
346 2011 498 2074 commodis
511 2018 623 2098 suturae
635 2017 713 2084 vitoe,
729 2031 792 2088 qnoe
809 2014 915 2074 obtine-
1005 2020 1153 2077 horrebnnt
1177 2039 1184 2077 :
1210 2023 1255 2079 ubi
1276 2025 1347 2080 euim
1362 2026 1436 2079 nulle
1454 2023 1601 2080 invidentia
1622 2031 1675 2090 est,
1691 2038 1803 2080 concors

435 2087 506 2145 hilm
522 2104 657 2160 virdum-
1004 2117 1046 2166 ast
1060 2110 1221 2169 differentia.
1237 2114 1393 2170 Praesumito
1403 2114 1503 2185 itaque,
1520 2112 1660 2179 confidite,
1687 2113 1803 2170 robora·

194 2207 256 2259 toa.
270 2203 435 2276 Sequemur,
458 2213 484 2261 et
508 2219 559 2260 nos
574 2218 770 2275 prosequamur
791 2202 819 2259 in
835 2200 953 2257 materiae
1006 2198 1072 2254 mini
1086 2210 1113 2255 et
1128 2211 1280 2268 permanete
1304 2202 1334 2256 in
1356 2219 1387 2258 eo
1400 2203 1473 2274 qnod
1495 2201 1617 2267 vovistis,
1641 2211 1669 2257 et
1697 2201 1801 2258 reddite

158 2301 272 2349 tractatu
288 2297 433 2364 propositae
449 2294 500 2350 tria
515 2295 660 2350 commoda
673 2293 772 2349 futurae
787 2293 856 2358 vitae,
874 2290 952 2346 Chri·
1007 2288 1122 2344 Domino
1132 2290 1191 2345 Deo
1204 2299 1294 2348 vestro
1306 2299 1369 2347 vota
1391 2301 1526 2363 perpetuae
1541 2290 1723 2358 continentiae,
1749 2305 1802 2346 non

159 2382 193 2436 sti
207 2382 359 2452 virginibus
387 2382 561 2455 singulariter
593 2397 746 2438 accessura.
775 2380 954 2437 Beatissimae
1008 2385 1111 2433 tentum
1130 2386 1242 2451 propter
1256 2396 1390 2436 aerumnas
1404 2379 1544 2446 praesentis
1558 2378 1653 2435 saeculi
1668 2378 1801 2445 vitandas,

159 2470 278 2525 loannes
291 2471 460 2544 evangelista
473 2472 501 2527 in
512 2471 673 2541 Apocalypsi
692 2488 740 2526 stre
759 2469 827 2525 vidit
846 2469 953 2525 dunda-
1007 2469 1055 2522 sod
1070 2469 1152 2524 multo
1166 2469 1254 2540 magis
1267 2480 1378 2541 propter
1401 2468 1484 2525 futuri
1498 2467 1589 2523 saculi
1613 2465 1727 2523 delicias
1750 2471 1804 2524 sin·

159 2559 215 2614 cies
229 2559 353 2615 duodena
380 2561 467 2616 millia
485 2570 638 2615 sanctorum
663 2560 872 2616 citharoedorum
898 2557 954 2611 illi·
1008 2558 1124 2623 putares,
1139 2571 1208 2625 quas
1222 2557 1301 2611 uobis
1315 2556 1491 2627 spiritualiter
1504 2557 1597 2628 Agnus
1618 2567 1709 2612 noster
1722 2555 1804 2612 Chri·

159 2648 231 2703 batae
246 2648 407 2720 virginitatis
421 2649 447 2703 iu
463 2663 589 2720 corpore,
605 2648 749 2704 viriditatis
776 2648 912 2704 inviolate
926 2646 953 2700 iu
1007 2652 1067 2699 stus
1081 2645 1216 2700 transiens
1230 2644 1402 2703 ministrabit.

161 2739 255 2804 corde,
275 2739 347 2807 quod
362 2745 509 2808 sequautur
519 2739 639 2808 Aquom,
654 2751 787 2807 sponsum
806 2735 953 2807 virginum,
1044 2734 1105 2788 109.
1122 2733 1237 2789 Caveant
1249 2742 1340 2789 antem
1354 2734 1473 2807 virgines
1492 2731 1649 2801 christine
1664 2733 1807 2806 pueriliter

161 2838 322 2895 quocunque
343 2824 404 2879 ierit
430 2826 588 2896 (Aper-stt
608 2826 680 2895 t-t).
713 2825 783 2880 Eece
819 2823 954 2895 virginum
971 2860 994 2939 c
1013 2821 1163 2893 intelligant
1182 2839 1189 2877 :
1205 2822 1243 2877 ita
1259 2833 1287 2877 ut
1309 2823 1394 2878 solam
1410 2822 1591 2897 virginitatem
1618 2823 1732 2878 credant
1755 2821 1805 2877 sibi

161 2912 305 2981 prvemium
319 2913 466 2987 singulare,
481 2928 529 2984 per
548 2914 620 2983 quod
638 2923 762 2984 quartum
778 2912 872 2967 lolium
882 2911 958 2968 horis
1013 2908 1139 2967 sulficere
1164 2911 1197 2965 ad
1222 2911 1391 2981 sequendum
1420 2909 1528 2982 Agrium
1558 2910 1620 2978 Dei,
1643 2925 1807 2983 quocunque

163 3001 214 3055 lilii
235 3001 412 3073 designatur,
426 3001 490 3071 quia
503 3009 655 3071 sequuntur
674 3005 784 3073 Agrium
797 3015 958 3072 qnocunqua
1010 2998 1090 3068 ierit;
1116 3013 1178 3055 curn
1207 3001 1264 3071 ipse
1288 3001 1383 3073 ugnus
1398 3015 1451 3055 uon
1470 3000 1560 3055 solum
1582 2998 1747 3069 virginitatis
1761 3012 1806 3054 se-

162 3089 232 3144 ierit.
248 3087 309 3157 Quo
324 3090 364 3143 ire
378 3091 585 3160 putamushuuc
599 3093 717 3163 rignum,
736 3104 791 3161 quo
815 3104 894 3146 nemo
911 3104 958 3144 se·
1011 3085 1113 3150 mitam,
1127 3084 1184 3142 imo
1199 3086 1281 3143 etiam
1303 3086 1424 3142 omnium
1448 3088 1573 3143 virtutum
1601 3087 1675 3140 viam
1689 3084 1806 3141 incedat.

164 3178 211 3248 qni
222 3178 335 3234 eumvel
346 3178 456 3242 audent,
467 3177 662 3235 velvaleatnisi
674 3179 744 3235 vost
756 3178 955 3248 quamquam,
1011 3171 1124 3240 Oportet
1137 3190 1204 3245 ergo
1218 3174 1351 3245 virginem
1367 3175 1465 3230 Christi
1483 3175 1602 3229 omnium
1618 3173 1745 3231 virtutum
1761 3173 1808 3230 iti-

163 3276 299 3337 putsmus,
315 3281 376 3323 eum
392 3265 451 3322 irei
466 3267 493 3321 in
518 3283 586 3340 quos
600 3265 706 3322 soltus?
732 3267 759 3323 in
775 3283 836 3338 qnae
864 3269 957 3337 prntni

162 3357 229 3411 llluc
244 3359 359 3420 estimo,
375 3355 493 3411 ubisnut
506 3371 568 3411 vera
579 3358 687 3425 gaudia,
704 3356 867 3429 nongaudia
880 3356 958 3424 huius

162 3442 257 3500 irtundi
271 3460 349 3515 vana,
380 3445 484 3508 insana,
509 3444 658 3510 mendacia,
674 3460 725 3499 uec
739 3444 839 3518 gaudia
866 3446 956 3515 qualia

162 3533 189 3588 in
204 3533 264 3603 ipso
278 3548 363 3604 reguo
372 3533 422 3588 Dei
436 3532 543 3588 caeteris
553 3542 732 3604 praestantem
753 3534 800 3588 sed
823 3533 958 3588 aaaetmis

162 3630 236 3678 sorte
249 3621 375 3678 distincta
385 3622 486 3693 gaudia
502 3621 636 3691 virgiuum
651 3622 758 3687 Christi,
770 3624 804 3678 de
823 3621 955 3688 Christo,

163 3725 227 3766 cum
242 3709 359 3778 Christo,
379 3719 441 3780 post
456 3709 603 3780 Christum,
618 3725 667 3780 per
682 3711 830 3775 Christum,
856 3710 957 3780 gaudia

163 3795 273 3867 propria
287 3796 422 3867 virginum
437 3794 545 3850 Christi.
560 3797 619 3851 Non
634 3805 695 3851 sunt
718 3798 812 3852 eadem
832 3811 887 3851 uon
901 3799 955 3852 vir-

163 3884 268 3956 ginum,
284 3883 310 3937 id
325 3894 366 3940 est
380 3897 477 3938 eorum
493 3883 539 3953 qui
553 3898 607 3939 non
620 3893 683 3939 sunt
694 3883 821 3956 virgines,
835 3883 957 3956 quamvis

164 3984 255 4030 tamen
270 3974 323 4028 siut
337 3973 447 4028 Christi.
461 3973 529 4026 Nam
543 3977 606 4030 sunt
619 3973 678 4027 aliis
706 3971 803 4045 gaudio
820 3976 890 4038 alia;
909 3973 956 4029 sed

164 4062 245 4119 nullis
259 4063 333 4118 talin.
349 4059 506 4133 Sequuntur
520 4061 630 4131 Aquom
643 4076 807 4132 quocunqne
820 4062 880 4117 ierit
894 4062 957 4129 qnia

1011 3278 1083 3328 nere,
1099 3263 1181 3317 etiam
1209 3265 1236 3318 iu
1260 3267 1311 3319 hac
1334 3266 1396 3327 vita,
1427 3264 1533 3334 sgnum
1563 3261 1808 3317 mansuetissimum

1011 3350 1128 3420 vmitari;
1144 3352 1167 3406 si
1181 3357 1239 3409 vult
1253 3352 1317 3408 illuc
1328 3352 1428 3417 venire,
1445 3352 1492 3407 uhi
1508 3351 1566 3407 sine
1589 3349 1642 3406 fine
1652 3366 1728 3417 eum,
1742 3363 1808 3422 quo-

1010 3455 1116 3512 cunque
1128 3441 1200 3506 ierit,
1218 3449 1366 3512 sequatur.
1388 3442 1531 3509 Quomodo
1551 3440 1621 3495 enim
1636 3449 1727 3510 posset
1735 3437 1809 3510 sequi

1010 3531 1090 3601 virgo
1104 3531 1222 3599 superba
1231 3533 1340 3605 Agrium
1351 3530 1377 3584 iu
1390 3529 1547 3585 humilitatis
1560 3529 1604 3584 via
1626 3529 1807 3601 gradientem,

1010 3620 1043 3674 ad
1057 3634 1139 3690 quem
1153 3619 1227 3675 nullo
1243 3621 1323 3674 modo
1338 3620 1469 3674 accedet?
1484 3618 1619 3690 quomodo
1636 3617 1810 3672 mitissimum

1009 3706 1168 3762 iracunda?
1194 3707 1329 3778 quomodo
1358 3707 1507 3765 ierveutem
1533 3706 1662 3761 citaritate
1695 3704 1811 3760 invida?

1010 3798 1149 3865 quomodo
1176 3794 1361 3867 largissimum
1381 3797 1490 3851 avara‘l
1515 3796 1653 3868 quomodo
1686 3795 1810 3850 sobrium

1011 3884 1110 3940 ebria?
1139 3884 1266 3939 Ambulst
1301 3885 1327 3939 in
1356 3884 1430 3939 omni
1452 3883 1496 3941 via
1525 3884 1646 3939 omnium
1680 3881 1812 3937 virtutum

1011 3973 1109 4044 lignus
1124 3989 1132 4027 t
1149 3973 1265 4028 ambulet
1279 3974 1318 4028 sic
1329 3972 1437 4038 etvirao
1451 3972 1563 4042 cupiens
1578 3976 1687 4041 hgoum
1702 3970 1811 4025 imitari.

1012 4062 1053 4117 su
1072 4061 1155 4124 mitis,
1166 4061 1329 4127 sithumilis,
1345 4061 1379 4115 sit
1393 4062 1523 4116 charitate
1535 4061 1651 4126 larveus,
1668 4059 1702 4113 sit
1722 4059 1809 4130 larga,

163 4151 235 4221 Aqui
251 4164 316 4207 caro
330 4149 424 4222 utiquo
438 4151 513 4222 virgo
528 4157 578 4202 est.
600 4150 655 4205 iton
669 4147 741 4205 enim
762 4150 788 4204 iu
803 4165 832 4205 se
847 4150 958 4205 retinnit
973 4125 997 4205 ss
1013 4152 1047 4205 sit
1062 4151 1168 4212 alacris,
1184 4152 1219 4204 sit
1233 4150 1339 4217 sobrie;
1354 4160 1383 4206 et
1397 4149 1547 4205 imitabitur
1562 4153 1670 4219 hunum
1686 4161 1810 4221 quocun·

164 4257 225 4296 cum
240 4240 346 4294 essetin
363 4242 570 4312 corpore,quo‹l
581 4254 635 4295 non
646 4238 757 4295 abstulit
771 4240 859 4294 hlutri.
876 4241 958 4310 Virgo
1013 4255 1067 4310 qne
1082 4239 1155 4303 ierit;
1178 4239 1296 4310 «lenique
1322 4240 1468 4295 merebitur
1495 4243 1530 4295 ab
1552 4239 1613 4308 ipso
1641 4252 1745 4307 sponso
1763 4250 1813 4290 suo

165 4331 237 4384 enim
254 4346 286 4385 ex
301 4328 413 4400 Virgine
428 4336 575 4399 conceptus
590 4338 653 4383 est:
673 4336 701 4384 et
719 4340 797 4384 uatus
822 4328 904 4400 Virgo
925 4330 959 4384 de
1014 4328 1109 4383 audire
1130 4345 1137 4382 τ
1160 4329 1250 4396 Quom
1264 4329 1379 4400 pulchri
1392 4332 1461 4385 sont
1472 4344 1582 4399 pressus
1598 4328 1643 4382 tnt
1658 4329 1691 4382 t‘u
1706 4327 1814 4383 moen·

169 4418 291 4490 Virgine,
303 4428 330 4474 et
342 4427 405 4490 post
419 4417 584 4473 nativitatem
594 4431 656 4473 cum
670 4417 784 4484 Virgine
798 4427 884 4473 matre
899 4433 960 4486 par·
1016 4418 1121 4474 mentis
1132 4418 1263 4486 trtiufilt'c
1270 4419 1407 4489 principis
1419 4417 1429 4470 l
1439 4416 1618 4488 (Continui,
1631 4415 1672 4484 l.)
1682 4413 1815 4483 specialis

165 4509 264 4562 mansit
277 4507 370 4580 Virgo,
401 4515 494 4564 auctor
511 4513 652 4572 eleustus,
673 4515 700 4562 et
729 4515 832 4563 amator
848 4507 962 4576 virgini·
1017 4505 1134 4561 iiliallei
1155 4506 1331 4576 principium
1350 4505 1459 4560 domina
1475 4521 1569 4576 regum
1586 4504 1719 4559 universae
1738 4515 1814 4560 terres

167 4598 229 4651 tetis
255 4612 287 4651 oc
315 4605 505 4652 remunerator
527 4595 701 4661 largissimus
729 4594 863 4651 Dominus
884 4596 965 4652 lesus
1017 4596 1067 4650 erit
1082 4597 1171 4650 anima
1186 4593 1334 4667 virginalis,
1359 4597 1436 4661 cuius
1458 4610 1570 4664 gressus
1587 4592 1815 4648 commendantur

167 4685 302 4740 Christus.
319 4684 412 4740 Merito
426 4683 510 4756 igitur
528 4699 593 4740 eum
607 4693 757 4753 sequuntur
769 4686 849 4740 etiam
873 4686 900 4741 in
916 4687 966 4742 hac
1018 4684 1046 4738 in
1063 4684 1263 4740 calceamentis.
1282 4684 1334 4739 Per
1363 4683 1543 4739 calceamenta
1561 4689 1651 4736 eutem
1669 4679 1816 4750 accipimus

168 4771 224 4827 vita
237 4771 390 4844 virginitate
410 4773 501 4829 cordis
527 4781 552 4827 ct
575 4772 675 4841 caruis,
704 4787 866 4846 quocunque
894 4774 964 4831 ierit.
1020 4774 1144 4843 exempla
1176 4781 1360 4838 mortuorum;
1390 4771 1453 4841 quin
1477 4773 1661 4826 calceamenta
1687 4767 1815 4826 fiuntdc

170 4860 238 4930 Quid
256 4870 297 4916 est
315 4861 389 4916 euim
416 4860 503 4934 sequi,
528 4860 580 4915 nisi
595 4858 716 4915 imitari?
743 4863 807 4933 quia
836 4863 966 4921 Christro
1022 4863 1133 4917 mortuis
1147 4860 1317 4916 animalibus.
1333 4860 1440 4917 Pulchri
1452 4860 1536 4933 igitur
1550 4866 1613 4915 sunt
1631 4873 1745 4931 gressus
1758 4857 1814 4914 vir·

169 4950 472 5026 possnsestpronohis,
483 4950 724 5023 relinquensvobt's
732 4953 907 5024 exemplum,
923 4953 965 5009 si·
1019 4951 1114 5021 qinom
1129 4949 1157 5002 in
1171 4949 1366 5013 calceamentis,
1383 4965 1443 5005 cnm
1466 4949 1569 5005 directe
1597 4957 1750 5019 sequuntur
1770 4958 1817 5014 per

169 5041 262 5097 cutait
273 5039 529 5110 spostolusl'etrus,
546 5044 580 5097 nt
593 5040 755 5110 sequamini
769 5043 887 5113 nestiqr'o
906 5044 967 5112 ejus
1020 5039 1092 5094 viam
1105 5038 1235 5092 virtutum
1250 5038 1370 5094 omnium
1394 5042 1501 5111 Agnitm
1517 5037 1653 5092 Christum
1674 5051 1727 5107 pro
1751 5031 1817 5107 ipsis

168 5132 195 5197 (l
208 5134 286 5188 Petr.
303 5144 332 5188 ιι.
345 5131 401 5200 tl).
416 5128 492 5184 Hunc
508 5129 534 5184 in
549 5128 706 5201 enquisqne
721 5127 855 5199 sequitur,
877 5128 966 5199 inquo
1022 5137 1167 5192 mortuum,
1200 5142 1248 5195 pro
1275 5131 1353 5201 Aqua
1376 5139 1475 5198 paratae
1490 5126 1570 5181 etiam
1585 5126 1650 5197 ipsse
1668 5140 1758 5197 usque¹
1785 5120 1818 5176 ad

169 5219 301 5288 imitatur,
316 5221 344 5274 iu
358 5235 412 5289 quo
426 5218 541 5274 multum
564 5218 598 5274 sd
626 5216 785 5272 imitandum
811 5217 968 5286 proponitur
1022 5222 1135 5271 niortom
1144 5227 1171 5270 et
1186 5232 1232 5286 per
1243 5228 1365 5282 mortem,
1378 5215 1401 5269 si
1414 5231 1522 5271 necesse
1536 5221 1587 5279 est,
1600 5214 1679 5285 sequi
1692 5216 1817 5285 Aqunmt

171 5308 313 5376 omnibus,
346 5307 487 5379 virginitas
515 5315 605 5363 auum
631 5305 720 5362 carnis
749 5320 804 5360 uon
829 5304 965 5361 omnibus.
1023 5305 1050 5358 iu
1067 5305 1140 5359 omiti
1156 5305 1225 5360 lacto
1249 5303 1400 5360 munientes
1416 5305 1497 5373 pedes
1519 5302 1665 5358 olfactuum
1696 5314 1820 5362 suornm,

170 5394 229 5450 Non
252 5399 325 5453 enim
349 5398 448 5453 habent
471 5398 536 5468 quid
560 5396 670 5466 iaciant,
700 5404 730 5451 ut
757 5395 878 5467 virgines
901 5394 964 5449 sint.
1022 5391 1152 5463 exemplis
1165 5390 1259 5460 optimi
1281 5390 1353 5462 Aqui
1380 5391 1444 5445 lesu
1467 5390 1576 5460 Christi,
1600 5390 1734 5445 adversus
1761 5402 1821 5441 aer·

169 5480 321 5562 Sequuntur
335 5485 427 5558 itaque
441 5487 552 5561 egnum
565 5484 659 5543 ceteri
675 5481 836 5557 hdclas,qni
850 5482 966 5555 virgini·
1024 5487 1132 5553 pentem
1158 5479 1335 5537 insidiantem
1358 5481 1486 5538 calcanco
1501 5476 1636 5551 virginali,
1650 5492 1715 5536 curn
1743 5480 1823 5550 capnt
