3706 5962
46 212 100 272 tte

624 213 856 276 cohheulttlu
875 215 921 275 ux
939 215 1127 280 semanno.

1643 235 1698 296 l30

47 337 191 409 Significat
205 345 295 391 autem
316 337 423 407 Cyprus
442 337 582 393 abundem
597 339 671 405 vino,
696 341 843 398 Ecclesiam
862 355 885 430 Α
903 343 1005 409 Deum;
1023 344 1084 400 vitae
1098 352 1127 401 et
1147 348 1320 405 conscientie
1339 353 1508 421 munditiam,
1539 375 1599 428 quae
1618 374 1696 418 amo·

48 425 177 482 fluctibus
195 425 287 480 saeculi
306 425 427 497 undique
451 435 614 498 quassatam,
634 433 682 486 sed
699 433 842 488 abundan-

50 514 87 569 tia
110 513 264 584 gratiarum
293 514 488 570 exundantem.
515 515 589 572 Fons
620 519 689 574 haedi
712 520 845 591 significat

51 603 157 658 fontem
180 603 320 674 Baptismi,
342 604 368 658 in
391 618 473 674 quern
488 605 558 659 haedi
572 604 776 680 ingrediuntur3
797 608 846 662 sed

49 691 232 763 egredimur
255 692 319 762 agni
344 691 452 756 novelli,
472 690 506 746 de
528 708 582 763 quo
596 696 625 748 in
649 695 846 767 sequentibus:

49 781 132 837 Sicut
147 795 218 852 grex
233 784 391 847 tonsarum,
403 796 465 853 quoe
475 783 665 838 ascenderunt
680 785 713 839 de
725 784 847 848 lauacro,

48 884 148 925 omma
167 869 298 940 gemellis
316 867 432 939 fetibus.
448 869 557 924 Miratur
571 885 638 941 ergo
651 887 761 942 sponsa,
778 873 849 943 quod

48 960 75 1012 in
99 956 192 1014 vineis
212 972 288 1013 novae
302 958 517 1014 conversationis
536 959 653 1015 fructum
673 962 775 1017 invenit
789 977 851 1032 per-

48 1046 190 1112 fectionis,
207 1054 237 1100 et
250 1045 366 1102 fructum
379 1063 434 1102 non
453 1047 546 1113 aliurn,
563 1064 645 1118 quam
667 1050 754 1120 ipsum
770 1050 850 1105 Chri-

49 1151 138 1198 stum.
156 1143 226 1197 Cum
246 1143 318 1198 enim
346 1143 375 1198 in
402 1144 528 1199 omnibus
548 1145 652 1200 actibus
681 1145 781 1200 nostris
795 1176 796 1179 =
808 1145 851 1200 vel

49 1231 197 1287 conatibus
211 1230 334 1286 Christus
343 1231 371 1286 in
387 1242 534 1298 causaest,
552 1232 653 1289 fructus
668 1240 762 1289 noster
775 1233 852 1289 chri-

50 1319 278 1376 suessanum
301 1318 418 1376 fructum
442 1337 543 1391 sponsa
566 1328 679 1392 repente
702 1322 849 1384 inventurn,

902 447 960 486 rem
974 445 1028 486 uon
1043 433 1188 503 impediat;
1204 433 1398 495 discretionem
1421 441 1544 513 spiritus,
1567 463 1629 517 quae
1645 466 1697 520 pu-

902 520 1008 573 ritatem
1022 521 1233 591 contemplantis
1247 540 1303 579 uon
1322 526 1393 582 siner
1410 544 1513 596 errare,
1530 534 1580 588 sed
1600 535 1698 592 docem

904 609 998 672 heum,
1026 618 1054 663 et
1077 625 1132 665 nou
1147 609 1218 666 aliud
1232 627 1282 683 pro
1302 613 1360 669 heo
1375 615 1540 689 intelligere,
1567 621 1699 678 rationem

903 713 964 766 quae
982 698 1084 767 judicet
1108 699 1143 754 de
1167 699 1350 770 discretion03
1376 704 1459 761 fidem
1478 723 1559 779 quam
1574 709 1642 765 ratio
1664 710 1700 766 de

904 785 1029 840 omnibus
1041 786 1151 855 judiciis
1171 789 1227 843 suis
1242 792 1376 856 consulat,
1392 802 1419 848 et
1436 811 1496 865 quae
1510 797 1566 852 suis
1580 813 1643 854 earn
1657 813 1706 854 re·-

903 873 974 944 gulis
988 875 1118 930 cohibens
1132 884 1159 932 et
1174 878 1305 944 terminis,
1323 896 1415 939 errare
1431 898 1486 940 non
1503 886 1583 943 sinat.
1599 887 1635 942 lit
1647 888 1700 943 iste

905 968 947 1014 est
957 962 1052 1017 oculus
1064 963 1243 1023 columbinus.

941 1053 985 1104 29.
1007 1053 1074 1106 Ecce
1094 1057 1127 1107 tu
1140 1054 1257 1124 pulcher
1281 1071 1319 1121 es,
1342 1058 1451 1126 dilecte,
1467 1063 1518 1118 mi.
1543 1063 1702 1136 intelligens

905 1151 1007 1207 sponsa
1029 1138 1057 1191 in
1076 1139 1162 1195 oculis
1186 1142 1278 1212 spousi
1306 1142 1477 1216 aliquatenus
1500 1165 1531 1206 se
1554 1149 1699 1221 placuisse,

906 1224 988 1297 gestit
1001 1223 1030 1278 in
1042 1226 1193 1298 amplexus.
1219 1229 1296 1284 Unde
1312 1241 1340 1286 et
1358 1247 1509 1305 exsurgens
1533 1238 1562 1291 in
1589 1239 1700 1297 laudern

906 1312 1111 1382 pulchritudinis
1132 1317 1201 1385 ejus,
1222 1317 1257 1371 ad
1282 1319 1424 1391 amplexus
1439 1339 1503 1381 suos
1522 1341 1583 1382 eum
1598 1344 1702 1399 provo·

52 1408 159 1465 laboris
179 1409 221 1464 sui
239 1408 347 1465 conscia
366 1424 420 1480 quo
439 1409 466 1463 in
486 1409 526 1465 eis
549 1411 725 1474 laboraverat,
749 1411 791 1480 pia
806 1426 853 1465 ex·
906 1406 959 1455 0³²·
976 1400 1028 1467 ΜΘ,
1053 1400 1151 1473 ifluuit,
1167 1404 1306 1473 pulchram
1322 1410 1463 1478 praedicas,
1479 1415 1539 1479 sed,
1564 1432 1579 1472 o
1599 1416 1702 1475 dilecte
1754 1417 1756 1421 ’

51 1497 202 1553 saltatione
212 1497 266 1552 sibi
280 1495 430 1561 vindicans,
449 1500 559 1562 botrus,
576 1498 672 1568 inquit,
691 1499 773 1570 Cypri
788 1498 853 1554 ditc-
907 1489 958 1560 1111,
976 1504 1046 1556 ecce,
1063 1489 1147 1546 idest
1165 1493 1193 1547 in
1205 1496 1325 1563 iucunda
1347 1500 1503 1558 ostensione
1522 1505 1617 1575 gratiae
1637 1514 1700 1573 tuae,

51 1590 205 1643 ctusnreus
219 1583 332 1640 miiaiin
348 1584 440 1640 uineis
452 1584 590 1656 Euqoddi.
603 1585 649 1640 Vel
660 1585 746 1647 aliter,
758 1594 787 1640 ut
797 1601 853 1639 sur·
909 1582 941 1632 tu
959 1578 1045 1652 magis
1056 1580 1183 1650 pulcher,
1199 1598 1214 1636 a
1234 1599 1288 1655 quo
1306 1601 1388 1644 omne
1407 1589 1568 1660 pulchrum:
1589 1594 1704 1666 pulcher

55 1689 118 1728 sum
134 1671 332 1744 aliquantulum
347 1682 520 1741 repetamus:
547 1681 689 1744 postquam
714 1688 814 1742 sponsa
836 1688 852 1726 a
869 1652 891 1730 Β
907 1667 1126 1732 inhumanitate,
1143 1668 1258 1727 decorus
1268 1672 1418 1730 indeitate.
1429 1677 1541 1746 Quodsi
1552 1690 1579 1735 tu
1590 1683 1703 1753 pulcher

52 1775 158 1833 sponso
177 1760 276 1816 menrit
297 1759 399 1824 ornari,
421 1760 450 1814 in
470 1761 579 1816 laudem
594 1763 653 1830 ejus
672 1770 700 1817 ει
722 1761 852 1831 praedica·
908 1764 934 1810 et
956 1769 1008 1828 ego
1032 1754 1153 1826 pulchra,
1171 1757 1194 1810 si
1214 1767 1241 1812 tu
1261 1760 1375 1818 dilectus
1390 1770 1418 1818 et
1438 1781 1491 1840 ego
1509 1767 1619 1835 dilecta,
1640 1772 1705 1842 quid

53 1851 160 1906 donem
175 1863 289 1920 operum
303 1850 363 1918 ejus
378 1848 470 1903 statim
485 1849 583 1920 erupit,
600 1851 704 1918 dicens,
725 1852 797 1907 Dum
816 1864 854 1904 es·
909 1850 992 1899 restat
1007 1842 1058 1898 nisi
1074 1843 1217 1901 lectulus?
1237 1846 1312 1904 Sicut
1327 1850 1361 1906 de
1377 1852 1507 1910 fasciculo
1521 1856 1646 1924 diximm,
1662 1860 1705 1916 le-

54 1943 99 1995 sct
112 1955 168 1996 rex
182 1939 216 1992 iu
229 1935 362 1993 moabita
376 1953 439 2006 ruo,
453 1938 560 1994 nardus
576 1956 639 1996 meu
649 1938 726 1994 dedit
741 1938 855 1996 odorem
907 1931 997 1985 ctulus
1010 1945 1111 1989 nomeu
1125 1934 1327 1993 estdelicatum.
1343 1940 1415 1996 Ecce
1428 1941 1548 2000 lectulus
1561 1946 1706 2003 muscian-

54 2041 166 2083 suum:
182 2026 360 2082 accumbente
372 2022 457 2082 278
468 2026 553 2099 Rege,
568 2027 594 2080 id
606 2035 648 2080 est
658 2026 814 2081 humiliante
825 2041 855 2082 se
909 2021 964 2085 tiae,
979 2033 1034 2074 11011
1053 2036 1130 2077 1111111
1144 2037 1196 2079 11111
1206 2032 1277 2092 111111,
1291 2027 1339 2082 sed
1354 2032 1463 2097 nostem
1485 2047 1563 2088 meus
1576 2050 1626 2105 per
1637 2051 1707 2092 cou-

56 2118 85 2170 in
101 2123 183 2170 utero
199 2113 327 2188 Virginis,
345 2114 446 2168 nardus
461 2129 532 2179 mea,
548 2113 575 2167 id
591 2122 633 2169 est
650 2113 786 2169 humilitas
800 2114 856 2168 Do·
911 2105 1065 2173 sessionem.
1079 2116 1140 2165 tuus
1158 2115 1331 2184 pergratiam
1346 2123 1373 2171 et
1387 2116 1621 2178 illuminationem.
1642 2124 1706 2180 Flo-

57 2202 128 2258 mini
137 2201 204 2268 mei,
220 2202 296 2256 dedit
306 2202 418 2256 oderem
434 2217 522 2266 suum,
539 2203 602 2255 dum
618 2209 729 2272 propter
748 2202 857 2256 nimiam
912 2193 991 2250 ricius
1009 2203 1060 2263 est,
1077 2196 1168 2265 idest,
1184 2199 1212 2253 in
1225 2202 1364 2272 proposito
1387 2202 1513 2263 virtutum
1527 2219 1624 2267 vernat
1638 2211 1710 2268 dori·

59 2292 223 2347 charitatem
237 2305 313 2345 suam
338 2305 390 2361 qua
409 2289 497 2344 dilixit
520 2306 579 2356 nos,
606 2289 667 2345 fieri
691 2306 724 2345 ex
750 2289 858 2362 Virgine
914 2282 963 2337 bus
977 2284 1110 2341 bonarum
1125 2287 1330 2358 cogitationum.
1346 2291 1404 2348 Noc
1418 2294 1452 2348 ad
1467 2310 1558 2352 curam
1572 2298 1709 2357 domesti-

58 2380 246 2451 dignatusest
268 2379 318 2433 sub
339 2377 413 2449 lege.
428 2379 535 2434 Deinde
550 2394 605 2434 non
620 2378 710 2445 fascis,
727 2379 860 2434 sedlasci·
913 2385 974 2426 cem
995 2387 1038 2427 me
1059 2373 1191 2441 remittas,
1216 2375 1286 2430 sicta
1307 2393 1369 2433 curn
1395 2391 1553 2453 expeterem
1567 2387 1709 2442 meridiem

59 2468 140 2524 culus
154 2466 477 2540 myrrhaefraridignatus
491 2478 543 2531 est,
568 2466 633 2523 dum
647 2466 750 2532 mortis,
767 2476 794 2522 ει
802 2482 862 2522 orn·
915 2466 990 2514 11111111
1006 2460 1133 2515 remisi-ili
1147 2477 1191 2516 ¹¹¹²
1215 2463 1249 2516 ad
1275 2465 1426 2536 equilalum
1449 2484 1576 2527 1111111111
1589 2478 1708 2539 1110111111,

59 2558 112 2622 cis,
144 2565 173 2612 ει
199 2555 317 2628 sepulcri
338 2555 556 2620 amaritudinem,
582 2556 663 2611 trium
682 2563 785 2610 tantum
807 2555 863 2610 die
916 2549 959 2607 vel
977 2549 1104 2619 expulisti
1130 2566 1175 2606 me
1198 2551 1233 2606 ad
1252 2555 1401 2611 custodiam
1424 2574 1561 2631 gregum:
1579 2564 1711 2633 cumjam

63 2662 123 2701 rurn
139 2645 227 2716 spatio
244 2658 340 2716 passus
354 2652 409 2712 est;
434 2660 552 2716 mosque
567 2644 662 2700 botrus
680 2644 762 2715 Cypri
776 2644 803 2698 in
821 2659 862 2699 re·
917 2637 1177 2694 adolescentularum
1199 2639 1295 2697 domus
1314 2645 1379 2699 milri
1398 2648 1602 2705 commissarum
1624 2650 1713 2722 gratia

62 2733 236 2791 surrectione
250 2732 375 2803 apparuit
395 2733 422 2786 in
437 2731 524 2788 vineis
546 2730 682 2803 Engaddi,
698 2731 762 2785 dum
777 2731 864 2785 tideli-
918 2736 964 2783 tua
978 2734 1006 2781 et
1021 2725 1203 2783 sollicitudine
1216 2745 1277 2784 mea
1290 2731 1329 2788 sic
1343 2735 1378 2790 sit
1394 2736 1496 2791 munita
1511 2745 1539 2793 et
1561 2746 1667 2805 ornata,
1682 2747 1714 2795 ut

65 2824 118 2877 bus
132 2819 283 2892 spiritualia
298 2820 370 2876 bona
379 2819 525 2876 distribuit.
920 2830 973 2870 nou
989 2812 1138 2870 timendum
1152 2816 1186 2872 sit
1201 2817 1241 2872 eis
1259 2832 1275 2871 a
1298 2821 1406 2878 turbine
1430 2832 1457 2879 et
1471 2825 1579 2896 pluvia;
1603 2826 1714 2882 interim

99 2913 148 2967 28.
170 2908 321 2980 Sequitur:
338 2911 406 2966 Ecce
430 2913 462 2965 tu
479 2909 599 2980 pulchra
620 2924 658 2975 es,
673 2908 768 2964 amico
780 2923 863 2974 meo,·
918 2904 983 2959 dum
1006 2905 1035 2958 in
1059 2904 1158 2961 lentulo
1173 2922 1247 2977 purae
1270 2911 1444 2968 conscientiae
1458 2914 1584 2985 perfruar
1596 2916 1715 2985 conjun-

64 3014 129 3057 εεεε
143 3003 175 3054 tu
183 2999 314 3070 pulchra,
323 2999 399 3053 oculi
407 2998 452 3053 tui
462 2995 667 3054 columbarum.
677 2997 866 3069 Vidansspon·
918 2992 1008 3049 ctione
1021 2993 1172 3050 dulcedinis
1184 3002 1245 3050 tuas.
1256 2996 1343 3065 Quam
1354 3001 1434 3058 beata
1443 3003 1544 3070 anima,
1556 3003 1653 3077 quasin
1664 3004 1715 3061 boc

65 3105 114 3145 sus
128 3102 238 3159 sponsae
254 3085 439 3152 devotionem,
456 3095 483 3140 et
496 3086 560 3156 quia
574 3086 644 3141 inter
660 3086 742 3141 ubam
757 3101 805 3141 sua
819 3087 866 3141 da·
919 3081 1017 3137 lectulo
1033 3098 1103 3138 unns
1116 3099 1177 3139 cum
1192 3085 1250 3140 Deo
1267 3085 1377 3157 spiritus
1391 3090 1518 3157 eflicitur,
1533 3093 1626 3150 osculo
1640 3092 1718 3149 intol-

64 3181 113 3234 bat
127 3177 154 3232 ei
174 3176 263 3231 locum
287 3173 490 3241 commorandi;
510 3178 588 3241 licce,
615 3174 712 3245 inquit,
729 3174 821 3240 idest,
838 3174 865 3229 in
919 3169 1039 3242 ligentiae
1055 3172 1103 3246 Dei
1117 3174 1274 3246 perfruitur,
1290 3178 1418 3247 amplexu
1431 3180 1532 3236 amoris
1546 3182 1607 3252 ejus
1621 3180 1719 3239 astrin-

67 3267 124 3324 bec
138 3273 213 3320 statu
228 3270 284 3326 tuo,
302 3264 329 3317 in
345 3265 397 3318 bac
410 3263 584 3319 confessione
593 3271 644 3318 'tua
663 3270 691 3317 ct
712 3262 867 3334 cognitione
920 3258 959 3328 git
973 3269 1001 3313 et
1017 3259 1183 3330 astringitur,
1196 3262 1273 3317 etsie
1287 3263 1314 3317 iu
1328 3266 1430 3333 paeein
1445 3266 1471 3320 id
1484 3268 1573 3338 ipsum
1584 3269 1719 3324 dormitet

68 3355 117 3422 tui,
134 3362 163 3408 tu
179 3351 245 3423 quia
259 3352 332 3407 unde
349 3351 462 3422 pulchra
480 3359 518 3415 tu,
540 3349 604 3406 inde
618 3365 671 3422 ego
686 3365 740 3406 uon
753 3350 868 3423 pulcher
920 3346 1085 3415 requiescitl

67 3452 96 3498 ει
106 3456 163 3499 non
179 3439 284 3496 habeus
298 3439 420 3510 speciem
435 3455 525 3511 neque
545 3439 684 3508 decorem,
710 3445 753 3503 fu,
769 3438 865 3508 inquit,
957 3439 1001 3490 ab.
1017 3435 1255 3507 Tiguudomorum
1266 3442 1566 3500 nostrarumcedu'ua.
1578 3443 1648 3500 Vere
1657 3459 1720 3501 mu·

66 3529 194 3605 pulchro
204 3546 241 3586 es.
253 3530 287 3585 Et
297 3545 416 3595 rursum,
428 3532 495 3585 Ecce
511 3532 543 3583 tu
554 3529 677 3599 pulchra
688 3548 697 3584 ε
707 3528 736 3582 id
749 3536 800 3592 est,
811 3525 869 3598 pul·
922 3526 978 3579 nita
1004 3530 1032 3579 et
1056 3523 1162 3590 domus,
1186 3524 1249 3597 quia
1261 3527 1374 3602 Angelis
1397 3529 1450 3585 tuis
1473 3531 1607 3587 mandasti
1626 3532 1662 3588 de
1677 3547 1720 3597 ea,

69 3623 139 3677 chre
167 3619 196 3673 in
219 3617 404 3682 interioribus,
429 3625 457 3672 et
479 3616 590 3686 pulchra
613 3616 641 3671 in
670 3614 867 3682 exterioribus;
922 3620 952 3666 ut
977 3610 1135 3666 custodiant
1156 3626 1226 3666 eam.
1251 3613 1359 3670 Cedros
1383 3616 1480 3671 umbra
1499 3631 1547 3672 sua
1566 3617 1641 3693 fugat
1659 3632 1722 3674 ser·

70 3708 187 3780 pulchra
200 3707 228 3762 in
241 3706 404 3772 intentione,
422 3714 450 3761 et
465 3705 576 3776 pulchra
592 3706 621 3759 in
638 3706 754 3762 actione.
769 3706 869 3762 Anaua
923 3708 1034 3770 pentes.
1046 3700 1132 3772 Tigna
1147 3716 1214 3772 ergo
1229 3703 1349 3769 cedrina,
1361 3701 1533 3775 Angelisunt
1545 3713 1724 3778 protegentes

69 3813 146 3856 mea.
162 3795 322 3851 Amicitiam
336 3794 391 3850 duo
414 3793 526 3860 faciunt,
545 3801 640 3851 mutua
661 3793 827 3850 conscientia
842 3801 871 3848 ει
923 3791 1034 3844 domum
1050 3789 1111 3856 Dei,
1123 3798 1150 3846 et
1163 3790 1263 3848 virtute
1279 3806 1328 3847 sua
1342 3791 1481 3848 daemones
1495 3793 1631 3868 fugantes,
1646 3794 1725 3866 quasi

71 3885 172 3943 eadem
194 3884 330 3941 voluntas.
346 3883 430 3940 Porro
445 3882 590 3938 amicitiam
605 3883 698 3954 sponsi
721 3890 749 3939 et
762 3898 870 3953 sponsae
924 3877 1091 3933 latrunculos
1112 3879 1227 3949 domus;
1242 3888 1399 3937 sanctorum
1413 3882 1510 3938 merita
1526 3891 1666 3954 portantes
1684 3891 1725 3939 te·

72 3973 139 4029 l'acit
152 3971 279 4044 quaedam
292 3979 386 4026 mutuo
400 3970 722 4045 conscientimeteadem
737 3970 869 4035 voluutas,
925 3974 998 4022 ctum
1026 3966 1191 4034 orationum,
1222 3968 1306 4025 clavis
1326 3969 1430 4026 timoris
1450 3972 1499 4028 Dei
1522 3970 1652 4034 affixum:
1684 3975 1726 4030 to-

72 4077 137 4118 curn
166 4061 298 4116 Dominus
319 4067 424 4117 secreta
448 4076 497 4114 sua
511 4061 582 4116 bona
597 4076 704 4132 sponsae
719 4061 830 4125 revelat,
844 4068 871 4116 ει
925 4058 1043 4131 queorfu
1055 4060 1226 4130 cypressino,
1242 4066 1270 4114 et
1280 4059 1346 4115 foris
1359 4069 1432 4118 tecto
1445 4061 1548 4118 munita
1563 4071 1606 4120 est
1619 4063 1726 4131 domus,

74 4164 176 4223 sponsa
192 4149 262 4204 mala
284 4162 333 4204 sua
347 4165 396 4221 per
419 4164 515 4219 puram
534 4158 561 4204 et
575 4148 706 4205 humilem
719 4150 871 4206 confessio·
926 4137 1042 4201 inustus
1066 4162 1131 4202 vero
1157 4154 1253 4203 ornata
1276 4155 1304 4205 et
1333 4149 1469 4204 ordinata.
1485 4152 1553 4206 Sunt
1568 4151 1679 4208 enimin
1694 4169 1729 4209 eu

75 4254 142 4296 nem
155 4237 221 4293 facit
234 4238 261 4292 ei
274 4238 395 4312 cognita.
419 4238 544 4296 Pulchra
565 4255 602 4303 es,
627 4238 748 4310 inquam,
773 4254 824 4294 nec
840 4238 872 4293 ti·
930 4230 1018 4291 278
1045 4233 1193 4305 laquearia,
1218 4252 1280 4306 quae
1307 4243 1337 4290 ut
1358 4237 1457 4292 domus
1469 4248 1602 4310 perpetua
1625 4240 1669 4303 sit,
1685 4240 1729 4296 vel

75 4341 141 4383 meo
155 4341 191 4381 ne
207 4342 364 4391 evanescas,
391 4325 454 4398 quia
469 4326 544 4382 oculi
560 4327 604 4380 tui
619 4327 826 4394 columbarum·
846 4326 873 4381 id
930 4332 1080 4394 perpetuus
1089 4322 1124 4377 sit
1135 4323 1196 4393 ejus
1209 4331 1332 4391 ornatus,
1348 4326 1523 4398 cppresssina
1539 4334 1603 4383 sunt
1622 4327 1731 4384 etbene

76 4423 121 4472 est
137 4413 277 4486 simplices
291 4423 364 4481 sunt,
382 4413 509 4471 uousuut
524 4415 701 4471 intendentes
712 4415 820 4481 veltibi‚
831 4416 874 4471 vel
929 4410 1082 4482 illaqueata,
1104 4411 1170 4466 Cum
1189 4410 1300 4484 laquear
1318 4414 1489 4487 illaqueatur,
1509 4431 1592 4471 unum
1616 4430 1647 4471 se
1661 4430 1730 4487 ape-

77 4504 150 4569 aliis,
167 4502 220 4558 nisi
233 4503 260 4558 in
272 4503 337 4561 Deo.
355 4504 438 4560 Porro
453 4503 506 4560 duo
521 4504 591 4560 oculi
606 4519 713 4575 sponsae
723 4512 795 4568 sunt,
817 4519 876 4574 my·
931 4500 974 4566 rit,
995 4498 1108 4554 alterurn
1133 4499 1302 4571 constringit,
1324 4511 1353 4556 ut
1363 4501 1476 4558 alterurn
1491 4502 1527 4557 ab
1541 4501 1627 4559 altero
1641 4502 1732 4574 capia

78 4593 206 4650 sucuset
219 4591 333 4662 actium,
349 4593 392 4649 vel
407 4592 633 4664 contemplativus
646 4599 672 4648 ει
684 4592 805 4648 moralis.
823 4591 878 4647 Sed
933 4597 985 4652 tur,
1002 4587 1053 4641 boc
1068 4592 1110 4641 est
1131 4600 1223 4640 amare
1244 4598 1271 4643 ει
1295 4589 1392 4643 amari:
1416 4589 1463 4644 ubi
1486 4590 1544 4645 haec
1566 4597 1640 4658 sunt,
1660 4592 1732 4647 bene

79 4682 152 4741 libet
183 4680 273 4738 adhuc
295 4682 330 4737 de
352 4681 430 4737 oculo
462 4681 586 4736 subtilius
608 4680 709 4752 aliquid
732 4679 878 4750 inspicere.
933 4674 1025 4732 omnia
1043 4672 1167 4729 ordinata
1182 4683 1256 4730 sunt.
1276 4675 1325 4731 Ubi
1341 4677 1412 4733 enim
1432 4692 1529 4734 ornnes
1546 4687 1574 4734 ει
1588 4679 1734 4737 amantin-

80 4769 189 4827 Oculus
208 4778 239 4826 ιιι
258 4769 331 4824 clare
345 4769 439 4826 videre
458 4769 554 4840 possit,
578 4772 637 4824 haec
654 4768 738 4825 habet
752 4781 879 4822 necessa·

82 4859 137 4925 ria,
152 4857 259 4915 radium
273 4858 395 4916 validum
405 4866 433 4914 et
441 4875 548 4930 purum,
560 4859 606 4930 qui
621 4860 655 4914 de
670 4857 772 4929 pupilla
786 4872 882 4927 proce·

83 4949 147 5015 dat,
170 4962 263 5005 aerem
276 4964 376 5020 purum
391 4954 420 5003 et
437 4947 565 5015 lucidum,
590 4947 636 5018 qui
658 4947 800 5004 transitum
825 4948 884 5018 ejus

85 5051 144 5094 non
157 5036 304 5108 impediat;
330 5052 430 5108 corpus
450 5037 479 5092 in
501 5037 574 5108 qnod
592 5034 724 5100 effundat,
752 5037 885 5092 rationem

84 5125 131 5184 eui
154 5127 305 5193 renuuuet,
328 5126 488 5183 memoriam
504 5141 585 5197 quam
600 5124 667 5181 ratio
687 5124 818 5181 consulat.
834 5124 888 5183 lto·

87 5231 150 5272 rum
173 5213 197 5270 si
217 5214 282 5286 quid
297 5214 426 5282 defuerit,
442 5213 580 5285 perfectus
597 5213 669 5269 visus
693 5229 748 5268 non
762 5214 823 5269 erit.
845 5212 890 5269 Sic

86 5312 116 5363 et
134 5318 213 5361 anaor
233 5303 294 5371 Dei,
316 5312 346 5360 ut
370 5320 452 5361 verus
464 5303 509 5369 sit,
531 5304 590 5358 haec
613 5302 695 5358 habet
717 5302 889 5358 necessaria:

935 4765 1032 4829 vicem,
1056 4771 1083 4818 ει
1106 4763 1238 4820 amabiles
1261 4781 1291 4820 se
1310 4767 1435 4837 praebent
1453 4767 1580 4839 invicem,
1607 4776 1680 4826 tanta
1693 4775 1736 4826 est

939 4852 1105 4924 conjunctio,
1127 4861 1156 4909 ut
1181 4855 1279 4911 merito
1307 4855 1428 4914 fraterna
1452 4857 1540 4914 unitas
1562 4859 1679 4915 dicenda
1702 4856 1738 4912 sit

939 4941 1028 5015 potius
1058 4956 1139 5014 quam
1155 4944 1343 5018 congregatio.
1364 4948 1418 5017 figo
1432 4947 1483 5015 fios
1497 4948 1602 5020 campi.
1618 4945 1739 5002 Audiens

940 5038 968 5087 et
982 5032 1138 5103 approbans
1151 5049 1268 5104 sponsus
1282 5034 1448 5091 desiderium
1467 5050 1586 5107 sponsae,
1602 5033 1696 5090 differt
1708 5043 1737 5090 ut

941 5123 1049 5194 augeat,
1073 5123 1229 5196 comprimit
1243 5132 1273 5179 ut
1295 5123 1408 5179 exaltet.
1424 5126 1478 5196 Ego
1493 5125 1546 5193 flos
1564 5123 1670 5195 compi,
1689 5122 1740 5180 hos

944 5209 1056 5267 mundi:
1075 5212 1140 5283 qnia
1152 5211 1223 5267 siem
1236 5211 1287 5268 flos
1308 5210 1335 5266 in
1350 5225 1457 5283 campo,
1473 5211 1513 5266 sic
1532 5226 1566 5266 ex
1584 5219 1663 5270 utero
1680 5212 1742 5268 Vir·

946 5300 1018 5375 ginis
1041 5299 1139 5356 unicus
1162 5299 1268 5354 efllomi
1286 5298 1314 5355 in
1328 5298 1439 5355 mundo.
1455 5298 1517 5355 Non
1531 5315 1598 5371 ergo
1611 5314 1627 5356 a
1641 5307 1677 5369 te,
1695 5301 1744 5371 sad

86 5393 144 5450 affe
154 5401 231 5450 ctum
255 5409 362 5464 pamm,
383 5408 437 5464 quo
450 5393 539 5449 Deum
553 5391 662 5446 nonnisi
680 5399 792 5460 propter
805 5391 894 5446 Deum
951 5404 1024 5445 anre
1046 5388 1160 5445 floridus
1173 5394 1216 5443 est
1229 5387 1344 5444 lectulus
1372 5395 1400 5443 et
1414 5403 1473 5443 sum
1493 5388 1600 5457 filium,
1615 5390 1747 5448 actitatis

89 5482 211 5556 diligat,
229 5497 281 5540 nec
291 5482 393 5554 aliquid
408 5497 468 5538 cum
478 5481 549 5545 Deo,
565 5478 617 5535 nisi
632 5480 659 5532 in
673 5480 731 5533 lieo
745 5492 773 5533 et
788 5486 896 5550 propter
950 5478 1075 5536 videlicet
1096 5486 1123 5533 et
1152 5479 1274 5549 puritatis
1295 5477 1467 5549 exemplum:
1486 5494 1541 5535 uon
1567 5484 1748 5554 superborum
