3706 5962
95 112 151 239 rra

736 159 940 244 ,ιιιιιιιιιι
957 164 1093 225 austras
1134 232 1137 243 ¹

1690 173 1747 234 2ἳο

95 293 220 357 ιιιιιιιιι
233 290 335 363 estqui
352 289 483 348 charitate
505 288 681 361 plenissimus
703 295 755 346 est.
774 288 891 344 Charis·
909 303 933 384 g
949 291 1103 363 sponsionis
1117 308 1207 350 sermo
1222 292 1357 351 infertur?
1371 294 1446 351 Tunc
1456 304 1516 351 erat
1528 298 1666 368 generalis
1680 299 1746 357 invi-

95 381 180 439 simus
201 387 243 437 est
261 379 308 454 qui
326 379 456 436 charitate
480 377 585 434 infusus
609 384 637 434 et
659 377 779 433 imbutus
805 376 888 434 112

96 477 148 537 est,
163 470 243 541 cujus
256 466 381 525 medulla
392 473 419 523 et
435 483 498 524 ossa
512 474 540 523 ιι
554 467 645 523 οιιιιι
659 465 790 522 interiora
804 466 893 522 chari-

96 558 159 615 tatis
173 558 280 630 liquore
291 558 423 631 rigantur.
440 557 498 612 Nec
514 555 577 628 quia
591 555 767 611 charissimus
780 564 822 611 est
835 555 894 611 ine·

96 655 208 724 briatnr,
233 654 284 710 etsi
308 653 372 709 inde
386 652 562 709 charissimus
582 660 624 708 est
645 652 709 724 quia
732 652 891 708 inebriatur.

96 744 233 818 Denique,
258 743 322 815 quid
344 742 416 797 aliud
443 751 485 798 est
507 740 646 810 inebriari,
676 740 728 796 uisi
754 740 894 798 charitatis

96 832 301 907 perfectissime
314 830 494 889 delectatione
509 830 633 902 repleri?
652 832 706 885 Ant
716 829 786 886 sorte
796 829 835 887 sic
852 830 893 885 di·

97 922 237 996 stinguere
252 920 386 989 uolumns,
401 927 431 975 ut
449 918 502 975 sint
512 916 663 975 charissimi
673 916 832 989 plenissime
847 917 893 972 di-

96 1009 371 1084 ligentes3inebriati,
383 1007 582 1081 perfectissime
591 1005 729 1062 delectati.
739 1005 892 1075 Comedite,

96 1101 193 1169 amici,
209 1104 237 1154 et
252 1098 338 1155 bibite
346 1117 357 1166 ‚·
367 1101 397 1152 et
410 1095 608 1161 inebriamini,
618 1094 795 1152 charissimi.
806 1093 893 1151 Amici

96 1195 160 1243 suat
182 1185 230 1258 qui
252 1186 296 1243 vel
317 1194 403 1260 agunt
423 1185 467 1241 vel
489 1184 618 1250 audiunt;
644 1182 818 1253 charissimi,
847 1183 894 1255 qui

95 1276 246 1331 adhaerent.
270 1274 358 1331 Amici
377 1281 461 1346 agunt
484 1289 533 1345 pro
548 1289 591 1339 eo,
617 1278 645 1327 et
658 1271 771 1327 audiant
793 1272 829 1327 ab
843 1287 891 1342 ιιι

96 1361 247 1418 charissimi
269 1362 438 1420 inebriantur
462 1377 506 1419 eo.
523 1360 611 1416 Amici
626 1367 699 1429 sant,
715 1360 814 1432 quibus
829 1367 895 1415 nota

96 1448 160 1506 lecit
174 1465 235 1522 quae
245 1449 346 1508 audivit
357 1451 478 1506 aPatre:
495 1447 655 1514 charissimi,
672 1447 771 1518 quibus
785 1447 893 1520 plenam

95 1535 181 1609 ipsius
203 1536 289 1592 Patris
307 1537 406 1593 inludit
429 1535 618 1601 notitiamlbi
642 1534 728 1590 multa
750 1535 892 1600 docentur,

96 1624 142 1681 bic
165 1623 286 1698 diligitur
309 1642 402 1681 unum.
419 1626 449 1680 ln
464 1623 629 1682 charissimis
643 1639 699 1681 non
719 1633 761 1679 est
780 1639 893 1696 operum

948 379 1025 448 tatio,
1040 379 1098 437 haec
1112 389 1154 437 est
1172 381 1312 453 responsio
1326 382 1404 454 quasi
1423 382 1578 458 singularis.
1593 385 1634 441 lbi
1649 387 1745 458 plnres

947 466 1104 536 invitantur,
1121 469 1165 526 bio
1178 486 1249 526 unus
1264 471 1420 542 respondet.
1438 472 1479 528 lbi
1493 472 1604 542 dicitur,
1620 475 1745 533 lnehric-

947 559 1031 623 mini,
1056 559 1222 615 charissimi
1246 581 1254 615 .·
1278 560 1322 617 hic
1340 578 1400 632 quae
1425 561 1583 618 charissima
1608 564 1746 638 estquis

948 654 1049 716 sponsa
1071 654 1122 718 est,
1147 648 1265 704 dormire
1288 665 1318 705 se
1337 650 1431 706 refert.
1456 655 1510 724 Ego
1532 653 1651 710 dormio.
1672 654 1745 725 Quid

948 734 1046 790 mirum
1064 736 1087 791 si
1103 736 1137 791 ad
1151 752 1321 793 communem
1333 738 1490 796 vitationem
1503 756 1665 812 responsum
1682 744 1744 799 red·

948 821 1021 879 ditur
1035 824 1194 896 singulare?
1216 824 1291 882 hiulti
1314 827 1477 895 charissimi,
1493 828 1542 884 sed
1560 830 1682 886 omnium
1703 840 1745 887 est

948 928 996 969 cor
1009 930 1103 985 unum,
1119 923 1146 970 et
1167 915 1257 970 anima
1271 932 1334 972 ana.
1352 920 1412 975 linc
1429 920 1482 988 est,
1503 917 1602 990 inquit,
1616 921 1745 978 columbo

947 1016 1011 1059 meo
1028 1001 1153 1074 (Contio.
1172 1020 1210 1073 vr,
1227 1005 1264 1076 8).
1284 1006 1367 1061 Amor
1381 1005 1449 1075 unit,
1471 1014 1499 1062 et
1513 1022 1589 1064 amor
1612 1007 1741 1066 inebriat.

948 1085 1030 1142 Vides
1044 1103 1124 1158 quam
1138 1088 1212 1158 jaste
1231 1087 1260 1142 fit
1274 1089 1395 1145 omnium
1409 1090 1490 1146 unica
1506 1092 1657 1163 responsio,
1674 1109 1744 1164 quos

947 1174 976 1228 in
998 1190 1143 1231 commune
1166 1176 1304 1232 charitatis
1324 1178 1474 1234 vehemens
1493 1179 1581 1252 liquor
1603 1180 1745 1238 infundit?

948 1262 1017 1318 Vere
1031 1264 1180 1320 vehemens
1199 1265 1282 1320 virtus
1302 1265 1413 1336 amoris,
1429 1266 1568 1323 inebrians
1592 1276 1619 1324 et
1638 1269 1744 1325 abalie-

949 1365 1027 1406 nans.
1042 1351 1130 1407 Vultis
1143 1352 1237 1409 audire
1252 1354 1391 1425 quomodo
1406 1354 1524 1411 charitas
1538 1355 1675 1413 abalienet
1689 1357 1746 1412 ani·

948 1455 1022 1494 mum
1038 1456 1119 1512 quem
1140 1440 1280 1499 inebriati
1298 1446 1362 1516 Epo,
1386 1443 1487 1516 inquit,
1502 1444 1610 1502 dormio
1633 1461 1699 1502 :ao
1720 1445 1744 1501 si

949 1527 1020 1584 dicat
1030 1527 1129 1585 dilecto
1141 1544 1148 1584 :
1159 1530 1197 1586 Ta
1207 1546 1251 1587 me
1261 1531 1296 1586 ad
1306 1531 1468 1588 ebrietatem
1482 1547 1576 1602 vocas,
1587 1541 1616 1589 et
1625 1549 1677 1607 ego
1688 1541 1745 1591 tota

948 1616 1010 1673 huic
1024 1616 1130 1673 muneri
1144 1634 1221 1678 vaco.
1232 1620 1289 1693 Ego
1300 1619 1419 1688 dormio,
1431 1626 1459 1677 et
1469 1637 1620 1679 cormeum
1630 1623 1743 1696 vigilat.

95 1712 139 1769 vel
154 1713 285 1769 doctrinae
297 1713 441 1783 distensio,
459 1713 508 1769 sed
523 1710 631 1767 diffusio
653 1710 722 1779 sola,
738 1718 766 1767 et
786 1726 894 1767 summa
911 1693 933 1770 Β
948 1704 991 1762 Ab
1006 1705 1065 1761 aliis
1080 1706 1185 1764 dormio
1201 1715 1228 1764 et
1242 1707 1354 1780 quiesco
1368 1710 1485 1782 negotiis
1498 1726 1504 1765 :
1516 1710 1578 1767 ideo
1594 1726 1745 1769 cormeum

96 1801 207 1857 amoris.
224 1801 311 1858 Amici
330 1809 394 1856 sunt
407 1802 454 1874 qui
475 1808 716 1871 corroemperantur
730 1799 830 1857 divina
843 1816 892 1857 vo-

96 1887 192 1946 luntati
214 1908 220 1947 :
241 1889 404 1961 charissimi,
428 1889 474 1961 qui
495 1888 664 1944 inebriantur
687 1895 716 1942 et
737 1887 894 1958 imbuuntur

96 1977 196 2033 amerb
209 1976 294 2033 divini
307 1977 457 2049 voluptate.

133 2069 159 2120 9.
178 2065 328 2134 comedite,
340 2067 434 2123 amici.
446 2066 505 2119 lam
515 2063 777 2134 nondicitur,Edent
783 2079 894 2136 paupe·

96 2171 151 2222 res,
162 2158 191 2210 ei
204 2154 509 2226 saturabuntnrffsal.
524 2168 587 2224 aar,
601 2153 657 2224 ath
674 2154 733 2222 sed,
742 2152 892 2218 Cornodite,

97 2243 196 2316 amici,
212 2248 241 2301 et
255 2242 453 2300 inebriamini.
465 2241 606 2314 Quomodo
620 2257 767 2314 pauperes,
779 2240 825 2313 qui
835 2240 894 2296 ine·

97 2331 220 2386 briantur
233 2332 267 2386 ab
279 2330 405 2386 ubertate
418 2330 515 2385 domus
528 2328 660 2386 Domini?
670 2328 808 2401 quomodo
825 2343 894 2400 pau·

97 2427 188 2492 pertas
198 2418 244 2475 ubi
252 2419 380 2491 ubertasl
388 2418 640 2486 tonaedttaamiri,
647 2421 675 2473 et
685 2418 783 2482 ttotre,·
794 2423 821 2474 et
831 2420 895 2473 ine·

97 2507 246 2574 hriamini,
258 2506 433 2566 charissimi.
448 2506 536 2563 Amici
548 2521 597 2563 ros
610 2513 639 2562 et
647 2505 797 2561 charissimi
811 2504 892 2560 mihi:

97 2597 187 2669 amici,
211 2603 322 2669 propter
351 2596 525 2653 dilectionem
552 2595 699 2661 socialem,
732 2593 892 2659 charissimi,

98 2694 210 2758 propter
224 2684 390 2755 sponsalem.
408 2682 790 2753 inebriaminicharissimi.
806 2682 895 2738 latro·

98 2773 163 2830 duxi
176 2788 225 2828 vos
239 2773 266 2827 in
281 2771 376 2829 cellam
392 2772 533 2839 vinariam,
549 2779 580 2827 ut
597 2770 753 2827 ordinarem
768 2771 795 2824 in
817 2770 895 2828 vobis

98 2861 269 2920 charitatem.
296 2862 352 2918 Nec
376 2869 416 2917 est
439 2860 558 2916 charitas
580 2858 725 2928 ordinata,
750 2857 804 2914 nisi
832 2874 894 2915 eum

99 2967 177 3009 mens
189 2957 280 3007 vestra
295 2949 376 3005 luerit
391 2949 563 3006 vehementia
585 2948 725 3004 charitatis
744 2947 892 3005 inebriata.

947 1793 1061 1852 liberius
1071 1795 1164 1871 vigilat
1178 1798 1212 1852 ad
1228 1797 1385 1854 sectandam
1395 1800 1466 1855 hanc
1479 1799 1648 1867 ebmetatem,
1663 1808 1691 1857 et
1705 1800 1746 1857 vi·

948 1898 1014 1939 num
1029 1885 1187 1955 potandum.
1207 1886 1281 1943 Ordo
1296 1887 1438 1943 mirabilis.
1462 1888 1503 1944 De
1526 1888 1656 1945 ebrietate
1675 1890 1744 1945 dor-

949 1971 1036 2039 mitio,
1050 1981 1077 2029 et
1100 1973 1135 2030 de
1154 1975 1318 2032 dormitione
1331 1975 1440 2049 vigiliae.
1463 1977 1510 2033 llle
1526 1977 1602 2045 dicit,
1617 1978 1745 2035 Inebria-

948 2061 1024 2117 mini
1035 2081 1045 2129 ;
1056 2070 1082 2117 et
1095 2062 1141 2118 illa
1155 2061 1230 2134 dicit,
1246 2066 1300 2137 ligo
1315 2065 1432 2122 dormio.
1447 2066 1539 2121 Bonus
1552 2082 1637 2137 sopor
1646 2067 1746 2123 mentis

949 2164 1088 2219 excessus,
1103 2157 1129 2206 et
1142 2151 1270 2208 alienatio
1288 2153 1323 2208 ab
1344 2153 1488 2210 aflectibus
1503 2154 1604 2220 carnis,
1619 2163 1646 2210 et
1670 2155 1702 2226 (si
1718 2155 1745 2210 id

949 2237 1031 2292 etiam
1040 2237 1155 2317 dicitur)
1171 2240 1323 2296 asensibus
1332 2242 1469 2313 corporis.
1484 2232 1661 2317 Tunc⁶magis
1671 2243 1746 2315 viget

949 2335 976 2382 et
991 2326 1113 2398 invigilat
1126 2343 1203 2385 amor
1218 2329 1374 2402 spiritualis,
1391 2347 1454 2388 cum
1466 2332 1624 2403 consopitur
1637 2332 1746 2403 penitas

950 2416 1039 2471 omnis
1060 2416 1153 2487 passio
1172 2426 1200 2474 et
1222 2418 1337 2475 allectus
1359 2419 1495 2475 animalis.
1515 2421 1550 2476 Et
1571 2419 1698 2477 dormitio
1718 2424 1747 2479 et

948 2503 1103 2574 inebriatio,
1115 2513 1229 2578 utraque
1244 2507 1414 2565 alienationis
1429 2507 1511 2566 143
1526 2510 1610 2567 vicem
1625 2509 1744 2582 praefert.

949 2592 982 2647 Et
992 2593 1119 2664 quiddam
1129 2593 1158 2649 in
1172 2596 1224 2652 boc
1237 2595 1296 2668 ipso
1306 2597 1340 2651 ad
1356 2596 1472 2669 invicem
1484 2604 1580 2654 tenent
1591 2613 1745 2666 commune,

949 2681 1023 2752 quod
1037 2690 1155 2742 mentem
1170 2691 1224 2738 tam
1239 2686 1298 2740 hare
1312 2701 1392 2757 quam
1407 2686 1451 2740 illa
1466 2687 1518 2741 sibi
1532 2687 1641 2759 abripit,
1657 2694 1685 2743 et
1699 2705 1746 2761 ιι·

950 2784 999 2825 nes
1020 2786 1049 2825 se
1063 2787 1176 2828 manere
1190 2787 1246 2828 non
1260 2773 1334 2829 sinit.
1350 2774 1469 2847 Utraque
1483 2781 1582 2831 statum
1598 2775 1745 2846 pristinum

950 2857 1001 2929 ipsi
1015 2858 1123 2929 animae,
1147 2869 1175 2915 ut
1195 2861 1235 2917 sic
1254 2861 1353 2933 dicam,
1369 2862 1484 2926 foratur.
1507 2873 1535 2918 et
1553 2879 1639 2928 novos
1658 2864 1746 2920 infor·

950 2953 1006 3001 mat
1020 2946 1145 3003 allectus.
1156 2952 1210 3021 ligo
1221 2949 1337 3019 dormio,
1350 2956 1379 3007 et
1390 2968 1438 3008 eor
1448 2969 1542 3009 meum
1552 2954 1664 3025 vigilat.
1676 2953 1747 3010 Dor÷

97 3042 160 3096 Non
173 3047 216 3096 est
228 3038 363 3105 ordinata,
380 3037 431 3094 nisi
455 3054 518 3094 cum
531 3037 660 3095 omnibus
673 3036 733 3093 aliis
748 3036 830 3094 luerit
851 3036 893 3092 al-
951 3033 1037 3090 miunt
1060 3036 1104 3090 alii
1128 3053 1253 3093 somnum
1275 3056 1363 3107 snum,
1388 3048 1415 3096 et
1438 3040 1584 3100 delectatio
1603 3057 1699 3098 eorum
1719 3042 1746 3101 iu

99 3128 213 3186 tectibus
228 3120 446 3199 superordinata.
466 3129 557 3184 Bonus
572 3128 650 3194 ordo,
662 3125 895 3199 supereminentia
912 3082 934 3160 Β
949 3123 1059 3195 propria
1081 3124 1219 3183 uoluntate
1242 3136 1270 3184 et
1291 3129 1427 3200 voluptate
1449 3129 1574 3202 quiescit.
1599 3130 1624 3185 A
1648 3129 1747 3186 talibus

98 3217 198 3274 amoris
223 3232 229 3271 :
254 3215 462 3289 supereminens
490 3231 568 3273 amor
593 3215 767 3272 charissimos
789 3214 894 3271 elficit.
949 3227 1002 3285 ego
1016 3214 1131 3283 dormio,
1146 3223 1173 3272 et
1194 3216 1289 3290 vigilat
1306 3233 1354 3273 cor
1372 3234 1464 3274 meum
1483 3218 1542 3275 tibi.
1561 3219 1603 3273 ab
1618 3219 1747 3289 increpa·

99 3305 255 3363 charissimi
266 3312 340 3374 sunt,
353 3305 382 3361 in
399 3304 572 3380 quibusnihil
587 3312 628 3361 est
641 3303 685 3362 vel
699 3303 831 3362 charitate
846 3319 896 3359 va·
950 3299 1024 3357 ιιοιι
1048 3309 1104 3368 ιιι,
1124 3302 1249 3371 Domine,
1270 3304 1409 3361 dormiunt
1427 3305 1472 3360 alii
1496 3307 1583 3376 (Psal.
1602 3321 1683 3376 cxxv,
1705 3308 1745 3377 7),

99 3396 244 3463 cuum,vel
257 3394 423 3468 aliinegotio
439 3409 549 3451 vacans.
565 3393 639 3451 Ordo
654 3393 814 3465 plenusest,
835 3409 895 3449 cum
949 3404 1001 3465 ego
1015 3390 1050 3445 ab
1070 3391 1292 3463 incrapulatione.
1317 3393 1390 3448 Dura
1415 3395 1472 3450 haec
1495 3393 1646 3467 increpatio
1670 3394 1747 3461 satis,

98 3485 134 3541 de
147 3484 238 3540 charis
251 3485 279 3539 in
294 3483 519 3541 charissimorum
533 3483 649 3555 gradum
665 3481 805 3537 transitur.
822 3480 896 3537 Ordo
950 3477 1059 3550 quando
1078 3479 1273 3538 dissimulando
1296 3499 1351 3538 suan
1366 3483 1502 3540 hominem
1523 3483 1656 3555 permittis
1670 3482 1748 3540 desi-

99 3573 197 3646 pleuus
212 3581 265 3639 est,
280 3588 342 3628 cum
355 3572 613 3629 eharitatiscumulo
623 3571 688 3627 nibil
698 3569 781 3644 adjici
796 3577 896 3642 potest.
950 3566 1012 3636 diae,
1028 3567 1097 3624 sicut
1111 3577 1153 3625 est
1168 3585 1266 3644 magna
1282 3570 1432 3642 increpatio
1447 3570 1612 3627 desertionis
1626 3571 1747 3642 signum.

102 3662 252 3729 comedite,
269 3661 400 3726 cornert
411 3659 500 3717 bibite
511 3665 557 3728 ;el
571 3659 772 3727 inebriamini,
786 3658 898 3715 charis·
950 3656 992 3710 Ab
1010 3657 1061 3712 hac
1075 3656 1271 3732 increpatione·
1283 3659 1394 3725 dormit,
1411 3665 1459 3730 qui
1479 3677 1512 3716 ex
1531 3659 1749 3715 dissimulatione

99 3749 179 3807 simi.
196 3749 299 3804 Omnes
312 3747 351 3802 ibi
365 3747 455 3817 amici,
470 3756 499 3803 et
512 3762 609 3803 omnes
621 3747 782 3802 charissimi.
794 3747 898 3803 Omnes
951 3744 1042 3799 divina
1064 3746 1242 3803 somnolentae
1266 3748 1404 3805 securitati
1424 3765 1454 3805 se
1472 3749 1592 3813 tradens,
1616 3748 1747 3804 dissimu-

101 3845 239 3911 potaatm,
250 3844 278 3892 et
292 3834 576 3892 omnesinehriantur.
588 3834 698 3891 Nonsic
711 3834 837 3891 antemin
848 3837 898 3891 hac
952 3833 1031 3889 lautis
1046 3834 1202 3904 patientiam
1216 3851 1272 3892 non
1292 3838 1408 3894 attendit
1423 3838 1555 3909 parturire
1570 3837 1749 3909 impaeniten-

100 3925 223 3983 convalle
246 3924 438 3996 lacrymarum,
460 3938 515 3979 non
538 3924 577 3978 sio
603 3937 609 3977 :
627 3924 675 3978 sed
704 3923 782 3978 multi
801 3921 897 3989 amici,
952 3921 987 3977 tis
1002 3923 1148 3993 repulsam.
1165 3925 1293 3981 Patientis
1306 3926 1509 3998 longanimitas,
1524 3934 1552 3982 ιι
1568 3926 1679 3982 interim
1694 3941 1749 3981 non

102 4012 183 4088 pauci
195 4011 362 4081 cbarissimi;
378 4011 454 4067 multi
474 4019 613 4083 potantur,
636 4028 691 4068 non
716 4011 898 4082 inebriantur,
953 4010 1138 4081 percutientis,
1155 4013 1182 4067 in
1203 4016 1364 4070 verecundis
1383 4015 1519 4071 mentibus
1533 4015 1588 4072 vim
1606 4016 1707 4083 habet;
1723 4024 1751 4071 et

103 4116 200 4160 omnes
211 4101 307 4174 3etqui
320 4100 499 4167 inebriantur,
514 4101 613 4156 iterum
628 4099 899 4172 temperantesfiuat.
953 4098 1048 4154 eadem
1061 4100 1171 4157 Domini
1185 4102 1337 4175 tolerantia,
1352 4120 1414 4176 quae
1434 4110 1540 4160 mentes
1559 4105 1687 4160 ltonestas
1703 4103 1750 4158 la-

104 4190 146 4248 hd
161 4191 255 4247 horam
276 4202 368 4247 mente
383 4190 529 4257 excedunt,
549 4196 576 4246 et
589 4189 623 4244 ad
644 4189 820 4245 sobrietatem
834 4189 900 4245 soli·
954 4187 990 4242 cit
1005 4187 1143 4258 sollicitas,
1159 4190 1243 4246 duras
1257 4191 1317 4264 ipsa
1330 4191 1417 4247 reddit
1432 4209 1553 4249 sociares.

104 4288 160 4335 tam
174 4278 265 4336 denuc
286 4278 409 4335 redeunt.
426 4280 594 4352 soporantur
605 4277 795 4334 clamitantur
806 4295 813 4344 ;
825 4293 898 4334 som·
991 4279 1017 4330 2.
1030 4278 1094 4348 Epo,
1105 4277 1201 4351 inquit,
1216 4280 1335 4348 dormio,
1350 4285 1378 4340 ct
1393 4298 1440 4340 cor
1453 4299 1550 4339 areum
1559 4281 1670 4353 vigilat.
1681 4281 1750 4334 Dor-

105 4366 209 4425 nolenti
222 4367 302 4441 fiunt,
316 4375 345 4423 et
359 4379 420 4439 post
434 4367 572 4439 paululum
588 4367 686 4423 iterum
701 4367 824 4442 vigilant.
836 4366 901 4422 Ideo
955 4363 1010 4419 mic
1025 4380 1079 4422 non
1093 4365 1243 4440 increpata,
1258 4369 1306 4426 sed
1321 4368 1490 4442 incrapulata
1509 4369 1613 4435 ovino,
1627 4367 1661 4423 ad
1676 4367 1751 4441 quod

105 4457 231 4530 sequitur
246 4476 254 4511 :
270 4460 325 4529 Epo
335 4456 452 4524 dormio,
468 4462 496 4513 et
506 4472 657 4515 cormeum
671 4457 780 4529 oipilat.
798 4456 845 4511 liae
856 4463 898 4509 ta·
918 4461 940 4538 ῃ
956 4468 1036 4509 vocas
1051 4456 1226 4514 charissimos
1242 4458 1300 4514 tibi.
1312 4458 1427 4530 Crapula
1437 4457 1574 4514 ebrietatis
1586 4466 1638 4512 tuse
1648 4456 1751 4513 mundo

106 4562 170 4602 men
183 4544 283 4618 vigiliae
297 4562 352 4601 non
367 4545 656 4603 videnturdcrmitioui
671 4545 832 4611 succedere,
852 4545 901 4599 sed
956 4558 999 4598 me
1014 4544 1092 4613 tollit,
1108 4553 1136 4602 et
1150 4547 1197 4602 tibi
1213 4547 1313 4603 tradit:
1330 4556 1451 4619 soporat,
1463 4556 1489 4604 et
1503 4547 1621 4604 excitat:
1640 4547 1752 4602 sacula-

105 4635 192 4707 ipsam
206 4634 340 4692 comitari.
357 4636 471 4691 Praestet
488 4635 569 4690 nobis
588 4634 720 4691 Dominus
741 4635 822 4689 lesus
841 4649 902 4706 quae
956 4631 1027 4687 rium
1040 4633 1163 4693 oblivisci
1174 4652 1217 4692 me
1227 4636 1300 4704 iacit,
1311 4645 1338 4692 et
1352 4636 1390 4691 tui
1400 4652 1456 4692 non
1466 4636 1539 4692 sinit.
1552 4639 1607 4709 Ego
1621 4634 1753 4691 dormio:

105 4736 190 4793 super
202 4723 261 4779 hac
275 4730 338 4777 sunt
352 4721 467 4778 dicenda
487 4723 629 4795 vigilanter
638 4723 801 4796 intelligere,
813 4731 841 4781 et
850 4740 901 4780 vo·
956 4720 1044 4775 dormi
1067 4740 1184 4795 mecum,
1199 4725 1275 4794 juata
1299 4724 1365 4781 illud
1390 4725 1464 4797 quod
1487 4724 1588 4796 ipsein
1608 4723 1755 4779 Salomone

107 4809 150 4866 bis
159 4809 263 4879 audire,
280 4809 326 4882 qui
340 4811 405 4867 vivit
424 4819 451 4867 ιι
466 4819 561 4883 regnat
575 4814 648 4868 Deus
662 4828 712 4883 per
735 4812 825 4868 omnia
846 4829 901 4868 sae-
956 4807 1063 4880 destntS,
1075 4814 1106 4870 Si
1118 4813 1291 4870 dormierint
1301 4814 1355 4870 dac
1365 4816 1462 4883 sirnul,
1474 4815 1643 4883 inuehuntur
1652 4815 1755 4868 minino

108 4898 354 4957 edessenorum.
371 4901 469 4957 Amen.
954 4894 1043 4967 (licet.
1060 4916 1097 4967 tv,
1115 4901 1170 4972 tt).
1185 4902 1230 4958 Sic
1240 4902 1286 4958 liet
1299 4911 1328 4958 ιι
1341 4919 1374 4959 ex
1389 4903 1482 4959 dilecti
1497 4901 1641 4974 prasentia
1654 4902 1690 4957 cb
1706 4916 1756 4957 ve-

389 5006 508 5065 sfflo
526 5007 608 5066 xm,
955 4991 1120 5050 hementiam
1143 4991 1241 5047 amoris
1260 5007 1308 5048 cor
1327 5008 1417 5047 meum
1438 4992 1533 5066 vigilet
1551 4991 1679 5062 amplius.
1701 4990 1757 5045 Cor

109 5116 164 5186 290
182 5111 300 5180 dormio,
315 5117 343 5170 ,g
358 5129 408 5170 00,
419 5129 515 5172 meum
530 5116 641 5188 vim-lag
663 5117 717 5172 Vox
731 5115 832 5172 dum,-
848 5118 904 5173 mei
958 5099 1048 5138 meum
1062 5080 1164 5182 vigilat,
1180 5095 1243 5136 cum
1265 5088 1328 5136 tuus
1342 5096 1418 5137 arnor
1439 5083 1468 5137 ιι
1481 5097 1515 5137 eo
1533 5079 1651 5178 amplius
1670 5079 1754 5152 viget.

143 5186 308 5256 pubentia
329 5186 413 5259 Aperi
439 5187 525 5249 mihi,
543 5203 622 5244 soror
647 5203 726 5254 mea,
747 5194 811 5250 etc..
837 5187 904 5257 puin
958 5175 1013 5244 Εθθ
1033 5170 1153 5236 dommo,
1167 5174 1195 5225 ii
1216 5171 1488 5243 0⁰²'mssum0591'l0i
1518 5170 1757 5239 0⁰s11¹¹⁰lll⁰lltssr

143 5260 231 5326 capot
245 5273 353 5325 meam
368 5265 422 5314 etc.
438 5259 536 5330 (Cant.
552 5275 579 5324 v,
597 5262 637 5331 ι.)
959 5259 1040 5316 amici
1062 5257 1193 5332 requiem,
1210 5262 1447 5330 propterraptum
1466 5258 1587 5330 invigilo.
1605 5259 1634 5312 ln
1659 5271 1757 5313 somao

147 5363 173 5414 ι,
190 5363 245 5432 Epo
256 5360 376 5430 domm,
390 5369 419 5420 σε
432 5380 481 5422 007·
494 5381 589 5421 meum
600 5365 707 5436 vigilat,
722 5363 784 5419 post
799 5363 906 5418 hester·
962 5349 1035 5405 dulci
1049 5348 1147 5422 quietis
1159 5364 1237 5416 meae,
1263 5348 1416 5405 sollicitudo
1436 5347 1572 5423 vigilantis
1594 5355 1620 5403 te
1637 5346 1759 5419 vigilan·

110 5447 175 5488 aum
190 5431 416 5507 capitulumque
431 5435 543 5492 rationis
560 5433 758 5507 consequentia
782 5433 842 5490 talia
860 5450 907 5491 re·
963 5437 1015 5495 tius
1029 5436 1154 5494 somniat.
1172 5437 1262 5494 Dulcis
1272 5454 1395 5507 somnus,
1411 5445 1439 5494 et
1452 5436 1532 5493 dulce
1547 5435 1696 5506 somnium,
1711 5451 1761 5492 ne-
