<?xml version="1.0" encoding="UTF-8"?>
<!DOCTYPE html PUBLIC "-//W3C//DTD XHTML 1.0 Transitional//EN"
    "http://www.w3.org/TR/xhtml1/DTD/xhtml1-transitional.dtd">
<html xmlns="http://www.w3.org/1999/xhtml" xml:lang="en" lang="en">
 <head>
  <title>
</title>
<meta http-equiv="Content-Type" content="text/html;charset=utf-8" />
  <meta name='ocr-system' content='tesseract 3.04.00' />
  <meta name='ocr-capabilities' content='ocr_page ocr_carea ocr_par ocr_line ocrx_word'/>
</head>
<body>
  <div class='ocr_page' id='page_1' title='image "./patrologiaecurs00unkngoog_0068.png"; bbox 0 0 3706 5962; ppageno 0'>
   <div class='ocr_carea' id='block_1_1' title="bbox 154 179 949 373">
    <p class='ocr_par' dir='ltr' id='par_1_1' title="bbox 154 179 949 373">
     <span class='ocr_line' id='line_1_1' title="bbox 156 179 206 241; baseline -0.04 -1"><span class='ocrx_word' id='word_1_1' title='bbox 156 179 206 241; x_wconf 77' lang='lat'><strong>1:23</strong></span> 
     </span>
     <span class='ocr_line' id='line_1_2' title="bbox 154 298 949 373; baseline 0.001 -18"><span class='ocrx_word' id='word_1_2' title='bbox 154 307 285 373; x_wconf 88' lang='lat' dir='ltr'><strong>superant</strong></span> <span class='ocrx_word' id='word_1_3' title='bbox 314 299 411 373; x_wconf 89' lang='lat' dir='ltr'><strong>quibus</strong></span> <span class='ocrx_word' id='word_1_4' title='bbox 434 299 508 354; x_wconf 89' lang='lat' dir='ltr'><strong>salva</strong></span> <span class='ocrx_word' id='word_1_5' title='bbox 534 313 617 359; x_wconf 83' lang='lat' dir='ltr'><strong>causa</strong></span> <span class='ocrx_word' id='word_1_6' title='bbox 641 298 776 358; x_wconf 78' lang='lat' dir='ltr'><strong>consistit.</strong></span> <span class='ocrx_word' id='word_1_7' title='bbox 804 299 949 369; x_wconf 84' lang='lat' dir='ltr'><strong>Quomodo</strong></span> 
     </span>
    </p>
   </div>
   <div class='ocr_carea' id='block_1_2' title="bbox 803 175 1150 239">
    <p class='ocr_par' dir='ltr' id='par_1_2' title="bbox 803 175 1150 239">
     <span class='ocr_line' id='line_1_3' title="bbox 803 175 1150 239; baseline 0.003 -6"><span class='ocrx_word' id='word_1_8' title='bbox 803 175 997 238; x_wconf 77' lang='lat' dir='ltr'><strong>chtctttttt</strong></span> <span class='ocrx_word' id='word_1_9' title='bbox 1014 178 1150 239; x_wconf 80' lang='lat' dir='ltr'><strong>lsscttls</strong></span> 
     </span>
    </p>
   </div>
   <div class='ocr_carea' id='block_1_3' title="bbox 1749 182 1801 243">
    <p class='ocr_par' dir='ltr' id='par_1_3' title="bbox 1749 182 1801 243">
     <span class='ocr_line' id='line_1_4' title="bbox 1749 182 1801 243; baseline 0.038 -2"><span class='ocrx_word' id='word_1_10' title='bbox 1749 182 1801 243; x_wconf 76' lang='lat' dir='ltr'><strong>tat</strong></span> 
     </span>
    </p>
   </div>
   <div class='ocr_carea' id='block_1_4' title="bbox 965 301 1802 416">
    <p class='ocr_par' dir='ltr' id='par_1_4' title="bbox 965 301 1802 416">
     <span class='ocr_line' id='line_1_5' title="bbox 965 301 1802 416; baseline 0.004 -59"><span class='ocrx_word' id='word_1_11' title='bbox 965 303 1168 416; x_wconf 51' lang='lat' dir='ltr'><strong>“intellectus</strong></span> <span class='ocrx_word' id='word_1_12' title='bbox 1198 301 1306 375; x_wconf 80' lang='lat' dir='ltr'><strong>quibus.</strong></span> <span class='ocrx_word' id='word_1_13' title='bbox 1322 317 1376 358; x_wconf 90' lang='lat' dir='ltr'><strong>non</strong></span> <span class='ocrx_word' id='word_1_14' title='bbox 1403 303 1460 373; x_wconf 77' lang='lat' dir='ltr'><strong>J&#39;am</strong></span> <span class='ocrx_word' id='word_1_15' title='bbox 1482 303 1553 359; x_wconf 89' lang='lat' dir='ltr'><strong>lacte</strong></span> <span class='ocrx_word' id='word_1_16' title='bbox 1577 318 1646 374; x_wconf 94' lang='lat' dir='ltr'><strong>opus</strong></span> <span class='ocrx_word' id='word_1_17' title='bbox 1671 312 1721 371; x_wconf 90' lang='lat' dir='ltr'><strong>est,</strong></span> <span class='ocrx_word' id='word_1_18' title='bbox 1752 306 1802 360; x_wconf 91' lang='lat' dir='ltr'><strong>sed</strong></span> 
     </span>
    </p>
   </div>
   <div class='ocr_carea' id='block_1_5' title="bbox 154 387 1802 464">
    <p class='ocr_par' dir='ltr' id='par_1_5' title="bbox 154 387 1802 464">
     <span class='ocr_line' id='line_1_6' title="bbox 154 387 1802 464; baseline 0.003 -19"><span class='ocrx_word' id='word_1_19' title='bbox 154 389 225 445; x_wconf 91' lang='lat' dir='ltr'><strong>euim</strong></span> <span class='ocrx_word' id='word_1_20' title='bbox 240 405 294 445; x_wconf 91' lang='lat' dir='ltr'><strong>non</strong></span> <span class='ocrx_word' id='word_1_21' title='bbox 310 394 451 459; x_wconf 90' lang='lat' dir='ltr'><strong>superant,</strong></span> <span class='ocrx_word' id='word_1_22' title='bbox 467 403 530 451; x_wconf 87' lang='lat' dir='ltr'><strong>cum</strong></span> <span class='ocrx_word' id='word_1_23' title='bbox 544 395 591 442; x_wconf 88' lang='lat' dir='ltr'><strong>aut</strong></span> <span class='ocrx_word' id='word_1_24' title='bbox 612 388 785 459; x_wconf 89' lang='lat' dir='ltr'><strong>persistendo</strong></span> <span class='ocrx_word' id='word_1_25' title='bbox 800 387 828 443; x_wconf 91' lang='lat' dir='ltr'><strong>in</strong></span> <span class='ocrx_word' id='word_1_26' title='bbox 842 389 949 445; x_wconf 87' lang='lat' dir='ltr'><strong>contes-</strong></span> <span class='ocrx_word' id='word_1_27' title='bbox 1004 392 1089 448; x_wconf 93' lang='lat' dir='ltr'><strong>solido</strong></span> <span class='ocrx_word' id='word_1_28' title='bbox 1113 391 1183 456; x_wconf 91' lang='lat' dir='ltr'><strong>cibo,</strong></span> <span class='ocrx_word' id='word_1_29' title='bbox 1210 391 1353 464; x_wconf 89' lang='lat' dir='ltr'><strong>ipsumque</strong></span> <span class='ocrx_word' id='word_1_30' title='bbox 1383 391 1585 463; x_wconf 89' lang='lat' dir='ltr'><strong>quodammodo</strong></span> <span class='ocrx_word' id='word_1_31' title='bbox 1608 401 1753 449; x_wconf 84' lang='lat' dir='ltr'><strong>attenuare</strong></span> <span class='ocrx_word' id='word_1_32' title='bbox 1774 403 1802 451; x_wconf 92' lang='lat' dir='ltr'><strong>et</strong></span> 
     </span>
    </p>
   </div>
   <div class='ocr_carea' id='block_1_6' title="bbox 154 476 951 977">
    <p class='ocr_par' dir='ltr' id='par_1_6' title="bbox 154 476 951 977">
     <span class='ocr_line' id='line_1_7' title="bbox 155 476 949 550; baseline 0 -17"><span class='ocrx_word' id='word_1_33' title='bbox 155 478 231 534; x_wconf 89' lang='lat' dir='ltr'><strong>sione</strong></span> <span class='ocrx_word' id='word_1_34' title='bbox 247 476 346 533; x_wconf 75' lang='lat' dir='ltr'>redditi</span> <span class='ocrx_word' id='word_1_35' title='bbox 367 485 430 532; x_wconf 89' lang='lat' dir='ltr'><strong>sunt</strong></span> <span class='ocrx_word' id='word_1_36' title='bbox 443 476 595 543; x_wconf 77' lang='lat' dir='ltr'><strong>aternitati,</strong></span> <span class='ocrx_word' id='word_1_37' title='bbox 616 485 663 531; x_wconf 86' lang='lat' dir='ltr'><strong>out</strong></span> <span class='ocrx_word' id='word_1_38' title='bbox 677 477 869 548; x_wconf 84' lang='lat' dir='ltr'><strong>persuadendo</strong></span> <span class='ocrx_word' id='word_1_39' title='bbox 884 494 949 550; x_wconf 90' lang='lat' dir='ltr'><strong>per-</strong></span> 
     </span>
     <span class='ocr_line' id='line_1_8' title="bbox 155 564 950 636; baseline 0 -15"><span class='ocrx_word' id='word_1_40' title='bbox 155 574 294 622; x_wconf 90' lang='lat' dir='ltr'><strong>secutores</strong></span> <span class='ocrx_word' id='word_1_41' title='bbox 308 564 523 621; x_wconf 81' lang='lat' dir='ltr'><strong>informaverunt</strong></span> <span class='ocrx_word' id='word_1_42' title='bbox 533 564 658 620; x_wconf 79' lang='lat' dir='ltr'><strong>veritati?</strong></span> <span class='ocrx_word' id='word_1_43' title='bbox 673 565 797 636; x_wconf 90' lang='lat' dir='ltr'><strong>Denique</strong></span> <span class='ocrx_word' id='word_1_44' title='bbox 812 566 862 621; x_wconf 89' lang='lat' dir='ltr'><strong>etsi</strong></span> <span class='ocrx_word' id='word_1_45' title='bbox 878 565 950 621; x_wconf 85' lang='lat' dir='ltr'><strong>aesti-</strong></span> 
     </span>
     <span class='ocr_line' id='line_1_9' title="bbox 154 652 950 724; baseline 0 -16"><span class='ocrx_word' id='word_1_46' title='bbox 154 653 220 708; x_wconf 90' lang='lat' dir='ltr'><strong>mati</strong></span> <span class='ocrx_word' id='word_1_47' title='bbox 242 660 304 708; x_wconf 89' lang='lat' dir='ltr'><strong>sunt</strong></span> <span class='ocrx_word' id='word_1_48' title='bbox 323 653 393 709; x_wconf 90' lang='lat' dir='ltr'><strong>siout</strong></span> <span class='ocrx_word' id='word_1_49' title='bbox 413 668 478 708; x_wconf 88' lang='lat' dir='ltr'><strong>oves</strong></span> <span class='ocrx_word' id='word_1_50' title='bbox 501 652 656 718; x_wconf 82' lang='lat' dir='ltr'><strong>occisionis,</strong></span> <span class='ocrx_word' id='word_1_51' title='bbox 673 653 834 724; x_wconf 82' lang='lat' dir='ltr'><strong>quibusdam</strong></span> <span class='ocrx_word' id='word_1_52' title='bbox 859 662 950 710; x_wconf 90' lang='lat' dir='ltr'><strong>tamen</strong></span> 
     </span>
     <span class='ocr_line' id='line_1_10' title="bbox 154 741 951 814; baseline 0.003 -17"><span class='ocrx_word' id='word_1_53' title='bbox 154 742 279 799; x_wconf 83' lang='lat' dir='ltr'><strong>innocuis</strong></span> <span class='ocrx_word' id='word_1_54' title='bbox 293 741 422 799; x_wconf 88' lang='lat' dir='ltr'><strong>dentibus</strong></span> <span class='ocrx_word' id='word_1_55' title='bbox 438 743 473 798; x_wconf 88' lang='lat' dir='ltr'><strong>ab</strong></span> <span class='ocrx_word' id='word_1_56' title='bbox 487 741 653 798; x_wconf 84' lang='lat' dir='ltr'><strong>infidelitatis</strong></span> <span class='ocrx_word' id='word_1_57' title='bbox 668 743 761 798; x_wconf 89' lang='lat' dir='ltr'><strong>radice</strong></span> <span class='ocrx_word' id='word_1_58' title='bbox 777 742 870 800; x_wconf 89' lang='lat' dir='ltr'><strong>hostes</strong></span> <span class='ocrx_word' id='word_1_59' title='bbox 883 760 951 814; x_wconf 65' lang='lat' dir='ltr'><strong>prm</strong></span> 
     </span>
     <span class='ocr_line' id='line_1_11' title="bbox 155 829 951 899; baseline -0.001 -12"><span class='ocrx_word' id='word_1_60' title='bbox 155 830 281 887; x_wconf 77' lang='lat' dir='ltr'><strong>ciderunt</strong></span> <span class='ocrx_word' id='word_1_61' title='bbox 296 846 370 899; x_wconf 90' lang='lat' dir='ltr'><strong>suos,</strong></span> <span class='ocrx_word' id='word_1_62' title='bbox 386 838 414 886; x_wconf 89' lang='lat' dir='ltr'><strong>ut</strong></span> <span class='ocrx_word' id='word_1_63' title='bbox 429 830 500 887; x_wconf 91' lang='lat' dir='ltr'><strong>inter</strong></span> <span class='ocrx_word' id='word_1_64' title='bbox 514 829 643 887; x_wconf 81' lang='lat' dir='ltr'><strong>Ecclesia</strong></span> <span class='ocrx_word' id='word_1_65' title='bbox 664 830 755 886; x_wconf 87' lang='lat' dir='ltr'><strong>vitalia</strong></span> <span class='ocrx_word' id='word_1_66' title='bbox 770 830 951 887; x_wconf 77' lang='lat' dir='ltr'><strong>reconderent</strong></span> 
     </span>
     <span class='ocr_line' id='line_1_12' title="bbox 154 935 270 977; baseline -0.026 0"><span class='ocrx_word' id='word_1_67' title='bbox 154 935 270 977; x_wconf 85' lang='lat' dir='ltr'><strong>viscera.</strong></span> 
     </span>
    </p>
   </div>
   <div class='ocr_carea' id='block_1_7' title="bbox 153 1012 951 1703">
    <p class='ocr_par' dir='ltr' id='par_1_7' title="bbox 153 1012 951 1703">
     <span class='ocr_line' id='line_1_13' title="bbox 190 1012 948 1085; baseline -0.004 -14"><span class='ocrx_word' id='word_1_68' title='bbox 190 1020 217 1071; x_wconf 87' lang='lat' dir='ltr'><strong>o.</strong></span> <span class='ocrx_word' id='word_1_69' title='bbox 232 1017 273 1069; x_wconf 76' lang='lat' dir='ltr'><strong>An</strong></span> <span class='ocrx_word' id='word_1_70' title='bbox 287 1031 341 1071; x_wconf 92' lang='lat' dir='ltr'><strong>uon</strong></span> <span class='ocrx_word' id='word_1_71' title='bbox 351 1013 404 1070; x_wconf 93' lang='lat' dir='ltr'><strong>hoc</strong></span> <span class='ocrx_word' id='word_1_72' title='bbox 418 1013 470 1069; x_wconf 88' lang='lat' dir='ltr'><strong>sibi</strong></span> <span class='ocrx_word' id='word_1_73' title='bbox 484 1015 540 1070; x_wconf 83' lang='lat' dir='ltr'><strong>vult</strong></span> <span class='ocrx_word' id='word_1_74' title='bbox 554 1012 628 1085; x_wconf 91' lang='lat' dir='ltr'><strong>quod</strong></span> <span class='ocrx_word' id='word_1_75' title='bbox 642 1013 948 1085; x_wconf 68' lang='lat' dir='ltr'><strong>subnectiturlbentes,</strong></span> 
     </span>
     <span class='ocr_line' id='line_1_14' title="bbox 154 1101 950 1174; baseline 0 -18"><span class='ocrx_word' id='word_1_76' title='bbox 154 1101 252 1174; x_wconf 89' lang='lat' dir='ltr'><strong>inquit,</strong></span> <span class='ocrx_word' id='word_1_77' title='bbox 270 1104 313 1159; x_wconf 85' lang='lat' dir='ltr'><strong>tai</strong></span> <span class='ocrx_word' id='word_1_78' title='bbox 325 1102 405 1174; x_wconf 81' lang='lat' dir='ltr'><strong>qnasi</strong></span> <span class='ocrx_word' id='word_1_79' title='bbox 418 1118 488 1174; x_wconf 76' lang='lat' dir='ltr'><strong>pren</strong></span> <span class='ocrx_word' id='word_1_80' title='bbox 502 1102 696 1160; x_wconf 79' lang='lat' dir='ltr'><strong>detonsarum.</strong></span> <span class='ocrx_word' id='word_1_81' title='bbox 712 1102 840 1159; x_wconf 78' lang='lat' dir='ltr'><strong>Advenis</strong></span> <span class='ocrx_word' id='word_1_82' title='bbox 855 1101 950 1173; x_wconf 88' lang='lat' dir='ltr'><strong>quales</strong></span> 
     </span>
     <span class='ocr_line' id='line_1_15' title="bbox 154 1189 950 1263; baseline -0.004 -16"><span class='ocrx_word' id='word_1_83' title='bbox 154 1207 220 1248; x_wconf 87' lang='lat' dir='ltr'><strong>oves</strong></span> <span class='ocrx_word' id='word_1_84' title='bbox 234 1190 292 1246; x_wconf 79' lang='lat' dir='ltr'><strong>istae</strong></span> <span class='ocrx_word' id='word_1_85' title='bbox 306 1190 368 1257; x_wconf 88' lang='lat' dir='ltr'><strong>sint,</strong></span> <span class='ocrx_word' id='word_1_86' title='bbox 385 1207 446 1262; x_wconf 84' lang='lat' dir='ltr'><strong>quae</strong></span> <span class='ocrx_word' id='word_1_87' title='bbox 461 1199 574 1263; x_wconf 92' lang='lat' dir='ltr'><strong>possunt</strong></span> <span class='ocrx_word' id='word_1_88' title='bbox 593 1190 705 1263; x_wconf 90' lang='lat' dir='ltr'><strong>quidem</strong></span> <span class='ocrx_word' id='word_1_89' title='bbox 720 1190 881 1254; x_wconf 71' lang='lat' dir='ltr'><strong>detonderi,</strong></span> <span class='ocrx_word' id='word_1_90' title='bbox 902 1189 950 1244; x_wconf 93' lang='lat' dir='ltr'><strong>sed</strong></span> 
     </span>
     <span class='ocr_line' id='line_1_16' title="bbox 154 1278 949 1351; baseline -0.004 -17"><span class='ocrx_word' id='word_1_91' title='bbox 154 1278 251 1335; x_wconf 90' lang='lat' dir='ltr'><strong>dentes</strong></span> <span class='ocrx_word' id='word_1_92' title='bbox 266 1295 359 1335; x_wconf 88' lang='lat' dir='ltr'><strong>earum</strong></span> <span class='ocrx_word' id='word_1_93' title='bbox 380 1295 434 1336; x_wconf 91' lang='lat' dir='ltr'><strong>uon</strong></span> <span class='ocrx_word' id='word_1_94' title='bbox 455 1287 569 1350; x_wconf 82' lang='lat' dir='ltr'><strong>possunt</strong></span> <span class='ocrx_word' id='word_1_95' title='bbox 583 1278 698 1336; x_wconf 89' lang='lat' dir='ltr'><strong>conteri.</strong></span> <span class='ocrx_word' id='word_1_96' title='bbox 714 1279 808 1335; x_wconf 91' lang='lat' dir='ltr'><strong>Occidi</strong></span> <span class='ocrx_word' id='word_1_97' title='bbox 828 1287 949 1351; x_wconf 81' lang='lat' dir='ltr'><strong>possunt,</strong></span> 
     </span>
     <span class='ocr_line' id='line_1_17' title="bbox 155 1367 951 1440; baseline -0.003 -17"><span class='ocrx_word' id='word_1_98' title='bbox 155 1376 182 1423; x_wconf 89' lang='lat' dir='ltr'><strong>et</strong></span> <span class='ocrx_word' id='word_1_99' title='bbox 196 1367 268 1423; x_wconf 89' lang='lat' dir='ltr'><strong>tlecti</strong></span> <span class='ocrx_word' id='word_1_100' title='bbox 282 1375 430 1440; x_wconf 89' lang='lat' dir='ltr'><strong>nequeunt.</strong></span> <span class='ocrx_word' id='word_1_101' title='bbox 447 1369 504 1422; x_wconf 83' lang='lat' dir='ltr'><strong>lino</strong></span> <span class='ocrx_word' id='word_1_102' title='bbox 514 1367 566 1437; x_wconf 92' lang='lat' dir='ltr'><strong>ipsi</strong></span> <span class='ocrx_word' id='word_1_103' title='bbox 580 1374 770 1439; x_wconf 81' lang='lat' dir='ltr'><strong>persecutores</strong></span> <span class='ocrx_word' id='word_1_104' title='bbox 779 1367 951 1439; x_wconf 77' lang='lat' dir='ltr'><strong>infregerunt</strong></span> 
     </span>
     <span class='ocr_line' id='line_1_18' title="bbox 154 1454 951 1521; baseline -0.001 -10"><span class='ocrx_word' id='word_1_105' title='bbox 154 1471 228 1521; x_wconf 89' lang='lat' dir='ltr'><strong>suos,</strong></span> <span class='ocrx_word' id='word_1_106' title='bbox 246 1463 274 1510; x_wconf 90' lang='lat' dir='ltr'><strong>et</strong></span> <span class='ocrx_word' id='word_1_107' title='bbox 288 1455 453 1511; x_wconf 80' lang='lat' dir='ltr'><strong>invincibilis</strong></span> <span class='ocrx_word' id='word_1_108' title='bbox 472 1455 604 1511; x_wconf 71' lang='lat' dir='ltr'><strong>doctrinae</strong></span> <span class='ocrx_word' id='word_1_109' title='bbox 623 1455 797 1511; x_wconf 87' lang='lat' dir='ltr'><strong>sermonibus</strong></span> <span class='ocrx_word' id='word_1_110' title='bbox 816 1454 951 1510; x_wconf 87' lang='lat' dir='ltr'><strong>emollitos</strong></span> 
     </span>
     <span class='ocr_line' id='line_1_19' title="bbox 153 1542 950 1615; baseline -0.001 -17"><span class='ocrx_word' id='word_1_111' title='bbox 153 1544 231 1615; x_wconf 88' lang='lat' dir='ltr'><strong>quasi</strong></span> <span class='ocrx_word' id='word_1_112' title='bbox 247 1542 374 1598; x_wconf 90' lang='lat' dir='ltr'><strong>dentibus</strong></span> <span class='ocrx_word' id='word_1_113' title='bbox 389 1559 509 1609; x_wconf 88' lang='lat' dir='ltr'><strong>mansos,</strong></span> <span class='ocrx_word' id='word_1_114' title='bbox 526 1543 690 1600; x_wconf 86' lang='lat' dir='ltr'><strong>infidelium</strong></span> <span class='ocrx_word' id='word_1_115' title='bbox 707 1545 874 1615; x_wconf 87' lang='lat' dir='ltr'><strong>trajecerunt</strong></span> <span class='ocrx_word' id='word_1_116' title='bbox 888 1542 950 1598; x_wconf 93' lang='lat' dir='ltr'><strong>uni·</strong></span> 
     </span>
     <span class='ocr_line' id='line_1_20' title="bbox 153 1632 949 1703; baseline -0.001 -17"><span class='ocrx_word' id='word_1_117' title='bbox 153 1638 247 1687; x_wconf 89' lang='lat' dir='ltr'><strong>tatem.</strong></span> <span class='ocrx_word' id='word_1_118' title='bbox 265 1632 345 1687; x_wconf 84' lang='lat' dir='ltr'><strong>Petro</strong></span> <span class='ocrx_word' id='word_1_119' title='bbox 359 1632 520 1698; x_wconf 89' lang='lat' dir='ltr'><strong>dictumest,</strong></span> <span class='ocrx_word' id='word_1_120' title='bbox 531 1635 627 1689; x_wconf 82' lang='lat' dir='ltr'><strong>Macte</strong></span> <span class='ocrx_word' id='word_1_121' title='bbox 642 1638 670 1687; x_wconf 90' lang='lat' dir='ltr'><strong>et</strong></span> <span class='ocrx_word' id='word_1_122' title='bbox 681 1634 822 1689; x_wconf 84' lang='lat' dir='ltr'><strong>manduca</strong></span> <span class='ocrx_word' id='word_1_123' title='bbox 837 1633 911 1703; x_wconf 76' lang='lat' dir='ltr'><strong>(rtet.</strong></span> <span class='ocrx_word' id='word_1_124' title='bbox 924 1649 949 1697; x_wconf 88' lang='lat' dir='ltr'><strong>x,</strong></span> 
     </span>
    </p>
   </div>
   <div class='ocr_carea' id='block_1_8' title="bbox 1004 479 1805 1700">
    <p class='ocr_par' dir='ltr' id='par_1_8' title="bbox 1004 479 1805 1700">
     <span class='ocr_line' id='line_1_21' title="bbox 1004 479 1801 552; baseline 0.004 -17"><span class='ocrx_word' id='word_1_125' title='bbox 1004 479 1141 535; x_wconf 79' lang='lat' dir='ltr'><strong>infirmare</strong></span> <span class='ocrx_word' id='word_1_126' title='bbox 1168 489 1290 552; x_wconf 88' lang='lat' dir='ltr'><strong>possunt,</strong></span> <span class='ocrx_word' id='word_1_127' title='bbox 1316 488 1342 535; x_wconf 93' lang='lat' dir='ltr'><strong>et</strong></span> <span class='ocrx_word' id='word_1_128' title='bbox 1373 480 1489 550; x_wconf 91' lang='lat' dir='ltr'><strong>quodam</strong></span> <span class='ocrx_word' id='word_1_129' title='bbox 1514 489 1729 552; x_wconf 80' lang='lat' dir='ltr'><strong>temperamento</strong></span> <span class='ocrx_word' id='word_1_130' title='bbox 1758 484 1801 538; x_wconf 86' lang='lat' dir='ltr'><strong>vel</strong></span> 
     </span>
     <span class='ocr_line' id='line_1_22' title="bbox 1005 568 1801 640; baseline 0.003 -16"><span class='ocrx_word' id='word_1_131' title='bbox 1005 568 1216 640; x_wconf 89' lang='lat' dir='ltr'><strong>dispensationis</strong></span> <span class='ocrx_word' id='word_1_132' title='bbox 1237 568 1281 624; x_wconf 88' lang='lat' dir='ltr'><strong>vel</strong></span> <span class='ocrx_word' id='word_1_133' title='bbox 1305 568 1494 639; x_wconf 84' lang='lat' dir='ltr'><strong>disputationis</strong></span> <span class='ocrx_word' id='word_1_134' title='bbox 1512 568 1565 623; x_wconf 90' lang='lat' dir='ltr'><strong>illis</strong></span> <span class='ocrx_word' id='word_1_135' title='bbox 1590 569 1711 625; x_wconf 90' lang='lat' dir='ltr'><strong>sobrium</strong></span> <span class='ocrx_word' id='word_1_136' title='bbox 1736 573 1801 626; x_wconf 91' lang='lat' dir='ltr'><strong>red-</strong></span> 
     </span>
     <span class='ocr_line' id='line_1_23' title="bbox 1005 656 1802 730; baseline 0.001 -18"><span class='ocrx_word' id='word_1_137' title='bbox 1005 658 1081 725; x_wconf 88' lang='lat' dir='ltr'><strong>dere,</strong></span> <span class='ocrx_word' id='word_1_138' title='bbox 1107 657 1152 730; x_wconf 86' lang='lat' dir='ltr'><strong>qui</strong></span> <span class='ocrx_word' id='word_1_139' title='bbox 1174 658 1208 711; x_wconf 89' lang='lat' dir='ltr'><strong>ad</strong></span> <span class='ocrx_word' id='word_1_140' title='bbox 1228 656 1344 711; x_wconf 90' lang='lat' dir='ltr'><strong>solidum</strong></span> <span class='ocrx_word' id='word_1_141' title='bbox 1365 672 1414 728; x_wconf 89' lang='lat' dir='ltr'><strong>per</strong></span> <span class='ocrx_word' id='word_1_142' title='bbox 1438 673 1468 712; x_wconf 90' lang='lat' dir='ltr'><strong>se</strong></span> <span class='ocrx_word' id='word_1_143' title='bbox 1492 657 1688 713; x_wconf 83' lang='lat' dir='ltr'><strong>insufficientes</strong></span> <span class='ocrx_word' id='word_1_144' title='bbox 1713 668 1802 729; x_wconf 88' lang='lat' dir='ltr'><strong>erant,</strong></span> 
     </span>
     <span class='ocr_line' id='line_1_24' title="bbox 1004 745 1803 817; baseline 0.003 -16"><span class='ocrx_word' id='word_1_145' title='bbox 1004 747 1053 802; x_wconf 88' lang='lat' dir='ltr'><strong>sed</strong></span> <span class='ocrx_word' id='word_1_146' title='bbox 1078 746 1264 801; x_wconf 90' lang='lat' dir='ltr'><strong>tantummodo</strong></span> <span class='ocrx_word' id='word_1_147' title='bbox 1288 745 1366 801; x_wconf 87' lang='lat' dir='ltr'><strong>lactis</strong></span> <span class='ocrx_word' id='word_1_148' title='bbox 1389 745 1547 817; x_wconf 83' lang='lat' dir='ltr'><strong>participes.</strong></span> <span class='ocrx_word' id='word_1_149' title='bbox 1575 746 1698 814; x_wconf 86' lang='lat' dir='ltr'><strong>Quodam</strong></span> <span class='ocrx_word' id='word_1_150' title='bbox 1728 748 1803 804; x_wconf 92' lang='lat' dir='ltr'><strong>enim</strong></span> 
     </span>
     <span class='ocr_line' id='line_1_25' title="bbox 1004 833 1803 893; baseline 0.004 -3"><span class='ocrx_word' id='word_1_151' title='bbox 1004 834 1140 891; x_wconf 89' lang='lat' dir='ltr'><strong>solidioris</strong></span> <span class='ocrx_word' id='word_1_152' title='bbox 1162 833 1333 889; x_wconf 88' lang='lat' dir='ltr'><strong>instrumenti</strong></span> <span class='ocrx_word' id='word_1_153' title='bbox 1352 833 1387 887; x_wconf 88' lang='lat' dir='ltr'><strong>ad</strong></span> <span class='ocrx_word' id='word_1_154' title='bbox 1407 834 1592 889; x_wconf 89' lang='lat' dir='ltr'><strong>mandendum</strong></span> <span class='ocrx_word' id='word_1_155' title='bbox 1617 842 1729 891; x_wconf 87' lang='lat' dir='ltr'><strong>utuntur</strong></span> <span class='ocrx_word' id='word_1_156' title='bbox 1754 838 1803 893; x_wconf 89' lang='lat' dir='ltr'><strong>mi·</strong></span> 
     </span>
     <span class='ocr_line' id='line_1_26' title="bbox 1005 921 1805 994; baseline 0.008 -16"><span class='ocrx_word' id='word_1_157' title='bbox 1005 923 1126 993; x_wconf 76' lang='lat' dir='ltr'><strong>pisteuo,</strong></span> <span class='ocrx_word' id='word_1_158' title='bbox 1145 922 1191 994; x_wconf 91' lang='lat' dir='ltr'><strong>qui</strong></span> <span class='ocrx_word' id='word_1_159' title='bbox 1215 921 1376 979; x_wconf 87' lang='lat' dir='ltr'><strong>exercitatos</strong></span> <span class='ocrx_word' id='word_1_160' title='bbox 1396 923 1498 977; x_wconf 90' lang='lat' dir='ltr'><strong>habent</strong></span> <span class='ocrx_word' id='word_1_161' title='bbox 1520 939 1618 979; x_wconf 90' lang='lat' dir='ltr'><strong>sensus</strong></span> <span class='ocrx_word' id='word_1_162' title='bbox 1637 924 1670 978; x_wconf 89' lang='lat' dir='ltr'><strong>ad</strong></span> <span class='ocrx_word' id='word_1_163' title='bbox 1695 924 1805 984; x_wconf 89' lang='lat' dir='ltr'><strong>discre-</strong></span> 
     </span>
     <span class='ocr_line' id='line_1_27' title="bbox 1006 1011 1804 1077; baseline 0.005 -10"><span class='ocrx_word' id='word_1_164' title='bbox 1006 1012 1108 1067; x_wconf 87' lang='lat' dir='ltr'><strong>tionem</strong></span> <span class='ocrx_word' id='word_1_165' title='bbox 1124 1011 1188 1067; x_wconf 92' lang='lat' dir='ltr'><strong>boni</strong></span> <span class='ocrx_word' id='word_1_166' title='bbox 1211 1020 1236 1067; x_wconf 90' lang='lat' dir='ltr'><strong>et</strong></span> <span class='ocrx_word' id='word_1_167' title='bbox 1257 1011 1319 1066; x_wconf 92' lang='lat' dir='ltr'><strong>mali</strong></span> <span class='ocrx_word' id='word_1_168' title='bbox 1337 1025 1343 1063; x_wconf 93' lang='lat'>:</span> <span class='ocrx_word' id='word_1_169' title='bbox 1360 1011 1413 1066; x_wconf 93' lang='lat' dir='ltr'><strong>imo</strong></span> <span class='ocrx_word' id='word_1_170' title='bbox 1433 1012 1516 1066; x_wconf 90' lang='lat' dir='ltr'><strong>etiam</strong></span> <span class='ocrx_word' id='word_1_171' title='bbox 1530 1012 1594 1068; x_wconf 90' lang='lat' dir='ltr'><strong>boui</strong></span> <span class='ocrx_word' id='word_1_172' title='bbox 1608 1021 1635 1068; x_wconf 92' lang='lat' dir='ltr'><strong>et</strong></span> <span class='ocrx_word' id='word_1_173' title='bbox 1657 1013 1730 1077; x_wconf 90' lang='lat' dir='ltr'><strong>boni,</strong></span> <span class='ocrx_word' id='word_1_174' title='bbox 1747 1031 1804 1071; x_wconf 91' lang='lat' dir='ltr'><strong>non</strong></span> 
     </span>
     <span class='ocr_line' id='line_1_28' title="bbox 1006 1099 1804 1171; baseline 0.003 -15"><span class='ocrx_word' id='word_1_175' title='bbox 1006 1109 1109 1156; x_wconf 85' lang='lat' dir='ltr'><strong>tuntum</strong></span> <span class='ocrx_word' id='word_1_176' title='bbox 1129 1101 1281 1170; x_wconf 89' lang='lat' dir='ltr'><strong>judicantes</strong></span> <span class='ocrx_word' id='word_1_177' title='bbox 1300 1099 1371 1155; x_wconf 91' lang='lat' dir='ltr'><strong>inter</strong></span> <span class='ocrx_word' id='word_1_178' title='bbox 1390 1108 1498 1155; x_wconf 88' lang='lat' dir='ltr'><strong>noctem</strong></span> <span class='ocrx_word' id='word_1_179' title='bbox 1519 1111 1547 1156; x_wconf 90' lang='lat' dir='ltr'><strong>et</strong></span> <span class='ocrx_word' id='word_1_180' title='bbox 1572 1101 1657 1171; x_wconf 91' lang='lat' dir='ltr'><strong>diem,</strong></span> <span class='ocrx_word' id='word_1_181' title='bbox 1671 1102 1719 1159; x_wconf 89' lang='lat' dir='ltr'><strong>sed</strong></span> <span class='ocrx_word' id='word_1_182' title='bbox 1742 1119 1804 1162; x_wconf 91' lang='lat' dir='ltr'><strong>om-</strong></span> 
     </span>
     <span class='ocr_line' id='line_1_29' title="bbox 1005 1186 1802 1258; baseline 0.004 -14"><span class='ocrx_word' id='word_1_183' title='bbox 1005 1205 1067 1244; x_wconf 92' lang='lat' dir='ltr'><strong>nem</strong></span> <span class='ocrx_word' id='word_1_184' title='bbox 1088 1188 1242 1258; x_wconf 85' lang='lat' dir='ltr'><strong>judicautes</strong></span> <span class='ocrx_word' id='word_1_185' title='bbox 1264 1187 1347 1243; x_wconf 91' lang='lat' dir='ltr'><strong>diem.</strong></span> <span class='ocrx_word' id='word_1_186' title='bbox 1367 1189 1401 1243; x_wconf 90' lang='lat' dir='ltr'><strong>Et</strong></span> <span class='ocrx_word' id='word_1_187' title='bbox 1418 1189 1480 1257; x_wconf 84' lang='lat' dir='ltr'><strong>jure</strong></span> <span class='ocrx_word' id='word_1_188' title='bbox 1500 1186 1534 1244; x_wconf 90' lang='lat' dir='ltr'><strong>de</strong></span> <span class='ocrx_word' id='word_1_189' title='bbox 1559 1190 1673 1246; x_wconf 84' lang='lat' dir='ltr'><strong>tacacro</strong></span> <span class='ocrx_word' id='word_1_190' title='bbox 1701 1208 1802 1249; x_wconf 90' lang='lat' dir='ltr'><strong>ascen-</strong></span> 
     </span>
     <span class='ocr_line' id='line_1_30' title="bbox 1005 1277 1800 1351; baseline 0.006 -19"><span class='ocrx_word' id='word_1_191' title='bbox 1005 1279 1071 1333; x_wconf 84' lang='lat' dir='ltr'><strong>dere</strong></span> <span class='ocrx_word' id='word_1_192' title='bbox 1095 1277 1171 1342; x_wconf 94' lang='lat' dir='ltr'><strong>dicit,</strong></span> <span class='ocrx_word' id='word_1_193' title='bbox 1197 1285 1226 1330; x_wconf 92' lang='lat' dir='ltr'><strong>ut</strong></span> <span class='ocrx_word' id='word_1_194' title='bbox 1249 1277 1407 1332; x_wconf 90' lang='lat' dir='ltr'><strong>mundando</strong></span> <span class='ocrx_word' id='word_1_195' title='bbox 1430 1277 1507 1332; x_wconf 90' lang='lat' dir='ltr'><strong>cordi</strong></span> <span class='ocrx_word' id='word_1_196' title='bbox 1532 1278 1669 1335; x_wconf 88' lang='lat' dir='ltr'><strong>studiosos</strong></span> <span class='ocrx_word' id='word_1_197' title='bbox 1693 1283 1800 1351; x_wconf 89' lang='lat' dir='ltr'><strong>probet,</strong></span> 
     </span>
     <span class='ocr_line' id='line_1_31' title="bbox 1005 1363 1803 1439; baseline 0.003 -16"><span class='ocrx_word' id='word_1_198' title='bbox 1005 1383 1038 1423; x_wconf 89' lang='lat' dir='ltr'><strong>eo</strong></span> <span class='ocrx_word' id='word_1_199' title='bbox 1062 1366 1134 1439; x_wconf 89' lang='lat' dir='ltr'><strong>quod</strong></span> <span class='ocrx_word' id='word_1_200' title='bbox 1158 1363 1266 1420; x_wconf 89' lang='lat' dir='ltr'><strong>mundis</strong></span> <span class='ocrx_word' id='word_1_201' title='bbox 1285 1367 1367 1420; x_wconf 88' lang='lat' dir='ltr'><strong>eorde</strong></span> <span class='ocrx_word' id='word_1_202' title='bbox 1391 1365 1481 1420; x_wconf 89' lang='lat' dir='ltr'><strong>divina</strong></span> <span class='ocrx_word' id='word_1_203' title='bbox 1505 1366 1539 1420; x_wconf 89' lang='lat' dir='ltr'><strong>sit</strong></span> <span class='ocrx_word' id='word_1_204' title='bbox 1564 1368 1729 1439; x_wconf 88' lang='lat' dir='ltr'><strong>repromissa</strong></span> <span class='ocrx_word' id='word_1_205' title='bbox 1752 1386 1803 1426; x_wconf 93' lang='lat' dir='ltr'><strong>co-</strong></span> 
     </span>
     <span class='ocr_line' id='line_1_32' title="bbox 1004 1452 1803 1528; baseline 0.003 -19"><span class='ocrx_word' id='word_1_206' title='bbox 1004 1455 1100 1528; x_wconf 78' lang='lat' dir='ltr'><strong>gnitio.</strong></span> <span class='ocrx_word' id='word_1_207' title='bbox 1121 1453 1203 1508; x_wconf 87' lang='lat' dir='ltr'><strong>Vides</strong></span> <span class='ocrx_word' id='word_1_208' title='bbox 1227 1452 1364 1524; x_wconf 89' lang='lat' dir='ltr'><strong>quomodo</strong></span> <span class='ocrx_word' id='word_1_209' title='bbox 1383 1454 1473 1508; x_wconf 89' lang='lat' dir='ltr'><strong>lautos</strong></span> <span class='ocrx_word' id='word_1_210' title='bbox 1496 1462 1524 1508; x_wconf 92' lang='lat' dir='ltr'><strong>et</strong></span> <span class='ocrx_word' id='word_1_211' title='bbox 1544 1456 1803 1525; x_wconf 86' lang='lat' dir='ltr'><strong>irreprehensibiles</strong></span> 
     </span>
     <span class='ocr_line' id='line_1_33' title="bbox 1005 1539 1805 1613; baseline 0.004 -17"><span class='ocrx_word' id='word_1_212' title='bbox 1005 1558 1064 1597; x_wconf 89' lang='lat' dir='ltr'><strong>esse</strong></span> <span class='ocrx_word' id='word_1_213' title='bbox 1079 1548 1185 1613; x_wconf 87' lang='lat' dir='ltr'><strong>oportet</strong></span> <span class='ocrx_word' id='word_1_214' title='bbox 1205 1555 1263 1606; x_wconf 88' lang='lat' dir='ltr'><strong>eos,</strong></span> <span class='ocrx_word' id='word_1_215' title='bbox 1280 1539 1326 1611; x_wconf 89' lang='lat' dir='ltr'><strong>qui</strong></span> <span class='ocrx_word' id='word_1_216' title='bbox 1348 1540 1461 1596; x_wconf 88' lang='lat' dir='ltr'><strong>aliorum</strong></span> <span class='ocrx_word' id='word_1_217' title='bbox 1486 1557 1615 1597; x_wconf 88' lang='lat' dir='ltr'><strong>excessus</strong></span> <span class='ocrx_word' id='word_1_218' title='bbox 1639 1543 1741 1598; x_wconf 90' lang='lat' dir='ltr'><strong>debent</strong></span> <span class='ocrx_word' id='word_1_219' title='bbox 1760 1561 1805 1599; x_wconf 91' lang='lat' dir='ltr'><strong>re-</strong></span> 
     </span>
     <span class='ocr_line' id='line_1_34' title="bbox 1005 1627 1804 1700; baseline 0.008 -19"><span class='ocrx_word' id='word_1_220' title='bbox 1005 1627 1131 1683; x_wconf 89' lang='lat' dir='ltr'><strong>mordere</strong></span> <span class='ocrx_word' id='word_1_221' title='bbox 1155 1635 1183 1683; x_wconf 92' lang='lat' dir='ltr'><strong>et</strong></span> <span class='ocrx_word' id='word_1_222' title='bbox 1201 1627 1338 1699; x_wconf 84' lang='lat' dir='ltr'><strong>corripere</strong></span> <span class='ocrx_word' id='word_1_223' title='bbox 1355 1645 1362 1681; x_wconf 80' lang='lat' dir='ltr'><strong><em>z</em></strong></span> <span class='ocrx_word' id='word_1_224' title='bbox 1379 1628 1515 1700; x_wconf 84' lang='lat' dir='ltr'><strong>quomodo</strong></span> <span class='ocrx_word' id='word_1_225' title='bbox 1530 1629 1619 1685; x_wconf 89' lang='lat' dir='ltr'><strong>lautos</strong></span> <span class='ocrx_word' id='word_1_226' title='bbox 1634 1643 1662 1685; x_wconf 88' lang='lat' dir='ltr'><strong>et</strong></span> <span class='ocrx_word' id='word_1_227' title='bbox 1685 1633 1804 1687; x_wconf 90' lang='lat' dir='ltr'><strong>mundos</strong></span> 
     </span>
    </p>
   </div>
   <div class='ocr_carea' id='block_1_9' title="bbox 155 1716 1808 1804">
    <p class='ocr_par' dir='ltr' id='par_1_9' title="bbox 155 1716 1808 1804">
     <span class='ocr_line' id='line_1_35' title="bbox 155 1716 1808 1804; baseline 0.001 -29"><span class='ocrx_word' id='word_1_228' title='bbox 155 1723 210 1790; x_wconf 82' lang='lat'><strong>13).</strong></span> <span class='ocrx_word' id='word_1_229' title='bbox 226 1720 261 1774; x_wconf 86' lang='lat' dir='ltr'><strong>Et</strong></span> <span class='ocrx_word' id='word_1_230' title='bbox 275 1719 361 1790; x_wconf 86' lang='lat' dir='ltr'><strong>Moysi</strong></span> <span class='ocrx_word' id='word_1_231' title='bbox 371 1719 469 1775; x_wconf 89' lang='lat' dir='ltr'><strong>dentes</strong></span> <span class='ocrx_word' id='word_1_232' title='bbox 480 1736 534 1775; x_wconf 89' lang='lat' dir='ltr'><strong>uon</strong></span> <span class='ocrx_word' id='word_1_233' title='bbox 544 1729 605 1774; x_wconf 88' lang='lat' dir='ltr'><strong>sunt</strong></span> <span class='ocrx_word' id='word_1_234' title='bbox 617 1721 785 1788; x_wconf 76' lang='lat' dir='ltr'><strong>motitlleat.</strong></span> <span class='ocrx_word' id='word_1_235' title='bbox 798 1734 900 1785; x_wconf 80' lang='lat' dir='ltr'><strong>xxxtv,</strong></span> <span class='ocrx_word' id='word_1_236' title='bbox 911 1721 950 1788; x_wconf 83' lang='lat'><strong>7).</strong></span> <span class='ocrx_word' id='word_1_237' title='bbox 968 1727 990 1804; x_wconf 70' lang='grc' dir='ltr'><strong>Β</strong></span> <span class='ocrx_word' id='word_1_238' title='bbox 1005 1717 1098 1787; x_wconf 88' lang='lat' dir='ltr'><strong>corde,</strong></span> <span class='ocrx_word' id='word_1_239' title='bbox 1115 1716 1160 1789; x_wconf 89' lang='lat' dir='ltr'><strong>qui</strong></span> <span class='ocrx_word' id='word_1_240' title='bbox 1185 1716 1266 1771; x_wconf 81' lang='lat' dir='ltr'><strong>divini</strong></span> <span class='ocrx_word' id='word_1_241' title='bbox 1290 1719 1424 1772; x_wconf 88' lang='lat' dir='ltr'><strong>sermonis</strong></span> <span class='ocrx_word' id='word_1_242' title='bbox 1449 1718 1608 1789; x_wconf 89' lang='lat' dir='ltr'><strong>dispensare</strong></span> <span class='ocrx_word' id='word_1_243' title='bbox 1631 1719 1734 1775; x_wconf 88' lang='lat' dir='ltr'><strong>debent</strong></span> <span class='ocrx_word' id='word_1_244' title='bbox 1755 1721 1808 1776; x_wconf 89' lang='lat' dir='ltr'><strong>ali-</strong></span> 
     </span>
    </p>
   </div>
   <div class='ocr_carea' id='block_1_10' title="bbox 153 1807 954 3108">
    <p class='ocr_par' dir='ltr' id='par_1_10' title="bbox 153 1807 954 3108">
     <span class='ocr_line' id='line_1_36' title="bbox 154 1807 951 1879; baseline -0.001 -16"><span class='ocrx_word' id='word_1_245' title='bbox 154 1809 259 1864; x_wconf 81' lang='lat' dir='ltr'><strong>Dentes</strong></span> <span class='ocrx_word' id='word_1_246' title='bbox 274 1807 347 1862; x_wconf 91' lang='lat' dir='ltr'><strong>enim</strong></span> <span class='ocrx_word' id='word_1_247' title='bbox 370 1823 466 1863; x_wconf 91' lang='lat' dir='ltr'><strong>eorum</strong></span> <span class='ocrx_word' id='word_1_248' title='bbox 482 1824 559 1863; x_wconf 88' lang='lat' dir='ltr'><strong>arma</strong></span> <span class='ocrx_word' id='word_1_249' title='bbox 573 1816 599 1863; x_wconf 90' lang='lat' dir='ltr'><strong>et</strong></span> <span class='ocrx_word' id='word_1_250' title='bbox 617 1807 722 1878; x_wconf 81' lang='lat' dir='ltr'><strong>sagittae</strong></span> <span class='ocrx_word' id='word_1_251' title='bbox 748 1824 845 1863; x_wconf 90' lang='lat' dir='ltr'><strong>:arma</strong></span> <span class='ocrx_word' id='word_1_252' title='bbox 869 1807 951 1879; x_wconf 92' lang='lat' dir='ltr'><strong>spiri-</strong></span> 
     </span>
     <span class='ocr_line' id='line_1_37' title="bbox 155 1895 952 1964; baseline 0 -14"><span class='ocrx_word' id='word_1_253' title='bbox 155 1895 247 1958; x_wconf 85' lang='lat' dir='ltr'><strong>tualia,</strong></span> <span class='ocrx_word' id='word_1_254' title='bbox 264 1895 384 1964; x_wconf 88' lang='lat' dir='ltr'><strong>potentia</strong></span> <span class='ocrx_word' id='word_1_255' title='bbox 398 1896 455 1952; x_wconf 88' lang='lat' dir='ltr'><strong>Deo</strong></span> <span class='ocrx_word' id='word_1_256' title='bbox 469 1897 504 1951; x_wconf 86' lang='lat' dir='ltr'><strong>ad</strong></span> <span class='ocrx_word' id='word_1_257' title='bbox 519 1896 698 1951; x_wconf 85' lang='lat' dir='ltr'><strong>debellandas</strong></span> <span class='ocrx_word' id='word_1_258' title='bbox 714 1897 888 1955; x_wconf 89' lang='lat' dir='ltr'><strong>munitiones.</strong></span> <span class='ocrx_word' id='word_1_259' title='bbox 907 1895 952 1950; x_wconf 87' lang='lat' dir='ltr'><strong>lln</strong></span> 
     </span>
     <span class='ocr_line' id='line_1_38' title="bbox 155 1982 951 2055; baseline 0.003 -17"><span class='ocrx_word' id='word_1_260' title='bbox 155 2000 210 2040; x_wconf 88' lang='lat' dir='ltr'><strong>nou</strong></span> <span class='ocrx_word' id='word_1_261' title='bbox 227 1982 336 2055; x_wconf 88' lang='lat' dir='ltr'><strong>quidam</strong></span> <span class='ocrx_word' id='word_1_262' title='bbox 355 1983 488 2040; x_wconf 69' lang='lat' dir='ltr'><strong>Ecclesiae</strong></span> <span class='ocrx_word' id='word_1_263' title='bbox 508 1985 615 2053; x_wconf 89' lang='lat' dir='ltr'><strong>dentes,</strong></span> <span class='ocrx_word' id='word_1_264' title='bbox 631 1984 665 2040; x_wconf 89' lang='lat' dir='ltr'><strong>de</strong></span> <span class='ocrx_word' id='word_1_265' title='bbox 681 1986 780 2055; x_wconf 86' lang='lat' dir='ltr'><strong>quibus</strong></span> <span class='ocrx_word' id='word_1_266' title='bbox 795 1985 859 2042; x_wconf 93' lang='lat' dir='ltr'><strong>dicit</strong></span> <span class='ocrx_word' id='word_1_267' title='bbox 874 1988 951 2055; x_wconf 82' lang='lat' dir='ltr'><strong>Apo-</strong></span> 
     </span>
     <span class='ocr_line' id='line_1_39' title="bbox 154 2070 952 2143; baseline 0.003 -17"><span class='ocrx_word' id='word_1_268' title='bbox 154 2071 240 2127; x_wconf 89' lang='lat' dir='ltr'><strong>stolus</strong></span> <span class='ocrx_word' id='word_1_269' title='bbox 249 2085 255 2124; x_wconf 92' lang='lat'>:</span> <span class='ocrx_word' id='word_1_270' title='bbox 265 2073 356 2127; x_wconf 82' lang='lat' dir='ltr'><strong>intret</strong></span> <span class='ocrx_word' id='word_1_271' title='bbox 368 2070 493 2141; x_wconf 80' lang='lat' dir='ltr'><strong>infidelis</strong></span> <span class='ocrx_word' id='word_1_272' title='bbox 503 2077 554 2127; x_wconf 84' lang='lat' dir='ltr'><strong>aet</strong></span> <span class='ocrx_word' id='word_1_273' title='bbox 563 2071 661 2139; x_wconf 82' lang='lat' dir='ltr'><strong>idiota,</strong></span> <span class='ocrx_word' id='word_1_274' title='bbox 669 2072 846 2143; x_wconf 58' lang='lat' dir='ltr'><strong>deiudicetur</strong></span> <span class='ocrx_word' id='word_1_275' title='bbox 856 2071 952 2128; x_wconf 82' lang='lat' dir='ltr'><strong>odom</strong></span> 
     </span>
     <span class='ocr_line' id='line_1_40' title="bbox 155 2160 952 2233; baseline 0.003 -18"><span class='ocrx_word' id='word_1_276' title='bbox 155 2160 249 2228; x_wconf 84' lang='lat' dir='ltr'><strong>nibus,</strong></span> <span class='ocrx_word' id='word_1_277' title='bbox 264 2161 449 2216; x_wconf 80' lang='lat' dir='ltr'><strong>convincitur</strong></span> <span class='ocrx_word' id='word_1_278' title='bbox 463 2160 497 2216; x_wconf 84' lang='lat' dir='ltr'><strong>ab</strong></span> <span class='ocrx_word' id='word_1_279' title='bbox 511 2161 649 2226; x_wconf 85' lang='lat' dir='ltr'><strong>omnibus,</strong></span> <span class='ocrx_word' id='word_1_280' title='bbox 663 2161 774 2217; x_wconf 85' lang='lat' dir='ltr'><strong>occulta</strong></span> <span class='ocrx_word' id='word_1_281' title='bbox 785 2161 875 2218; x_wconf 85' lang='lat' dir='ltr'><strong>cordia</strong></span> <span class='ocrx_word' id='word_1_282' title='bbox 890 2163 952 2233; x_wconf 82' lang='lat' dir='ltr'><strong>ejas</strong></span> 
     </span>
     <span class='ocr_line' id='line_1_41' title="bbox 154 2248 952 2321; baseline 0 -17"><span class='ocrx_word' id='word_1_283' title='bbox 154 2251 309 2318; x_wconf 73' lang='lat' dir='ltr'><strong>manifesta</strong></span> <span class='ocrx_word' id='word_1_284' title='bbox 322 2250 408 2318; x_wconf 78' lang='lat' dir='ltr'><strong>fient,</strong></span> <span class='ocrx_word' id='word_1_285' title='bbox 420 2254 448 2306; x_wconf 90' lang='lat' dir='ltr'><strong>et</strong></span> <span class='ocrx_word' id='word_1_286' title='bbox 458 2248 499 2304; x_wconf 84' lang='lat' dir='ltr'><strong>sic</strong></span> <span class='ocrx_word' id='word_1_287' title='bbox 509 2249 612 2306; x_wconf 88' lang='lat' dir='ltr'><strong>cadens</strong></span> <span class='ocrx_word' id='word_1_288' title='bbox 622 2249 655 2304; x_wconf 85' lang='lat' dir='ltr'><strong>in</strong></span> <span class='ocrx_word' id='word_1_289' title='bbox 664 2250 769 2321; x_wconf 73' lang='lat' dir='ltr'><strong>faelem</strong></span> <span class='ocrx_word' id='word_1_290' title='bbox 778 2252 952 2320; x_wconf 84' lang='lat' dir='ltr'><strong>pronuntiat</strong></span> 
     </span>
     <span class='ocr_line' id='line_1_42' title="bbox 155 2337 951 2410; baseline -0.001 -17"><span class='ocrx_word' id='word_1_291' title='bbox 155 2340 223 2410; x_wconf 81' lang='lat' dir='ltr'><strong>qaia</strong></span> <span class='ocrx_word' id='word_1_292' title='bbox 238 2353 300 2394; x_wconf 87' lang='lat' dir='ltr'><strong>uere</strong></span> <span class='ocrx_word' id='word_1_293' title='bbox 324 2338 356 2392; x_wconf 84' lang='lat' dir='ltr'><strong>tn</strong></span> <span class='ocrx_word' id='word_1_294' title='bbox 379 2337 453 2394; x_wconf 79' lang='lat' dir='ltr'><strong>votis</strong></span> <span class='ocrx_word' id='word_1_295' title='bbox 472 2339 510 2394; x_wconf 86' lang='lat' dir='ltr'><strong>sit</strong></span> <span class='ocrx_word' id='word_1_296' title='bbox 527 2338 600 2393; x_wconf 84' lang='lat' dir='ltr'><strong>Deos</strong></span> <span class='ocrx_word' id='word_1_297' title='bbox 619 2337 645 2406; x_wconf 80' lang='lat' dir='ltr'><strong>tl</strong></span> <span class='ocrx_word' id='word_1_298' title='bbox 668 2339 728 2395; x_wconf 86' lang='lat' dir='ltr'><strong>Cor.</strong></span> <span class='ocrx_word' id='word_1_299' title='bbox 745 2353 806 2406; x_wconf 85' lang='lat' dir='ltr'><strong>xiv,</strong></span> <span class='ocrx_word' id='word_1_300' title='bbox 828 2340 872 2401; x_wconf 71' lang='lat' dir='ltr'><strong>lt,</strong></span> <span class='ocrx_word' id='word_1_301' title='bbox 894 2342 951 2409; x_wconf 73' lang='lat'><strong>25).</strong></span> 
     </span>
     <span class='ocr_line' id='line_1_43' title="bbox 153 2424 950 2491; baseline 0.006 -12"><span class='ocrx_word' id='word_1_302' title='bbox 153 2425 256 2491; x_wconf 91' lang='lat' dir='ltr'><strong>Nolite,</strong></span> <span class='ocrx_word' id='word_1_303' title='bbox 277 2425 386 2491; x_wconf 84' lang='lat' dir='ltr'><strong>tratres,</strong></span> <span class='ocrx_word' id='word_1_304' title='bbox 415 2425 527 2480; x_wconf 90' lang='lat' dir='ltr'><strong>istomm</strong></span> <span class='ocrx_word' id='word_1_305' title='bbox 551 2424 638 2481; x_wconf 88' lang='lat' dir='ltr'><strong>vereri</strong></span> <span class='ocrx_word' id='word_1_306' title='bbox 660 2441 768 2481; x_wconf 91' lang='lat' dir='ltr'><strong>morsus</strong></span> <span class='ocrx_word' id='word_1_307' title='bbox 796 2426 918 2481; x_wconf 91' lang='lat' dir='ltr'><strong>dentium</strong></span> <span class='ocrx_word' id='word_1_308' title='bbox 945 2444 950 2484; x_wconf 93' lang='lat'>:</span> 
     </span>
     <span class='ocr_line' id='line_1_44' title="bbox 154 2512 950 2587; baseline 0 -19"><span class='ocrx_word' id='word_1_309' title='bbox 154 2529 209 2568; x_wconf 90' lang='lat' dir='ltr'><strong>non</strong></span> <span class='ocrx_word' id='word_1_310' title='bbox 223 2520 287 2567; x_wconf 89' lang='lat' dir='ltr'><strong>sunt</strong></span> <span class='ocrx_word' id='word_1_311' title='bbox 304 2512 403 2579; x_wconf 88' lang='lat' dir='ltr'><strong>canini,</strong></span> <span class='ocrx_word' id='word_1_312' title='bbox 424 2514 473 2568; x_wconf 85' lang='lat' dir='ltr'><strong>sed</strong></span> <span class='ocrx_word' id='word_1_313' title='bbox 487 2512 570 2570; x_wconf 83' lang='lat' dir='ltr'><strong>ouini.</strong></span> <span class='ocrx_word' id='word_1_314' title='bbox 587 2515 765 2570; x_wconf 87' lang='lat' dir='ltr'><strong>Detousarum</strong></span> <span class='ocrx_word' id='word_1_315' title='bbox 781 2513 854 2570; x_wconf 91' lang='lat' dir='ltr'><strong>enim</strong></span> <span class='ocrx_word' id='word_1_316' title='bbox 869 2513 950 2587; x_wconf 79' lang='lat' dir='ltr'><strong>gregi</strong></span> 
     </span>
     <span class='ocr_line' id='line_1_45' title="bbox 154 2601 953 2669; baseline 0.001 -12"><span class='ocrx_word' id='word_1_317' title='bbox 154 2601 342 2657; x_wconf 87' lang='lat' dir='ltr'><strong>conteruntur.</strong></span> <span class='ocrx_word' id='word_1_318' title='bbox 354 2602 385 2655; x_wconf 92' lang='lat' dir='ltr'><strong>In</strong></span> <span class='ocrx_word' id='word_1_319' title='bbox 399 2601 511 2656; x_wconf 84' lang='lat' dir='ltr'><strong>canibus</strong></span> <span class='ocrx_word' id='word_1_320' title='bbox 526 2617 581 2657; x_wconf 88' lang='lat' dir='ltr'><strong>nou</strong></span> <span class='ocrx_word' id='word_1_321' title='bbox 592 2601 760 2669; x_wconf 83' lang='lat' dir='ltr'><strong>dilaceratio,</strong></span> <span class='ocrx_word' id='word_1_322' title='bbox 777 2603 825 2657; x_wconf 90' lang='lat' dir='ltr'><strong>sed</strong></span> <span class='ocrx_word' id='word_1_323' title='bbox 840 2604 953 2658; x_wconf 88' lang='lat' dir='ltr'><strong>latratus</strong></span> 
     </span>
     <span class='ocr_line' id='line_1_46' title="bbox 155 2688 954 2754; baseline -0.003 -8"><span class='ocrx_word' id='word_1_324' title='bbox 155 2688 370 2746; x_wconf 88' lang='lat' dir='ltr'><strong>commendatur.</strong></span> <span class='ocrx_word' id='word_1_325' title='bbox 381 2689 470 2745; x_wconf 89' lang='lat' dir='ltr'><strong>Canes</strong></span> <span class='ocrx_word' id='word_1_326' title='bbox 480 2689 565 2754; x_wconf 83' lang='lat' dir='ltr'><strong>matt,</strong></span> <span class='ocrx_word' id='word_1_327' title='bbox 576 2688 640 2744; x_wconf 91' lang='lat' dir='ltr'><strong>dicit</strong></span> <span class='ocrx_word' id='word_1_328' title='bbox 655 2688 748 2752; x_wconf 76' lang='lat' dir='ltr'><strong>lsaiaS,</strong></span> <span class='ocrx_word' id='word_1_329' title='bbox 761 2705 818 2746; x_wconf 88' lang='lat' dir='ltr'><strong>non</strong></span> <span class='ocrx_word' id='word_1_330' title='bbox 829 2691 954 2747; x_wconf 85' lang='lat' dir='ltr'><strong>valentes</strong></span> 
     </span>
     <span class='ocr_line' id='line_1_47' title="bbox 157 2774 952 2847; baseline -0.003 -15"><span class='ocrx_word' id='word_1_331' title='bbox 157 2778 289 2832; x_wconf 87' lang='lat' dir='ltr'><strong>latrare:</strong></span> <span class='ocrx_word' id='word_1_332' title='bbox 305 2791 387 2831; x_wconf 86' lang='lat' dir='ltr'><strong>canes</strong></span> <span class='ocrx_word' id='word_1_333' title='bbox 402 2774 657 2847; x_wconf 83' lang='lat' dir='ltr'><strong>impudentissimi,</strong></span> <span class='ocrx_word' id='word_1_334' title='bbox 674 2775 830 2832; x_wconf 81' lang='lat' dir='ltr'><strong>nescientes</strong></span> <span class='ocrx_word' id='word_1_335' title='bbox 843 2775 952 2832; x_wconf 84' lang='lat' dir='ltr'><strong>ratari-</strong></span> 
     </span>
     <span class='ocr_line' id='line_1_48' title="bbox 157 2861 954 2933; baseline -0.003 -13"><span class='ocrx_word' id='word_1_336' title='bbox 157 2869 246 2921; x_wconf 90' lang='lat' dir='ltr'><strong>tatem</strong></span> <span class='ocrx_word' id='word_1_337' title='bbox 260 2863 321 2929; x_wconf 70' lang='lat' dir='ltr'><strong>(lsa-</strong></span> <span class='ocrx_word' id='word_1_338' title='bbox 336 2878 392 2932; x_wconf 80' lang='lat' dir='ltr'><strong>nvr,</strong></span> <span class='ocrx_word' id='word_1_339' title='bbox 411 2867 454 2929; x_wconf 88' lang='lat' dir='ltr'><strong>lo,</strong></span> <span class='ocrx_word' id='word_1_340' title='bbox 471 2865 526 2932; x_wconf 90' lang='lat' dir='ltr'><strong>ll).</strong></span> <span class='ocrx_word' id='word_1_341' title='bbox 542 2862 583 2918; x_wconf 77' lang='lat' dir='ltr'><strong>Ac</strong></span> <span class='ocrx_word' id='word_1_342' title='bbox 598 2862 620 2916; x_wconf 91' lang='lat' dir='ltr'><strong>si</strong></span> <span class='ocrx_word' id='word_1_343' title='bbox 635 2861 795 2933; x_wconf 86' lang='lat' dir='ltr'><strong>quibusdam</strong></span> <span class='ocrx_word' id='word_1_344' title='bbox 809 2863 954 2933; x_wconf 84' lang='lat' dir='ltr'><strong>exprobret</strong></span> 
     </span>
     <span class='ocr_line' id='line_1_49' title="bbox 157 2949 953 3030; baseline -0.001 -23"><span class='ocrx_word' id='word_1_345' title='bbox 157 2951 229 3025; x_wconf 91' lang='lat' dir='ltr'><strong>quod</strong></span> <span class='ocrx_word' id='word_1_346' title='bbox 244 2951 273 3006; x_wconf 81' lang='lat' dir='ltr'><strong>ir.</strong></span> <span class='ocrx_word' id='word_1_347' title='bbox 288 2951 373 3006; x_wconf 88' lang='lat' dir='ltr'><strong>altero</strong></span> <span class='ocrx_word' id='word_1_348' title='bbox 388 2967 417 3005; x_wconf 84' lang='lat' dir='ltr'><strong>se</strong></span> <span class='ocrx_word' id='word_1_349' title='bbox 438 2949 639 3030; x_wconf 22' lang='lat' dir='ltr'><strong>cauum-officio</strong></span> <span class='ocrx_word' id='word_1_350' title='bbox 653 2958 763 3018; x_wconf 85' lang='lat' dir='ltr'><strong>exuant,</strong></span> <span class='ocrx_word' id='word_1_351' title='bbox 779 2949 806 3004; x_wconf 94' lang='lat' dir='ltr'><strong>in</strong></span> <span class='ocrx_word' id='word_1_352' title='bbox 821 2950 907 3018; x_wconf 77' lang='lat' dir='ltr'><strong>altero</strong></span> <span class='ocrx_word' id='word_1_353' title='bbox 923 2967 953 3006; x_wconf 89' lang='lat' dir='ltr'><strong>se</strong></span> 
     </span>
     <span class='ocr_line' id='line_1_50' title="bbox 157 3038 954 3108; baseline -0.005 -10"><span class='ocrx_word' id='word_1_354' title='bbox 157 3055 241 3098; x_wconf 88' lang='lat' dir='ltr'><strong>canes</strong></span> <span class='ocrx_word' id='word_1_355' title='bbox 255 3039 405 3095; x_wconf 82' lang='lat' dir='ltr'><strong>exhibeant</strong></span> <span class='ocrx_word' id='word_1_356' title='bbox 421 3053 427 3092; x_wconf 77' lang='grc' dir='ltr'><strong><em>ε</em></strong></span> <span class='ocrx_word' id='word_1_357' title='bbox 445 3038 545 3095; x_wconf 88' lang='lat' dir='ltr'><strong>latrare</strong></span> <span class='ocrx_word' id='word_1_358' title='bbox 560 3054 614 3094; x_wconf 90' lang='lat' dir='ltr'><strong>non</strong></span> <span class='ocrx_word' id='word_1_359' title='bbox 628 3038 760 3108; x_wconf 86' lang='lat' dir='ltr'><strong>valentes,</strong></span> <span class='ocrx_word' id='word_1_360' title='bbox 772 3046 800 3095; x_wconf 91' lang='lat' dir='ltr'><strong>et</strong></span> <span class='ocrx_word' id='word_1_361' title='bbox 814 3055 868 3094; x_wconf 89' lang='lat' dir='ltr'><strong>non</strong></span> <span class='ocrx_word' id='word_1_362' title='bbox 884 3038 954 3095; x_wconf 90' lang='lat' dir='ltr'><strong>desi·</strong></span> 
     </span>
    </p>
   </div>
   <div class='ocr_carea' id='block_1_11' title="bbox 1004 1804 1808 3101">
    <p class='ocr_par' dir='ltr' id='par_1_11' title="bbox 1005 1804 1806 2038">
     <span class='ocr_line' id='line_1_51' title="bbox 1006 1804 1806 1871; baseline 0.005 -11"><span class='ocrx_word' id='word_1_363' title='bbox 1006 1805 1135 1871; x_wconf 88' lang='lat' dir='ltr'><strong>moniam,</strong></span> <span class='ocrx_word' id='word_1_364' title='bbox 1150 1810 1176 1860; x_wconf 93' lang='lat' dir='ltr'><strong>et</strong></span> <span class='ocrx_word' id='word_1_365' title='bbox 1191 1819 1305 1860; x_wconf 85' lang='lat' dir='ltr'><strong>arcanos</strong></span> <span class='ocrx_word' id='word_1_366' title='bbox 1319 1804 1477 1860; x_wconf 89' lang='lat' dir='ltr'><strong>secretioris</strong></span> <span class='ocrx_word' id='word_1_367' title='bbox 1491 1806 1568 1862; x_wconf 84' lang='lat' dir='ltr'><strong>verbi</strong></span> <span class='ocrx_word' id='word_1_368' title='bbox 1584 1806 1719 1863; x_wconf 89' lang='lat' dir='ltr'><strong>discutere</strong></span> <span class='ocrx_word' id='word_1_369' title='bbox 1736 1825 1806 1864; x_wconf 90' lang='lat' dir='ltr'><strong>sen·</strong></span> 
     </span>
     <span class='ocr_line' id='line_1_52' title="bbox 1005 1892 1805 1964; baseline 0.006 -16"><span class='ocrx_word' id='word_1_370' title='bbox 1005 1908 1061 1962; x_wconf 87' lang='lat' dir='ltr'><strong>sus,</strong></span> <span class='ocrx_word' id='word_1_371' title='bbox 1090 1892 1229 1964; x_wconf 75' lang='lat' dir='ltr'><strong>sapientia</strong></span> <span class='ocrx_word' id='word_1_372' title='bbox 1266 1892 1363 1948; x_wconf 86' lang='lat' dir='ltr'><strong>intima</strong></span> <span class='ocrx_word' id='word_1_373' title='bbox 1391 1893 1494 1963; x_wconf 87' lang='lat' dir='ltr'><strong>rimari,</strong></span> <span class='ocrx_word' id='word_1_374' title='bbox 1524 1902 1551 1950; x_wconf 89' lang='lat' dir='ltr'><strong>ct</strong></span> <span class='ocrx_word' id='word_1_375' title='bbox 1588 1895 1727 1952; x_wconf 87' lang='lat' dir='ltr'><strong>ruminare</strong></span> <span class='ocrx_word' id='word_1_376' title='bbox 1759 1898 1805 1953; x_wconf 86' lang='lat' dir='ltr'><strong>vi-</strong></span> 
     </span>
     <span class='ocr_line' id='line_1_53' title="bbox 1006 1997 1095 2038; baseline -0.011 -2"><span class='ocrx_word' id='word_1_377' title='bbox 1006 1997 1095 2038; x_wconf 92' lang='lat' dir='ltr'><strong>soera.</strong></span> 
     </span>
    </p>

    <p class='ocr_par' dir='ltr' id='par_1_12' title="bbox 1004 2071 1808 3101">
     <span class='ocr_line' id='line_1_54' title="bbox 1042 2071 1806 2147; baseline 0.007 -21"><span class='ocrx_word' id='word_1_378' title='bbox 1042 2077 1067 2127; x_wconf 86' lang='lat'><strong>8.</strong></span> <span class='ocrx_word' id='word_1_379' title='bbox 1080 2073 1179 2127; x_wconf 86' lang='lat' dir='ltr'><strong>Dentes</strong></span> <span class='ocrx_word' id='word_1_380' title='bbox 1191 2072 1234 2125; x_wconf 87' lang='lat' dir='ltr'><strong>tui</strong></span> <span class='ocrx_word' id='word_1_381' title='bbox 1243 2071 1324 2142; x_wconf 82' lang='lat' dir='ltr'><strong>qnasi</strong></span> <span class='ocrx_word' id='word_1_382' title='bbox 1336 2088 1405 2143; x_wconf 78' lang='lat' dir='ltr'><strong>arere</strong></span> <span class='ocrx_word' id='word_1_383' title='bbox 1417 2072 1610 2129; x_wconf 82' lang='lat' dir='ltr'><strong>detonsarum.</strong></span> <span class='ocrx_word' id='word_1_384' title='bbox 1622 2071 1711 2141; x_wconf 86' lang='lat' dir='ltr'><strong>Quare</strong></span> <span class='ocrx_word' id='word_1_385' title='bbox 1722 2090 1806 2147; x_wconf 85' lang='lat' dir='ltr'><strong>ergo,</strong></span> 
     </span>
     <span class='ocr_line' id='line_1_55' title="bbox 1007 2158 1806 2233; baseline 0.005 -19"><span class='ocrx_word' id='word_1_386' title='bbox 1007 2159 1084 2231; x_wconf 87' lang='lat' dir='ltr'><strong>quasi</strong></span> <span class='ocrx_word' id='word_1_387' title='bbox 1102 2160 1195 2231; x_wconf 82' lang='lat' dir='ltr'><strong>grex‘l</strong></span> <span class='ocrx_word' id='word_1_388' title='bbox 1216 2158 1313 2229; x_wconf 86' lang='lat' dir='ltr'><strong>Utique</strong></span> <span class='ocrx_word' id='word_1_389' title='bbox 1334 2159 1407 2231; x_wconf 86' lang='lat' dir='ltr'><strong>quod</strong></span> <span class='ocrx_word' id='word_1_390' title='bbox 1427 2176 1489 2215; x_wconf 89' lang='lat' dir='ltr'><strong>sese</strong></span> <span class='ocrx_word' id='word_1_391' title='bbox 1509 2176 1564 2215; x_wconf 91' lang='lat' dir='ltr'><strong>nou</strong></span> <span class='ocrx_word' id='word_1_392' title='bbox 1588 2160 1758 2233; x_wconf 77' lang='lat' dir='ltr'><strong>impugnent,</strong></span> <span class='ocrx_word' id='word_1_393' title='bbox 1775 2172 1806 2218; x_wconf 90' lang='lat' dir='ltr'><strong>et</strong></span> 
     </span>
     <span class='ocr_line' id='line_1_56' title="bbox 1007 2245 1807 2318; baseline 0.006 -18"><span class='ocrx_word' id='word_1_394' title='bbox 1007 2245 1187 2301; x_wconf 86' lang='lat' dir='ltr'><strong>adversentur</strong></span> <span class='ocrx_word' id='word_1_395' title='bbox 1213 2245 1265 2302; x_wconf 76' lang='lat'><strong>⁷7</strong></span> <span class='ocrx_word' id='word_1_396' title='bbox 1282 2245 1345 2313; x_wconf 89' lang='lat' dir='ltr'><strong>sibi,</strong></span> <span class='ocrx_word' id='word_1_397' title='bbox 1360 2246 1408 2302; x_wconf 91' lang='lat' dir='ltr'><strong>sed</strong></span> <span class='ocrx_word' id='word_1_398' title='bbox 1423 2246 1450 2301; x_wconf 92' lang='lat' dir='ltr'><strong>in</strong></span> <span class='ocrx_word' id='word_1_399' title='bbox 1466 2247 1640 2318; x_wconf 87' lang='lat' dir='ltr'><strong>simplicitate</strong></span> <span class='ocrx_word' id='word_1_400' title='bbox 1659 2258 1687 2304; x_wconf 90' lang='lat' dir='ltr'><strong>et</strong></span> <span class='ocrx_word' id='word_1_401' title='bbox 1702 2251 1807 2306; x_wconf 86' lang='lat' dir='ltr'><strong>unitate</strong></span> 
     </span>
     <span class='ocr_line' id='line_1_57' title="bbox 1007 2334 1808 2394; baseline 0.007 -6"><span class='ocrx_word' id='word_1_402' title='bbox 1007 2351 1105 2388; x_wconf 91' lang='lat' dir='ltr'><strong>sensus</strong></span> <span class='ocrx_word' id='word_1_403' title='bbox 1120 2334 1162 2388; x_wconf 91' lang='lat' dir='ltr'><strong>sui</strong></span> <span class='ocrx_word' id='word_1_404' title='bbox 1185 2334 1331 2391; x_wconf 90' lang='lat' dir='ltr'><strong>concinunt</strong></span> <span class='ocrx_word' id='word_1_405' title='bbox 1351 2343 1378 2390; x_wconf 91' lang='lat' dir='ltr'><strong>et</strong></span> <span class='ocrx_word' id='word_1_406' title='bbox 1403 2335 1570 2391; x_wconf 89' lang='lat' dir='ltr'><strong>concordant</strong></span> <span class='ocrx_word' id='word_1_407' title='bbox 1589 2335 1717 2393; x_wconf 70' lang='lat' dir='ltr'><strong>Ecclesiae</strong></span> <span class='ocrx_word' id='word_1_408' title='bbox 1732 2339 1808 2394; x_wconf 90' lang='lat' dir='ltr'><strong>den·</strong></span> 
     </span>
     <span class='ocr_line' id='line_1_58' title="bbox 1007 2422 1808 2497; baseline 0.007 -21"><span class='ocrx_word' id='word_1_409' title='bbox 1007 2430 1057 2487; x_wconf 89' lang='lat' dir='ltr'><strong>tes,</strong></span> <span class='ocrx_word' id='word_1_410' title='bbox 1079 2422 1164 2491; x_wconf 81' lang='lat' dir='ltr'><strong>Quasi</strong></span> <span class='ocrx_word' id='word_1_411' title='bbox 1187 2438 1257 2495; x_wconf 79' lang='lat' dir='ltr'><strong>pree</strong></span> <span class='ocrx_word' id='word_1_412' title='bbox 1271 2424 1455 2480; x_wconf 81' lang='lat' dir='ltr'><strong>detonsarum</strong></span> <span class='ocrx_word' id='word_1_413' title='bbox 1478 2440 1540 2497; x_wconf 83' lang='lat' dir='ltr'><strong>qna</strong></span> <span class='ocrx_word' id='word_1_414' title='bbox 1554 2424 1746 2481; x_wconf 86' lang='lat' dir='ltr'><strong>escenderent</strong></span> <span class='ocrx_word' id='word_1_415' title='bbox 1770 2427 1808 2483; x_wconf 84' lang='lat' dir='ltr'><strong>de</strong></span> 
     </span>
     <span class='ocr_line' id='line_1_59' title="bbox 1009 2510 1808 2582; baseline 0.006 -16"><span class='ocrx_word' id='word_1_416' title='bbox 1009 2513 1130 2567; x_wconf 70' lang='lat' dir='ltr'><strong>munero.</strong></span> <span class='ocrx_word' id='word_1_417' title='bbox 1142 2511 1271 2567; x_wconf 84' lang='lat' dir='ltr'><strong>Veterem</strong></span> <span class='ocrx_word' id='word_1_418' title='bbox 1282 2510 1356 2566; x_wconf 91' lang='lat' dir='ltr'><strong>enim</strong></span> <span class='ocrx_word' id='word_1_419' title='bbox 1367 2511 1537 2582; x_wconf 90' lang='lat' dir='ltr'><strong>deponentes</strong></span> <span class='ocrx_word' id='word_1_420' title='bbox 1547 2513 1692 2579; x_wconf 89' lang='lat' dir='ltr'><strong>hominem,</strong></span> <span class='ocrx_word' id='word_1_421' title='bbox 1702 2522 1729 2568; x_wconf 92' lang='lat' dir='ltr'><strong>et</strong></span> <span class='ocrx_word' id='word_1_422' title='bbox 1739 2530 1808 2571; x_wconf 88' lang='lat' dir='ltr'><strong>one·</strong></span> 
     </span>
     <span class='ocr_line' id='line_1_60' title="bbox 1008 2599 1808 2673; baseline 0.006 -19"><span class='ocrx_word' id='word_1_423' title='bbox 1008 2615 1037 2654; x_wconf 89' lang='lat' dir='ltr'><strong>re</strong></span> <span class='ocrx_word' id='word_1_424' title='bbox 1052 2616 1221 2672; x_wconf 84' lang='lat' dir='ltr'><strong>supervacuo</strong></span> <span class='ocrx_word' id='word_1_425' title='bbox 1245 2599 1328 2656; x_wconf 89' lang='lat' dir='ltr'><strong>levati</strong></span> <span class='ocrx_word' id='word_1_426' title='bbox 1344 2615 1375 2654; x_wconf 88' lang='lat' dir='ltr'><strong>ac</strong></span> <span class='ocrx_word' id='word_1_427' title='bbox 1394 2600 1450 2666; x_wconf 89' lang='lat' dir='ltr'><strong>loti,</strong></span> <span class='ocrx_word' id='word_1_428' title='bbox 1467 2600 1583 2657; x_wconf 85' lang='lat' dir='ltr'><strong>alacrius</strong></span> <span class='ocrx_word' id='word_1_429' title='bbox 1603 2602 1637 2656; x_wconf 84' lang='lat' dir='ltr'><strong>ad</strong></span> <span class='ocrx_word' id='word_1_430' title='bbox 1662 2603 1808 2673; x_wconf 88' lang='lat' dir='ltr'><strong>superiora</strong></span> 
     </span>
     <span class='ocr_line' id='line_1_61' title="bbox 1008 2686 1807 2760; baseline 0.005 -18"><span class='ocrx_word' id='word_1_431' title='bbox 1008 2688 1204 2742; x_wconf 85' lang='lat' dir='ltr'><strong>conscendunt.</strong></span> <span class='ocrx_word' id='word_1_432' title='bbox 1231 2686 1368 2760; x_wconf 90' lang='lat' dir='ltr'><strong>Siquidem</strong></span> <span class='ocrx_word' id='word_1_433' title='bbox 1392 2687 1441 2758; x_wconf 91' lang='lat' dir='ltr'><strong>ipsi</strong></span> <span class='ocrx_word' id='word_1_434' title='bbox 1456 2688 1504 2760; x_wconf 93' lang='lat' dir='ltr'><strong>pili</strong></span> <span class='ocrx_word' id='word_1_435' title='bbox 1523 2696 1630 2745; x_wconf 85' lang='lat' dir='ltr'><strong>veteres</strong></span> <span class='ocrx_word' id='word_1_436' title='bbox 1648 2691 1723 2746; x_wconf 92' lang='lat' dir='ltr'><strong>oneri</strong></span> <span class='ocrx_word' id='word_1_437' title='bbox 1747 2691 1807 2760; x_wconf 84' lang='lat' dir='ltr'><strong>jam</strong></span> 
     </span>
     <span class='ocr_line' id='line_1_62' title="bbox 1004 2776 1807 2850; baseline 0.006 -20"><span class='ocrx_word' id='word_1_438' title='bbox 1004 2784 1069 2831; x_wconf 80' lang='lat' dir='ltr'><strong>¹esse</strong></span> <span class='ocrx_word' id='word_1_439' title='bbox 1098 2776 1238 2847; x_wconf 87' lang='lat' dir='ltr'><strong>incipiunt,</strong></span> <span class='ocrx_word' id='word_1_440' title='bbox 1267 2792 1328 2833; x_wconf 93' lang='lat' dir='ltr'><strong>cum</strong></span> <span class='ocrx_word' id='word_1_441' title='bbox 1359 2777 1448 2847; x_wconf 90' lang='lat' dir='ltr'><strong>primo</strong></span> <span class='ocrx_word' id='word_1_442' title='bbox 1471 2792 1542 2835; x_wconf 83' lang='lat' dir='ltr'><strong>nova</strong></span> <span class='ocrx_word' id='word_1_443' title='bbox 1571 2778 1673 2835; x_wconf 86' lang='lat' dir='ltr'><strong>vellera</strong></span> <span class='ocrx_word' id='word_1_444' title='bbox 1701 2780 1807 2850; x_wconf 80' lang='lat' dir='ltr'><strong>germi-</strong></span> 
     </span>
     <span class='ocr_line' id='line_1_63' title="bbox 1008 2864 1808 2929; baseline 0.011 -13"><span class='ocrx_word' id='word_1_445' title='bbox 1008 2871 1084 2929; x_wconf 86' lang='lat' dir='ltr'><strong>nant,</strong></span> <span class='ocrx_word' id='word_1_446' title='bbox 1099 2879 1161 2919; x_wconf 90' lang='lat' dir='ltr'><strong>curn</strong></span> <span class='ocrx_word' id='word_1_447' title='bbox 1176 2864 1261 2920; x_wconf 86' lang='lat' dir='ltr'><strong>hiems</strong></span> <span class='ocrx_word' id='word_1_448' title='bbox 1286 2865 1404 2929; x_wconf 82' lang='lat' dir='ltr'><strong>transiit.</strong></span> <span class='ocrx_word' id='word_1_449' title='bbox 1429 2881 1491 2921; x_wconf 91' lang='lat' dir='ltr'><strong>cum</strong></span> <span class='ocrx_word' id='word_1_450' title='bbox 1515 2867 1604 2922; x_wconf 89' lang='lat' dir='ltr'><strong>imber</strong></span> <span class='ocrx_word' id='word_1_451' title='bbox 1627 2867 1693 2923; x_wconf 89' lang='lat' dir='ltr'><strong>abiit</strong></span> <span class='ocrx_word' id='word_1_452' title='bbox 1708 2876 1735 2924; x_wconf 92' lang='lat' dir='ltr'><strong>et</strong></span> <span class='ocrx_word' id='word_1_453' title='bbox 1762 2884 1808 2925; x_wconf 89' lang='lat' dir='ltr'><strong>re·</strong></span> 
     </span>
     <span class='ocr_line' id='line_1_64' title="bbox 1008 2952 1808 3026; baseline 0.004 -17"><span class='ocrx_word' id='word_1_454' title='bbox 1008 2952 1097 3009; x_wconf 88' lang='lat' dir='ltr'><strong>cessit.</strong></span> <span class='ocrx_word' id='word_1_455' title='bbox 1122 2953 1240 3025; x_wconf 89' lang='lat' dir='ltr'><strong>ideoque</strong></span> <span class='ocrx_word' id='word_1_456' title='bbox 1263 2953 1287 3008; x_wconf 93' lang='lat' dir='ltr'><strong>si</strong></span> <span class='ocrx_word' id='word_1_457' title='bbox 1309 2953 1395 3009; x_wconf 84' lang='lat' dir='ltr'><strong>veteri</strong></span> <span class='ocrx_word' id='word_1_458' title='bbox 1419 2963 1445 3010; x_wconf 89' lang='lat' dir='ltr'><strong>et</strong></span> <span class='ocrx_word' id='word_1_459' title='bbox 1469 2970 1638 3026; x_wconf 86' lang='lat' dir='ltr'><strong>supervacuo</strong></span> <span class='ocrx_word' id='word_1_460' title='bbox 1658 2957 1755 3012; x_wconf 85' lang='lat' dir='ltr'><strong>levium</strong></span> <span class='ocrx_word' id='word_1_461' title='bbox 1778 2965 1808 3012; x_wconf 88' lang='lat' dir='ltr'><strong>et</strong></span> 
     </span>
     <span class='ocr_line' id='line_1_65' title="bbox 1008 3039 1807 3101; baseline 0.009 -7"><span class='ocrx_word' id='word_1_462' title='bbox 1008 3039 1128 3095; x_wconf 91' lang='lat' dir='ltr'><strong>inanium</strong></span> <span class='ocrx_word' id='word_1_463' title='bbox 1143 3057 1235 3097; x_wconf 89' lang='lat' dir='ltr'><strong>rerum</strong></span> <span class='ocrx_word' id='word_1_464' title='bbox 1248 3041 1349 3097; x_wconf 82' lang='lat' dir='ltr'><strong>vellere</strong></span> <span class='ocrx_word' id='word_1_465' title='bbox 1364 3048 1390 3097; x_wconf 90' lang='lat' dir='ltr'><strong>te</strong></span> <span class='ocrx_word' id='word_1_466' title='bbox 1402 3041 1499 3100; x_wconf 86' lang='lat' dir='ltr'><strong>involvi</strong></span> <span class='ocrx_word' id='word_1_467' title='bbox 1510 3043 1599 3101; x_wconf 89' lang='lat' dir='ltr'><strong>adhuc</strong></span> <span class='ocrx_word' id='word_1_468' title='bbox 1614 3045 1807 3101; x_wconf 85' lang='lat' dir='ltr'><strong>necessarium</strong></span> 
     </span>
    </p>
   </div>
   <div class='ocr_carea' id='block_1_12' title="bbox 85 3104 1806 5506">
    <p class='ocr_par' dir='ltr' id='par_1_13' title="bbox 123 3104 1806 5060">
     <span class='ocr_line' id='line_1_66' title="bbox 157 3104 1806 3204; baseline 0.003 -20"><span class='ocrx_word' id='word_1_469' title='bbox 157 3137 254 3185; x_wconf 86' lang='lat' dir='ltr'><strong>nentes</strong></span> <span class='ocrx_word' id='word_1_470' title='bbox 271 3129 400 3185; x_wconf 88' lang='lat' dir='ltr'><strong>lacerare.</strong></span> <span class='ocrx_word' id='word_1_471' title='bbox 417 3127 496 3184; x_wconf 86' lang='lat' dir='ltr'><strong>Tales</strong></span> <span class='ocrx_word' id='word_1_472' title='bbox 515 3136 577 3185; x_wconf 91' lang='lat' dir='ltr'><strong>sunt</strong></span> <span class='ocrx_word' id='word_1_473' title='bbox 591 3127 638 3201; x_wconf 90' lang='lat' dir='ltr'><strong>qul</strong></span> <span class='ocrx_word' id='word_1_474' title='bbox 657 3127 773 3184; x_wconf 82' lang='lat' dir='ltr'><strong>invicem</strong></span> <span class='ocrx_word' id='word_1_475' title='bbox 789 3128 912 3185; x_wconf 90' lang='lat' dir='ltr'><strong>mordent</strong></span> <span class='ocrx_word' id='word_1_476' title='bbox 927 3136 955 3186; x_wconf 89' lang='lat' dir='ltr'><strong>et</strong></span> <span class='ocrx_word' id='word_1_477' title='bbox 970 3104 993 3186; x_wconf 63' lang='lat' dir='ltr'>c</span> <span class='ocrx_word' id='word_1_478' title='bbox 1007 3129 1093 3200; x_wconf 90' lang='lat' dir='ltr'><strong>ducis,</strong></span> <span class='ocrx_word' id='word_1_479' title='bbox 1109 3129 1230 3185; x_wconf 92' lang='lat' dir='ltr'><strong>noudum</strong></span> <span class='ocrx_word' id='word_1_480' title='bbox 1245 3130 1294 3186; x_wconf 94' lang='lat' dir='ltr'><strong>tibi</strong></span> <span class='ocrx_word' id='word_1_481' title='bbox 1316 3129 1443 3186; x_wconf 88' lang='lat' dir='ltr'><strong>hiemalia</strong></span> <span class='ocrx_word' id='word_1_482' title='bbox 1468 3132 1619 3204; x_wconf 72' lang='lat' dir='ltr'><strong>congelatae</strong></span> <span class='ocrx_word' id='word_1_483' title='bbox 1642 3133 1742 3189; x_wconf 90' lang='lat' dir='ltr'><strong>mentis</strong></span> <span class='ocrx_word' id='word_1_484' title='bbox 1758 3133 1806 3189; x_wconf 84' lang='lat' dir='ltr'><strong>tri·</strong></span> 
     </span>
     <span class='ocr_line' id='line_1_67' title="bbox 123 3216 1806 3290; baseline -0.001 -15"><span class='ocrx_word' id='word_1_485' title='bbox 123 3234 128 3243; x_wconf 86' lang='grc'><strong>’</strong></span> <span class='ocrx_word' id='word_1_486' title='bbox 157 3218 313 3283; x_wconf 92' lang='lat' dir='ltr'><strong>comedunt,</strong></span> <span class='ocrx_word' id='word_1_487' title='bbox 330 3226 358 3273; x_wconf 90' lang='lat' dir='ltr'><strong>et</strong></span> <span class='ocrx_word' id='word_1_488' title='bbox 372 3221 569 3274; x_wconf 90' lang='lat' dir='ltr'><strong>consumuntur</strong></span> <span class='ocrx_word' id='word_1_489' title='bbox 587 3217 621 3271; x_wconf 91' lang='lat' dir='ltr'><strong>ab</strong></span> <span class='ocrx_word' id='word_1_490' title='bbox 636 3216 762 3274; x_wconf 88' lang='lat' dir='ltr'><strong>invicem.</strong></span> <span class='ocrx_word' id='word_1_491' title='bbox 779 3216 886 3273; x_wconf 89' lang='lat' dir='ltr'><strong>Utinam</strong></span> <span class='ocrx_word' id='word_1_492' title='bbox 902 3219 955 3274; x_wconf 93' lang='lat' dir='ltr'><strong>huc</strong></span> <span class='ocrx_word' id='word_1_493' title='bbox 1006 3232 1073 3290; x_wconf 80' lang='lat' dir='ltr'><strong>gora</strong></span> <span class='ocrx_word' id='word_1_494' title='bbox 1088 3218 1261 3274; x_wconf 83' lang='lat' dir='ltr'><strong>transierunt.</strong></span> <span class='ocrx_word' id='word_1_495' title='bbox 1278 3219 1351 3274; x_wconf 88' lang='lat' dir='ltr'><strong>Bene</strong></span> <span class='ocrx_word' id='word_1_496' title='bbox 1366 3234 1433 3290; x_wconf 79' lang='lat' dir='ltr'><strong>ergo</strong></span> <span class='ocrx_word' id='word_1_497' title='bbox 1458 3218 1563 3275; x_wconf 91' lang='lat' dir='ltr'><strong>detonsi</strong></span> <span class='ocrx_word' id='word_1_498' title='bbox 1585 3227 1613 3275; x_wconf 91' lang='lat' dir='ltr'><strong>et</strong></span> <span class='ocrx_word' id='word_1_499' title='bbox 1637 3218 1671 3274; x_wconf 93' lang='lat' dir='ltr'><strong>de</strong></span> <span class='ocrx_word' id='word_1_500' title='bbox 1697 3219 1806 3275; x_wconf 89' lang='lat' dir='ltr'><strong>lavacro</strong></span> 
     </span>
     <span class='ocr_line' id='line_1_68' title="bbox 158 3306 1805 3378; baseline -0.001 -16"><span class='ocrx_word' id='word_1_501' title='bbox 158 3322 245 3378; x_wconf 84' lang='lat' dir='ltr'><strong>usque</strong></span> <span class='ocrx_word' id='word_1_502' title='bbox 266 3306 381 3363; x_wconf 82' lang='lat' dir='ltr'><strong>sufficiat</strong></span> <span class='ocrx_word' id='word_1_503' title='bbox 404 3315 433 3362; x_wconf 94' lang='lat' dir='ltr'><strong>ut</strong></span> <span class='ocrx_word' id='word_1_504' title='bbox 446 3306 563 3362; x_wconf 88' lang='lat' dir='ltr'><strong>invicem</strong></span> <span class='ocrx_word' id='word_1_505' title='bbox 585 3306 728 3362; x_wconf 86' lang='lat' dir='ltr'><strong>mordeant</strong></span> <span class='ocrx_word' id='word_1_506' title='bbox 752 3312 779 3362; x_wconf 93' lang='lat' dir='ltr'><strong>et</strong></span> <span class='ocrx_word' id='word_1_507' title='bbox 798 3306 953 3373; x_wconf 90' lang='lat' dir='ltr'><strong>comedant,</strong></span> <span class='ocrx_word' id='word_1_508' title='bbox 1007 3308 1166 3373; x_wconf 86' lang='lat' dir='ltr'><strong>ascendunt,</strong></span> <span class='ocrx_word' id='word_1_509' title='bbox 1183 3307 1262 3377; x_wconf 90' lang='lat' dir='ltr'><strong>quasi</strong></span> <span class='ocrx_word' id='word_1_510' title='bbox 1286 3307 1353 3361; x_wconf 90' lang='lat' dir='ltr'><strong>nihil</strong></span> <span class='ocrx_word' id='word_1_511' title='bbox 1367 3306 1470 3362; x_wconf 86' lang='lat' dir='ltr'><strong>veteris</strong></span> <span class='ocrx_word' id='word_1_512' title='bbox 1492 3307 1535 3363; x_wconf 86' lang='lat' dir='ltr'><strong>vel</strong></span> <span class='ocrx_word' id='word_1_513' title='bbox 1555 3307 1669 3364; x_wconf 73' lang='lat' dir='ltr'><strong>sarcinae</strong></span> <span class='ocrx_word' id='word_1_514' title='bbox 1684 3307 1729 3363; x_wconf 89' lang='lat' dir='ltr'><strong>vel</strong></span> <span class='ocrx_word' id='word_1_515' title='bbox 1743 3321 1805 3362; x_wconf 89' lang='lat' dir='ltr'><strong>sor-</strong></span> 
     </span>
     <span class='ocr_line' id='line_1_69' title="bbox 158 3393 1805 3467; baseline -0.001 -17"><span class='ocrx_word' id='word_1_516' title='bbox 158 3411 209 3452; x_wconf 91' lang='lat' dir='ltr'><strong>nec</strong></span> <span class='ocrx_word' id='word_1_517' title='bbox 222 3403 329 3451; x_wconf 89' lang='lat' dir='ltr'><strong>tentent</strong></span> <span class='ocrx_word' id='word_1_518' title='bbox 347 3395 421 3467; x_wconf 89' lang='lat' dir='ltr'><strong>ipsos</strong></span> <span class='ocrx_word' id='word_1_519' title='bbox 438 3395 613 3451; x_wconf 88' lang='lat' dir='ltr'><strong>detonsarum</strong></span> <span class='ocrx_word' id='word_1_520' title='bbox 632 3394 754 3450; x_wconf 86' lang='lat' dir='ltr'><strong>lacerare</strong></span> <span class='ocrx_word' id='word_1_521' title='bbox 775 3395 879 3450; x_wconf 89' lang='lat' dir='ltr'><strong>dentes.</strong></span> <span class='ocrx_word' id='word_1_522' title='bbox 898 3393 953 3465; x_wconf 89' lang='lat' dir='ltr'><strong>lpsi</strong></span> <span class='ocrx_word' id='word_1_523' title='bbox 1006 3394 1048 3449; x_wconf 91' lang='lat' dir='ltr'><strong>dis</strong></span> <span class='ocrx_word' id='word_1_524' title='bbox 1068 3395 1211 3450; x_wconf 89' lang='lat' dir='ltr'><strong>habentes.</strong></span> <span class='ocrx_word' id='word_1_525' title='bbox 1236 3394 1363 3451; x_wconf 81' lang='lat' dir='ltr'><strong>Attendis</strong></span> <span class='ocrx_word' id='word_1_526' title='bbox 1388 3395 1461 3467; x_wconf 89' lang='lat' dir='ltr'><strong>quod</strong></span> <span class='ocrx_word' id='word_1_527' title='bbox 1485 3411 1539 3451; x_wconf 91' lang='lat' dir='ltr'><strong>non</strong></span> <span class='ocrx_word' id='word_1_528' title='bbox 1564 3395 1613 3450; x_wconf 89' lang='lat' dir='ltr'><strong>tibi</strong></span> <span class='ocrx_word' id='word_1_529' title='bbox 1633 3394 1733 3450; x_wconf 75' lang='lat' dir='ltr'><strong>suffieit</strong></span> <span class='ocrx_word' id='word_1_530' title='bbox 1757 3394 1805 3450; x_wconf 89' lang='lat' dir='ltr'><strong>de-</strong></span> 
     </span>
     <span class='ocr_line' id='line_1_70' title="bbox 158 3482 1805 3555; baseline 0.001 -17"><span class='ocrx_word' id='word_1_531' title='bbox 158 3482 282 3539; x_wconf 88' lang='lat' dir='ltr'><strong>doctores</strong></span> <span class='ocrx_word' id='word_1_532' title='bbox 306 3483 434 3540; x_wconf 76' lang='lat' dir='ltr'><strong>Ecclesia</strong></span> <span class='ocrx_word' id='word_1_533' title='bbox 448 3491 475 3539; x_wconf 89' lang='lat' dir='ltr'><strong>et</strong></span> <span class='ocrx_word' id='word_1_534' title='bbox 499 3482 637 3555; x_wconf 78' lang='lat' dir='ltr'><strong>praepositi</strong></span> <span class='ocrx_word' id='word_1_535' title='bbox 651 3498 742 3539; x_wconf 89' lang='lat' dir='ltr'><strong>nonne</strong></span> <span class='ocrx_word' id='word_1_536' title='bbox 762 3483 810 3538; x_wconf 89' lang='lat' dir='ltr'><strong>tibi</strong></span> <span class='ocrx_word' id='word_1_537' title='bbox 825 3483 954 3539; x_wconf 84' lang='lat' dir='ltr'><strong>videntur</strong></span> <span class='ocrx_word' id='word_1_538' title='bbox 1006 3483 1121 3550; x_wconf 92' lang='lat' dir='ltr'><strong>tonderi,</strong></span> <span class='ocrx_word' id='word_1_539' title='bbox 1141 3499 1196 3539; x_wconf 90' lang='lat' dir='ltr'><strong>nou</strong></span> <span class='ocrx_word' id='word_1_540' title='bbox 1217 3483 1319 3539; x_wconf 83' lang='lat' dir='ltr'><strong>sufficit</strong></span> <span class='ocrx_word' id='word_1_541' title='bbox 1341 3483 1496 3549; x_wconf 87' lang='lat' dir='ltr'><strong>exonerari,</strong></span> <span class='ocrx_word' id='word_1_542' title='bbox 1523 3501 1577 3540; x_wconf 90' lang='lat' dir='ltr'><strong>non</strong></span> <span class='ocrx_word' id='word_1_543' title='bbox 1601 3484 1701 3540; x_wconf 79' lang='lat' dir='ltr'><strong>suflicit</strong></span> <span class='ocrx_word' id='word_1_544' title='bbox 1720 3485 1805 3540; x_wconf 90' lang='lat' dir='ltr'><strong>lotum</strong></span> 
     </span>
     <span class='ocr_line' id='line_1_71' title="bbox 157 3568 1806 3645; baseline 0.001 -19"><span class='ocrx_word' id='word_1_545' title='bbox 157 3572 253 3628; x_wconf 89' lang='lat' dir='ltr'><strong>dentes</strong></span> <span class='ocrx_word' id='word_1_546' title='bbox 276 3572 395 3644; x_wconf 86' lang='lat' dir='ltr'><strong>quidam,</strong></span> <span class='ocrx_word' id='word_1_547' title='bbox 420 3568 467 3644; x_wconf 70' lang='lat' dir='ltr'><strong>dui</strong></span> <span class='ocrx_word' id='word_1_548' title='bbox 488 3570 691 3645; x_wconf 82' lang='lat' dir='ltr'><strong>redargutionis</strong></span> <span class='ocrx_word' id='word_1_549' title='bbox 714 3573 854 3628; x_wconf 80' lang='lat' dir='ltr'><strong>benevolae</strong></span> <span class='ocrx_word' id='word_1_550' title='bbox 881 3571 954 3626; x_wconf 87' lang='lat' dir='ltr'><strong>velut</strong></span> <span class='ocrx_word' id='word_1_551' title='bbox 1006 3580 1034 3627; x_wconf 91' lang='lat' dir='ltr'><strong>et</strong></span> <span class='ocrx_word' id='word_1_552' title='bbox 1049 3588 1148 3628; x_wconf 87' lang='lat' dir='ltr'><strong>novum</strong></span> <span class='ocrx_word' id='word_1_553' title='bbox 1163 3570 1232 3641; x_wconf 86' lang='lat' dir='ltr'><strong>lieri,</strong></span> <span class='ocrx_word' id='word_1_554' title='bbox 1256 3572 1309 3626; x_wconf 92' lang='lat' dir='ltr'><strong>nisi</strong></span> <span class='ocrx_word' id='word_1_555' title='bbox 1328 3571 1420 3626; x_wconf 88' lang='lat' dir='ltr'><strong>statim</strong></span> <span class='ocrx_word' id='word_1_556' title='bbox 1435 3572 1580 3640; x_wconf 87' lang='lat' dir='ltr'><strong>ascendas,</strong></span> <span class='ocrx_word' id='word_1_557' title='bbox 1598 3581 1624 3628; x_wconf 91' lang='lat' dir='ltr'><strong>et</strong></span> <span class='ocrx_word' id='word_1_558' title='bbox 1648 3572 1745 3644; x_wconf 86' lang='lat' dir='ltr'><strong>spiritu</strong></span> <span class='ocrx_word' id='word_1_559' title='bbox 1766 3573 1806 3627; x_wconf 91' lang='lat' dir='ltr'><strong>in·</strong></span> 
     </span>
     <span class='ocr_line' id='line_1_72' title="bbox 157 3659 1803 3733; baseline 0.001 -20"><span class='ocrx_word' id='word_1_560' title='bbox 157 3660 291 3715; x_wconf 88' lang='lat' dir='ltr'><strong>morsibus</strong></span> <span class='ocrx_word' id='word_1_561' title='bbox 304 3660 445 3730; x_wconf 87' lang='lat' dir='ltr'><strong>subjectos</strong></span> <span class='ocrx_word' id='word_1_562' title='bbox 462 3659 637 3726; x_wconf 88' lang='lat' dir='ltr'><strong>convincunt,</strong></span> <span class='ocrx_word' id='word_1_563' title='bbox 660 3659 819 3727; x_wconf 72' lang='lat' dir='ltr'><strong>dijudicant,</strong></span> <span class='ocrx_word' id='word_1_564' title='bbox 836 3659 952 3715; x_wconf 90' lang='lat' dir='ltr'><strong>manile·</strong></span> <span class='ocrx_word' id='word_1_565' title='bbox 1006 3661 1097 3729; x_wconf 88' lang='lat' dir='ltr'><strong>cedas,</strong></span> <span class='ocrx_word' id='word_1_566' title='bbox 1114 3660 1160 3732; x_wconf 89' lang='lat' dir='ltr'><strong>qui</strong></span> <span class='ocrx_word' id='word_1_567' title='bbox 1185 3660 1322 3717; x_wconf 88' lang='lat' dir='ltr'><strong>renovaris</strong></span> <span class='ocrx_word' id='word_1_568' title='bbox 1338 3659 1366 3714; x_wconf 92' lang='lat' dir='ltr'><strong>in</strong></span> <span class='ocrx_word' id='word_1_569' title='bbox 1386 3660 1506 3731; x_wconf 82' lang='lat' dir='ltr'><strong>spiritu?</strong></span> <span class='ocrx_word' id='word_1_570' title='bbox 1527 3661 1558 3718; x_wconf 84' lang='lat' dir='ltr'><strong>Si</strong></span> <span class='ocrx_word' id='word_1_571' title='bbox 1571 3662 1690 3733; x_wconf 85' lang='lat' dir='ltr'><strong>spirita,</strong></span> <span class='ocrx_word' id='word_1_572' title='bbox 1705 3661 1803 3733; x_wconf 84' lang='lat' dir='ltr'><strong>inquit,</strong></span> 
     </span>
     <span class='ocr_line' id='line_1_73' title="bbox 156 3748 1804 3833; baseline 0.004 -24"><span class='ocrx_word' id='word_1_573' title='bbox 156 3762 237 3833; x_wconf 78' lang='lat' dir='ltr'><strong>stant,</strong></span> <span class='ocrx_word' id='word_1_574' title='bbox 255 3765 282 3810; x_wconf 93' lang='lat' dir='ltr'><strong>et</strong></span> <span class='ocrx_word' id='word_1_575' title='bbox 297 3753 331 3808; x_wconf 90' lang='lat' dir='ltr'><strong>ad</strong></span> <span class='ocrx_word' id='word_1_576' title='bbox 345 3753 486 3810; x_wconf 89' lang='lat' dir='ltr'><strong>meliorem</strong></span> <span class='ocrx_word' id='word_1_577' title='bbox 501 3754 642 3810; x_wconf 88' lang='lat' dir='ltr'><strong>emolliunt</strong></span> <span class='ocrx_word' id='word_1_578' title='bbox 656 3757 777 3810; x_wconf 75' lang='lat' dir='ltr'><strong>statum?</strong></span> <span class='ocrx_word' id='word_1_579' title='bbox 791 3755 869 3825; x_wconf 87' lang='lat' dir='ltr'><strong>Quod</strong></span> <span class='ocrx_word' id='word_1_580' title='bbox 884 3757 907 3810; x_wconf 93' lang='lat' dir='ltr'><strong>si</strong></span> <span class='ocrx_word' id='word_1_581' title='bbox 924 3765 952 3811; x_wconf 91' lang='lat' dir='ltr'><strong>tu</strong></span> <span class='ocrx_word' id='word_1_582' title='bbox 1005 3751 1135 3816; x_wconf 74' lang='lat' dir='ltr'><strong>vivimus,</strong></span> <span class='ocrx_word' id='word_1_583' title='bbox 1157 3751 1262 3820; x_wconf 64' lang='lat' dir='ltr'><strong>spirito</strong></span> <span class='ocrx_word' id='word_1_584' title='bbox 1286 3753 1315 3804; x_wconf 75' lang='lat' dir='ltr'><strong>et</strong></span> <span class='ocrx_word' id='word_1_585' title='bbox 1338 3748 1538 3805; x_wconf 68' lang='lat' dir='ltr'><strong>ambulemus?</strong></span> <span class='ocrx_word' id='word_1_586' title='bbox 1560 3749 1669 3821; x_wconf 53' lang='lat' dir='ltr'><strong>(Galat</strong></span> <span class='ocrx_word' id='word_1_587' title='bbox 1693 3766 1720 3816; x_wconf 71' lang='lat' dir='ltr'><strong>v,</strong></span> <span class='ocrx_word' id='word_1_588' title='bbox 1746 3751 1804 3822; x_wconf 57' lang='lat'><strong>²5)</strong></span> 
     </span>
     <span class='ocr_line' id='line_1_74' title="bbox 156 3836 1805 3916; baseline -0.002 -18"><span class='ocrx_word' id='word_1_589' title='bbox 156 3843 298 3916; x_wconf 67' lang='lat' dir='ltr'><strong>praedurus</strong></span> <span class='ocrx_word' id='word_1_590' title='bbox 313 3859 352 3909; x_wconf 89' lang='lat' dir='ltr'><strong>es,</strong></span> <span class='ocrx_word' id='word_1_591' title='bbox 369 3850 395 3898; x_wconf 88' lang='lat' dir='ltr'><strong>et</strong></span> <span class='ocrx_word' id='word_1_592' title='bbox 411 3841 525 3898; x_wconf 89' lang='lat' dir='ltr'><strong>emolliri</strong></span> <span class='ocrx_word' id='word_1_593' title='bbox 540 3858 595 3898; x_wconf 89' lang='lat' dir='ltr'><strong>non</strong></span> <span class='ocrx_word' id='word_1_594' title='bbox 610 3850 698 3914; x_wconf 92' lang='lat' dir='ltr'><strong>potes,</strong></span> <span class='ocrx_word' id='word_1_595' title='bbox 717 3843 782 3911; x_wconf 79' lang='lat' dir='ltr'><strong>auid</strong></span> <span class='ocrx_word' id='word_1_596' title='bbox 795 3842 952 3900; x_wconf 73' lang='lat' dir='ltr'><strong>remordere</strong></span> <span class='ocrx_word' id='word_1_597' title='bbox 1004 3837 1044 3893; x_wconf 86' lang='lat' dir='ltr'><strong>Tu</strong></span> <span class='ocrx_word' id='word_1_598' title='bbox 1073 3836 1155 3909; x_wconf 77' lang='lat' dir='ltr'><strong>igitur</strong></span> <span class='ocrx_word' id='word_1_599' title='bbox 1177 3836 1198 3892; x_wconf 93' lang='lat' dir='ltr'><strong>si</strong></span> <span class='ocrx_word' id='word_1_600' title='bbox 1222 3837 1372 3894; x_wconf 89' lang='lat' dir='ltr'><strong>ascendere</strong></span> <span class='ocrx_word' id='word_1_601' title='bbox 1392 3836 1527 3908; x_wconf 89' lang='lat' dir='ltr'><strong>disponis,</strong></span> <span class='ocrx_word' id='word_1_602' title='bbox 1554 3838 1670 3893; x_wconf 90' lang='lat' dir='ltr'><strong>ascende</strong></span> <span class='ocrx_word' id='word_1_603' title='bbox 1695 3854 1805 3910; x_wconf 86' lang='lat' dir='ltr'><strong>semper</strong></span> 
     </span>
     <span class='ocr_line' id='line_1_75' title="bbox 156 3926 1804 4004; baseline 0.002 -18"><span class='ocrx_word' id='word_1_604' title='bbox 156 3930 260 4004; x_wconf 73' lang='lat' dir='ltr'><strong>paras?</strong></span> <span class='ocrx_word' id='word_1_605' title='bbox 274 3934 315 3986; x_wconf 80' lang='lat' dir='ltr'><strong>hu</strong></span> <span class='ocrx_word' id='word_1_606' title='bbox 331 3948 386 3987; x_wconf 89' lang='lat' dir='ltr'><strong>non</strong></span> <span class='ocrx_word' id='word_1_607' title='bbox 401 3931 552 3997; x_wconf 85' lang='lat' dir='ltr'><strong>remordes,</strong></span> <span class='ocrx_word' id='word_1_608' title='bbox 569 3931 614 4002; x_wconf 91' lang='lat' dir='ltr'><strong>qui</strong></span> <span class='ocrx_word' id='word_1_609' title='bbox 630 3931 673 3986; x_wconf 83' lang='lat' dir='ltr'><strong>vel</strong></span> <span class='ocrx_word' id='word_1_610' title='bbox 688 3933 715 3985; x_wconf 90' lang='lat' dir='ltr'><strong>in</strong></span> <span class='ocrx_word' id='word_1_611' title='bbox 735 3932 841 3988; x_wconf 90' lang='lat' dir='ltr'><strong>occulto</strong></span> <span class='ocrx_word' id='word_1_612' title='bbox 861 3932 952 3987; x_wconf 89' lang='lat' dir='ltr'><strong>detra·</strong></span> <span class='ocrx_word' id='word_1_613' title='bbox 1005 3926 1038 3981; x_wconf 91' lang='lat' dir='ltr'><strong>de</strong></span> <span class='ocrx_word' id='word_1_614' title='bbox 1066 3927 1185 3991; x_wconf 72' lang='lat' dir='ltr'><strong>lavaero,</strong></span> <span class='ocrx_word' id='word_1_615' title='bbox 1209 3942 1319 3999; x_wconf 72' lang='lat' dir='ltr'><strong>semper</strong></span> <span class='ocrx_word' id='word_1_616' title='bbox 1342 3942 1429 3983; x_wconf 82' lang='lat' dir='ltr'><strong>nouus</strong></span> <span class='ocrx_word' id='word_1_617' title='bbox 1453 3934 1480 3983; x_wconf 77' lang='grc' dir='ltr'><strong>θῑ</strong></span> <span class='ocrx_word' id='word_1_618' title='bbox 1504 3928 1631 3983; x_wconf 77' lang='lat' dir='ltr'><strong>mundus·</strong></span> <span class='ocrx_word' id='word_1_619' title='bbox 1660 3928 1733 3983; x_wconf 73' lang='lat' dir='ltr'><strong>Lava</strong></span> <span class='ocrx_word' id='word_1_620' title='bbox 1755 3943 1804 4000; x_wconf 75' lang='lat' dir='ltr'><strong>per</strong></span> 
     </span>
     <span class='ocr_line' id='line_1_76' title="bbox 156 4014 1803 4096; baseline -0.002 -22"><span class='ocrx_word' id='word_1_621' title='bbox 156 4019 209 4086; x_wconf 90' lang='lat' dir='ltr'><strong>his,</strong></span> <span class='ocrx_word' id='word_1_622' title='bbox 222 4019 264 4076; x_wconf 88' lang='lat' dir='ltr'><strong>vel</strong></span> <span class='ocrx_word' id='word_1_623' title='bbox 275 4018 643 4096; x_wconf 83' lang='lat' dir='ltr'><strong>palamcoutradicileuid</strong></span> <span class='ocrx_word' id='word_1_624' title='bbox 653 4019 762 4075; x_wconf 92' lang='lat' dir='ltr'><strong>dentem</strong></span> <span class='ocrx_word' id='word_1_625' title='bbox 776 4027 871 4075; x_wconf 93' lang='lat' dir='ltr'><strong>contra</strong></span> <span class='ocrx_word' id='word_1_626' title='bbox 886 4021 953 4075; x_wconf 90' lang='lat' dir='ltr'><strong>den·</strong></span> <span class='ocrx_word' id='word_1_627' title='bbox 1004 4014 1126 4086; x_wconf 83' lang='lat' dir='ltr'><strong>singulas</strong></span> <span class='ocrx_word' id='word_1_628' title='bbox 1149 4022 1244 4072; x_wconf 90' lang='lat' dir='ltr'><strong>noctes</strong></span> <span class='ocrx_word' id='word_1_629' title='bbox 1267 4015 1367 4072; x_wconf 91' lang='lat' dir='ltr'><strong>lectum</strong></span> <span class='ocrx_word' id='word_1_630' title='bbox 1391 4023 1469 4070; x_wconf 91' lang='lat' dir='ltr'><strong>tuum</strong></span> <span class='ocrx_word' id='word_1_631' title='bbox 1489 4015 1626 4088; x_wconf 82' lang='lat' dir='ltr'><strong>lacrymis.</strong></span> <span class='ocrx_word' id='word_1_632' title='bbox 1652 4018 1704 4071; x_wconf 79' lang='lat' dir='ltr'><strong>hut</strong></span> <span class='ocrx_word' id='word_1_633' title='bbox 1727 4016 1751 4071; x_wconf 88' lang='lat' dir='ltr'><strong>si</strong></span> <span class='ocrx_word' id='word_1_634' title='bbox 1777 4023 1803 4071; x_wconf 90' lang='lat' dir='ltr'><strong>te</strong></span> 
     </span>
     <span class='ocr_line' id='line_1_77' title="bbox 156 4105 1802 4179; baseline 0 -18"><span class='ocrx_word' id='word_1_635' title='bbox 156 4114 210 4162; x_wconf 90' lang='lat' dir='ltr'><strong>tem</strong></span> <span class='ocrx_word' id='word_1_636' title='bbox 225 4122 314 4178; x_wconf 79' lang='lat' dir='ltr'><strong>paras¹</strong></span> <span class='ocrx_word' id='word_1_637' title='bbox 331 4107 442 4164; x_wconf 89' lang='lat' dir='ltr'><strong>dentem</strong></span> <span class='ocrx_word' id='word_1_638' title='bbox 456 4106 610 4179; x_wconf 89' lang='lat' dir='ltr'><strong>improbum</strong></span> <span class='ocrx_word' id='word_1_639' title='bbox 621 4114 718 4164; x_wconf 90' lang='lat' dir='ltr'><strong>contra</strong></span> <span class='ocrx_word' id='word_1_640' title='bbox 731 4108 842 4164; x_wconf 87' lang='lat' dir='ltr'><strong>dentem</strong></span> <span class='ocrx_word' id='word_1_641' title='bbox 858 4107 952 4178; x_wconf 77' lang='lat' dir='ltr'><strong>pium?</strong></span> <span class='ocrx_word' id='word_1_642' title='bbox 1004 4112 1144 4177; x_wconf 89' lang='lat' dir='ltr'><strong>peccatum</strong></span> <span class='ocrx_word' id='word_1_643' title='bbox 1164 4121 1219 4161; x_wconf 91' lang='lat' dir='ltr'><strong>nou</strong></span> <span class='ocrx_word' id='word_1_644' title='bbox 1241 4105 1318 4177; x_wconf 86' lang='lat' dir='ltr'><strong>quasi</strong></span> <span class='ocrx_word' id='word_1_645' title='bbox 1333 4121 1385 4161; x_wconf 83' lang='lat' dir='ltr'><strong>uox</strong></span> <span class='ocrx_word' id='word_1_646' title='bbox 1411 4105 1533 4178; x_wconf 88' lang='lat' dir='ltr'><strong>involvit,</strong></span> <span class='ocrx_word' id='word_1_647' title='bbox 1549 4106 1596 4162; x_wconf 90' lang='lat' dir='ltr'><strong>sed</strong></span> <span class='ocrx_word' id='word_1_648' title='bbox 1619 4105 1689 4162; x_wconf 92' lang='lat' dir='ltr'><strong>sicut</strong></span> <span class='ocrx_word' id='word_1_649' title='bbox 1712 4107 1802 4163; x_wconf 90' lang='lat' dir='ltr'><strong>nubes</strong></span> 
     </span>
     <span class='ocr_line' id='line_1_78' title="bbox 156 4193 1800 4270; baseline 0.001 -20"><span class='ocrx_word' id='word_1_650' title='bbox 156 4196 280 4251; x_wconf 88' lang='lat' dir='ltr'><strong>llordere</strong></span> <span class='ocrx_word' id='word_1_651' title='bbox 298 4205 388 4266; x_wconf 89' lang='lat' dir='ltr'><strong>potes,</strong></span> <span class='ocrx_word' id='word_1_652' title='bbox 412 4196 462 4252; x_wconf 86' lang='lat' dir='ltr'><strong>sed</strong></span> <span class='ocrx_word' id='word_1_653' title='bbox 480 4210 642 4252; x_wconf 88' lang='lat' dir='ltr'><strong>consumere</strong></span> <span class='ocrx_word' id='word_1_654' title='bbox 657 4211 712 4253; x_wconf 91' lang='lat' dir='ltr'><strong>non</strong></span> <span class='ocrx_word' id='word_1_655' title='bbox 736 4203 826 4266; x_wconf 90' lang='lat' dir='ltr'><strong>potes.</strong></span> <span class='ocrx_word' id='word_1_656' title='bbox 851 4196 951 4251; x_wconf 88' lang='lat' dir='ltr'><strong>Dentes</strong></span> <span class='ocrx_word' id='word_1_657' title='bbox 1004 4193 1199 4266; x_wconf 74' lang='lat' dir='ltr'><strong>pr&#39;aetervolat3</strong></span> <span class='ocrx_word' id='word_1_658' title='bbox 1225 4201 1359 4250; x_wconf 89' lang='lat' dir='ltr'><strong>tutamen</strong></span> <span class='ocrx_word' id='word_1_659' title='bbox 1378 4194 1469 4251; x_wconf 85' lang='lat' dir='ltr'><strong>lavare</strong></span> <span class='ocrx_word' id='word_1_660' title='bbox 1484 4195 1668 4270; x_wconf 77' lang='lat' dir='ltr'><strong>persingulas</strong></span> <span class='ocrx_word' id='word_1_661' title='bbox 1693 4206 1800 4262; x_wconf 88' lang='lat' dir='ltr'><strong>noctes,</strong></span> 
     </span>
     <span class='ocr_line' id='line_1_79' title="bbox 156 4280 1802 4356; baseline -0.002 -15"><span class='ocrx_word' id='word_1_662' title='bbox 156 4283 228 4341; x_wconf 89' lang='lat' dir='ltr'><strong>euim</strong></span> <span class='ocrx_word' id='word_1_663' title='bbox 243 4293 323 4340; x_wconf 91' lang='lat' dir='ltr'><strong>suut:</strong></span> <span class='ocrx_word' id='word_1_664' title='bbox 340 4291 367 4341; x_wconf 91' lang='lat' dir='ltr'><strong>et</strong></span> <span class='ocrx_word' id='word_1_665' title='bbox 376 4282 438 4340; x_wconf 91' lang='lat' dir='ltr'><strong>duri</strong></span> <span class='ocrx_word' id='word_1_666' title='bbox 454 4292 517 4340; x_wconf 90' lang='lat' dir='ltr'><strong>sunt</strong></span> <span class='ocrx_word' id='word_1_667' title='bbox 530 4292 557 4340; x_wconf 93' lang='lat' dir='ltr'><strong>et</strong></span> <span class='ocrx_word' id='word_1_668' title='bbox 571 4283 641 4339; x_wconf 88' lang='lat' dir='ltr'><strong>firmi</strong></span> <span class='ocrx_word' id='word_1_669' title='bbox 653 4302 660 4349; x_wconf 91' lang='grc'><strong>;</strong></span> <span class='ocrx_word' id='word_1_670' title='bbox 673 4293 700 4340; x_wconf 89' lang='lat' dir='ltr'><strong>et</strong></span> <span class='ocrx_word' id='word_1_671' title='bbox 714 4284 889 4340; x_wconf 89' lang='lat' dir='ltr'><strong>detrahentes</strong></span> <span class='ocrx_word' id='word_1_672' title='bbox 897 4298 952 4339; x_wconf 92' lang='lat' dir='ltr'><strong>non</strong></span> <span class='ocrx_word' id='word_1_673' title='bbox 1005 4280 1085 4337; x_wconf 88' lang='lat' dir='ltr'><strong>etiam</strong></span> <span class='ocrx_word' id='word_1_674' title='bbox 1100 4280 1199 4337; x_wconf 82' lang='lat' dir='ltr'><strong>levium</strong></span> <span class='ocrx_word' id='word_1_675' title='bbox 1214 4281 1327 4356; x_wconf 79' lang='lat' dir='ltr'><strong>vestigia</strong></span> <span class='ocrx_word' id='word_1_676' title='bbox 1342 4281 1501 4339; x_wconf 88' lang='lat' dir='ltr'><strong>delictorum</strong></span> <span class='ocrx_word' id='word_1_677' title='bbox 1525 4283 1650 4356; x_wconf 81' lang='lat' dir='ltr'><strong>lacrymis</strong></span> <span class='ocrx_word' id='word_1_678' title='bbox 1663 4283 1734 4340; x_wconf 91' lang='lat' dir='ltr'><strong>dele.</strong></span> <span class='ocrx_word' id='word_1_679' title='bbox 1752 4283 1802 4339; x_wconf 89' lang='lat' dir='ltr'><strong>llic</strong></span> 
     </span>
     <span class='ocr_line' id='line_1_80' title="bbox 156 4368 1801 4444; baseline -0.002 -16"><span class='ocrx_word' id='word_1_680' title='bbox 156 4380 291 4438; x_wconf 89' lang='lat' dir='ltr'><strong>metuunt,</strong></span> <span class='ocrx_word' id='word_1_681' title='bbox 302 4388 440 4430; x_wconf 88' lang='lat' dir='ltr'><strong>memores</strong></span> <span class='ocrx_word' id='word_1_682' title='bbox 450 4388 481 4429; x_wconf 89' lang='lat' dir='ltr'><strong>se</strong></span> <span class='ocrx_word' id='word_1_683' title='bbox 493 4388 555 4429; x_wconf 90' lang='lat' dir='ltr'><strong>cnm</strong></span> <span class='ocrx_word' id='word_1_684' title='bbox 566 4373 699 4444; x_wconf 91' lang='lat' dir='ltr'><strong>propbeta</strong></span> <span class='ocrx_word' id='word_1_685' title='bbox 712 4372 783 4428; x_wconf 91' lang='lat' dir='ltr'><strong>inter</strong></span> <span class='ocrx_word' id='word_1_686' title='bbox 794 4372 952 4444; x_wconf 87' lang='lat' dir='ltr'><strong>scorpiones</strong></span> <span class='ocrx_word' id='word_1_687' title='bbox 1004 4370 1078 4423; x_wconf 89' lang='lat' dir='ltr'><strong>euim</strong></span> <span class='ocrx_word' id='word_1_688' title='bbox 1100 4368 1128 4423; x_wconf 92' lang='lat' dir='ltr'><strong>in</strong></span> <span class='ocrx_word' id='word_1_689' title='bbox 1156 4370 1276 4427; x_wconf 85' lang='lat' dir='ltr'><strong>convalle</strong></span> <span class='ocrx_word' id='word_1_690' title='bbox 1304 4369 1486 4442; x_wconf 87' lang='lat' dir='ltr'><strong>tacrymamm</strong></span> <span class='ocrx_word' id='word_1_691' title='bbox 1515 4372 1591 4428; x_wconf 89' lang='lat' dir='ltr'><strong>locus</strong></span> <span class='ocrx_word' id='word_1_692' title='bbox 1620 4379 1661 4428; x_wconf 87' lang='lat' dir='ltr'><strong>est</strong></span> <span class='ocrx_word' id='word_1_693' title='bbox 1689 4371 1801 4431; x_wconf 87' lang='lat' dir='ltr'><strong>lavacri.</strong></span> 
     </span>
     <span class='ocr_line' id='line_1_81' title="bbox 157 4456 1801 4534; baseline -0.002 -15"><span class='ocrx_word' id='word_1_694' title='bbox 157 4469 184 4519; x_wconf 91' lang='lat' dir='ltr'><strong>et</strong></span> <span class='ocrx_word' id='word_1_695' title='bbox 205 4461 361 4518; x_wconf 90' lang='lat' dir='ltr'><strong>incredulos</strong></span> <span class='ocrx_word' id='word_1_696' title='bbox 381 4461 545 4518; x_wconf 87' lang='lat' dir='ltr'><strong>commorari</strong></span> <span class='ocrx_word' id='word_1_697' title='bbox 569 4461 679 4531; x_wconf 78' lang='lat' dir='ltr'><strong>(Enoch.</strong></span> <span class='ocrx_word' id='word_1_698' title='bbox 696 4477 726 4528; x_wconf 88' lang='lat' dir='ltr'><strong>rr,</strong></span> <span class='ocrx_word' id='word_1_699' title='bbox 751 4464 795 4530; x_wconf 85' lang='lat' dir='ltr'><strong>o);</strong></span> <span class='ocrx_word' id='word_1_700' title='bbox 820 4469 856 4526; x_wconf 90' lang='lat' dir='ltr'><strong>et,</strong></span> <span class='ocrx_word' id='word_1_701' title='bbox 882 4461 951 4516; x_wconf 92' lang='lat' dir='ltr'><strong>sicut</strong></span> <span class='ocrx_word' id='word_1_702' title='bbox 1004 4456 1073 4526; x_wconf 87' lang='lat' dir='ltr'><strong>Quid</strong></span> <span class='ocrx_word' id='word_1_703' title='bbox 1088 4466 1129 4514; x_wconf 85' lang='lat' dir='ltr'><strong>est</strong></span> <span class='ocrx_word' id='word_1_704' title='bbox 1147 4459 1219 4531; x_wconf 89' lang='lat' dir='ltr'><strong>qood</strong></span> <span class='ocrx_word' id='word_1_705' title='bbox 1241 4459 1337 4516; x_wconf 90' lang='lat' dir='ltr'><strong>sordes</strong></span> <span class='ocrx_word' id='word_1_706' title='bbox 1351 4471 1507 4534; x_wconf 81' lang='lat' dir='ltr'><strong>congestas,</strong></span> <span class='ocrx_word' id='word_1_707' title='bbox 1523 4469 1551 4517; x_wconf 91' lang='lat' dir='ltr'><strong>et</strong></span> <span class='ocrx_word' id='word_1_708' title='bbox 1571 4459 1676 4531; x_wconf 82' lang='lat' dir='ltr'><strong>peccati</strong></span> <span class='ocrx_word' id='word_1_709' title='bbox 1699 4477 1801 4534; x_wconf 82' lang='lat' dir='ltr'><strong>purga·</strong></span> 
     </span>
     <span class='ocr_line' id='line_1_82' title="bbox 155 4545 1801 4621; baseline -0.002 -15"><span class='ocrx_word' id='word_1_710' title='bbox 155 4565 229 4618; x_wconf 81' lang='lat' dir='ltr'><strong>oves,</strong></span> <span class='ocrx_word' id='word_1_711' title='bbox 254 4550 352 4607; x_wconf 88' lang='lat' dir='ltr'><strong>missos</strong></span> <span class='ocrx_word' id='word_1_712' title='bbox 369 4550 442 4606; x_wconf 91' lang='lat' dir='ltr'><strong>inter</strong></span> <span class='ocrx_word' id='word_1_713' title='bbox 461 4550 540 4621; x_wconf 90' lang='lat' dir='ltr'><strong>lupos</strong></span> <span class='ocrx_word' id='word_1_714' title='bbox 563 4551 675 4621; x_wconf 79' lang='lat' dir='ltr'><strong>(carth.</strong></span> <span class='ocrx_word' id='word_1_715' title='bbox 701 4567 728 4618; x_wconf 83' lang='lat' dir='ltr'><strong>x,</strong></span> <span class='ocrx_word' id='word_1_716' title='bbox 755 4549 809 4621; x_wconf 78' lang='lat' dir='ltr'><strong>lo),</strong></span> <span class='ocrx_word' id='word_1_717' title='bbox 834 4556 864 4603; x_wconf 95' lang='lat' dir='ltr'><strong>ut</strong></span> <span class='ocrx_word' id='word_1_718' title='bbox 878 4548 951 4620; x_wconf 87' lang='lat' dir='ltr'><strong>ipsos</strong></span> <span class='ocrx_word' id='word_1_719' title='bbox 1004 4553 1095 4600; x_wconf 89' lang='lat' dir='ltr'><strong>menta</strong></span> <span class='ocrx_word' id='word_1_720' title='bbox 1109 4545 1191 4600; x_wconf 87' lang='lat' dir='ltr'><strong>loturi</strong></span> <span class='ocrx_word' id='word_1_721' title='bbox 1215 4563 1339 4603; x_wconf 86' lang='lat' dir='ltr'><strong>reservas</strong></span> <span class='ocrx_word' id='word_1_722' title='bbox 1355 4547 1462 4604; x_wconf 86' lang='lat' dir='ltr'><strong>lavacro</strong></span> <span class='ocrx_word' id='word_1_723' title='bbox 1477 4548 1594 4606; x_wconf 78' lang='lat' dir='ltr'><strong>seculi?</strong></span> <span class='ocrx_word' id='word_1_724' title='bbox 1609 4549 1681 4617; x_wconf 87' lang='lat' dir='ltr'><strong>Quid</strong></span> <span class='ocrx_word' id='word_1_725' title='bbox 1704 4548 1758 4603; x_wconf 92' lang='lat' dir='ltr'><strong>scis</strong></span> <span class='ocrx_word' id='word_1_726' title='bbox 1779 4547 1801 4602; x_wconf 92' lang='lat' dir='ltr'><strong>si</strong></span> 
     </span>
     <span class='ocr_line' id='line_1_83' title="bbox 153 4633 1800 4712; baseline 0.002 -21"><span class='ocrx_word' id='word_1_727' title='bbox 153 4636 233 4708; x_wconf 91' lang='lat' dir='ltr'><strong>lupos</strong></span> <span class='ocrx_word' id='word_1_728' title='bbox 247 4637 274 4692; x_wconf 92' lang='lat' dir='ltr'><strong>in</strong></span> <span class='ocrx_word' id='word_1_729' title='bbox 297 4654 363 4694; x_wconf 88' lang='lat' dir='ltr'><strong>oves</strong></span> <span class='ocrx_word' id='word_1_730' title='bbox 381 4637 532 4694; x_wconf 87' lang='lat' dir='ltr'><strong>rationabili</strong></span> <span class='ocrx_word' id='word_1_731' title='bbox 548 4638 691 4693; x_wconf 89' lang='lat' dir='ltr'><strong>tolerantia</strong></span> <span class='ocrx_word' id='word_1_732' title='bbox 714 4646 742 4692; x_wconf 92' lang='lat' dir='ltr'><strong>et</strong></span> <span class='ocrx_word' id='word_1_733' title='bbox 760 4637 950 4693; x_wconf 85' lang='lat' dir='ltr'><strong>exhortatione</strong></span> <span class='ocrx_word' id='word_1_734' title='bbox 1003 4649 1058 4689; x_wconf 91' lang='lat' dir='ltr'><strong>non</strong></span> <span class='ocrx_word' id='word_1_735' title='bbox 1073 4633 1125 4690; x_wconf 91' lang='lat' dir='ltr'><strong>erit</strong></span> <span class='ocrx_word' id='word_1_736' title='bbox 1138 4634 1193 4691; x_wconf 92' lang='lat' dir='ltr'><strong>illic</strong></span> <span class='ocrx_word' id='word_1_737' title='bbox 1215 4636 1401 4692; x_wconf 83' lang='lat' dir='ltr'><strong>conflatorium</strong></span> <span class='ocrx_word' id='word_1_738' title='bbox 1417 4639 1514 4712; x_wconf 85' lang='lat' dir='ltr'><strong>magis,</strong></span> <span class='ocrx_word' id='word_1_739' title='bbox 1530 4653 1613 4709; x_wconf 89' lang='lat' dir='ltr'><strong>quarn</strong></span> <span class='ocrx_word' id='word_1_740' title='bbox 1635 4638 1800 4695; x_wconf 82' lang='lat' dir='ltr'><strong>lavacmm‘l</strong></span> 
     </span>
     <span class='ocr_line' id='line_1_84' title="bbox 155 4721 1800 4798; baseline -0.002 -18"><span class='ocrx_word' id='word_1_741' title='bbox 155 4731 330 4780; x_wconf 92' lang='lat' dir='ltr'><strong>commutent.</strong></span> <span class='ocrx_word' id='word_1_742' title='bbox 346 4725 381 4779; x_wconf 83' lang='lat' dir='ltr'><strong>Et</strong></span> <span class='ocrx_word' id='word_1_743' title='bbox 395 4725 465 4780; x_wconf 89' lang='lat' dir='ltr'><strong>bene</strong></span> <span class='ocrx_word' id='word_1_744' title='bbox 481 4725 664 4781; x_wconf 81' lang='lat' dir='ltr'><strong>detonsarum</strong></span> <span class='ocrx_word' id='word_1_745' title='bbox 678 4725 814 4792; x_wconf 91' lang='lat' dir='ltr'><strong>dicuutur,</strong></span> <span class='ocrx_word' id='word_1_746' title='bbox 830 4726 903 4798; x_wconf 90' lang='lat' dir='ltr'><strong>quod</strong></span> <span class='ocrx_word' id='word_1_747' title='bbox 918 4724 950 4780; x_wconf 91' lang='lat' dir='ltr'><strong>il·</strong></span> <span class='ocrx_word' id='word_1_748' title='bbox 1004 4722 1073 4776; x_wconf 87' lang='lat' dir='ltr'><strong>Nam</strong></span> <span class='ocrx_word' id='word_1_749' title='bbox 1089 4739 1150 4794; x_wconf 85' lang='lat' dir='ltr'><strong>quae</strong></span> <span class='ocrx_word' id='word_1_750' title='bbox 1174 4721 1217 4778; x_wconf 92' lang='lat' dir='ltr'><strong>hic</strong></span> <span class='ocrx_word' id='word_1_751' title='bbox 1232 4722 1309 4778; x_wconf 89' lang='lat' dir='ltr'><strong>tacile</strong></span> <span class='ocrx_word' id='word_1_752' title='bbox 1329 4730 1456 4793; x_wconf 89' lang='lat' dir='ltr'><strong>poteraut</strong></span> <span class='ocrx_word' id='word_1_753' title='bbox 1474 4724 1558 4795; x_wconf 84' lang='lat' dir='ltr'><strong>ablui,</strong></span> <span class='ocrx_word' id='word_1_754' title='bbox 1575 4723 1612 4779; x_wconf 93' lang='lat' dir='ltr'><strong>ibi</strong></span> <span class='ocrx_word' id='word_1_755' title='bbox 1633 4739 1687 4780; x_wconf 92' lang='lat' dir='ltr'><strong>non</strong></span> <span class='ocrx_word' id='word_1_756' title='bbox 1702 4732 1756 4778; x_wconf 86' lang='lat' dir='ltr'><strong>taur</strong></span> <span class='ocrx_word' id='word_1_757' title='bbox 1772 4724 1800 4778; x_wconf 92' lang='lat' dir='ltr'><strong>in</strong></span> 
     </span>
     <span class='ocr_line' id='line_1_85' title="bbox 153 4810 1799 4886; baseline 0 -20"><span class='ocrx_word' id='word_1_758' title='bbox 153 4811 242 4867; x_wconf 91' lang='lat' dir='ltr'><strong>lorum</strong></span> <span class='ocrx_word' id='word_1_759' title='bbox 257 4827 311 4867; x_wconf 92' lang='lat' dir='ltr'><strong>non</strong></span> <span class='ocrx_word' id='word_1_760' title='bbox 326 4811 380 4866; x_wconf 91' lang='lat' dir='ltr'><strong>siut</strong></span> <span class='ocrx_word' id='word_1_761' title='bbox 395 4827 502 4867; x_wconf 88' lang='lat' dir='ltr'><strong>morsus</strong></span> <span class='ocrx_word' id='word_1_762' title='bbox 520 4811 653 4885; x_wconf 78' lang='lat' dir='ltr'><strong>fugiendi,</strong></span> <span class='ocrx_word' id='word_1_763' title='bbox 669 4813 716 4884; x_wconf 88' lang='lat' dir='ltr'><strong>qui</strong></span> <span class='ocrx_word' id='word_1_764' title='bbox 731 4815 863 4870; x_wconf 91' lang='lat' dir='ltr'><strong>bonorum</strong></span> <span class='ocrx_word' id='word_1_765' title='bbox 883 4830 950 4886; x_wconf 89' lang='lat' dir='ltr'><strong>ope·</strong></span> <span class='ocrx_word' id='word_1_766' title='bbox 1004 4810 1208 4880; x_wconf 73' lang='lat' dir='ltr'><strong>misericordia,</strong></span> <span class='ocrx_word' id='word_1_767' title='bbox 1236 4828 1317 4884; x_wconf 84' lang='lat' dir='ltr'><strong>quam</strong></span> <span class='ocrx_word' id='word_1_768' title='bbox 1341 4812 1368 4866; x_wconf 93' lang='lat' dir='ltr'><strong>in</strong></span> <span class='ocrx_word' id='word_1_769' title='bbox 1395 4813 1491 4884; x_wconf 92' lang='lat' dir='ltr'><strong>spiritu</strong></span> <span class='ocrx_word' id='word_1_770' title='bbox 1517 4812 1612 4883; x_wconf 86' lang='lat' dir='ltr'><strong>judicii</strong></span> <span class='ocrx_word' id='word_1_771' title='bbox 1638 4823 1664 4868; x_wconf 92' lang='lat' dir='ltr'><strong>et</strong></span> <span class='ocrx_word' id='word_1_772' title='bbox 1693 4811 1799 4868; x_wconf 90' lang='lat' dir='ltr'><strong>ardoris</strong></span> 
     </span>
     <span class='ocr_line' id='line_1_86' title="bbox 155 4900 1800 4975; baseline -0.001 -18"><span class='ocrx_word' id='word_1_773' title='bbox 155 4918 215 4957; x_wconf 92' lang='lat' dir='ltr'><strong>rum</strong></span> <span class='ocrx_word' id='word_1_774' title='bbox 229 4900 363 4972; x_wconf 82' lang='lat' dir='ltr'><strong>exempla,</strong></span> <span class='ocrx_word' id='word_1_775' title='bbox 380 4900 450 4957; x_wconf 91' lang='lat' dir='ltr'><strong>sicut</strong></span> <span class='ocrx_word' id='word_1_776' title='bbox 463 4901 566 4957; x_wconf 82' lang='lat' dir='ltr'><strong>vellera</strong></span> <span class='ocrx_word' id='word_1_777' title='bbox 581 4901 716 4974; x_wconf 85' lang='lat' dir='ltr'><strong>quaedam,</strong></span> <span class='ocrx_word' id='word_1_778' title='bbox 738 4903 857 4974; x_wconf 71' lang='lat' dir='ltr'><strong>subiecti</strong></span> <span class='ocrx_word' id='word_1_779' title='bbox 871 4902 950 4957; x_wconf 91' lang='lat' dir='ltr'><strong>mini·</strong></span> <span class='ocrx_word' id='word_1_780' title='bbox 1003 4907 1162 4974; x_wconf 76' lang='lat' dir='ltr'><strong>purgantur.</strong></span> <span class='ocrx_word' id='word_1_781' title='bbox 1187 4901 1222 4955; x_wconf 88' lang='lat' dir='ltr'><strong>Et</strong></span> <span class='ocrx_word' id='word_1_782' title='bbox 1240 4900 1302 4958; x_wconf 87' lang='lat' dir='ltr'><strong>telix</strong></span> <span class='ocrx_word' id='word_1_783' title='bbox 1327 4902 1373 4973; x_wconf 88' lang='lat' dir='ltr'><strong>qui</strong></span> <span class='ocrx_word' id='word_1_784' title='bbox 1396 4903 1431 4958; x_wconf 92' lang='lat' dir='ltr'><strong>de</strong></span> <span class='ocrx_word' id='word_1_785' title='bbox 1453 4902 1565 4969; x_wconf 87' lang='lat' dir='ltr'><strong>saeculo,</strong></span> <span class='ocrx_word' id='word_1_786' title='bbox 1586 4919 1641 4959; x_wconf 92' lang='lat' dir='ltr'><strong>nou</strong></span> <span class='ocrx_word' id='word_1_787' title='bbox 1661 4901 1740 4975; x_wconf 86' lang='lat' dir='ltr'><strong>quasi</strong></span> <span class='ocrx_word' id='word_1_788' title='bbox 1765 4901 1800 4957; x_wconf 91' lang='lat' dir='ltr'><strong>de</strong></span> 
     </span>
     <span class='ocr_line' id='line_1_87' title="bbox 155 4988 1800 5060; baseline -0.002 -14"><span class='ocrx_word' id='word_1_789' title='bbox 155 4998 251 5047; x_wconf 83' lang='lat' dir='ltr'><strong>strunt.</strong></span> <span class='ocrx_word' id='word_1_790' title='bbox 1003 5005 1093 5055; x_wconf 88' lang='lat' dir='ltr'><strong>coeno,</strong></span> <span class='ocrx_word' id='word_1_791' title='bbox 1117 4988 1166 5044; x_wconf 91' lang='lat' dir='ltr'><strong>sed</strong></span> <span class='ocrx_word' id='word_1_792' title='bbox 1190 4989 1266 5060; x_wconf 88' lang='lat' dir='ltr'><strong>quasi</strong></span> <span class='ocrx_word' id='word_1_793' title='bbox 1286 4989 1320 5046; x_wconf 92' lang='lat' dir='ltr'><strong>de</strong></span> <span class='ocrx_word' id='word_1_794' title='bbox 1338 4991 1444 5047; x_wconf 85' lang='lat' dir='ltr'><strong>lavacro</strong></span> <span class='ocrx_word' id='word_1_795' title='bbox 1469 4991 1599 5058; x_wconf 88' lang='lat' dir='ltr'><strong>aseendit,</strong></span> <span class='ocrx_word' id='word_1_796' title='bbox 1621 5006 1676 5047; x_wconf 90' lang='lat' dir='ltr'><strong>nou</strong></span> <span class='ocrx_word' id='word_1_797' title='bbox 1695 4990 1800 5046; x_wconf 88' lang='lat' dir='ltr'><strong>habens</strong></span> 
     </span>
    </p>

    <p class='ocr_par' dir='ltr' id='par_1_14' title="bbox 85 5075 1801 5506">
     <span class='ocr_line' id='line_1_88' title="bbox 190 5075 1801 5148; baseline -0.001 -13"><span class='ocrx_word' id='word_1_798' title='bbox 190 5081 216 5134; x_wconf 82' lang='lat'><strong>7.</strong></span> <span class='ocrx_word' id='word_1_799' title='bbox 241 5079 302 5134; x_wconf 90' lang='lat' dir='ltr'><strong>Nou</strong></span> <span class='ocrx_word' id='word_1_800' title='bbox 321 5084 413 5133; x_wconf 89' lang='lat' dir='ltr'><strong>tamen</strong></span> <span class='ocrx_word' id='word_1_801' title='bbox 437 5093 501 5133; x_wconf 87' lang='lat' dir='ltr'><strong>usus</strong></span> <span class='ocrx_word' id='word_1_802' title='bbox 524 5076 643 5134; x_wconf 91' lang='lat' dir='ltr'><strong>dentium</strong></span> <span class='ocrx_word' id='word_1_803' title='bbox 668 5077 696 5134; x_wconf 90' lang='lat' dir='ltr'><strong>iu</strong></span> <span class='ocrx_word' id='word_1_804' title='bbox 724 5078 821 5134; x_wconf 91' lang='lat' dir='ltr'><strong>alienis</strong></span> <span class='ocrx_word' id='word_1_805' title='bbox 844 5084 950 5132; x_wconf 91' lang='lat' dir='ltr'><strong>tantum</strong></span> <span class='ocrx_word' id='word_1_806' title='bbox 1003 5091 1117 5132; x_wconf 88' lang='lat' dir='ltr'><strong>necesse</strong></span> <span class='ocrx_word' id='word_1_807' title='bbox 1133 5086 1162 5131; x_wconf 90' lang='lat' dir='ltr'><strong>ut</strong></span> <span class='ocrx_word' id='word_1_808' title='bbox 1185 5075 1287 5148; x_wconf 88' lang='lat' dir='ltr'><strong>aliquid</strong></span> <span class='ocrx_word' id='word_1_809' title='bbox 1301 5077 1328 5131; x_wconf 90' lang='lat' dir='ltr'><strong>in</strong></span> <span class='ocrx_word' id='word_1_810' title='bbox 1344 5095 1373 5134; x_wconf 87' lang='lat' dir='ltr'><strong>se</strong></span> <span class='ocrx_word' id='word_1_811' title='bbox 1397 5080 1480 5147; x_wconf 88' lang='lat' dir='ltr'><strong>lavet,</strong></span> <span class='ocrx_word' id='word_1_812' title='bbox 1498 5079 1547 5135; x_wconf 87' lang='lat' dir='ltr'><strong>sed</strong></span> <span class='ocrx_word' id='word_1_813' title='bbox 1570 5085 1611 5135; x_wconf 91' lang='lat' dir='ltr'><strong>est</strong></span> <span class='ocrx_word' id='word_1_814' title='bbox 1630 5077 1748 5134; x_wconf 91' lang='lat' dir='ltr'><strong>mundus</strong></span> <span class='ocrx_word' id='word_1_815' title='bbox 1763 5085 1801 5133; x_wconf 90' lang='lat' dir='ltr'><strong>to·</strong></span> 
     </span>
     <span class='ocr_line' id='line_1_89' title="bbox 155 5165 1799 5241; baseline 0 -22"><span class='ocrx_word' id='word_1_816' title='bbox 155 5166 343 5222; x_wconf 89' lang='lat' dir='ltr'><strong>remordendis</strong></span> <span class='ocrx_word' id='word_1_817' title='bbox 367 5175 394 5222; x_wconf 90' lang='lat' dir='ltr'><strong>et</strong></span> <span class='ocrx_word' id='word_1_818' title='bbox 417 5165 610 5222; x_wconf 84' lang='lat' dir='ltr'><strong>convincendis</strong></span> <span class='ocrx_word' id='word_1_819' title='bbox 629 5165 770 5222; x_wconf 91' lang='lat' dir='ltr'><strong>erroribus</strong></span> <span class='ocrx_word' id='word_1_820' title='bbox 788 5165 947 5222; x_wconf 80' lang='lat' dir='ltr'><strong>aestimatur.</strong></span> <span class='ocrx_word' id='word_1_821' title='bbox 970 5172 973 5181; x_wconf 88' lang='grc'><em>“</em></span> <span class='ocrx_word' id='word_1_822' title='bbox 1003 5172 1056 5219; x_wconf 88' lang='lat' dir='ltr'><strong>tus.</strong></span> <span class='ocrx_word' id='word_1_823' title='bbox 1081 5166 1135 5220; x_wconf 88' lang='lat' dir='ltr'><strong>iste</strong></span> <span class='ocrx_word' id='word_1_824' title='bbox 1159 5165 1238 5235; x_wconf 88' lang='lat' dir='ltr'><strong>plane</strong></span> <span class='ocrx_word' id='word_1_825' title='bbox 1260 5165 1361 5241; x_wconf 82' lang='lat' dir='ltr'><strong>diguus</strong></span> <span class='ocrx_word' id='word_1_826' title='bbox 1389 5167 1533 5224; x_wconf 87' lang='lat' dir='ltr'><strong>habebitur</strong></span> <span class='ocrx_word' id='word_1_827' title='bbox 1554 5167 1687 5224; x_wconf 88' lang='lat' dir='ltr'><strong>dealbatis</strong></span> <span class='ocrx_word' id='word_1_828' title='bbox 1712 5166 1799 5221; x_wconf 91' lang='lat' dir='ltr'><strong>denti·</strong></span> 
     </span>
     <span class='ocr_line' id='line_1_90' title="bbox 155 5251 1800 5330; baseline 0 -22"><span class='ocrx_word' id='word_1_829' title='bbox 155 5253 203 5308; x_wconf 84' lang='lat' dir='ltr'><strong>Est</strong></span> <span class='ocrx_word' id='word_1_830' title='bbox 217 5261 244 5309; x_wconf 90' lang='lat' dir='ltr'><strong>et</strong></span> <span class='ocrx_word' id='word_1_831' title='bbox 260 5254 347 5325; x_wconf 92' lang='lat' dir='ltr'><strong>potior</strong></span> <span class='ocrx_word' id='word_1_832' title='bbox 361 5253 469 5327; x_wconf 89' lang='lat' dir='ltr'><strong>quidam</strong></span> <span class='ocrx_word' id='word_1_833' title='bbox 484 5270 581 5310; x_wconf 92' lang='lat' dir='ltr'><strong>eorum</strong></span> <span class='ocrx_word' id='word_1_834' title='bbox 593 5271 668 5321; x_wconf 90' lang='lat' dir='ltr'><strong>usus,</strong></span> <span class='ocrx_word' id='word_1_835' title='bbox 685 5253 707 5309; x_wconf 93' lang='lat' dir='ltr'><strong>si</strong></span> <span class='ocrx_word' id='word_1_836' title='bbox 723 5253 769 5325; x_wconf 89' lang='lat' dir='ltr'><strong>qui</strong></span> <span class='ocrx_word' id='word_1_837' title='bbox 785 5251 875 5309; x_wconf 91' lang='lat' dir='ltr'><strong>idonei</strong></span> <span class='ocrx_word' id='word_1_838' title='bbox 886 5260 950 5308; x_wconf 90' lang='lat' dir='ltr'><strong>sunt</strong></span> <span class='ocrx_word' id='word_1_839' title='bbox 1002 5254 1062 5320; x_wconf 88' lang='lat' dir='ltr'><strong>bus,</strong></span> <span class='ocrx_word' id='word_1_840' title='bbox 1092 5253 1120 5308; x_wconf 91' lang='lat' dir='ltr'><strong>id</strong></span> <span class='ocrx_word' id='word_1_841' title='bbox 1146 5263 1188 5310; x_wconf 90' lang='lat' dir='ltr'><strong>est</strong></span> <span class='ocrx_word' id='word_1_842' title='bbox 1216 5253 1313 5311; x_wconf 86' lang='lat' dir='ltr'><strong>animae</strong></span> <span class='ocrx_word' id='word_1_843' title='bbox 1342 5256 1479 5323; x_wconf 87' lang='lat' dir='ltr'><strong>sensibus,</strong></span> <span class='ocrx_word' id='word_1_844' title='bbox 1508 5272 1608 5329; x_wconf 87' lang='lat' dir='ltr'><strong>panem</strong></span> <span class='ocrx_word' id='word_1_845' title='bbox 1636 5254 1800 5330; x_wconf 75' lang='lat' dir='ltr'><strong>angelorum</strong></span> 
     </span>
     <span class='ocr_line' id='line_1_91' title="bbox 85 5339 1800 5421; baseline 0.002 -26"><span class='ocrx_word' id='word_1_846' title='bbox 85 5390 91 5403; x_wconf 79' lang='grc'><em>,</em></span> <span class='ocrx_word' id='word_1_847' title='bbox 154 5339 271 5395; x_wconf 87' lang='lat' dir='ltr'><strong>solidum</strong></span> <span class='ocrx_word' id='word_1_848' title='bbox 295 5342 413 5398; x_wconf 88' lang='lat' dir='ltr'><strong>coelestis</strong></span> <span class='ocrx_word' id='word_1_849' title='bbox 431 5341 513 5399; x_wconf 89' lang='lat' dir='ltr'><strong>edulii</strong></span> <span class='ocrx_word' id='word_1_850' title='bbox 536 5341 666 5398; x_wconf 89' lang='lat' dir='ltr'><strong>mandere</strong></span> <span class='ocrx_word' id='word_1_851' title='bbox 686 5356 795 5412; x_wconf 88' lang='lat' dir='ltr'><strong>panem,</strong></span> <span class='ocrx_word' id='word_1_852' title='bbox 810 5348 837 5396; x_wconf 90' lang='lat' dir='ltr'><strong>et</strong></span> <span class='ocrx_word' id='word_1_853' title='bbox 857 5340 947 5395; x_wconf 87' lang='lat' dir='ltr'><strong>subli-</strong></span> <span class='ocrx_word' id='word_1_854' title='bbox 1002 5342 1168 5401; x_wconf 87' lang='lat' dir='ltr'><strong>manducare</strong></span> <span class='ocrx_word' id='word_1_855' title='bbox 1193 5358 1271 5400; x_wconf 91' lang='lat' dir='ltr'><strong>:non</strong></span> <span class='ocrx_word' id='word_1_856' title='bbox 1291 5344 1348 5415; x_wconf 82' lang='lat' dir='ltr'><strong>jam</strong></span> <span class='ocrx_word' id='word_1_857' title='bbox 1371 5362 1475 5421; x_wconf 79' lang='lat' dir='ltr'><strong>paoem¹</strong></span> <span class='ocrx_word' id='word_1_858' title='bbox 1494 5345 1609 5411; x_wconf 88' lang='lat' dir='ltr'><strong>doloris,</strong></span> <span class='ocrx_word' id='word_1_859' title='bbox 1626 5344 1676 5400; x_wconf 88' lang='lat' dir='ltr'><strong>sed</strong></span> <span class='ocrx_word' id='word_1_860' title='bbox 1699 5359 1800 5416; x_wconf 88' lang='lat' dir='ltr'><strong>panem</strong></span> 
     </span>
     <span class='ocr_line' id='line_1_92' title="bbox 155 5426 1800 5506; baseline 0.001 -22"><span class='ocrx_word' id='word_1_861' title='bbox 155 5426 249 5488; x_wconf 79' lang='lat' dir='ltr'><strong>miens</strong></span> <span class='ocrx_word' id='word_1_862' title='bbox 271 5429 403 5489; x_wconf 78' lang='lat' dir='ltr'><strong>doctrina</strong></span> <span class='ocrx_word' id='word_1_863' title='bbox 428 5439 550 5490; x_wconf 83' lang='lat' dir='ltr'><strong>secretos</strong></span> <span class='ocrx_word' id='word_1_864' title='bbox 572 5430 722 5505; x_wconf 77' lang='lat' dir='ltr'><strong>dijudicare</strong></span> <span class='ocrx_word' id='word_1_865' title='bbox 744 5437 771 5487; x_wconf 89' lang='lat' dir='ltr'><strong>et</strong></span> <span class='ocrx_word' id='word_1_866' title='bbox 792 5429 949 5489; x_wconf 84' lang='lat' dir='ltr'><strong>discernere</strong></span> <span class='ocrx_word' id='word_1_867' title='bbox 1002 5431 1047 5506; x_wconf 83' lang='lat' dir='ltr'><strong>qui</strong></span> <span class='ocrx_word' id='word_1_868' title='bbox 1075 5431 1196 5491; x_wconf 76' lang='lat' dir='ltr'><strong>latificat</strong></span> <span class='ocrx_word' id='word_1_869' title='bbox 1223 5448 1271 5490; x_wconf 89' lang='lat' dir='ltr'><strong>cor</strong></span> <span class='ocrx_word' id='word_1_870' title='bbox 1307 5432 1434 5499; x_wconf 86' lang='lat' dir='ltr'><strong>hominis,</strong></span> <span class='ocrx_word' id='word_1_871' title='bbox 1471 5431 1547 5489; x_wconf 89' lang='lat' dir='ltr'><strong>illum</strong></span> <span class='ocrx_word' id='word_1_872' title='bbox 1575 5429 1670 5506; x_wconf 83' lang='lat' dir='ltr'><strong>utique</strong></span> <span class='ocrx_word' id='word_1_873' title='bbox 1698 5445 1800 5504; x_wconf 83' lang='lat' dir='ltr'><strong>panem</strong></span> 
     </span>
    </p>
   </div>
   <div class='ocr_carea' id='block_1_13' title="bbox 0 0 1858 5962">
    <p class='ocr_par' dir='ltr' id='par_1_15' title="bbox 0 0 1858 5962">
     <span class='ocr_line' id='line_1_93' title="bbox 0 0 1858 5962; baseline 0 0"><span class='ocrx_word' id='word_1_874' title='bbox 0 0 1858 5962; x_wconf 95' lang='lat' dir='ltr'><strong> </strong></span> 
     </span>
    </p>
   </div>
  </div>
 </body>
</html>
