3706 5962
134 185 205 246 su
690 206 714 213 ··
887 205 891 212 ·
926 185 1034 249 ounsn
1744 173 1801 253 'sau

174 315 232 393 ⁴ll.
247 308 297 366 Vel
310 307 379 366 forte
387 307 442 366 hoo
453 307 530 381 dicit,
538 316 567 366 ut
580 309 709 382 discipuli
726 311 798 385 ejus,
814 311 861 385 qui
875 326 946 381 non·
963 327 988 407 Α
1003 311 1127 383 dicimus,
1151 332 1212 374 curn
1232 332 1287 374 non
1310 320 1416 392 possint
1439 332 1499 374 esse
1524 331 1579 372 non
1603 317 1699 374 simul.
1724 315 1801 388 Quod

152 399 217 455 dum
230 397 259 453 in
274 396 347 452 illum
363 395 482 468 perfecte
495 397 652 464 eredebant,
680 399 783 456 firmius
806 416 855 455 sua
874 415 946 470 pre·
1002 416 1067 458 vero
1080 403 1160 463 dicit:
1176 409 1339 466 Paracletus
1354 422 1436 480 quam
1449 405 1548 464 mittet
1563 407 1663 473 Pater,
1675 408 1801 473 'etc'.‚²sic

152 494 230 559 cepta
244 493 377 554 tenerent,
394 492 420 540 et
433 486 562 542 obnixius
572 487 758 560 observarent,
773 488 838 545 dum
848 489 946 546 scirent
1002 498 1043 545 est
1055 488 1260 565 intelligendum
1278 518 1284 553 :
1302 497 1363 570 Ego
1377 494 1512 569 corporali
1527 495 1676 565 praesentia
1689 511 1742 553 ros
1754 496 1801 552 tle·

153 577 199 634 illa
221 582 356 648 precepta
370 586 431 629 esse
449 573 499 631 Dei
527 576 613 632 Patris
636 575 742 634 factoris
769 585 795 634 et
823 576 950 634 creatoris
1003 593 1075 649 sero,
1100 583 1146 638 sed
1170 599 1223 640 oon
1246 600 1296 642 uos
1319 584 1464 658 praesentia
1493 584 1608 656 spiritus
1630 582 1803 656 derelinquo.

154 672 322 724 cunctorum.
339 662 450 734 Maioris
478 663 551 718 enim
575 664 754 733 sublimitatis,
780 666 890 736 majoris
903 681 950 720 ex-
1004 668 1116 740 Corpus,
1132 671 1204 742 quod
1217 673 1252 728 de
1265 679 1338 727 tarra
1352 687 1415 728 susa
1424 672 1470 744 pi,
1486 672 1519 726 ad
1535 671 1657 728 eoelestis
1673 671 1802 743 subirem

155 753 286 815 rutenus
315 760 342 808 et
370 751 510 824 dignitatis
538 769 646 825 semper
664 756 771 813 videtur
795 764 870 829 pater
888 770 949 810 esse
1004 756 1052 811 sed
1066 773 1115 828 per
1129 758 1261 831 Spiritum
1277 776 1365 816 meum
1384 774 1472 831 usque
1491 758 1524 813 ad
1540 762 1804 816 consummationem

155 860 236 919 quam
250 841 322 898 filins
340 859 347 896 :
363 842 416 898 hoc
441 840 503 897 dico
526 840 554 897 in
569 843 745 912 humanitate,
760 860 814 900 nou
827 847 853 899 in
874 843 947 901 diui·
1002 846 1093 902 seculi
1107 847 1249 904 vobiscum
1264 848 1390 907 manebo.
1412 848 1491 902 Pater
1513 863 1555 903 me
1570 848 1653 914 misit,
1676 856 1705 902 ut
1724 864 1806 918 appa·

156 932 253 998 nitste;
268 930 332 1004 quia
348 930 375 985 iu
394 929 534 986 diuinitate
561 932 644 987 Filius
668 932 741 987 Patri
759 940 799 987 est
827 931 947 1004 equalis,
1004 947 1091 988 rerem
1117 934 1143 989 in
1158 952 1237 993 carna
1256 934 1385 1002 visibilis3
1401 935 1449 992 sed
1473 934 1546 991 venit
1561 937 1625 990 hors
1643 943 1671 991 et
1686 942 1804 1006 ternpus,

157 1036 212 1079 non
226 1035 260 1077 eo
281 1018 424 1092 posterior,
440 1033 497 1074 non
510 1034 545 1075 eo
564 1020 672 1087 minor3
688 1021 802 1093 equalis
820 1021 893 1076 Patri
906 1036 949 1076 se-
1003 1028 1033 1073 ut
1057 1022 1158 1078 solvam
1183 1022 1272 1079 debita
1293 1023 1399 1088 mortis,
1424 1031 1451 1077 et
1479 1039 1622 1095 resurgens
1647 1037 1664 1077 a
1691 1023 1805 1079 mortuis

157 1108 272 1166 cundum
288 1105 464 1174 divinitatem,
483 1106 572 1165 minor
590 1108 669 1165 Patre
683 1111 834 1165 secuudum
851 1111 949 1165 hums-
1004 1110 1145 1189 ascendam
1166 1127 1291 1168 sessurus
1312 1113 1345 1168 ad
1369 1113 1510 1167 dexteram
1528 1111 1623 1181 Patris,
1639 1128 1693 1168 nec
1707 1112 1806 1166 amodo

70 1194 74 1199 ’
157 1198 268 1254 nitatem
283 1196 477 1268 (Athenas-ia
490 1196 634 1271 symbolo).
650 1199 685 1254 Ut
699 1215 765 1272 ergo
779 1198 851 1254 illius
865 1198 951 1254 verba
1004 1196 1031 1251 ¹n
1056 1213 1134 1253 earne
1150 1200 1297 1255 mortaliter
1314 1200 1433 1256 mundus
1447 1215 1490 1253 me
1511 1199 1621 1254 videbit.
1640 1200 1806 1256 Paracletus

159 1283 267 1341 abarius
276 1285 501 1343 tenerentaudita
508 1286 635 1358 discipuli
647 1285 735 1345 025
746 1287 799 1354 sui,
814 1290 841 1343 et
856 1303 950 1344 eorum
1004 1290 1102 1341 autem
1112 1285 1245 1360 Spiritus,
1256 1304 1337 1360 quem
1346 1288 1447 1345 mittet
1460 1291 1547 1345 Pater
1556 1291 1588 1346 iu
1603 1291 1721 1346 nomiae
1735 1290 1805 1351 mco.

159 1389 297 1448 sequaces,
312 1373 381 1430 dixit
407 1373 452 1429 illa
467 1390 527 1432 esse
541 1377 581 1431 sui
614 1374 709 1433 Patris.
739 1376 950 1434 desidioeret:
1006 1374 1172 1430 abnndantia
1193 1391 1251 1431 sure
1266 1376 1417 1432 dulcedinis
1435 1391 1484 1432 vos
1509 1376 1696 1432 consolabitur
1712 1377 1806 1432 dsib-

159 1460 197 1519 Ea
217 1478 278 1536 quse
301 1461 430 1534 precipio
445 1463 532 1530 vobis,
553 1464 773 1539 irrefragabiliter
785 1467 884 1522 debent
897 1467 950 1522 ob·
1013 1462 1099 1517 sentia
1123 1480 1188 1519 meae
1201 1466 1296 1530 carnis,
1313 1473 1338 1519 et
1356 1463 1406 1520 erit
1420 1472 1509 1521 uester
1523 1465 1665 1538 magister,
1682 1480 1738 1520 non
1763 1465 1804 1522 io·

49 1626 58 1631 -
160 1550 273 1619 serrari,
287 1566 338 1608 net
350 1551 378 1608 in
394 1558 490 1621 totum,
507 1568 557 1608 neo
572 1553 599 1608 in
619 1563 723 1625 partem
743 1554 809 1611 ratio
824 1555 876 1610 ulla
892 1570 955 1625 per-
973 1593 995 1670 Β
1013 1549 1050 1605 tis
1064 1552 1145 1607 verba
1170 1561 1351 1623 perstrepens,
1373 1552 1430 1622 ted,
1453 1553 1525 1608 inlus
1548 1553 1576 1609 in
1599 1554 1682 1610 corde
1693 1554 1804 1622 dotent,

164 1640 246 1697 mittit
253 1639 380 1705 convelli,
396 1641 460 1714 quia
474 1656 528 1697 non
542 1650 604 1697 sunt
621 1656 688 1710 mea,
705 1644 752 1698 sed
767 1643 853 1698 Patris
879 1644 933 1699 mei
948 1662 954 1697 :
1011 1646 1137 1712 suosmet
1150 1642 1222 1700 nobb
1237 1641 1343 1709 omnia,
1356 1644 1385 1699 ct
1393 1657 1439 1698 uos
1448 1640 1555 1699 docebit
1564 1643 1663 1698 omnia
1671 1655 1806 1714 quecun

160 1744 223 1785 nam
238 1744 321 1805 egon
348 1731 425 1784 Patre
444 1745 504 1784 sum
519 1729 619 1797 titium
649 1731 721 1786 unda
749 1732 835 1787 verba
856 1746 915 1787 mea
929 1740 957 1785 et
1011 1745 1063 1799 que
1078 1729 1207 1800 perillum
1223 1728 1322 1787 dicero
1336 1728 1421 1795 vohis,
1438 1728 1464 1784 id
1478 1738 1519 1786 est
1533 1729 1806 1802 inspiraverotobis:

160 1832 243 1888 opera
253 1830 308 1871 uon
322 1820 386 1872 sunt
401 1832 469 1884 mea,
482 1818 528 1874 sed
541 1817 635 1874 Patris.
646 1821 731 1877 Pater
740 1820 955 1877 inmemoratus
1009 1816 1066 1886 ipse
1089 1816 1140 1871 erit
1162 1819 1257 1873 doctor
1279 1826 1376 1880 vester,
1403 1827 1429 1874 et
1448 1818 1596 1875 corrsolatio
1618 1827 1722 1875 vestra.
1750 1817 1808 1872 Nou

161 1906 232 1976 lacit
246 1917 332 1976 opera
346 1919 408 1972 aua,
423 1919 473 1975 per
487 1921 531 1961 me
557 1905 603 1960 dat
615 1905 693 1962 vobis
708 1916 850 1976 praecepta.
866 1907 954 1963 Homo
1010 1904 1133 1975 prierius
1156 1905 1250 1963 dolere
1265 1906 1299 1962 de
1318 1907 1438 1963 absentia
1457 1907 1544 1962 carnis
1565 1923 1644 1972 mete,
1660 1909 1726 1962 dum
1750 1906 1807 1976 ipsc

161 1993 196 2049 de
212 1999 282 2048 terra
297 2000 429 2061 terrenus,
443 1993 537 2049 trabea
556 1993 725 2051 mortalitatis
739 1994 850 2052 indutus
862 1996 890 2051 in
906 1997 957 2052 bac
1010 1990 1125 2062 Spiritus
1148 1993 1264 2048 manebit
1283 1993 1311 2049 in
1329 1993 1457 2050 cordibus
1472 1993 1577 2050 restris.
1595 1994 1704 2060 Veniat,
1731 1995 1808 2049 obse-

161 2080 228 2139 valle
238 2081 426 2153 lacrymarum,
439 2097 454 2136 a
469 2081 574 2154 gaudiis
585 2082 702 2155 paradisi
718 2085 855 2156 expulsus,
869 2085 955 2142 Deum
1011 2093 1065 2150 tto,
1079 2078 1195 2136 Domine
1208 2082 1284 2148 Jews
1299 2081 1346 2135 iiie
1366 2082 1482 2153 Stultius
1502 2088 1565 2137 illus
1580 2081 1652 2137 Delli
1672 2090 1700 2136 et
1715 2083 1809 2137 Domi-

159 2171 312 2244 loquentem
326 2185 381 2226 non
394 2171 547 2228 merebatur
565 2172 661 2228 audire
676 2172 703 2228 in
719 2173 771 2228 hoc
800 2189 956 2230 aerumnoso
1011 2183 1062 2222 uus
1079 2183 1165 2241 meus,
1181 2169 1272 2226 veniat
1285 2169 1311 2224 in
1330 2184 1378 2226 oor
1392 2185 1494 2234 meum,
1515 2180 1540 2224 er
1557 2171 1597 2226 sio
1610 2169 1726 2225 inebriet
1740 2169 1808 2224 illud

161 2258 267 2332 essiho,
281 2259 358 2329 cuins
372 2267 508 2331 precepta
523 2260 685 2332 contempsit
707 2262 795 2316 adhuc
810 2261 915 2334 positus
928 2263 956 2317 in
1012 2262 1057 2311 tuo
1072 2273 1174 2326 amore,
1190 2267 1219 2314 ut
1234 2259 1337 2315 nullum
1347 2258 1428 2314 alium
1443 2267 1543 2328 praeter
1557 2266 1582 2313 to
1596 2273 1719 2331 quierem
1734 2274 1807 2314 amo-

161 2346 305 2422 psrsdiso;
320 2354 348 2402 at
361 2363 421 2418 quae
445 2350 490 2404 via
512 2348 565 2404 sibi
580 2349 753 2406 remansisset
780 2351 909 2406 redeundi
924 2350 956 2406 atl
1011 2345 1292 2411 rem.n1¹l¹ttmalitm
1308 2355 1404 2419 praettr
1420 2358 1445 2401 te
1460 2360 1549 2402 amem
1567 2346 1805 2418 pulchritudinem.

162 2437 285 2511 patriam,
301 2452 352 2493 nec
365 2436 501 2495 miseriam
516 2438 670 2512 excogitare
684 2439 800 2496 ualebat,
817 2439 869 2497 sed
884 2440 958 2496 illius
1011 2434 1110 2489 nullam
1120 2442 1218 2506 praeter
1231 2443 1258 2491 te
1272 2437 1373 2490 valeam
1388 2444 1500 2508 gustare
1513 2436 1701 2504 dulcedinem,
1718 2437 1807 2508 quies

161 2525 288 2583 misertus
312 2526 446 2583 Dominus
474 2543 551 2593 suus,
574 2543 696 2601 quaerere
710 2528 784 2585 uenit
806 2536 955 2596 errantem,
1012 2523 1090 2580 favus
1105 2525 1203 2592 mellis,
1216 2526 1289 2580 Deus
1304 2533 1333 2581 et
1346 2527 1427 2582 homo
1442 2544 1450 2582 a
1467 2526 1520 2582 mel
1537 2526 1571 2580 de
1584 2526 1644 2581 Deo
1660 2512 1753 2596 Patre,-
1768 2525 1803 2579 is·

162 2615 296 2672 consolari
319 2615 465 2683 dolentem,
495 2631 591 2672 sanare
613 2615 765 2686 infirmnm,
779 2621 896 2674 relevare
910 2619 958 2672 de·
1013 2630 1062 2670 rus
1076 2614 1109 2669 de
1123 2612 1233 2685 Virgine
1247 2615 1345 2680 listre;
1361 2613 1413 2669 mel
1429 2615 1456 2670 in
1473 2617 1534 2669 sinu
1549 2612 1645 2684 Patris,
1661 2612 1742 2669 farus
1757 2614 1807 2668 irs·

161 2706 272 2775 jectum,
297 2704 410 2774 petriam
440 2707 584 2760 restituere
599 2706 696 2770 exsuli,
712 2713 861 2762 etmortuo
877 2707 957 2761 uitam
1013 2710 1073 2757 ctus
1089 2703 1114 2755 in
1128 2717 1224 2771 crune3
1241 2702 1290 2756 mel
1306 2703 1499 2771 impassibilins
1513 2718 1631 2774 regnans
1644 2717 1709 2758 cum
1723 2702 1808 2766 l’stre,

162 2792 222 2849 sine
236 2789 288 2847 tine
303 2807 464 2850 mansuram.
482 2793 558 2849 Unde
573 2793 645 2850 uenit
666 2793 783 2849 Verbum
797 2795 822 2848 in
836 2810 956 2860 carnem,
1013 2791 1093 2846 larris
1108 2790 1134 2844 in
1154 2794 1295 2861 sepulcro,
1311 2791 1363 2845 mel
1382 2807 1444 2846 oum
1464 2793 1541 2846 Patre
1557 2800 1583 2845 at
1598 2789 1701 2863 Spiritu
1716 2798 1809 2845 mnas

162 2882 236 2937 Deus
260 2879 294 2935 ad
318 2879 475 2945 bominem
508 2888 536 2936 et
563 2881 680 2937 Verbum
710 2881 808 2937 laetum
830 2891 871 2936 est
895 2898 958 2937 earo
983 2898 990 2903 ·
1012 2893 1128 2952 regnans
1138 2879 1166 2933 in
1176 2880 1245 2935 coelo
1259 2884 1287 2935 et
1302 2879 1330 2933 in
1343 2879 1417 2934 omni
1427 2881 1497 2948 ioco,
1513 2879 1673 2935 benedictus
1688 2893 1812 2950 pertun·

163 2969 256 3039 (ioan.
272 2968 366 3039 ι,14);
382 2974 409 3023 et
426 2968 613 3025 Deus.iactus
623 2976 665 3023 est
686 2970 779 3034 homo,
797 2980 824 3026 et
838 2969 955 3026 Verbum
973 2968 1051 3047 cata
1066 2968 1163 3023 saecula
1178 2968 1348 3023 saeculorum.
1364 2969 1462 3024 Amen.

163 3069 215 3128 per
229 3071 347 3122 carnem,
362 3062 389 3111 et
401 3055 474 3110 Deus
480 3072 531 3127 per
546 3057 693 3122 hominem,
703 3071 753 3111 ore
767 3059 800 3112 ad
816 3074 847 3114 os
860 3058 953 3131 loqui·
1268 3054 1359 3113 dett
1377 3056 1493 3113 Slilill0
1511 3058 1548 3112 x.

163 3151 208 3199 tur
221 3143 257 3199 ad
269 3141 357 3215 ipsum
371 3143 520 3210 bominem,
549 3152 576 3200 et
591 3145 739 3200 secundum
759 3145 897 3201 bominem
912 3146 957 3200 dat
1011 3146 1122 3201 lauert.
1132 3147 1214 3199 ator
1229 3160 1289 3218 cap.
1300 3161 1361 3217 arv,
1371 3150 1477 3203 ctscrs.
1491 3150 1515 3213 l,
1527 3150 1613 3219 neap.
1628 3160 1664 3200 su
1675 3147 1808 3203 loannis.

163 3232 264 3288 homini
293 3231 355 3287 titre
379 3241 558 3304 praeceptum
575 3240 602 3287 nt
626 3235 708 3289 bomo
724 3233 957 3304 bominiobedist,
1048 3233 1074 3287 l.
1100 3233 1190 3289 Verba
1214 3233 1406 3302 Dominilesu,
1427 3234 1475 3306 qui
1490 3234 1565 3290 illurn
1589 3250 1623 3291 cs
1647 3241 1707 3290 toto
1731 3234 1812 3290 eorde

164 3327 192 3377 et
213 3336 263 3393 per
291 3319 382 3392 ipsum
396 3321 532 3377 hominem
546 3323 634 3378 Deum
650 3321 683 3378 ad
702 3324 790 3395 ipsum
804 3323 890 3378 Deum
906 3325 958 3380 ho·
1013 3321 1126 3395 diligere
1149 3322 1234 3394 nouit,
1260 3338 1340 3396 mam
1365 3322 1420 3378 sint
1444 3322 1545 3392 dulcia,
1568 3323 1640 3396 sapit
1664 3339 1671 3377 :
1690 3338 1748 3378 nec·
1760 3323 1812 3378 iilis

164 3412 264 3467 minem
279 3411 383 3480 redeat,
399 3426 479 3483 aquo
495 3410 597 3468 scilicet
611 3413 671 3469 Deo
686 3411 770 3467 miser
787 3429 835 3485 per
862 3412 960 3469 inobe-
1011 3411 1069 3480 iam
1081 3409 1207 3466 claudere
1216 3411 1315 3468 valebit
1329 3411 1442 3481 aditum,
1459 3411 1545 3483 quiin
1560 3409 1679 3466 armario
1694 3411 1813 3481 pesteris

164 3499 291 3557 dientiam
307 3509 468 3558 recesserat.
498 3500 576 3556 liade
591 3502 666 3557 Deus
685 3502 767 3558 homo
781 3501 852 3573 apud
868 3500 959 3557 homi·
1015 3498 1068 3565 sui,
1087 3498 1221 3556 Christum
1240 3499 1386 3555 Dominum
1407 3500 1468 3555 uitae
1485 3499 1618 3570 perennis,
1638 3498 1814 3570 amplexibus

164 3606 213 3647 nes
226 3604 338 3646 umacus
357 3589 489 3657 mortalis,
517 3591 679 3646 mortalibus
702 3591 748 3646 dat
777 3591 840 3646 aitte
855 3591 962 3646 manda·
1014 3587 1122 3657 strictis,
1147 3588 1230 3644 totius
1252 3589 1368 3660 paradisi
1392 3587 1600 3661 pulchritudinis
1620 3587 1747 3645 eontinet
1766 3589 1814 3657 ju·

164 3687 232 3747 turn,
248 3684 277 3734 ut
291 3676 458 3734 immortales
474 3693 523 3750 per
551 3676 641 3749 ipsum
667 3678 724 3749 jam
748 3677 822 3748 iacti,
841 3694 901 3735 cnm
915 3679 961 3735 iilo
1015 3676 1177 3733 cundituteur
1199 3682 1225 3730 ot
1240 3676 1379 3751 gaudium.
1402 3676 1451 3731 llla
1465 3684 1528 3731 sunt
1549 3691 1648 3748 pascua
1668 3675 1744 3737 vitre.
1768 3690 1814 3730 re·

165 3764 310 3822 immortali
330 3765 493 3821 eternaliter
518 3765 608 3822 rivere
627 3765 734 3838 possint
757 3767 843 3824 besti.
859 3767 893 3823 Et
917 3767 962 3824 hic
1015 3763 1097 3821 factio
1111 3763 1217 3828 anime,
1235 3764 1385 3820 dulcedinis
1405 3762 1509 3834 pocula,
1530 3763 1695 3819 dilectorum
1714 3762 1814 3821 Christi

165 3853 291 3910 notandae
305 3863 367 3909 suat
396 3854 458 3911 duae
472 3854 580 3910 Domini
602 3854 759 3910 mansiones
775 3872 782 3909 :
799 3870 850 3910 uns
866 3856 894 3910 in
909 3857 960 3921 ria,
1016 3850 1176 3919 laetificantia
1204 3854 1295 3921 corda,
1324 3851 1447 3908 drariora
1474 3851 1648 3923 diligentibus
1676 3851 1814 3907 Christum

164 3941 216 3997 alia
243 3943 271 3998 in
299 3943 404 4014 patris3
430 3958 483 3997 una
510 3942 679 4015 temporalis,
696 3943 802 4015 quando
817 3943 961 4001 nobiseum
1016 3955 1209 4011 supernorum
1225 3948 1252 3995 et
1265 3939 1385 4011 lapidem
1398 3939 1547 4010 pretiosum
1562 3940 1690 4005 multum,
1715 3948 1743 3995 et
1756 3937 1814 3994 dul·

165 4029 265 4086 mansit
279 4030 307 4085 in
322 4044 412 4102 carne,
420 4029 474 4086 alia
487 4037 598 4098 eterna,
611 4029 639 4086 in
652 4047 707 4104 qua
714 4031 885 4087 manebimus
899 4047 961 4089 eum
1016 4029 1090 4085 eiora
1104 4044 1185 4101 super
1208 4027 1263 4084 mel
1278 4036 1305 4084 et
1329 4029 1418 4083 iarum
1445 4047 1451 4084 :
1477 4027 1681 4100 negligentibus
1704 4035 1733 4083 et
1746 4026 1813 4082 mule

164 4119 211 4175 illo
226 4119 253 4175 in
275 4117 518 4195 animaglorihoati
541 4127 568 4175 et
581 4134 707 4193 corpore.
733 4121 773 4175 De
789 4119 875 4188 purime
894 4119 960 4178 dicit
1016 4116 1179 4183 viventibus,
1193 4125 1320 4188 tanquam
1335 4117 1406 4183 bilis,
1428 4132 1529 4183 ernam,
1550 4115 1654 4180 odiosa,
1678 4130 1736 4170 non
1755 4128 1812 4168 mo·

164 4209 191 4265 iu
206 4207 448 4282 consequentibus,
463 4210 525 4264 llaec
541 4208 654 4265 heatus
669 4208 816 4266 sumoobis
831 4210 906 4282 apud
918 4227 963 4268 uos
1016 4206 1106 4261 dicum
1128 4205 1265 4261 fastidiosa
1285 4222 1333 4276 per
1353 4221 1461 4260 omnem
1481 4204 1601 4259 modum.
1623 4202 1682 4257 lllis
1706 4216 1812 4275 poensrs

163 4314 292 4364 mancat.
322 4297 423 4354 sutiliaet
440 4297 585 4369 presentia
608 4298 758 4369 corporali.
789 4296 845 4354 Sed
873 4300 963 4354 seruiet
1016 4303 1154 4364 eternam,
1183 4295 1358 4367 diligentibus
1395 4309 1461 4349 vero
1496 4291 1631 4348 Christum
1662 4298 1813 4365 preparent

165 4396 271 4458 tempus
295 4394 324 4443 ut
337 4403 353 4441 a
367 4385 445 4443 vobis
459 4386 615 4443 subtraham
631 4386 805 4459 presentiam
820 4387 923 4453 carnis,
938 4395 965 4442 at
1017 4394 1173 4456 perpetuam
1192 4384 1318 4456 gloriam,
1334 4382 1386 4437 illis
1401 4381 1573 4454 supplicium,
1591 4379 1650 4435 istis
1670 4378 1812 4452 premium

168 4475 207 4532 sic
233 4474 331 4532 amodo
359 4473 552 4548 perspiritum
579 4475 686 4531 locutus
708 4475 870 4532 sumvobis.
888 4476 962 4533 Unde
1017 4472 1113 4530 invita
1132 4474 1223 4538 beata;
1239 4472 1292 4528 illis
1310 4479 1437 4538 mortem,
1458 4469 1517 4527 istis
1535 4469 1635 4541 uitam3
1658 4468 1716 4525 illis
1734 4467 1813 4525 inier-

163 4571 238 4623 reete
247 4564 393 4636 sequitur:
1016 4577 1092 4628 num,
1116 4562 1174 4617 istis
1194 4561 1349 4616 societatem
1371 4559 1546 4631 Angelorum.
1567 4556 1734 4630 Quicunque
1752 4563 1813 4613 sunt

200 4653 413 4710 renuncietur
424 4657 522 4710 autem
532 4651 659 4726 Spiritus
670 4656 883 4729 conclamatus
894 4653 962 4710 mit·
1015 4650 1063 4716 illi,
1088 4650 1207 4726 lugeant,
1223 4650 1340 4721 doleant,
1369 4664 1460 4704 aurem
1483 4646 1724 4717 cordisaperiant,
1750 4644 1813 4701 Ver·

164 4744 207 4798 tet
219 4741 307 4798 Pater
320 4743 352 4797 ia
366 4742 561 4807 nominemus,
573 4740 919 4812 ttteuordocctttomata‚
931 4747 960 4800 et
1017 4741 1080 4796 hum
1104 4740 1154 4795 Dei
1173 4738 1330 4810 suscipiant,
1357 4751 1383 4794 et
1402 4737 1476 4809 qnod
1501 4735 1632 4806 praecipit,
1654 4735 1767 4793 iaciant.
1786 4734 1813 4790 lo

163 4833 291 4905 suggeret
306 4831 402 4886 amaia
416 4846 590 4905 quecunque
613 4830 713 4889 dinero
731 4830 818 4887 vohis.
833 4832 960 4901 Docehit,
1015 4827 1060 4885 illo
1081 4827 1202 4883 thesauri
1216 4827 1342 4896 sapientae
1357 4839 1383 4882 ot
1407 4825 1539 4888 scientiae,
1556 4823 1660 4879 diuitiae
1681 4830 1711 4880 et
1724 4823 1814 4897 grone

164 4917 253 4992 inquit
266 4918 400 4976 Dominus
414 4920 503 4985 lesus,
518 4917 593 4991 quod
607 4918 684 4976 uobis
698 4919 809 4976 dixero:
823 4922 959 4992 nonquod
1015 4916 1116 4972 multae.
1139 4915 1225 4987 Igitur
1239 4916 1351 4970 audiant
1365 4931 1409 4971 me
1423 4927 1594 4986 peecatorem
1609 4911 1726 4978 Christi,
1748 4926 1814 4985 qnos

162 5008 236 5066 aliud
251 5007 334 5065 Filius
361 5007 442 5075 dicat,
468 5018 496 5062 et
519 5006 592 5062 aliud
620 5007 737 5079 Spiritus
763 5008 858 5064 doceat
873 5030 880 5079 ;
897 5008 961 5081 quia
1014 5006 1106 5062 andire
1122 5005 1236 5060 delectat
1250 5006 1332 5060 uerba
1347 5004 1469 5074 ejusdem
1490 5001 1599 5058 Christi.
1620 5000 1677 5056 Se'd
1694 5001 1775 5073 ltogo
1787 5012 1812 5055 nt

161 5098 236 5175 qnod
250 5096 374 5156 Christus
387 5097 452 5153 dicit
467 5104 494 5154 et
520 5097 609 5165 docet,
633 5097 692 5168 ipsa
719 5096 838 5152 Trinitas
853 5097 919 5153 dicit
932 5106 960 5154 et
1014 5111 1044 5151 se
1071 5102 1206 5166 preparet
1232 5094 1264 5149 ad
1288 5093 1421 5167 lacrymas
1448 5090 1625 5157 fundendum,
1652 5089 1702 5162 qui
1725 5089 1815 5146 uerbis

162 5187 264 5245 docet:
280 5188 327 5245 sed
341 5186 403 5261 quia
426 5184 544 5243 Trinitas
563 5195 614 5253 est,
631 5192 741 5258 oportet
754 5183 879 5260 singulas
892 5185 958 5242 insi·
1014 5184 1112 5240 Christi
1144 5187 1197 5253 jaun
1223 5193 1358 5256 preparat
1382 5181 1518 5238 auditum.
1544 5177 1690 5248 Quomodo
1718 5176 1815 5249 poterit

162 5274 240 5336 nosti
255 5292 392 5347 personas,
423 5291 491 5350 quas
506 5291 556 5332 nos
578 5274 706 5332 distincte
730 5272 824 5331 audire
844 5273 958 5330 etiuse·
1010 5275 1067 5343 jam
1087 5273 1219 5343 lacryurss
1241 5270 1390 5339 continere,
1415 5269 1461 5325 ubi
1482 5266 1585 5325 nouerit
1603 5266 1661 5336 jam
1677 5265 1815 5322 Christum

162 5363 318 5434 parabilitar
328 5365 459 5422 debemus
474 5364 636 5439 intelligere.
649 5364 718 5422 Cum
741 5377 809 5436 ergo
828 5361 954 5431 dicimus,
1014 5364 1115 5420 iturum
1130 5361 1164 5417 ad
1184 5363 1289 5416 Patrem
1305 5359 1448 5433 discipulis
1463 5357 1520 5413 suis
1534 5364 1589 5413 tota
1602 5354 1747 5412 chantatis
1761 5371 1817 5412 am·

162 5450 375 5510 Pateretl'ilius
389 5453 545 5526 etSpiritus
571 5462 693 5522 sanatus,
723 5467 777 5510 non
804 5466 851 5509 eos
873 5451 953 5509 sirnul
1015 5450 1095 5524 pleru
1110 5465 1203 5523 pacem
1221 5446 1348 5505 dedisset
1366 5447 1412 5504 tit
1429 5443 1815 5519 Dosuinnsdiscipulistuiss
