3706 5962
176 190 244 251 1035
750 177 857 239 stallo
876 178 909 238 Ill
928 177 1037 238 VERBA
1055 177 1246 241 steteritis.
1751 175 1823 241 1036

200 319 235 370 vii.
260 312 304 368 Sic
327 326 392 387 ergo
415 311 522 368 calicem
543 310 603 380 ejas
628 305 767 378 accipiam,
787 304 851 377 quis
873 319 970 361 monu—
982 320 1081 400 flcera
1095 321 1111 360 a
1124 304 1192 361 lacie
1211 303 1292 377 iguis,
1314 303 1352 360 sic
1376 312 1489 374 percunt
1515 318 1611 359 omnes
1639 302 1822 360 immunditia

173 409 263 459 ments
277 401 412 474 passionis
425 417 481 457 suae
495 400 564 455 intra
579 397 677 453 animae
691 411 760 451 mete
779 396 879 462 sinum,
898 403 968 450 antra
1021 410 1037 449 a
1060 392 1126 451 iacis
1138 394 1236 450 crucis.
1260 393 1309 449 Dei
1333 392 1466 465 siquidem
1491 390 1644 458 infirmitas,
1665 399 1761 449 nostra
1779 397 1821 448 est

174 492 315 547 memoriae
330 508 398 547 mete
422 490 508 546 cellas
531 502 640 558 semper
664 486 807 541 revolvam.
831 483 967 555 Aspiciam
1021 481 1160 549 tortitudo,
1176 490 1202 538 ει
1221 482 1247 536 in
1263 481 1377 538 stultitia
1390 481 1450 552 ejus
1471 480 1535 538 iacti
1553 497 1648 538 sumas
1672 482 1820 551 sapientes.

172 597 262 654 regem
279 580 454 637 Salomonem
468 580 495 633 in
510 577 735 645 diademate,qno
755 571 966 630 coronaviteum
1024 573 1095 641 θεία
1122 572 1201 630 enim
1228 570 1355 628 mandes
1385 587 1444 629 non
1469 571 1599 642 aopnoatt
1621 571 1654 626 in
1675 571 1820 643 sapientia

173 679 257 725 mater
270 687 320 726 sua
333 670 457 739 (Contio.
473 683 514 733 ιιι,
531 668 587 736 ιι).
602 664 739 735 Aspiciam
753 678 817 718 enm
842 660 964 733 ligatum,
1020 663 1117 726 Daune,
1139 660 1249 733 placuit
1267 661 1321 718 Deo
1347 677 1397 733 per
1416 660 1576 716 stultitiam
1601 659 1820 732 praedicationis

172 758 346 831 flagellatum,
366 763 536 825 consputum,
562 760 708 808 saturatum
738 748 902 821 opprobriis,
916 747 967 804 cla·
1019 750 1109 808 salvos
1121 752 1216 820 [acere
1229 749 1375 806 credontes
1394 750 1422 816 (l
1435 750 1497 806 Cor.
1512 765 1532 817 1,
1548 748 1604 821 at).
1626 749 1822 807 Vertrtmcaro

172 847 266 918 visque
279 846 425 903 confixum.
440 843 576 914 Aspiciam
592 843 620 897 in
643 839 724 907 buius
748 838 855 894 deserto
879 835 967 892 exsilii
1018 840 1232 908 factumest,et
1247 836 1386 894 habitavit
1401 839 1435 894 in
1443 837 1624 908 mideltona.
1641 853 1660 901 t,
1677 836 1734 909 tt).
1746 837 1822 894 Caro

173 946 327 1007 serpentem
346 949 460 998 ancum,
477 946 559 1003 super
577 929 729 985 columnam
754 925 842 982 crucis
864 925 965 980 exalta·
1020 929 1105 981 t'actus
1125 931 1167 980 εει
1181 927 1344 993 carnalibus,
1357 926 1431 982 siout
1444 924 1557 996 spiritus
1581 924 1713 1000 angelicis
1738 927 1822 997 spiri·

174 1030 241 1090 tum,
258 1032 288 1078 ut
300 1028 447 1092 serpentes,
461 1019 508 1092 qui
523 1034 568 1073 me
579 1016 703 1073 mordent
717 1015 866 1071 moriantur
879 1029 887 1077 ς
900 1011 967 1083 quis
1020 1015 1101 1070 tibus.
1113 1017 1248 1085 Agnoscat
1257 1031 1320 1072 eunt
1333 1030 1398 1071 caro
1412 1014 1440 1069 in
1451 1028 1543 1080 cerne,
1554 1015 1638 1071 bomo
1652 1015 1678 1070 itt
1695 1015 1821 1073 homine.

173 1111 264 1166 nullus
278 1110 324 1183 qai
339 1109 426 1165 credit
449 1107 476 1162 in
489 1124 551 1162 eum
566 1103 675 1176 peribit,
691 1104 738 1158 sed
754 1102 863 1157 babebit
884 1103 966 1157 vitam
1019 1104 1170 1174 Agnoscat,
1184 1103 1307 1176 inquam,
1325 1110 1353 1159 et
1370 1102 1501 1172 imitetur,
1517 1108 1546 1158 ut
1560 1118 1622 1159 eum
1642 1103 1736 1160 ridere
1757 1119 1820 1161 me-

173 1206 298 1254 aeternam
314 1199 408 1269 (Nam.
428 1211 490 1261 xxa,
507 1199 522 1249 9
544 1197 625 1252 toan.
646 1208 686 1259 ιιι,
707 1193 752 1259 ιι,
775 1191 830 1262 ιι).
855 1189 918 1245 liaec
941 1195 968 1245 ει
1019 1198 1108 1248 ιεειει
1122 1190 1150 1247 in
1168 1193 1321 1263 majestate,
1336 1191 1400 1263 quia
1413 1208 1461 1265 per
1475 1191 1658 1250 bumilitatem
1682 1193 1820 1267 pertinget

172 1286 226 1342 alia
239 1285 366 1357 patientis
384 1295 411 1340 et
426 1282 566 1339 morientis
588 1280 695 1336 Domini
719 1280 772 1334 mci
801 1275 967 1332 irremorialia
1020 1281 1053 1335 ad
1067 1280 1269 1338 sublimitatem.
1284 1281 1311 1337 Si
1326 1282 1399 1338 euim
1412 1280 1602 1353 compatimur,
1617 1289 1645 1338 et
1656 1296 1817 1356 conregna-

172 1375 311 1432 memoriae
326 1389 392 1429 mete
406 1373 510 1428 arctius
524 1367 732 1435 commendabo,
750 1368 824 1422 etad
845 1381 876 1422 os
895 1364 968 1440 cogi·
1020 1369 1126 1424 bimus:
1142 1370 1164 1425 si
1179 1373 1380 1437 commorimur,
1406 1377 1433 1426 et
1451 1369 1628 1428 convivemus
1641 1369 1734 1442 (llam
1756 1385 1817 1438 vm,

173 1463 282 1520 tationis
310 1477 440 1518 revocans
462 1459 605 1516 ruminabo
627 1457 739 1528 diuina,
754 1463 784 1511 ιιι
810 1454 966 1527 impinguer
1021 1458 1075 1523 173
1092 1459 1118 1513 ll
1133 1459 1201 1516 Tim.
1218 1473 1247 1527 ιι,
1264 1462 1308 1529 ιι,
1325 1459 1377 1529 ιι).
1402 1459 1676 1531 Agnoscamus'eum,
1693 1459 1815 1532 inquam,

171 1552 306 1609 devotius.
321 1553 396 1617 Haeo,
412 1552 533 1622 inquam,
549 1547 673 1605 cruciset
687 1543 822 1618 passionis
846 1544 907 1614 ejas
925 1543 967 1598 in·
1020 1546 1168 1603 secundum
1183 1562 1302 1613 caruem,
1317 1548 1405 1604 donec
1418 1547 1527 1604 calcatis
1546 1547 1667 1604 motibus
1679 1546 1817 1616 carnisse

172 1641 260 1714 signia
273 1641 328 1698 siut
341 1638 495 1711 prasentia,
510 1647 540 1694 ut
553 1639 621 1692 laera
643 1636 701 1706 ejus
729 1632 891 1697 dilectionis,
911 1645 966 1702 qua
1020 1634 1146 1691 ontnibus
1161 1636 1300 1693 exstinctis
1313 1635 1358 1692 rel
1369 1635 1481 1694 devictis
1494 1635 1647 1693 carnatibus
1660 1634 1816 1703 desideriis,

172 1746 251 1788 nemo
265 1745 384 1802 unquam
400 1728 531 1797 majorem
549 1725 704 1792 habuissit
726 1724 777 1779 sub
792 1722 879 1791 capite
893 1736 964 1788 meo,
1020 1722 1156 1794 possimus
1178 1725 1268 1783 dicere
1282 1741 1343 1782 enm
1366 1724 1515 1797 Apostolo:
1543 1727 1618 1782 Etsi
1636 1726 1816 1798 aopnooisnas

74 1855 77 1859 -
172 1834 207 1874 ne
221 1816 345 1875 videlicet
359 1832 434 1872 meus
448 1831 507 1870 mca
520 1816 555 1870 ad
570 1813 687 1869 carnalia
710 1813 864 1868 incurvetur
887 1808 964 1866 desi·
1020 1828 1082 1867 eum
1115 1813 1268 1872 secandam
1291 1830 1415 1884 carnem,
1449 1812 1498 1871 sed
1516 1815 1579 1887 jorn
1597 1831 1657 1872 non
1686 1815 1817 1873 novimas

170 1905 255 1974 deria,
271 1905 357 1960 donec
371 1903 480 1959 dexnra
495 1900 641 1957 ditinitatis
655 1901 715 1969 ejus
737 1899 903 1969 amplexetur
921 1914 965 1954 me
1018 1901 1058 1971 (il
1068 1902 1129 1960 Cor.
1145 1920 1172 1970 v,
1189 1904 1247 1972 te).
1263 1903 1337 1959 Licet
1351 1903 1422 1958 cuim
1439 1903 1588 1976 gloriosum
1602 1902 1639 1959 sit
1652 1904 1760 1971 ridere,
1775 1903 1816 1961 vel

170 1993 293 2066 (dantia.
309 2007 339 2058 ιι,
354 1994 382 2062 ti)
395 2009 403 2062 3
419 1991 634 2047 ntabsorbeatur
647 1989 699 2045 hoc
713 1990 784 2061 quod
799 1987 910 2043 mortale
923 1995 965 2043 εει
1018 1987 1045 2044 iu
1060 1990 1190 2046 memoria
1207 1992 1316 2056 babere,
1332 1991 1413 2047 etiam
1438 1990 1589 2048 secundam
1612 2006 1736 2059 carnem,
1751 2007 1815 2065 spe·

170 2083 256 2139 avila
271 2083 309 2151 (ll
324 2082 386 2138 Cor.
407 2096 435 2145 v,
457 2082 500 2148 ι);
526 2087 553 2134 ει
575 2078 688 2133 mortale
711 2076 763 2132 boo
783 2076 965 2132 immortalita-
1017 2078 1120 2133 ciosum
1139 2078 1225 2135 iorma
1241 2095 1296 2149 prae
1310 2078 1534 2148 liliisbominum,
1549 2078 1637 2154 magis
1651 2087 1816 2155 tamenpto-

169 2182 233 2236 tem,
262 2177 289 2226 ει
315 2168 487 2239 corruptibile
516 2171 566 2223 ltoc
601 2166 694 2222 induat
736 2167 962 2236 incorruptionem
1017 2167 1398 2240 poniturnobiscaroejasad
1413 2169 1814 2244 medelamqnamadgloriant,

168 2260 196 2331 (1
214 2260 275 2318 Cor.
292 2274 339 2329 xv,
356 2257 412 2324 53).
428 2257 533 2313 Laeratn
558 2255 586 2310 in
615 2256 666 2311 lroa
680 2253 750 2318 loco,
770 2252 962 2308 humanitatem
1016 2254 1052 2309 ad
1065 2256 1252 2312 necessitatem
1267 2273 1348 2329 quam
1362 2259 1396 2313 ad
1407 2257 1609 2315 beatitudinem.
1623 2258 1720 2316 Altera
1732 2259 1817 2327 siqui·

168 2353 229 2423 ejus
243 2348 367 2420 accipio;
385 2348 411 2401 in
427 2362 481 2417 qna
504 2346 582 2402 nobis
604 2344 725 2400 exhibuit
741 2340 824 2400 ⁷⁰5
844 2341 961 2399 charita·
1015 2344 1077 2399 dem
1093 2345 1187 2401 collatu
1203 2355 1244 2402 εει
1263 2347 1400 2402 beatitudo
1421 2346 1528 2414 animae,
1543 2347 1587 2403 cui
1601 2347 1672 2404 nibil
1695 2358 1817 2405 creatum

168 2447 234 2510 tem,
249 2447 280 2495 ut
293 2437 420 2505 diximus,
436 2453 488 2509 qua
507 2451 585 2491 nemo
605 2436 734 2504 majorem
748 2432 838 2503 babet,
857 2446 962 2503 ponens
1015 2431 1140 2489 sulficere
1153 2441 1256 2505 potest,
1273 2435 1389 2508 etiarnsi,
1405 2451 1466 2493 cnm
1493 2444 1575 2502 terra,
1596 2437 1700 2494 coelutn
1724 2438 1816 2510 possi-

167 2527 287 2583 auimam
301 2542 377 2581 suam
392 2525 475 2581 etiam
490 2541 539 2594 pro
558 2523 675 2580 inimicis
690 2522 757 2578 suis.
784 2524 899 2578 Dextera
921 2526 963 2576 εει
1016 2520 1100 2578 deret.
1113 2523 1170 2579 Nec
1188 2523 1381 2596 satiaripotest
1395 2525 1454 2594 ejas
1473 2524 1618 2597 cupiditas,
1637 2525 1730 2582 donec
1752 2540 1815 2582 ettttt

166 2616 302 2680 divinitas,
326 2630 380 2686 qua
411 2613 535 2669 desidero
563 2613 711 2683 amplexari
739 2621 766 2667 et
789 2608 959 2668 circumdari.
1013 2609 1110 2667 habeat
1130 2613 1207 2683 cujus
1229 2613 1321 2687 imago
1343 2620 1395 2682 cst,
1414 2613 1461 2686 qui
1486 2613 1562 2671 solas
1580 2622 1672 2687 potest
1697 2614 1814 2688 implere

165 2705 242 2760 Tunc
254 2705 327 2759 euim
342 2702 477 2772 satiabor,
493 2701 590 2773 iuquit,
605 2718 671 2756 enm
685 2701 854 2773 apparuerit
868 2699 959 2770 pieria
1014 2701 1128 2773 angulos
1151 2701 1304 2773 cupiditatis
1322 2718 1389 2759 suae.

167 2793 389 2864 cmissatum,
405 2791 470 2863 ι3);
487 2798 525 2860 ει,
538 2790 708 2862 Aditnplebis
722 2805 765 2846 tna
779 2788 958 2846 loetitincttm

164 2882 249 2938 velta
264 2886 310 2939 tao
320 2901 330 2948 ,·
342 2880 407 2952 qnia
421 2879 623 2937 delectationes
637 2880 669 2935 in
681 2879 799 2937 dextera
812 2881 960 2948 tuamque
976 2870 998 2948 ὓ
1049 2880 1077 2935 7.
1094 2877 1170 2938 Sicut
1183 2886 1271 2936 nutem
1286 2880 1418 2939 Mediator
1432 2888 1526 2937 noster
1543 2881 1612 2939 duas
1634 2890 1752 2938 naturas
1765 2883 1816 2939 ba-

163 2971 294 3040 inpinem
310 2969 397 3038 (Psal.
412 2984 457 3037 xv,
475 2969 530 3038 ιι).
1012 2968 1167 3024 manitatem
1200 2968 1324 3027 videlicet
1351 2979 1379 3026 ει
1407 2970 1586 3038 diuinitatem,
1611 2971 1761 3041 conjunxit
1789 2973 1817 3029 in

200 3060 227 3112 6.
243 3057 375 3113 Caeterum
398 3064 528 3127 quantum
547 3056 656 3111 dextera
680 3055 797 3114 sinistrae
818 3057 956 3130 praecellit,
1012 3070 1066 3112 una
1079 3072 1202 3127 persona,
1219 3057 1256 3113 ita
1271 3058 1387 3132 ,singula
1404 3060 1465 3130 ejus
1489 3074 1570 3129 opera
1590 3057 1625 3113 td
1646 3058 1731 3124 hanc,
1755 3061 1816 3119 sire

163 3152 292 3213 quantum
319 3142 443 3201 uidelicet
468 3150 572 3200 aetema
597 3143 716 3212 caducis,
741 3142 957 3217 incorruptibilia
1011 3143 1086 3199 illam
1101 3159 1213 3201 necesse
1226 3155 1266 3202 εει
1286 3147 1424 3217 pertinere
1440 3157 1573 3204 naturam.
1587 3146 1814 3222 Adbancsiqui·

162 3232 391 3306 corruptibilibus,
407 3232 570 3289 immortalia
584 3233 762 3301 mortalibus3
778 3240 881 3288 tantum
905 3249 956 3290 ne·
1010 3231 1070 3288 dem
1085 3233 1203 3304 miseria,
1222 3235 1271 3291 sed
1284 3235 1320 3292 ad
1344 3235 1415 3291 illam
1439 3236 1556 3307 pertinet
1577 3232 1712 3309 potentis.
1733 3233 1815 3306 Quid·

163 3336 239 3380 cesse
252 3330 294 3378 εει
306 3321 465 3394 precellere
479 3319 649 3386 ειιειιιειειιι,
665 3336 747 3393 quam
762 3321 840 3376 nobis
852 3320 956 3378 cultibi·
1009 3320 1074 3392 qaid
1093 3337 1160 3395 ergo
1176 3323 1295 3380 miseriae
1309 3340 1407 3396 pessus
1420 3333 1471 3395 est,
1487 3342 1521 3381 ex
1535 3327 1646 3382 homine
1667 3328 1811 3384 comeant.

162 3421 238 3470 turns
260 3419 300 3468 est
318 3410 347 3466 in
365 3408 449 3484 gloria
472 3425 530 3466 snae
550 3408 705 3476 divinitatis,
732 3409 853 3467 charitati
876 3426 956 3483 quam
1009 3410 1147 3482 Quidquid
1178 3419 1303 3484 potenter
1328 3425 1454 3485 operatus
1479 3422 1530 3480 est,
1559 3418 1586 3468 ε’
1603 3414 1683 3470 Patre
1707 3414 1811 3472 babuit.

160 3500 239 3558 nobis
267 3499 389 3555 exhibuit
415 3499 444 3554 in
472 3497 582 3555 miseris
600 3513 656 3555 suae
685 3498 866 3556 humanitatis.
881 3499 956 3556 lianc
1010 3498 1178 3556 llumanitate
1201 3500 1284 3574 igitur
1302 3507 1329 3558 et
1351 3501 1490 3560 divinitate
1519 3502 1683 3560 altrinsecas
1705 3501 1809 3576 positia

160 3588 235 3645 enim
249 3596 277 3645 ει
289 3588 383 3645 oculus
396 3588 470 3658 vidit,
486 3598 514 3646 ει
535 3587 610 3644 auris
626 3588 737 3655 audivit,
754 3596 781 3644 ει
803 3588 831 3644 in
845 3604 893 3646 cor
910 3590 957 3645 bo-
1010 3587 1066 3644 duo
1090 3588 1177 3644 babes
1208 3590 1307 3660 media,
1333 3590 1485 3647 Passionem
1510 3600 1537 3647 ει
1557 3591 1807 3650 tremiscamus

159 3676 240 3734 minis
268 3676 400 3748 ascendit,
415 3691 472 3732 non
499 3692 580 3748 quam
601 3677 763 3749 praepararit
784 3676 957 3751 diligentibus
1010 3677 1058 3732 llla
1072 3686 1115 3733 εει
1131 3678 1577 3738 ιιιίεειιεοιιιιεειιιιίεειιιειιειε
1600 3688 1644 3739 εει
1670 3685 1806 3755 potentie.

160 3781 199 3822 se.
210 3763 377 3834 Quaetameu
389 3771 430 3821 εει
444 3764 492 3820 illa
503 3763 956 3837 charitasiAudi.Lieetmajorem
1011 3766 1057 3822 Vis
1083 3767 1236 3823 annuntiari
1252 3769 1320 3825 inter
1341 3785 1446 3842 pennas
1471 3770 1615 3842 columbte,
1629 3769 1657 3826 itl
1676 3778 1723 3829 est
1742 3770 1808 3829 inter

159 3855 211 3911 bac
237 3853 410 3910 dilectionem
440 3868 520 3910 nemo
553 3851 644 3918 babet,
676 3860 706 3909 ut
733 3854 850 3909 animam
878 3869 954 3910 suam
1009 3853 1147 3927 periectos
1162 3863 1264 3913 sanctae
1281 3859 1421 3930 Ecclesiae,
1436 3875 1549 3931 qnorum
1563 3859 1697 3918 uidelicet
1717 3875 1805 3918 ειειιι·

159 3950 243 4012 ponat
258 3941 319 4012 quis
331 3957 382 4014 pro
396 3941 491 3998 amicis
514 3941 571 3996 suis
585 3941 675 4012 (toan.
690 3958 737 4012 xv,
754 3945 814 4014 til:
831 3943 889 4015 ipso
910 3950 953 4000 ta·
1012 3943 1058 4016 plo
1069 3942 1168 4000 infirmi
1183 3946 1358 4015 roborantur,
1374 3948 1495 4022 depressi
1513 3948 1722 4007 sublevantnrt
1739 3948 1805 4008 noe

159 4044 223 4085 mea
244 4044 320 4085 suam
340 4028 431 4099 posuit
451 4044 502 4098 pro
523 4028 648 4084 inimicis.
673 4029 740 4085 Cum
768 4032 841 4085 enim
868 4032 956 4089 adhuc
1008 4032 1080 4090 anias
1103 4050 1215 4092 neeesse
1234 4049 1276 4093 est
1301 4037 1371 4093 inter
1395 4037 1498 4096 medios
1511 4038 1609 4106 cleros,
1624 4037 1653 4094 id
1683 4046 1728 4097 nt
1743 4040 1806 4096 intas

158 4118 260 4179 inimici
271 4134 404 4186 essemus,
421 4117 603 4174 reconciliarit
617 4133 667 4173 nos
690 4118 748 4174 Deo
771 4119 798 4174 in
823 4123 953 4193 sanpuinc
968 4138 991 4216 ὓ
1008 4122 1166 4180 Passionem
1181 4132 1208 4180 ει
1222 4125 1470 4201 Resurrectionem,
1485 4127 1548 4184 hinc
1564 4129 1687 4201 stipatus
1712 4127 1805 4187 irati·

158 4208 317 4281 suolllom.
337 4210 435 4279 r,10).
462 4207 492 4264 Si
516 4207 568 4263 hoo
591 4206 655 4264 iecit
678 4209 770 4275 bomo,
785 4208 851 4280 qaid
875 4209 954 4268 laciet
1008 4213 1068 4281 bus,
1083 4212 1146 4270 irinc
1171 4213 1280 4272 fulcitus
1299 4216 1420 4273 tionibus.
1446 4216 1561 4274 Fructus
1578 4217 1615 4272 sd
1637 4220 1803 4289 ρεεειεεεω.

158 4297 256 4355 Deus?
272 4297 296 4353 si
310 4300 363 4354 boc
376 4296 439 4354 lecit
451 4312 566 4370 pauper,
581 4296 646 4369 quid
658 4295 737 4355 saciet
751 4298 827 4356 dites
837 4300 851 4354 ι
861 4298 888 4355 st
902 4300 954 4357 boc
1008 4301 1089 4359 llores
1105 4302 1139 4358 ad
1151 4304 1377 4362 resurrectionem
1389 4305 1532 4377 pertinent.
1551 4304 1621 4375 Quae
1634 4304 1805 4365 sensuras

157 4387 220 4444 lecit
232 4401 283 4460 pro
298 4386 425 4453 inimicia,
440 4386 506 4458 quid
531 4386 612 4443 iaciet
636 4403 685 4459 pro
710 4387 829 4445 amicis?
854 4390 877 4444 si
901 4390 955 4446 boc
1008 4392 1101 4464 bomo,
1119 4394 1177 4450 ltaec
1190 4408 1216 4450 ει
1229 4399 1322 4451 metet.
1339 4392 1391 4463 Qui
1406 4395 1519 4451 seminat
1531 4396 1560 4452 in
1570 4411 1667 4466 carne,
1683 4396 1720 4455 de
1732 4411 1805 4455 enat

158 4475 221 4533 iecit
234 4477 262 4531 in
276 4476 330 4550 ria,
344 4476 409 4548 quid
423 4475 502 4532 iaciat
513 4476 540 4531 in
555 4476 643 4548 patria
656 4477 670 4532 i
683 4477 707 4530 ai
721 4477 774 4533 boc
790 4477 852 4534 iecit
866 4478 893 4533 in
908 4494 955 4533 ett-
1009 4489 1088 4538 rueret
1101 4483 1301 4554 corruptionem
1315 4483 1422 4551 lGalat.
1437 4501 1478 4552 rt,
1494 4486 1532 4563 ι).
1556 4483 1716 4546 &minam
1735 4493 1804 4547 tw

159 4565 233 4634 silio,
246 4568 310 4638 quid
325 4565 405 4621 iaciat
419 4565 446 4621 in
457 4564 583 4636 palatini
596 4565 619 4620 si
633 4566 684 4622 ltoc
698 4565 761 4622 lecit
776 4565 802 4620 in
816 4575 897 4634 terra,
906 4568 954 4624 ubi
1009 4571 1090 4628 lromo
1109 4571 1136 4626 in
1152 4588 1243 4640 carne,
1258 4573 1377 4645 ¹messuit
1399 4574 1574 4646 postmodam
1594 4576 1803 4650 corruption

156 4653 199 4709 sai
217 4670 279 4709 eum
293 4669 348 4710 non
366 4661 536 4725 receperunt,
548 4654 614 4725 quid
629 4655 709 4711 iaciat
725 4655 751 4711 in
767 4657 847 4725 coelo,
863 4659 910 4713 ubi
929 4657 955 4715 ei
1008 4656 1120 4727 Quanti
1147 4661 1300 4720 Passionem
1319 4663 1432 4721 Christi.
1450 4662 1509 4720 Nisi
1529 4661 1603 4720 enim
1622 4672 1709 4732 vetus
1731 4665 1803 4723 baut

158 4755 252 4797 omnes
266 4742 415 4798 obedianti
431 4742 459 4797 Si
470 4742 632 4814 quaudoque
651 4745 871 4818 suggestionibus
893 4747 953 4803 dia·
1010 4750 1250 4820 transgrederetur,
1266 4767 1354 4809 novus
1368 4767 1424 4808 non
1438 4759 1586 4825 pateretur.
1602 4750 1627 4809 0
1643 4753 1802 4827 prointtdn

154 4826 222 4896 boli,
243 4828 287 4887 rol
313 4830 474 4901 importunis
497 4829 585 4886 carnis
609 4841 708 4886 uostrae
732 4834 894 4891 clamoribus
920 4837 954 4890 ad
1007 4849 1034 4893 et
1048 4838 1218 4895 inscrutabile
1234 4840 1428 4912 redemptionis
1442 4850 1541 4898 nostrae
1552 4841 1724 4902 consiliaml
1740 4844 1802 4900 Vtra

154 4933 247 4974 curam
261 4918 352 4975 carnis
371 4919 400 4973 iu
415 4917 557 4976 desideriis
572 4920 755 4992 peragendam
784 4938 952 4992 revocemur,
1008 4925 1186 5000 diligentibus
1214 4928 1300 4984 Deum
1326 4930 1419 4986 omnia
1445 4940 1626 5003 cooperantur
1652 4933 1683 4988 in
1711 4934 1803 4990 bonu

156 5007 305 5066 anxietates
327 5007 438 5074 Christi,
464 5008 604 5081 crucisque
627 5011 793 5083 supplicium
821 5028 954 5084 ponamus
1007 5015 1100 5087 (Rom,
1116 5030 1179 5087 rtn,
1193 5017 1251 5089 ιι.)
1266 5019 1378 5076 Domine
1392 5019 1590 5089 lesu-Christe,
1601 5020 1627 5076 si
1642 5021 1802 5080 inobedien-

154 5112 212 5168 prae
226 5098 323 5169 oculis,
336 5106 363 5154 ει
376 5096 518 5155 oonirstim
538 5099 596 5170 ipsa
615 5115 664 5156 nos
679 5100 787 5157 docebit
805 5103 951 5174 experien-
1009 5103 1047 5160 tia
1063 5102 1153 5162 ⁷0⁶
1165 5105 1232 5162 Adae
1247 5117 1391 5178 cooperata
1415 5117 1457 5166 est
1478 5108 1558 5166 nobis
1584 5109 1613 5165 in
1644 5111 1803 5179 boumn

156 5183 201 5254 tia,
221 5187 283 5259 qnid
299 5186 411 5244 senserit
424 5186 571 5258 Apostolus
585 5203 645 5243 cam
656 5186 732 5257 dixit,
754 5189 868 5247 Perdam
887 5208 952 5250 tamt·
1007 5199 1112 5250 tantnm
1128 5202 1235 5267 tamque
1250 5195 1389 5254 mirificum
1405 5202 1517 5264 bonam,
1534 5205 1565 5255 ut
1586 5205 1619 5255 tn
1643 5197 1730 5259 fleres
1749 5214 1803 5259 u·

156 5276 198 5331 cis
212 5275 256 5334 itis
270 5277 320 5351 pai
333 5279 405 5336 salai
418 5278 499 5348 sinrtt
515 5279 607 5335 atrias
621 5278 670 5335 Dei
681 5282 723 5336 est
736 5279 763 5351 (l
775 5279 836 5339 Cor.
854 5295 872 5349 t,
895 5283 949 5362 ιι)
1011 5283 1155 5356 ruptibilis,
1168 5294 1215 5340 tua
1227 5285 1380 5342 obedientia
1395 5287 1422 5343 in
1444 5289 1518 5361 quod
1540 5287 1648 5346 bonnm
1662 5290 1747 5347 nobis
1761 5304 1803 5347 aa

154 5369 191 5427 et.
209 5364 276 5423 titis
294 5369 366 5425 absit
375 5367 495 5439 ploriari
508 5368 567 5426 nisi
580 5369 612 5425 in
626 5382 710 5425 crece
728 5370 841 5428 Domim
858 5374 952 5428 nostri
1009 5371 1165 5442 operabitur
1175 5373 1190 5431 ι
1200 5373 1334 5446 Proiecto,
1344 5383 1375 5431 nt
1388 5374 1470 5433 ltomo
1483 5373 1805 5453 fistincompttnttassi

155 5448 222 5507 teta
245 5455 466 5526 Citristillialat.
484 5471 521 5522 rt,
538 5459 594 5527 ιι).
609 5454 951 5526 QuareiQttiasiautlluit
1007 5461 1170 5520 seminantes
1192 5462 1221 5519 in
1247 5479 1337 5536 carne,
1360 5474 1433 5522 ittam
1460 5465 1629 5524 messuimus
1653 5468 1804 5545 conph-
