3706 5962
98 182 150 246 175

744 173 941 235 otbtuttttttb
961 174 1096 237 ttssttts

1687 173 1743 233 176

96 314 255 379 tanguntur,
279 301 323 358 alii
351 306 545 374 asperguntur,
560 299 616 355 allii
643 300 821 372 inunguntur,
842 297 887 353 alii
905 313 929 392 Α
945 306 1085 372 guantum,
1102 297 1190 368 cujus,
1207 303 1237 353 ut
1250 295 1290 352 sio
1304 295 1404 363 dicam,
1416 295 1506 368 liquor
1518 310 1630 353 carnem
1643 294 1745 354 immu-

94 393 304 469 perfuuduutur.
328 389 432 460 lielege
464 389 686 454 Pentateuobum,
709 387 887 462 Evangelium

95 484 220 549 revolve;
236 489 264 538 et
278 478 447 535 diversitates
460 478 525 533 istas
540 477 689 552 unguendi,
707 491 775 548 quas
790 491 887 546 corpo·

95 573 189 630 raliter
202 577 230 625 et
242 566 361 624 exterius
374 567 458 622 factas
466 566 594 634 advertis,
608 565 643 619 ad
656 579 748 621 mores
762 564 888 620 deflecte.

95 662 157 716 Non
172 673 226 731 ego
240 670 314 711 nunc
328 655 362 709 de
377 661 472 708 natura
486 660 698 726 unguentorum,
709 651 757 708 sed
771 649 805 707 de
815 668 890 707 men·

96 763 160 804 sura
170 759 222 817 ago
228 741 377 816 unguendi.
389 743 424 797 Et
433 740 479 795 alii
491 741 602 811 quidem
614 739 709 805 semel,
718 738 766 794 alii
779 739 889 811 saepius,

97 835 141 890 alii
164 847 274 904 semper
303 835 443 902 unguenta
467 828 649 900 frequentant.
678 827 752 882 Boua
779 825 891 897 quidem

97 922 185 993 copia,
200 919 223 974 si
246 917 317 973 adsit
336 924 363 973 et
383 916 481 988 gratia.
505 915 610 971 Neutra
623 915 722 970 deesse
741 913 849 969 videtur
862 912 891 966 in

97 1007 244 1083 unguentis
265 1020 383 1077 sponsae,
408 1020 459 1060 uec
478 1003 595 1061 suavitas
614 1019 665 1059 uec
684 1004 806 1068 ubertas,
823 1015 891 1072 quo-

97 1113 159 1153 rum
171 1095 240 1152 odor
252 1092 343 1149 omnia
355 1098 477 1148 aromata
489 1098 611 1162 superat.

133 1188 161 1241 t.
177 1182 220 1240 Ad
232 1179 385 1239 Ecclesiam
398 1179 563 1253 generaliter
574 1179 644 1235 banc
658 1177 768 1235 laudem
782 1176 891 1233 deriva-

98 1273 209 1329 vimus:
224 1270 260 1326 ad
274 1268 418 1340 specialem
433 1267 550 1339 aliquam
565 1266 593 1321 in
608 1266 728 1323 Ecclesia
748 1280 892 1336 personam

99 1359 268 1418 declinemus
281 1371 448 1422 sermonem,
464 1371 525 1427 quae
539 1354 670 1426 singulari
683 1355 801 1426 quodam
814 1368 893 1409 amo·

101 1448 137 1503 ris
157 1454 185 1503 et
211 1443 402 1500 familiaritatis
425 1441 570 1510 beneficio,
590 1458 698 1512 sponsae
724 1441 824 1497 debeat
841 1456 893 1496 no·

99 1536 172 1590 mine
196 1532 313 1600 censeri,
337 1531 437 1602 inqua
460 1545 515 1585 nou
536 1530 617 1585 rnodo
643 1529 823 1598 necessitatis,
845 1529 894 1583 sed

945 395 991 455 tat,
1008 396 1035 443 et
1048 386 1117 443 odor
1130 385 1253 457 spiritum
1268 391 1383 442 recreat.

979 479 1006 530 8.
1027 477 1060 530 Et
1072 484 1103 530 ut
1112 473 1265 529 summatim
1282 474 1340 529 baec
1356 471 1574 543 recapitulemus,
1588 472 1683 529 unctio
1699 480 1743 529 est

943 562 1044 618 mentis
1058 561 1216 625 exsultati03
1241 560 1319 631 odor,
1343 560 1440 617 oratio.
1466 561 1574 626 Unctio,
1594 560 1744 633 spiritualis

943 651 1055 716 laetitia;
1071 650 1150 718 odor,
1163 648 1289 723 quaedam
1303 664 1399 704 eorum
1413 665 1473 721 quae
1484 648 1575 706 animo
1585 657 1743 721 gestantur,

943 739 1061 794 exterior
1074 754 1125 810 per
1137 736 1238 792 famam
1252 736 1364 796 notitia:
1388 736 1489 803 unctio,
1505 736 1612 793 interna
1623 736 1744 795 delecta·

944 827 997 892 tio;
1012 827 1089 896 odor,
1110 825 1247 898 quoddam
1262 825 1296 881 de
1311 825 1473 900 gaudiorum
1487 825 1658 896 experientia
1672 827 1745 883 desi-

945 914 1051 970 derium
1065 913 1184 969 suaviter
1202 913 1350 985 profluens.
1367 913 1430 968 ldoo
1444 914 1512 970 odor
1529 919 1745 987 unquentorum

946 1007 1060 1058 luorum
1071 1001 1259 1073 superomnia
1274 1008 1411 1060 aromata.
1425 1002 1512 1057 Omne
1524 1002 1597 1057 enim
1611 1003 1745 1060 orationis

945 1088 1096 1155 incensum,
1112 1095 1141 1143 et
1155 1087 1282 1144 desiderii
1298 1087 1495 1145 vehementiam
1510 1088 1618 1146 excedit
1631 1091 1745 1148 deside·

946 1176 1017 1232 rium
1031 1176 1097 1232 illud
1112 1176 1185 1248 quod
1194 1176 1229 1232 de
1249 1176 1401 1232 coelostium
1414 1176 1603 1234 blandimento
1623 1179 1744 1253 gaudio·

947 1282 1007 1322 rum
1034 1264 1163 1338 gignitur,
1193 1272 1220 1320 et
1243 1264 1461 1336 concupiscentia
1483 1281 1544 1337 quae
1568 1264 1603 1321 de
1624 1265 1746 1339 Spiritus

946 1353 1074 1409 unctione
1103 1352 1182 1424 quasi
1204 1352 1378 1408 suavissimus
1401 1352 1511 1424 quidam
1533 1352 1601 1408 odor
1623 1355 1746 1411 ubertim

948 1443 1097 1498 exhalatur.
1112 1442 1218 1496 Bonum
1232 1441 1285 1497 boc
1303 1440 1480 1511 desiderium,
1497 1440 1572 1514 quod
1585 1441 1639 1498 vim
1659 1444 1747 1500 babet

947 1528 1086 1595 orationis,
1098 1535 1126 1583 et
1136 1543 1190 1583 non
1205 1528 1286 1583 babet
1299 1527 1453 1584 afflictionis
1462 1529 1626 1585 molestiam.
1637 1530 1748 1602 Sponsa

99 1621 238 1694 dignitatis
260 1626 288 1675 et
312 1618 456 1688 voluptatis
477 1617 595 1673 ubertim
609 1625 750 1689 unguenta
763 1616 891 1687 aspirant.
911 1637 934 1715 Β
949 1623 1000 1685 est,
1015 1616 1057 1671 cui
1070 1614 1243 1687 privilegium
1258 1617 1310 1671 boc
1323 1615 1456 1690 unguenti
1468 1624 1494 1672 et
1503 1617 1594 1672 odoris
1609 1617 1745 1677 defertur.

99 1712 162 1766 Non
175 1711 246 1764 banc
258 1705 423 1763 crediderim
440 1719 493 1776 ego
507 1718 585 1760 sacro
600 1704 721 1776 unguine
736 1703 779 1759 vel
794 1712 894 1759 tactam
948 1703 1019 1772 Quid
1033 1703 1133 1759 mirum
1146 1702 1169 1757 si
1177 1702 1378 1774 praecellentius
1393 1703 1507 1773 redolet,
1523 1719 1585 1777 quae
1599 1707 1747 1776 specialius

102 1800 129 1854 in
157 1804 244 1868 parte,
274 1793 318 1850 vel
346 1807 501 1864 respersam
530 1808 581 1863 per
615 1800 718 1863 partes,
755 1791 803 1846 sed
832 1808 896 1862 per-

103 1885 192 1941 fusam
220 1890 248 1938 et
274 1887 434 1953 perunctam
462 1878 646 1935 abundantius
672 1878 699 1933 in
728 1879 823 1950 sponsi
848 1879 896 1935 de·

103 1973 191 2030 licias.
218 1968 342 2041 Copiosae
368 1983 455 2039 penes
477 1967 549 2024 bunc
587 1983 718 2039 sponsum
745 1975 898 2024 aromatum

39 2109 44 2119 .
105 2063 181 2120 cellae
208 2066 363 2114 eructantes
392 2073 426 2112 ex
453 2056 505 2112 bac
532 2055 666 2125 inillam,
697 2055 766 2112 sicut
793 2058 898 2127 regales

103 2156 209 2223 oportet
230 2146 332 2201 babere
354 2144 471 2202 divitias.
506 2143 561 2200 Sed
589 2144 719 2200 credibile
744 2153 784 2201 est
811 2144 900 2200 excel-

103 2237 264 2297 lentioribus
279 2234 404 2307 reginam
418 2234 564 2308 unguentis
576 2233 707 2289 redolere.
719 2233 793 2289 Nihil
807 2241 899 2288 tamen

105 2327 184 2384 nobis
203 2326 237 2380 de
255 2323 354 2380 virtute
380 2328 581 2394 unguentorum
602 2321 771 2393 exprimitur,
787 2329 900 2394 praeter-

106 2431 187 2489 quam
202 2412 275 2486 quod
290 2411 365 2466 solus
379 2410 447 2466 odor
462 2410 670 2465 commendatur
692 2410 721 2465 in
743 2411 818 2482 ipsis.
839 2412 899 2467 Non

105 2503 241 2576 eloquitur
255 2498 320 2573 quid
335 2497 432 2554 efficiat
447 2497 549 2566 utactio,
565 2497 678 2553 delicias
698 2498 769 2554 solas
792 2515 900 2556 memo-

104 2609 178 2650 rasse
193 2596 347 2654 coutentus,
360 2593 388 2642 et
402 2601 450 2641 eas
460 2585 572 2641 delicias
587 2602 647 2657 quae
661 2587 829 2658 spiritualem
842 2606 901 2644 ma-

105 2682 147 2752 gis
162 2676 323 2735 charitatem
337 2672 500 2728 accendunt.
514 2671 610 2727 Unctio
621 2675 678 2729 solo
693 2681 765 2730 tactu
774 2677 899 2747 sentitur,

105 2782 169 2824 oum
183 2762 264 2819 fucrit
278 2759 353 2816 carni
367 2758 520 2830 superfusa.
537 2758 613 2816 Odor
624 2775 697 2831 vero,
709 2768 811 2818 tactum
825 2764 902 2820 diffu-

106 2854 196 2929 giens,
213 2856 316 2904 tantum
335 2847 431 2918 spiritu
443 2846 538 2903 sentiri
550 2848 701 2919 sepelitur.
717 2850 752 2905 Et
766 2855 899 2925 unguenti

949 1791 1081 1864 ungitur?
1102 1790 1168 1863 quid
1182 1790 1280 1847 mirum
1299 1790 1322 1845 si
1346 1790 1451 1846 avidius
1466 1798 1550 1862 optat,
1576 1809 1638 1864 quae
1651 1802 1748 1867 gustat

950 1880 1077 1936 suavius?
1099 1880 1215 1950 AEquum
1239 1878 1312 1934 euim
1330 1886 1372 1933 est
1395 1888 1425 1934 ut
1448 1880 1564 1951 amplius
1586 1891 1656 1951 oret,
1683 1901 1748 1956 quae

950 1969 1051 2025 arctius
1064 1967 1158 2022 baeret.
1173 1965 1323 2021 Adlraerens
1339 1965 1456 2037 Sponso,
1478 1984 1547 2023 uuus
1562 1984 1625 2025 cum
1638 1971 1685 2028 illo
1706 1976 1749 2029 ef·

951 2058 1021 2114 fecta
1037 2065 1078 2112 est
1091 2054 1211 2127 spiritus.
1225 2054 1328 2111 ldcirco
1343 2055 1452 2111 nonnisi
1466 2055 1581 2128 Spiritus
1596 2060 1703 2117 redolet
1717 2062 1748 2118 in

952 2163 994 2212 ea,
1010 2146 1057 2218 qui
1072 2144 1151 2199 unxit
1166 2159 1237 2214 earn,
1253 2153 1280 2199 et
1295 2152 1353 2199 orat
1367 2160 1416 2216 pro
1431 2161 1465 2201 ea
1478 2146 1622 2204 affectibus
1635 2149 1749 2207 inenar-

953 2234 1091 2291 rabilibus.
1116 2235 1262 2304 Propterea
1276 2232 1344 2288 odor
1368 2242 1568 2306 unguentorum
1588 2239 1649 2308 ejus
1662 2254 1750 2311 super

952 2322 1041 2378 omnia
1055 2327 1185 2375 aromata.
1201 2321 1236 2375 Et
1250 2319 1277 2374 in
1293 2321 1458 2393 Apocalypsi
1472 2321 1541 2396 legis
1552 2324 1667 2396 phiolas
1686 2329 1751 2401 ple·

952 2428 1005 2469 aas
1015 2412 1270 2473 odoramentorum,
1283 2425 1345 2482 quie
1355 2414 1422 2465 aurai
1431 2414 1572 2470 orationes
1579 2419 1751 2472 sanctorum

952 2501 1046 2573 (apoc.
1061 2515 1088 2569 v,
1104 2503 1142 2571 8).
1159 2500 1298 2567 Aromata,
1314 2499 1385 2554 sicut
1397 2499 1508 2554 Exodua
1521 2499 1611 2570 docet,
1621 2505 1752 2575 geminos

953 2589 980 2644 in
995 2604 1060 2645 usus
1076 2585 1288 2656 distribuuntur,
1301 2585 1329 2641 id
1344 2594 1396 2653 est,
1411 2588 1574 2660 chrismatis,
1585 2599 1613 2649 et
1628 2594 1750 2664 tbymia-

952 2678 1032 2733 matia
1045 2676 1145 2749 (ficod.
1161 2692 1223 2745 xxv,
1241 2675 1313 2746 xxx).

989 2772 1015 2824 9.
1044 2765 1142 2820 Nonne
1165 2763 1213 2818 tibi
1235 2763 1362 2820 videntur
1384 2764 1466 2820 etiam
1484 2782 1556 2823 nunc
1574 2767 1603 2823 in
1621 2769 1752 2828 laudibus

953 2867 1060 2925 sponsae
1080 2851 1138 2905 baec
1156 2856 1272 2921 utraque
1291 2851 1442 2923 coniungi?
1464 2852 1613 2925 Unguenta
1630 2856 1701 2928 ejus,
1723 2866 1752 2914 et

107 2940 218 3016 quidem
241 2937 331 3008 liquor
354 2934 457 2990 sensim
480 2934 509 2990 in
529 2934 659 2992 iuferiora
672 2937 790 3009 liquatur
807 2955 813 2994 :
834 2942 902 2998 odor
916 2922 937 3000 G
954 2945 1177 3013 unguentasunt,
1187 2946 1213 2994 et
1227 2938 1362 2994 odorifera
1372 2940 1469 2997 valde:
1482 2941 1551 2998 odor
1565 2945 1639 2999 enim
1653 2961 1751 3002 eorum

107 3045 171 3087 vero
196 3041 258 3084 cum
280 3023 354 3080 omni
375 3022 504 3079 facilitate
521 3024 663 3096 superiora
686 3028 765 3097 petit,
787 3031 902 3089 cerebro
955 3045 1038 3102 super
1059 3027 1150 3084 omnia
1173 3035 1304 3083 aromata.
1325 3028 1508 3101 Unguentum,
1525 3041 1554 3087 ut
1576 3031 1749 3106 dictumest,

106 3117 235 3186 illabitur,
265 3128 394 3169 sensuum
423 3111 518 3168 sedem
542 3113 608 3168 dum
628 3125 753 3188 occupat,
784 3131 901 3180 recreat.
955 3121 1088 3175 donorum
1102 3116 1242 3188 perceptio
1257 3137 1264 3172 :
1281 3115 1359 3183 odor,
1375 3119 1409 3174 de
1420 3119 1596 3191 perceptione
1606 3122 1676 3179 actio
1684 3143 1752 3198 gra-

106 3207 187 3266 liulto
201 3217 268 3275 ergo
282 3201 406 3257 subtilior
429 3209 455 3256 et
474 3201 625 3271 sublimior,
649 3204 734 3262 multo
751 3208 839 3282 magis
852 3228 904 3268 un.
956 3209 1063 3274 tiamm,
1081 3206 1248 3263 desiderium
1261 3215 1436 3278 aeternorum,
1452 3210 1602 3282 etquidem
1616 3212 1687 3270 iuter
1700 3233 1751 3273 su.

108 3302 272 3370 guentorum
287 3300 329 3347 est
342 3290 411 3346 odor
421 3305 503 3361 quam
515 3289 615 3362 liquor.
628 3293 663 3347 Et
677 3292 705 3347 in
719 3294 903 3358 blandimento
921 3362 936 3389 ἢ
957 3296 1048 3355 blimia
1063 3298 1134 3352 bona
1148 3311 1246 3352 sensus
1260 3296 1378 3352 humilis.
1394 3297 1490 3354 Oratio
1510 3299 1584 3355 enim
1601 3301 1751 3361 humilian-

107 3396 215 3454 sponsae
229 3377 316 3450 magis
328 3376 441 3432 delicata
452 3384 479 3433 et
489 3377 577 3451 magis
587 3381 763 3436 accommoda
776 3385 903 3456 spiritua·

106 3470 178 3527 libus
197 3465 412 3532 oblectamentis,
438 3472 465 3521 et
487 3463 648 3521 faeculentiae
669 3467 761 3524 miuus
775 3472 903 3531 babentia

107 3555 225 3629 oportuit
239 3551 458 3611 commemorari.
474 3552 541 3609 Aliae
556 3554 701 3625 unguentis
715 3563 742 3612 et
758 3559 819 3616 oleo
832 3561 902 3620 indi·

106 3651 184 3718 gent,
199 3650 230 3697 ut
252 3649 341 3696 motus
356 3639 447 3695 carnis
460 3647 507 3695 aut
529 3640 656 3712 mitigent
678 3653 726 3699 aut
748 3644 902 3706 immutent.

106 3733 170 3786 llaec
180 3732 272 3786 aulem
285 3728 343 3798 jam
357 3742 414 3781 uon
428 3725 455 3778 in
469 3740 562 3793 carne,
573 3727 622 3781 sed
637 3728 665 3783 in
681 3730 787 3803 spiritu,
804 3747 833 3791 ut
849 3737 905 3794 Do-

105 3819 172 3875 mini
195 3831 323 3890 spensam
340 3815 430 3880 decet,
451 3814 636 3885 spiritualibus
650 3818 771 3875 abundat
785 3822 901 3884 deliciis.

107 3908 179 3965 Odor
200 3908 410 3977 unguentorum
427 3907 543 3961 tuorum
556 3920 640 3977 super
653 3910 749 3964 omnio
763 3919 903 3970 oromate.

105 3995 166 4050 Etsi
176 3995 251 4049 solus
264 3991 332 4047 odor
345 4000 584 4059 commemoratur,
597 3992 667 4050 forte
682 4010 737 4051 nou
751 3998 824 4055 solus
839 4016 903 4074 ope-

106 4091 198 4141 ratur:
214 4088 342 4154 operatur
352 4079 490 4136 eiunctio.
505 4082 634 4150 Quiauni
650 4084 764 4152 Christi,
775 4087 905 4161 aitApos·

105 4171 186 4239 tolus,
198 4185 402 4226 cornemxuom
412 4168 619 4238 rrsurtfixerunt
628 4187 694 4227 cum
703 4175 781 4230 viliis
796 4181 824 4231 et
834 4193 903 4235 oon·

106 4259 294 4335 cupiscentiis
312 4257 418 4330 (dolat.
433 4272 459 4327 v,
483 4259 538 4327 ab).
565 4257 615 4313 Ubi
641 4257 723 4316 nte
743 4265 834 4323 unctio
848 4273 900 4337 est,

107 4363 161 4407 uon
175 4346 284 4404 videtur
298 4344 436 4402 crucifixio
458 4347 622 4402 necessaria.
640 4347 689 4404 llla
702 4352 853 4424 mortificat,
874 4365 902 4412 et

108 4439 167 4494 brec
185 4435 368 4492 immutabili
387 4433 499 4506 quidem
518 4433 656 4494 crucifixio
671 4439 772 4495 doloris
791 4457 902 4498 sensum

109 4526 204 4595 habet,
227 4522 320 4580 unctio
342 4520 497 4577 lenitatem.
514 4521 611 4578 Suavis
629 4525 720 4583 unctio
735 4536 785 4597 est,
806 4529 903 4587 efficax

110 4621 213 4682 tamen,
230 4628 291 4684 quae
304 4610 365 4667 sine
386 4608 498 4666 tastum
512 4612 574 4667 oleo
589 4614 777 4673 exsultationis
791 4627 820 4676 et
833 4619 903 4678 laeti-

112 4703 185 4757 tiaaa
208 4699 381 4770 corruptione
396 4716 508 4755 carnem
529 4700 642 4756 illaesam
661 4716 814 4777 conservat,
839 4726 903 4768 cor-

111 4788 265 4861 ruptionem
289 4788 385 4854 aufort,
407 4796 434 4844 et
458 4789 607 4845 cruciatum
622 4807 678 4848 non
697 4795 834 4868 importat.
850 4802 904 4859 Do-

110 4879 177 4935 mini
191 4879 256 4934 lesu
265 4877 419 4949 passionem
429 4887 567 4952 unguenta
577 4883 755 4954 praeveniunt,
767 4898 905 4961 unguenta

114 4971 331 5041 subsequentum
357 4975 385 5022 ut
406 4967 496 5022 discas
513 4976 542 5023 et
566 4976 594 5024 tu
616 4970 705 5028 carnis
720 4980 783 5044 tuae,
807 4977 905 5050 siquis

112 5066 165 5126 est,
191 5056 339 5114 cruciatum
361 5063 562 5128 unguentorum
585 5059 791 5119 exuberantium
809 5069 906 5137 perlis.

112 5145 189 5202 aione
204 5145 298 5203 lenire.
315 5143 360 5200 uis
373 5152 471 5204 unctus
485 5154 537 5217 est,
558 5154 587 5202 ut
609 5153 636 5202 et
649 5149 739 5206 crucis
752 5168 807 5210 non
822 5162 906 5217 senti.

111 5241 153 5289 ret
168 5234 309 5306 injurium
321 5245 349 5293 et
357 5237 563 5294 resurrectionis
573 5252 630 5293 suae
645 5239 792 5298 novitatem
807 5232 907 5307 con'se.

956 3386 990 3443 tis
1005 3387 1048 3452 aa,
1059 3384 1133 3456 ipsas
1149 3384 1236 3439 nubes
1249 3392 1372 3456 penetrat
1383 3386 1480 3458 (flacii.
1496 3405 1577 3458 xxxv,
1592 3395 1650 3463 il).
1666 3394 1751 3452 Vides

956 3475 1093 3548 quomodo
1115 3472 1237 3529 ascendit
1251 3473 1457 3530 odoramentum
1472 3477 1580 3533 humilis
1594 3480 1751 3542 orationis?

956 3562 1088 3621 Ascendit
1101 3562 1253 3618 Pharisaeus
1265 3562 1312 3617 ille
1325 3562 1355 3617 in
1369 3564 1498 3635 templum
1512 3574 1541 3621 ut
1556 3576 1647 3626 oraret
1670 3587 1678 3626 r
1699 3573 1750 3628 sed

956 3650 1084 3709 orationis
1100 3652 1160 3721 ejus
1169 3650 1236 3705 odor
1247 3648 1364 3706 nescivit
1379 3651 1538 3712 ascendere.
1554 3655 1630 3713 Dona
1644 3660 1750 3732 gratia·

957 3756 1016 3795 rum
1039 3738 1089 3794 sibi
1113 3737 1242 3794 divinitus
1264 3738 1361 3794 collata
1379 3754 1473 3795 secum
1495 3751 1613 3815 reputat,
1630 3756 1658 3803 et
1672 3749 1751 3820 quasi

957 3834 1096 3900 unguenta
1115 3832 1251 3885 recenset.
1267 3828 1328 3883 Non
1343 3844 1416 3898 som,
1434 3828 1532 3902 inquit,
1556 3834 1630 3891 sicut
1652 3839 1752 3896 crateri

958 3917 1752 3999 lominumroptoreainjusii,odolicri.Audispraequi-

956 4005 1008 4061 bus
1022 4012 1131 4059 unctum
1151 4018 1181 4058 se
1198 4002 1355 4075 gloriatur?
1373 4005 1460 4077 gloria
1475 4008 1534 4078 ejus
1548 4009 1751 4071 inconfusione

956 4092 1079 4148 aliorum.
1090 4091 1150 4146 Nou
1165 4107 1266 4164 magna
1275 4091 1373 4164 gloria,
1389 4109 1489 4167 magna
1503 4105 1595 4155 tamen
1608 4099 1661 4172 ipsi
1675 4102 1752 4159 vido.

958 4189 1009 4236 tur.
1024 4180 1078 4252 Ipsi
1091 4178 1206 4247 redolet,
1222 4195 1277 4236 non
1294 4188 1382 4237 umen
1397 4199 1479 4256 super
1493 4196 1624 4257 aromata,
1643 4190 1693 4247 sed
1709 4209 1752 4249 su·

916 4286 939 4363 n
956 4285 1006 4342 par
1019 4268 1149 4341 sulphura
1163 4275 1335 4327 caeteromm.
1356 4270 1464 4328 Audisti
1484 4274 1583 4345 quibus
1598 4278 1750 4349 praeferan-

957 4367 1017 4416 tur:
1034 4357 1097 4413 audi
1107 4372 1180 4414 nunc
1195 4358 1260 4431 quid
1274 4358 1302 4414 iu
1316 4374 1346 4416 se
1361 4361 1455 4432 gratiae
1470 4361 1617 4435 praeferant
1630 4383 1752 4440 unguen·

956 4456 993 4518 ta,
1008 4448 1036 4501 in
1050 4446 1149 4518 quibus
1159 4447 1308 4504 Pnarisaeus
1319 4448 1460 4522 gloriatur.
1482 4453 1583 4523 Jejuno
1598 4456 1638 4513 bis
1651 4458 1684 4512 in
1693 4462 1753 4516 aab·

955 4539 1028 4606 bato,
1038 4536 1159 4593 deciam
1169 4537 1203 4594 do
1218 4539 1345 4595 monium
1355 4553 1416 4609 poe
1432 4540 1568 4610 possideo,
1587 4544 1751 4618 sirionem

956 4624 1129 4696 defraudavi,
1142 4626 1225 4685 reddo
1239 4626 1440 4698 quadruplum.
1456 4628 1530 4684 Bona
1542 4632 1599 4688 boeo
1612 4632 1684 4707 legis
1699 4636 1753 4693 ele·

957 4721 1048 4770 menta
1059 4712 1191 4775 redolent,
1205 4729 1260 4769 nou
1268 4714 1455 4786 evangelicam
1465 4717 1615 4776 doctrinam
1627 4721 1677 4795 [ul.
1689 4740 1752 4796 per-

958 4800 1121 4874 fectioneml.
1139 4800 1200 4856 Non
1216 4802 1322 4872 jejunat
1335 4819 1386 4874 per
1404 4819 1485 4863 onrne
1502 4814 1619 4880 tempus,
1634 4827 1689 4869 nou
1706 4830 1752 4869 re-

958 4891 1063 4946 nuntiat
1076 4889 1202 4944 omnibus
1225 4906 1286 4961 quae
1300 4892 1431 4963 possidet,
1447 4904 1547 4953 utnon
1565 4897 1665 4956 babeat
1679 4903 1753 4960 unde

958 4978 1043 5051 possit
1065 4977 1107 5034 vel
1130 4978 1272 5051 primitias,
1296 4981 1753 5047 veldecimasdare.1)efraudata

959 5065 1047 5122 reddit
1068 5065 1097 5119 in
1120 5068 1311 5140 quadruplum,
1334 5086 1388 5126 uon
1412 5089 1441 5128 se
1459 5073 1558 5145 patitur
1583 5075 1752 5149 defraudari,

959 5171 1014 5213 non
1035 5155 1109 5228 quod
1121 5155 1254 5228 reliquum
1277 5167 1320 5214 est
1347 5161 1457 5232 exponit
1475 5171 1582 5234 partem
1604 5165 1752 5238 auferenti,

959 5261 1014 5302 non
1033 5253 1158 5318 acceptas
1182 5262 1212 5303 ae
1240 5248 1341 5306 babere
1364 5249 1432 5307 dicit
1450 5251 1576 5322 iniurias.
1603 5255 1753 5330 Pharisaee,

109 5329 248 5418 queretur,
265 5333 292 5381 et
306 5334 335 5381 ut
348 5325 426 5399 quasi
438 5341 490 5400 per
502 5327 555 5384 boc
564 5336 765 5386 sacramentum
779 5334 906 5406 spiritua·
957 5335 1028 5392 inter
1041 5334 1148 5393 infirma
1161 5351 1246 5410 opera
1264 5354 1344 5412 supra
1362 5341 1474 5396 modum
1490 5347 1590 5403 tumes.
1606 5344 1752 5419 Pharisaee,

108 5405 144 5463 lrs
157 5410 291 5467 unctionis
304 5415 419 5488 gratiam
432 5418 647 5480 commendaret.
658 5420 762 5478 Bonum
775 5437 842 5503 ergo
855 5443 904 5489 un.
957 5441 1012 5491 non
1031 5441 1121 5501 rogas,
1143 5427 1192 5484 sed
1205 5441 1293 5503 prope
1306 5430 1405 5491 munti
1423 5429 1568 5491 Publicano
1582 5432 1697 5507 injurias
1712 5435 1753 5498 tr.
