3706 5962
146 137 202 236 Ι407
762 140 796 201 ΙΝ
814 136 953 198 cantica
972 136 1182 201 canucoltba
1741 145 1796 207 408

149 263 242 332 miseri
251 263 498 322 infidelesmortem
506 261 656 335 appellantr
666 260 762 320 lidelea
771 269 862 320 autem
871 260 944 334 quid,
962 276 987 355 fl
1002 263 1098 320 deatnr
1112 264 1186 321 Deua
1206 267 1318 322 deorum
1333 264 1359 321 iu
1376 265 1440 324 Sion
1454 267 1542 338 (Prot.
1567 282 1689 334 cxxxiii,
1704 272 1731 334 a,
1748 270 1794 342 t):

150 353 201 410 uisi
208 351 368 425 paschalia
378 358 465 431 morte
474 349 698 424 igituroorporali
705 352 825 424 perfecte
835 351 949 408 moritur
1001 353 1797 433 Deusdeorumbeatitudobeatorumgaudiumbeneqau-

149 449 513 531 mundoqutperieatevirat
519 451 591 508 Deo:
604 449 756 523 ingreditur
764 451 853 508 locum
863 452 948 507 taber·
1002 442 1137 515 dentium
1161 460 1244 499 unum
1259 443 1653 517 deniqueb0¹111m‚⁵umm1¹m
1674 446 1796 512 omnium

128 603 132 611 ,
149 526 241 597 annuli
258 539 434 604 admirabilis,
448 538 603 613 ingreditur
619 554 706 612 usque
723 539 879 596 eudemum
897 539 949 596 bei
1003 529 1185 588 bonorumt
1204 531 1258 589 ine
1273 532 1337 589 boui
1351 531 1493 604 propositi,
1509 532 1537 588 in
1555 532 1688 606 principio
1702 551 1798 592 ucen-

149 617 304 701 (raucum,
317 630 360 702 tii:
373 627 533 685 atomnibus
543 628 614 683 benc
627 629 814 685 etsauuudum
825 628 948 684 ordinem
1003 619 1095 686 Sionis,
1112 635 1198 693 utque
1221 622 1254 676 td
1274 620 1357 677 finem
1377 620 1729 690 ⁰m¹11⁸⁰0¹¹⁸¹111¹1¹1⁸ii0²1582
1749 625 1797 680 ⁸²·

148 716 377 790 praecedentibus,
404 717 474 772 sicut
493 715 521 771 iu
543 714 676 788 principio
695 717 818 783 diximus,
842 716 950 788 pondus
1002 710 1103 782 pientia
1122 708 1231 784 attingit
1244 708 1358 777 fortiter,
1374 710 1561 767 tortitudinem
1574 711 1749 770 ascendentis
1762 714 1798 770 ad

150 822 229 862 suum
239 804 452 877 unumquodque
462 803 552 860 delent
561 805 589 859 iu
602 806 690 861 locum
701 822 794 873 suum;
810 820 909 878 eorpus
923 806 949 861 in
1003 814 1033 854 se
1047 798 1212 864 custodiens,
1225 814 1260 854 ue
1270 797 1299 854 iu
1308 815 1427 856 ascensu
1436 798 1561 856 deficiat:
1577 801 1697 858 suaviter
1710 800 1800 874 dispo

152 893 950 965 terramdequaassumptumest,temporesuoresuacitan·
1004 903 1071 943 naus
1085 887 1174 943 omnia
1189 887 1266 960 (Sap.
1292 903 1350 954 vul,
1367 887 1404 959 ¹),
1421 896 1450 944 θῑ
1464 888 1588 959 adversa,
1605 896 1633 945 02
1655 905 1797 963 protem,

150 981 950 1055 dumetgloritieaudumspiritumadDeumquicrearitaum.
1003 977 1093 1034 omnia
1115 977 1140 1032 ei
1162 975 1192 1031 in
1206 977 1306 1032 bouum
1321 976 1480 1034 modificans
1492 986 1520 1034 et
1544 993 1725 1051 componans;
1744 979 1798 1037 do·

61 1136 65 1144 ¹
155 1073 232 1139 Ars.
259 1070 313 1126 Sed
329 1070 438 1142 quaudo
452 1070 482 1124 lit
496 1071 549 1125 iate
564 1070 691 1126 transitus
711 1071 746 1126 nd
759 1072 846 1127 Deum
859 1071 950 1128 disru-
1004 1081 1056 1120 uec
1069 1063 1401 1137 animamadpriueipium
1416 1065 1628 1133 suumreduean
1643 1075 1670 1124 et
1684 1067 1799 1124 abscon·

151 1159 207 1233 ptis
228 1159 355 1215 omuibus
392 1157 592 1230 obligamentis,
620 1160 810 1232 superatisque
825 1161 951 1218 omnihus
1004 1154 1051 1208 dat
1065 1154 1091 1208 iu
1106 1152 1267 1209 abscondito
1283 1152 1361 1209 faciei
1375 1153 1434 1211 Dei.
1447 1155 1522 1210 Scire
1536 1161 1627 1210 autam
1643 1155 1724 1212 debat
1738 1171 1798 1213 om·

147 1246 362 1319 impedimentis,
389 1247 510 1319 periente
538 1247 717 1313 beatitudine,
739 1249 854 1319 pereuni
885 1249 951 1306 dile·
1004 1243 1047 1298 ssis
1068 1242 1179 1312 sapiens
1206 1257 1344 1312 menime
1370 1243 1799 1320 ⁰⁰¹18500⁸⁸08i³d¹1⁵hl¹i¹¹⁸

150 1323 257 1402 atioue3
277 1337 442 1405 euboniam
457 1333 579 1407 perlecta
593 1337 652 1393 Deo
666 1336 791 1405 inhaeret,
800 1338 844 1394 rel
859 1339 950 1410 potius
1004 1331 1178 1398 ascensionis,
1194 1331 1329 1403 quomodo
1344 1331 1445 1406 gradus
1458 1331 1548 1398 sctlaer
1571 1342 1600 1387 ut
1613 1331 1713 1405 tibulli
1727 1332 1799 1390 affe-

151 1423 243 1482 unitur
255 1440 319 1481 rere
333 1432 428 1481 sancta
443 1423 533 1479 anima
546 1423 575 1479 iu
599 1431 682 1493 terra,
698 1434 727 1481 ut
750 1425 883 1483 alliciatur
896 1445 951 1485 uua
1003 1430 1063 1478 ctus
1076 1420 1121 1476 isti
1135 1420 1189 1476 suis
1200 1426 1303 1477 tantum
1313 1419 1490 1492 temporibus,
1503 1428 1530 1476 et
1540 1435 1595 1476 nou
1610 1420 1663 1476 alio
1674 1431 1799 1493 tempore

151 1528 185 1588 ex
199 1511 263 1582 illis,
275 1512 372 1585 quibus
387 1511 470 1570 dixit:
488 1515 542 1586 Epo
555 1511 629 1583 diei,
640 1513 769 1579 dilectis,
785 1520 813 1572 et
825 1517 883 1585 ntia
896 1519 949 1573 lta-
1003 1511 1057 1566 sint
1071 1508 1227 1568 necessarii.
1254 1509 1341 1565 Habet
1360 1508 1460 1581 quippe
1484 1507 1670 1581 unusquisque
1685 1508 1802 1566 atieema

150 1602 220 1666 celei
228 1617 324 1659 omnes
333 1600 421 1674 (Prot.
432 1615 535 1670 cxxxi,
550 1602 589 1672 6).
606 1601 656 1659 llic
669 1601 785 1660 cattinis
799 1607 949 1678 eorumqui
965 1581 987 1659 Β
1002 1599 1030 1655 iu
1044 1614 1173 1655 ascensus
1191 1596 1287 1653 ordine
1301 1603 1409 1668 tempas
1431 1603 1459 1652 et
1472 1596 1561 1653 locum
1574 1613 1664 1666 suum,
1680 1613 1734 1670 quo
1748 1613 1799 1655 co-

149 1689 468 1763 proponuutlerusalem
481 1689 654 1761 inprincipio
669 1690 845 1768 laetitinesauae
858 1693 947 1766 (Prot.
1002 1686 1177 1760 operantibus
1191 1685 1249 1742 aliis
1263 1684 1407 1741 affectibus
1429 1701 1491 1741 sues
1505 1685 1592 1742 valeat
1606 1695 1699 1758 partes
1721 1685 1800 1743 solli-

149 1778 325 1850 uxuv1‚t);
341 1778 609 1851 quosuuctiosaucti
623 1778 827 1851 Spirituadocet
841 1781 876 1838 de
891 1797 948 1839 oin·
1003 1776 1082 1833 eitius
1105 1775 1235 1848 exseq1d3
1264 1775 1313 1830 sed
1348 1789 1444 1830 omnes
1469 1780 1561 1830 tamen
1593 1773 1646 1830 tibi
1681 1790 1799 1841 tom!-

151 1865 231 1925 nibus
245 1867 272 1938 (l
287 1868 369 1925 toan.
383 1882 415 1932 ιι,
430 1866 493 1939 ii);
510 1867 554 1939 qui
567 1867 744 1925 ascensiones
757 1868 787 1924 iu
801 1871 883 1928 eorda
898 1888 948 1929 auo
1002 1872 1065 1920 runi
1088 1872 1116 1919 ei
1138 1871 1329 1934 cooperantur.
1346 1872 1374 1919 0²
1392 1861 1573 1934 praerauiuut,
1589 1870 1618 1918 θῑ
1631 1871 1800 1936 “libitumst

151 1954 290 2027 sapienter
303 1954 495 2025 disponuutde
509 1955 646 2012 virtuteiu
660 1956 798 2022 mitatem,
809 1959 898 2016 donea
912 1961 948 2020 ri·
1003 1962 1031 2014 et
1044 1971 1117 2028 saepe
1141 1956 1208 2011 irunt
1226 1952 1306 2025 primi
1330 1952 1478 2019 nodasirni,
1494 1960 1523 2008 at
1546 1951 1684 2008 novissimi
1706 1950 1799 2026 primi.

151 2048 1799 2086 m

517 2130 588 2245 ΙΝ
642 2129 926 2250 CANTlCl
983 2126 1437 2249 CANTICORUM

699 2312 903 2404 aaroni
938 2313 1048 2405 nuo
1074 2308 1269 2404 cirrra

55 2422 61 2436 ’
156 2379 161 2568 ἶ
312 2473 720 2635 anavus
804 2429 1768 2634 connanrarro

604 2684 658 2741 Ex
675 2684 704 2740 S.
724 2685 899 2743 osannam
913 2686 1129 2744 sennonteus
1143 2682 1341 2748 CONTEXTA,

741 2789 785 2830 bat
803 2788 841 2830 bit
861 2791 983 2831 natasset
1002 2790 1091 2833 surb
1109 2788 1221 2831 aaoals.

736 2903 823 2964 ²⁰²
842 2869 1222 3032 iliande.

193 3063 317 3136 Sequens
327 3061 469 3136 expositio
475 3062 508 3117 in
516 3062 616 3136 priora
625 3062 679 3120 dno
685 3064 784 3137 capita
795 3066 910 3123 Cantici
916 3068 1095 3123 cantieorum
1101 3082 1137 3125 en
1147 3064 1241 3122 radice
1248 3064 1375 3122 bunensi
1384 3079 1402 3118 a
1410 3063 1490 3120 nobie
1499 3064 1615 3136 ramata
1623 3070 1664 3122 eet
1673 3065 1705 3121 in
1717 3076 1801 3140 anper

153 3132 228 3188 riori
238 3134 373 3201 editione,
380 3134 555 3190 etliernarali
560 3134 593 3188 in
605 3135 725 3191 Cantica
735 3136 917 3193 stratonibus
925 3137 977 3194 aab
985 3140 1079 3194 'ancta
1088 3141 1224 3210 tanquam
1233 3137 1532 3208 penninarm‘ussetne,
1539 3150 1620 3206 quem
1631 3134 1801 3193 caraunus

153 3205 254 3286 Sancti
267 3204 428 3286 Theoderici
437 3204 519 3261 abbae
529 3204 718 3276 mammaeae
728 3208 760 3263 in
770 3208 834 3264 tibi
844 3209 877 3264 dc
888 3211 949 3281 ejus
964 3157 1302 3279 denominationem
1312 3227 1322 3262 .·
1334 3206 1449 3278 «ltaque
1461 3210 1529 3261 tuna
1540 3207 1672 3262 dicernit
1681 3207 1756 3262 milri
1766 3207 1801 3263 de

153 3275 269 3359 Cpntaca
284 3279 471 3360 canticoram,
484 3280 624 3360 quantum
634 3281 747 3360 tempus
756 3278 1023 3350 illudinfirmitatie
1035 3295 1106 3336 meoe
1115 3280 1188 3341 milit
1198 3277 1498 3362 perenieit‚·mor·aliter
1508 3278 1800 3342 tantomintermae·

152 3346 1800 3503 nttnttntitttnttillatettanlittitttttcttttttnnatantianatantia:

93 3551 95 3554 y
155 3488 864 3561 Qnibarnerbiaipsammeteapoeitionemandicari
874 3493 1181 3549 tananobienirameat.
1199 3488 1799 3560 Verumrenitentiueexpenaanititutiud

151 3574 210 3617 aare
219 3560 431 3629 existeremus,
441 3576 526 3633 quam
536 3560 615 3617 breue
624 3562 824 3634 compendium
830 3564 961 3634 priorum
972 3566 1001 3618 sl
1016 3562 1154 3619 bernardi
1164 3575 1327 3620 ammonam
1336 3561 1369 3616 in
1380 3559 1510 3626 Cantica,
1526 3558 1672 3633 eamdam
1687 3560 1800 3618 bomine

150 3629 276 3692 sautum
290 3633 318 3688 et
329 3633 375 3702 pio
386 3632 601 3687 conmeantum.
621 3632 783 3700 Quamnam
798 3632 929 3704 deaipnat
944 3633 1120 3700 Gaillelmaa,
1131 3635 1192 3705 ipso
1203 3648 1259 3689 esse
1273 3631 1453 3704 videturque
1467 3630 1582 3701 eubejua
1596 3632 1711 3686 nomine
1720 3629 1799 3687 edita

151 3699 240 3756 estin
251 3700 556 3758 tomolVBibliotlreeae
567 3701 774 3759 Cisteraienais:
786 3702 1011 3762 ubiattendenda
1022 3703 1351 3776 suntl’rarsationislroec
1362 3700 1458 3758 uerba:
1476 3723 1487 3752 ι
1504 3702 1671 3758 Nonaatem
1678 3704 1799 3773 prosun-

151 3769 234 3826 diora
244 3769 297 3826 illa
305 3772 452 3842 mysteria,
479 3787 524 3826 aaa
534 3770 566 3825 in
576 3775 811 3842 cocontinentur,
823 3776 1040 3831 attentamuede
1052 3774 1160 3832 canere
1169 3773 1344 3840 alliamenta·
1354 3770 1624 3830 sedcobibentesnor
1633 3771 1715 3827 intra
1723 3787 1796 3828 noe..

151 3856 268 3897 aeneum
293 3844 453 3896 mntnmma
505 3843 643 3897 moralem
666 3841 789 3915 aliquem
804 3845 1034 3917 peretrinpimna.
1058 3846 1155 3913 »Qraoe
1172 3846 1254 3902 aerbo
1279 3849 1354 3902 recte
1363 3845 1518 3916 praemiaeir
1532 3860 1568 3900 ea
1584 3843 1646 3898 Vita
1660 3843 1799 3898 liemardi

150 3912 338 3975 conueniunt,
348 3927 415 3967 cana
425 3914 468 3968 ait
479 3912 646 3969 Gaitlelmua
656 3929 711 3970 eea
721 3915 866 3972 bernardo
875 3916 1080 3986 emporitionem
1090 3915 1249 3973 indantica
1258 3917 1373 3987 petiisse
1384 3936 1395 3964 ι
1407 3915 1557 3970 moraliter
1567 3916 1693 3979 tantam,
1704 3916 1798 3972 inter-

149 3980 249 4039 miaeis
266 3982 411 4054 mysteriis
422 3982 579 4054 Scriptura
587 3983 703 4041 illias.»
720 3987 929 4045 lloecrationos
939 3989 1038 4050 mouit,
1048 3992 1081 4042 at
1094 4004 1123 4045 re
1142 3991 1281 4044 uenteme
1321 3985 1473 4043 nationem
1482 3985 1560 4041 inter
1575 3984 1752 4042 Cotbctanea
1761 4000 1799 4040 ea

150 4050 292 4110 bernmdi
307 4051 435 4136 operibns
444 4053 525 4124 sacta
532 4055 714 4137 referremus,
726 4059 754 4111 et
764 4056 874 4129 qnidam
881 4061 946 4129 past
955 4057 1112 4142 superiores
1122 4005 1190 4114 duos
1202 4057 1277 4115 Gnitl
1303 4055 1345 4112 mi
1355 4056 1450 4124 librar,
1470 4053 1569 4129 quibus
1584 4054 1738 4127 subjicitor
1747 4053 1798 4111 aab

149 4122 268 4179 nomine
287 4127 381 4179 eanctr
400 4122 540 4181 Bernarde
557 4124 591 4179 in
602 4124 695 4184 cadiae
714 4127 857 4184 bunensi:
873 4127 921 4183 ani
943 4128 1092 4186 Goellalmo
1113 4127 1214 4202 siquis
1233 4128 1322 4185 etiam
1341 4130 1502 4201 sequentem
1529 4125 1799 4183 commentationem

149 4192 275 4252 tribum
284 4193 363 4262 velit,
379 4210 439 4251 non
452 4193 685 4268 repaqnabimaa:
700 4197 838 4256 mammn
850 4214 915 4254 cnm
930 4200 1021 4271 siplae
1037 4203 1098 4269 ejna
1112 4202 1182 4256 eain
1192 4200 1229 4254 ad
1244 4199 1389 4257 Guillelnn'
1404 4197 1510 4270 stylum
1527 4197 1654 4254 maedat.

184 4322 271 4385 m
296 4331 321 4382 l.
345 4326 412 4384 Tres
435 4335 498 4384 suut
511 4333 597 4384 status
609 4328 710 4386 amoris
723 4328 775 4386 Dei
802 4331 830 4386 in
854 4332 947 4388 anima
1001 4336 1036 4390 st
1050 4331 1124 4402 atui,
1137 4335 1218 4391 lianc
1233 4333 1304 4405 capi
1316 4330 1403 4404 (Prot.
1420 4345 1517 4399 auuvr,
1538 4330 1594 4402 lt).
1609 4326 1716 4386 Prirom
1727 4330 1800 4409 adeo

147 4415 303 4475 christiana.
329 4415 444 4487 Pdmus,
462 4416 595 4474 sensualis
618 4417 660 4475 uel
681 4417 822 4491 animalia;
845 4435 946 4495 smnu-
1000 4420 1152 4479 delectatur
1170 4421 1199 4477 iu
1212 4418 1442 4492 contemplatione
1468 4427 1497 4476 et
1511 4418 1655 4476 dulcedine
1669 4418 1796 4475 humaui·

146 4505 207 4575 dus,
224 4503 377 4576 rationalis;
397 4506 503 4578 tertius,
521 4505 670 4578 spiritualis
684 4507 727 4565 rel
743 4506 943 4566 intellectualis.
1000 4510 1062 4567 tatia
1075 4509 1183 4577 Christi,
1200 4516 1229 4565 ut
1252 4507 1350 4566 merito
1364 4508 1403 4564 eis
1426 4505 1497 4564 dieat
1512 4506 1650 4565 Christus:
1673 4505 1798 4581 Expedit

146 4594 185 4650 lle
201 4594 300 4669 quibus
313 4595 444 4653 Dominus
458 4594 663 4668 inlivauqalio:
679 4597 784 4672 Diliqer
793 4597 945 4657 murinam
999 4601 1073 4658 colis
1087 4605 1175 4674 alapa
1185 4598 1286 4657 vadam
1295 4598 1388 4672 (lacn.
1404 4612 1464 4664 avr,
1475 4598 1514 4669 7).
1527 4595 1667 4653 Secundus
1676 4610 1726 4653 eor
1737 4597 1795 4667 jam

146 4684 372 4758 Denmtaomea
382 4685 531 4743 totocorde
541 4689 640 4752 tanet
652 4700 689 4742 aa
699 4689 760 4744 tota
770 4686 870 4745 anima
880 4693 944 4758 tua,
999 4690 1080 4746 babet
1094 4689 1203 4755 ardens,
1218 4687 1267 4744 aad
1282 4685 1353 4744 oculi
1367 4682 1427 4758 ejus
1439 4687 1527 4743 adbuc
1541 4692 1677 4752 tenentur,
1692 4684 1795 4741 cumei

144 4775 173 4828 et
187 4788 224 4827 ea
234 4775 294 4831 tota
305 4773 412 4831 virtute
432 4777 486 4830 tao
500 4770 610 4846 (natet.
627 4788 699 4840 ιιιιι,
715 4773 771 4849 37).
787 4776 896 4833 Primus
909 4777 944 4833 si·
996 4775 1116 4849 loquitur
1131 4775 1266 4842 Christus,
1282 4773 1332 4831 sed
1347 4773 1375 4829 iu
1389 4773 1442 4842 ria,
1456 4781 1486 4831 et
1499 4773 1586 4846 aperit
1599 4771 1625 4829 ei
1639 4771 1797 4845 Scripturas

143 4859 286 4935 guitioatur
299 4859 327 4915 ia
340 4862 430 4928 corde,
447 4860 475 4917 id
494 4869 536 4918 est
557 4860 586 4917 iu
600 4861 730 4933 particula
745 4862 860 4922 infirma
882 4881 942 4922 car·
996 4866 1072 4939 (suc.
1102 4880 1183 4932 xxiv,
1200 4864 1309 4937 {5-32).
1333 4863 1441 4921 Tertius
1453 4863 1510 4937 jam
1532 4871 1588 4920 tota
1602 4861 1700 4920 {iduma
1719 4861 1794 4930 dicit,

142 4950 195 5019 uis,
210 4956 324 5022 propter
338 4950 412 5023 pium
433 4949 506 5009 eirea
519 4949 714 5008 humanitatem
729 4952 877 5011 salvatoris
899 4953 941 5009 al·
996 4956 1061 5013 Etsi
1072 4950 1518 5012 novimurdirirtamseeandum
1527 4950 1707 5020 connumera
1716 4968 1794 5009 nanc

141 5039 261 5106 lectum:
287 5039 431 5097 secundus>
447 5039 475 5095 iu
489 5040 600 5107 anima,
617 5054 672 5114 quo
692 5042 749 5111 jam
767 5041 872 5113 primm
895 5041 941 5099 iile
990 5044 1054 5114 jam
1065 5057 1122 5099 non
1135 5043 1266 5100 nouimus
1279 5041 1318 5114 (ll
1326 5042 1387 5099 Cor.
1404 5057 1432 5108 r,
1450 5043 1514 5114 rep:
1531 5039 1604 5115 quod
1619 5055 1795 5114 naquaquam

140 5144 217 5186 amor
240 5129 376 5186 animatur
403 5137 431 5186 et
450 5127 616 5197 vivificatum
645 5144 708 5186 cum
729 5129 786 5198 iam
811 5129 940 5202 mysteria
993 5129 1103 5202 primus,
1120 5136 1148 5188 et
1161 5129 1206 5187 rix
1220 5138 1311 5204 potest
1336 5129 1429 5188 dicere
1452 5130 1599 5187 secundus.
1624 5127 1704 5200 Quod
1718 5128 1794 5188 mim

138 5217 205 5288 fidei
222 5228 264 5283 ,et
288 5223 524 5286 sacramentorum
551 5218 679 5277 rinutmu
708 5217 802 5274 bamili
834 5218 939 5292 pietate
992 5219 1107 5291 apostoli
1121 5218 1149 5276 in
1175 5219 1310 5293 corporali
1325 5220 1433 5277 Domini
1459 5218 1604 5292 prasentia
1622 5218 1696 5291 passi
1718 5227 1791 5277 suut.

138 5314 291 5368 acmtatur:
309 5308 414 5375 tertius,
431 5306 460 5363 ia
478 5309 607 5382 omnbus
621 5305 744 5378 viridam
758 5306 823 5382 quia
843 5307 871 5363 iu
886 5308 939 5364 boc
992 5308 1044 5365 boe
1057 5307 1100 5365 isti
1115 5308 1253 5388 patiuntur
1266 5309 1295 5366 in
1314 5307 1432 5384 quadam
1446 5308 1491 5381 pia
1506 5307 1606 5364 mentis
1629 5323 1688 5372 suta¹
1699 5308 1792 5382 pbau-

53 5405 57 5412 '
136 5395 233 5468 gradu,
258 5405 498 5472 quantumcunque
522 5396 682 5472 proieceris,
707 5395 933 5472 dicere-poteris,
992 5396 1060 5452 tesia
1088 5397 1122 5454 de
1149 5397 1323 5455 humanitatis
1342 5396 1442 5454 Christi
1466 5396 1623 5455 dulcissima
1647 5395 1790 5478 memoria,
