3706 5962
126 200 194 269 tato

157 332 306 391 Obeatum
329 331 495 389 incendium.

123 425 155 477 Et
164 423 260 478 ardeus
272 419 452 478 desideriuml

122 511 146 567 0
160 511 238 566 dulce
253 509 433 580 refrigerium,

122 603 219 654 Amare
234 600 282 654 oei
299 598 392 654 Filium
410 600 417 651 l

155 690 231 753 lesu,
246 688 297 743 llos
313 706 338 742 m
349 690 404 741 tris
427 686 541 759 virginis

116 777 201 831 Amor
215 786 314 832 nostrae
329 776 489 840 dulcedinis,
581 841 583 845 Ι

117 866 177 920 Tibi
193 867 260 932 laus,
277 868 363 922 bonor
374 866 502 929 numinis,

118 955 238 1026 Regnum
255 954 436 1022 beatitudinis,

156 1041 230 1106 Veni,
243 1041 314 1106 verri,
327 1044 385 1097 Rex
400 1041 510 1112 optime,

121 1131 199 1185 Pater
212 1129 349 1185 immensae
364 1129 470 1202 gloriae,

118 1217 229 1289 Allulge
244 1218 325 1273 menti
340 1216 449 1284 clarius,

119 1309 178 1363 tam
194 1317 366 1380 exspectatus
380 1309 488 1378 sapius.

151 1398 216 1453 tesu
232 1397 288 1451 sule
303 1397 433 1463 serenior,

118 1486 150 1539 Et
162 1484 282 1541 balsamo
298 1484 414 1552 suavior,

64 1587 66 1591 ·
119 1573 199 1629 Omni
213 1571 323 1629 dulcore
333 1571 433 1629 dulcior

115 1661 227 1718 Gestaris
239 1661 387 1716 amabilior.

150 1752 236 1821 Cujus
250 1757 344 1823 gustus
359 1749 398 1805 sic
411 1747 504 1819 allicit,

116 1840 202 1907 cujus
217 1841 285 1895 odor
298 1838 338 1892 sic
352 1837 447 1908 reiicit,

116 1927 145 1979 ln
162 1940 216 1997 quo
231 1940 291 1980 mea
304 1941 380 1979 mens
398 1926 498 1989 delicit,
592 1987 596 1993 ¹

116 2015 196 2068 Solus
214 2013 313 2068 amanti
327 2011 435 2068 sullicit.

807 205 899 266 Vdel
918 208 1079 272 ufltrflttt.

717 330 755 385 Tu
772 332 869 386 mentis
879 330 1032 401 delectati0,

681 420 992 478 Amoriscousummatio
1010 442 1017 490 ;

680 508 720 562 Tu
733 524 793 562 mea
807 510 942 582 gloriatio,

678 597 743 651 Jesu
759 597 853 651 ntundi
869 598 991 655 salvatio.
1072 654 1076 661 ,

716 686 748 739 ttli
765 686 871 752 dilecte,
888 697 1031 752 revortere,

679 773 797 829 Consors
807 777 1048 845 patcmaedextcrae
1060 794 1066 831 :

679 861 787 916 Hostem
808 864 893 918 uicisti
907 857 1046 935 prospere,

677 949 736 1002 tam
747 951 809 1003 emti
823 967 907 1021 regno
918 951 1017 1008 fruere.

714 1036 816 1109 Sequar
828 1046 853 1094 te
865 1055 976 1112 quoquo
993 1041 1068 1107 ieris,

678 1125 740 1179 tlibi
757 1127 813 1182 tolti
830 1144 882 1184 nort
903 1129 1013 1201 poteris,

677 1212 747 1267 Cum
761 1230 852 1270 mcum
866 1231 913 1272 ror
926 1216 1080 1283 abstuleris,

679 1300 744 1356 lesu
760 1302 820 1360 taus
835 1305 919 1361 nostri
932 1305 1052 1377 generis,

712 1394 781 1450 Ceti
795 1392 877 1458 cives,
892 1391 1033 1457 occurrite,

678 1485 882 1540 Portasvestras
896 1478 1004 1536 attollite

679 1567 877 1642 Triumpttatori
897 1566 985 1632 dicite,

677 1661 744 1724 dre,
754 1660 819 1713 lesu
833 1673 880 1711 rex
900 1655 1008 1726 inclyte.

692 1749 770 1803 ‘Rex
783 1748 921 1811 virtutum,
938 1760 984 1799 rex
1000 1744 1102 1813 glories,

677 1840 732 1893 Rex
748 1835 861 1906 insignis
876 1831 1004 1895 victorias,

674 1925 739 1978 lesu
755 1922 865 1993 largitor
876 1919 973 1985 venia,

674 2009 893 2066 lionorcoetcstts
909 2007 1011 2077 petria»,

784 2140 1095 2172 -woe—

1275 335 1315 389 Tu
1329 331 1388 388 lons
1401 333 1610 402 misedoortire,

1239 421 1280 475 Tu
1294 437 1366 476 veras
1382 421 1472 477 lumen
1486 423 1582 494 patriae
1596 441 1605 478 :

1240 508 1311 563 Pelle
1321 510 1421 564 nubem
1435 510 1562 578 tristitiae,

1238 598 1312 653 Dans
1322 598 1399 654 nubis
1413 598 1500 655 luceru
1512 602 1624 673 gtorie.

1205 690 1208 694 ’
1273 687 1311 742 Tc
1326 687 1386 742 euti
1401 688 1503 744 cborns
1518 690 1664 759 praedicat,

1237 774 1269 829 Et
1285 784 1343 830 tuas
1354 775 1447 830 laudes
1458 778 1572 848 replicat
1585 797 1592 831 :

1236 863 1316 919 Jesus
1330 866 1423 919 orbem
1436 864 1564 934 laetiticat,

1238 951 1270 1007 Et
1283 966 1333 1006 nus
1345 953 1403 1009 Deo
1419 953 1549 1023 pacificat.

1271 1041 1351 1094 tesns
1363 1041 1389 1094 iu
1409 1056 1473 1113 paee
1487 1044 1616 1113 imperat,

1236 1125 1303 1195 Quae
1318 1143 1425 1184 omnem
1438 1145 1549 1186 sensum
1564 1142 1681 1204 superat
1697 1151 1704 1186 :

1238 1216 1310 1271 itanc
1325 1232 1383 1273 mea
1398 1234 1475 1273 nuens
1489 1219 1645 1286 clauderet,

1236 1305 1269 1360 Et
1283 1320 1315 1359 ea
1326 1305 1379 1361 trui
1393 1319 1532 1378 properat.

1270 1393 1351 1449 iesus
1363 1397 1396 1449 ad
1410 1397 1515 1452 Patrem
1531 1397 1628 1464 rediit,

1235 1479 1350 1538 Coelcste
1364 1498 1477 1556 regnum
1490 1485 1572 1541 subiit
1592 1504 1600 1540 ε

1235 1570 1389 1626 cormeum
1406 1586 1476 1628 sme
1490 1574 1614 1641 transiit,

1235 1657 1299 1713 Post
1312 1659 1404 1713 Jesurn
1415 1660 1495 1714 simul
1504 1663 1586 1717 abiit.

1272 1746 1355 1811 Quem
1365 1762 1561 1818 prosequamur
1576 1751 1716 1817 laudibus,

1235 1833 1320 1903 Votis,
1342 1834 1458 1907 hymnis,
1471 1845 1498 1892 et
1516 1839 1674 1907 precibus:

1233 1921 1267 1976 Ut
1282 1938 1332 1977 nos
1345 1923 1429 1980 donet
1442 1925 1616 1993 crelestibus,

1232 2010 1329 2066 Secum
1346 2011 1448 2082 pertrui
1460 2013 1586 2069 sedibus.
1595 2018 1698 2072 limen.

117 2377 342 2444 antandron
375 2375 518 2441 canuto
541 2376 595 2438 at)
626 2375 733 2439 ttttttu
757 2374 977 2448 Qooottssttt
1010 2374 1263 2440 uaussaotttttt
1303 2376 1456 2442 CHRISTl
1485 2380 1696 2447 eartaurts
1720 2385 1764 2448 ET

718 2494 743 2554 Α
773 2491 900 2556 CRUCE
930 2491 1156 2555 PENDENTIS.

708 2715 803 2785 Plagae
816 2721 876 2770 tuas
890 2712 1063 2780 rubicundas,

670 2803 702 2858 Et
717 2802 817 2859 liuuras
827 2811 881 2858 tam
895 2802 1051 2875 profundas,

669 2893 751 2948 Cordi
765 2908 825 2948 meo
838 2892 881 2950 tac
894 2891 1016 2961 inscribi,

670 2981 703 3036 Ut
718 2980 838 3053 configar
852 2989 926 3038 totus
939 2979 997 3044 tibi,

666 3070 703 3124 Tc
715 3071 801 3127 modis
813 3086 906 3126 amans
918 3072 1052 3128 omnibus.

701 3156 793 3211 Dulcis
806 3158 880 3223 lesu,
898 3159 941 3228 pie
955 3159 1037 3223 Deus,

664 3244 705 3297 ad
721 3251 747 3300 te
760 3244 848 3301 clamo
863 3246 924 3303 licet
941 3263 1006 3303 reus
1023 3264 1029 3301 :

663 3331 757 3387 Praebc
772 3333 837 3389 milti
854 3342 880 3390 te
893 3333 1050 3406 benignum,

104 3409 161 3463 imo
177 3416 203 3465 te
218 3417 377 3481 praeseutem
391 3409 482 3464 credo.
662 3420 703 3475 Nc
723 3422 840 3492 repellas
854 3439 897 3477 mc
912 3422 1050 3494 indiguum

102 3500 216 3566 uquam
231 3497 359 3553 mundum
369 3496 413 3552 hic
423 3506 448 3551 te
462 3494 561 3551 cerno!
662 3510 700 3563 tte
712 3509 765 3563 tuis
778 3511 877 3567 sanctis
891 3510 1016 3583 pedibus.

104 3586 176 3640 Eceo
191 3585 236 3642 tibi
253 3601 295 3642 mc
309 3594 449 3657 prosterno
466 3603 473 3641 ί
696 3599 797 3653 Coram
811 3614 893 3656 cruce
908 3601 1137 3670 procumbentem,

104 3672 147 3726 Sis
162 3671 248 3728 tacitis
262 3673 419 3729 adveniam.
661 3683 768 3756 Hosque
783 3686 865 3756 pedes
880 3689 1111 3760 complectentem,

137 3761 234 3818 Clavus
249 3761 356 3833 pedum,
373 3762 465 3835 plagas
479 3762 573 3816 duras·
660 3772 722 3828 lesu
736 3776 818 3841 boue,
833 3790 944 3833 nonme
961 3792 1084 3845 spernas,

100 3850 135 3906 Et
145 3858 196 3904 tam
205 3865 302 3922 graves
311 3850 491 3923 impressuras
663 3859 717 3916 Sed
731 3862 766 3918 de
782 3878 863 3920 cruce
878 3872 972 3922 sancta
985 3879 1077 3921 cernas

106 3936 321 4005 circumplector
334 3952 393 3991 cum
407 3937 512 4002 affectu,
660 3949 859 4021 Cempussienis
873 3952 969 4024 gretia.

106 4023 164 4078 Tuo
183 4038 285 4094 pavens
298 4023 325 4078 in
344 4032 463 4094 aspectu,
696 4036 725 4091 ln
740 4039 792 4092 bac
805 4054 884 4093 cruce
902 4038 1099 4104 stausdirecte,

104 4111 222 4167 Tuorum
238 4112 500 4169 memorvulnerum.
662 4121 794 4191 videme,
810 4139 827 4180 0
841 4126 877 4180 mi
888 4126 993 4194 dilecte,

138 4200 235 4256 Grates
253 4208 334 4256 tanta
358 4200 490 4269 charitati,
664 4212 707 4267 Ad
723 4223 748 4269 te
763 4219 847 4269 tetum
863 4230 906 4270 me
923 4223 1066 4275 converte;

103 4289 159 4344 Nos
169 4305 281 4360 agamus
290 4289 431 4346 vulnerati.
660 4301 726 4356 Esto
744 4316 837 4371 sanus,
853 4303 897 4359 dic
908 4312 1009 4374 aperte,

109 4376 247 4433 Oamator
261 4387 441 4448 peccatorum,
664 4389 778 4447 Dimitte
792 4392 840 4446 tibi
852 4393 951 4450 omnia.

108 4464 257 4536 Reparatur
269 4467 468 4522 contractorum
482 4483 489 4520 :

105 4552 127 4607 0
143 4552 228 4608 dulcis
242 4564 320 4626 pater
334 4570 482 4626 pauperum
498 4554 504 4610 t

141 4638 275 4713 Quidquid
286 4650 328 4697 est
337 4643 364 4696 iu
378 4658 422 4699 rue
431 4644 596 4700 contractum
661 4650 754 4717 Salve,
770 4653 843 4725 Jesu,
864 4672 910 4712 rex
923 4667 1086 4727 sanctorum,

98 4727 272 4800 Dissipatum,
288 4730 505 4793 sutdistractum.
665 4738 733 4809 Spes
744 4741 835 4797 votiva
849 4755 1026 4814 peccatorum,

102 4817 192 4872 Dulcis
205 4817 279 4887 lesu,
297 4827 380 4874 totum
395 4835 469 4886 sana,
664 4826 756 4883 Crucis
768 4828 842 4903 liguo
856 4841 980 4906 anonam
996 4852 1059 4893 rous
1222 4838 1274 4892 Sed
1291 4840 1374 4894 sulter
1384 4849 1412 4894 et
1425 4840 1574 4896 dissimula.

663 4914 877 4976 Pendeosltomo
896 4938 975 4981 varus
988 4926 1072 4992 Deus,
1255 4927 1312 4983 ttoc
1325 4929 1397 4999 quod
1411 4944 1464 5000 ago
1477 4942 1531 4985 nou
1541 4938 1568 4985 te
1580 4940 1690 5004 gravet,

661 5003 775 5061 Caducis
789 5018 888 5066 nutans
904 5014 1029 5087 genibus.
1219 5014 1272 5071 Sed
1284 5031 1327 5071 me
1342 5027 1419 5073 sanet
1433 5023 1461 5073 et
1478 5033 1522 5073 me
1536 5019 1610 5073 lavet

695 5093 813 5166 Oquam
828 5100 951 5173 paupert
966 5117 983 5158 o
996 5121 1076 5175 quam
1091 5106 1187 5164 nudus!
1220 5101 1388 5174 lnquinatum
1403 5113 1582 5177 etaegrutum,

658 5184 753 5251 Qualis
771 5196 813 5242 cst
823 5187 849 5243 iu
864 5206 945 5249 cruce
959 5193 1038 5249 ludus
1065 5258 1070 5265 ‚
1222 5193 1339 5266 Sanguis
1352 5194 1439 5251 bueus
1449 5194 1492 5250 bic
1505 5210 1555 5265 per
1562 5203 1661 5260 totum,

661 5270 819 5330 Derisomm
834 5284 906 5335 totus
919 5282 1013 5350 lactus,
1220 5280 1252 5338 Ut
1265 5298 1320 5341 uon
1331 5285 1446 5355 supersit
1459 5285 1575 5340 macuta.

656 5359 759 5432 Sponte
774 5374 871 5434 umen,
886 5382 1070 5438 noueoactus,
1248 5372 1625 5441 lubaccrucetecruentum,

652 5449 768 5509 attritus
780 5456 1069 5521 membrisomuibust
1214 5461 1254 5518 Te
1266 5469 1485 5534 contemptumet
1495 5461 1656 5529 distentum,

1267 2714 1382 2784 Sanguis
1391 2723 1455 2771 tuus
1469 2719 1654 2789 abundanter,

1233 2802 1330 2871 Fusus,
1341 2803 1400 2858 fluit
1413 2804 1590 2876 incessanter,

1231 2889 1316 2945 Tutus
1331 2892 1433 2948 lotusin
1447 2909 1555 2964 cruore,

1230 2977 1291 3032 Stas
1303 2979 1331 3034 in
1347 2981 1462 3037 tuaximo
1475 2982 1580 3053 dolore,

1227 3066 1440 3124 Praecinctusrili
1456 3072 1585 3141 tegmine.

1259 3156 1282 3210 0
1296 3157 1420 3224 Maiestas
1432 3158 1536 3214 inlinita
1551 3158 1558 3215 l

1221 3240 1244 3296 0
1260 3254 1368 3314 egestas
1383 3245 1501 3301 inaudita
1518 3247 1526 3300 l

1227 3331 1294 3401 Quis
1309 3350 1359 3403 pru
1371 3342 1443 3388 tanta
1458 3335 1598 3403 charitate,

1220 3421 1328 3486 Quaerit
1340 3431 1365 3476 te
1379 3423 1406 3476 in
1421 3423 1543 3490 veritate,

1225 3508 1296 3564 Dans
1310 3511 1468 3582 sauguinem
1477 3527 1528 3581 pro
1544 3516 1708 3586 sanguinei

1258 3592 1330 3663 Quid
1343 3611 1405 3653 sum
1423 3599 1471 3653 tibi
1485 3613 1683 3669 responsurus,

1219 3684 1288 3738 Actu
1303 3685 1374 3751 uitis,
1391 3687 1590 3744 cordcdurus?

1219 3771 1289 3841 Quid
1309 3777 1454 3845 rependam
1466 3780 1593 3843 amatori,

1220 3860 1272 3928 Qui
1283 3860 1363 3934 clegit
1372 3879 1421 3935 pro
1434 3881 1478 3920 me
1490 3868 1572 3932 mori,

1222 3951 1262 4004 Ne
1275 3950 1355 4023 dupla
1369 3963 1456 4011 morte
1466 3971 1587 4014 morerer
1601 3958 1616 4013 l

252 2753 341 2812 ⁹⁰⁰
354 2770 391 2810 au
400 2768 498 2810 nunes.

111 2881 201 2950 Salve,
217 2881 310 2935 tuuudi
323 2880 438 2936 satutme
454 2900 460 2934 r

110 2971 200 3038 Salve,
216 2969 300 3041 salve,
313 2971 379 3024 lesu
392 2968 483 3035 citare,

108 3058 189 3113 Cruci
204 3064 256 3111 tuae
269 3073 313 3111 me
327 3066 418 3124 aptare

109 3143 211 3198 Vellem
227 3159 300 3212 tere,
318 3152 344 3197 tu
359 3141 412 3196 scis
422 3156 505 3212 quare

111 3233 148 3286 Du
160 3231 225 3286 mibi
241 3231 276 3286 tui
292 3232 406 3301 copiam.

139 3320 180 3376 Ac
194 3320 218 3375 si
235 3334 354 3391 praesens
367 3320 405 3375 sis
418 3321 528 3383 accedo,

1254 4042 1339 4096 Amor
1352 4050 1414 4098 tuus
1426 4044 1601 4111 amorfortis,

1220 4125 1305 4195 Quem
1317 4134 1487 4188 convincunt
1497 4134 1560 4201 jnra
1574 4136 1677 4190 mortis
1694 4155 1701 4189 :

1222 4217 1246 4274 0
1260 4232 1340 4291 quam
1355 4219 1398 4289 pia
1412 4235 1455 4275 me
1469 4221 1520 4277 sub
1534 4236 1611 4289 cura,

1221 4306 1278 4376 Trea
1287 4307 1363 4363 loves
1377 4309 1404 4364 in
1418 4324 1554 4379 pressura,

1220 4395 1259 4450 Ne
1273 4411 1365 4452 morsu
1380 4399 1475 4454 mortis
1483 4398 1611 4454 vulnerer
1628 4398 1635 4454 l

1255 4486 1323 4539 Erre
1337 4493 1383 4543 tuo
1397 4503 1453 4558 prae
1465 4503 1568 4554 amore,

1219 4572 1256 4626 Tc
1274 4575 1440 4646 complector
1452 4592 1514 4632 eum
1525 4576 1627 4634 rubore
1640 4595 1648 4631 r

1220 4662 1263 4715 lle
1277 4671 1372 4734 coapta
1385 4663 1536 4737 diligenter,

1220 4750 1261 4804 Tu
1276 4751 1330 4806 scis
1345 4767 1452 4807 causam
1462 4752 1609 4817 euidenter,

857 4547 896 4587 att
903 4547 1009 4591 eruut.

99 4905 139 4960 Tu
151 4913 284 4973 restaura,
300 4917 328 4962 tu
337 4898 487 4981 complana,

97 4993 160 5049 Tam
178 4996 223 5066 pio
238 4997 425 5056 medicamine.

133 5084 173 5140 Te
188 5084 213 5139 in
229 5091 273 5140 tua
287 5100 478 5158 eruceqnaero,

100 5171 182 5227 Prout
195 5187 277 5244 queo,
288 5173 370 5229 corde
383 5188 477 5241 mero;

93 5258 254 5315 llesanubis
269 5260 322 5329 bic,
338 5268 368 5317 ut
381 5278 483 5335 spero:

95 5344 167 5400 Sana
179 5362 235 5418 me,
249 5358 275 5405 et
290 5350 379 5407 telvm
396 5368 453 5423 eto,

94 5428 125 5484 ln
146 5441 191 5489 tue
205 5435 297 5494 lavans
310 5439 448 5513 sauguine,
