3706 5962
103 171 136 243 ει
750 169 947 234 ornaaaanu
964 170 1103 230 uacans
1364 249 1366 253 Α
1630 137 1634 149 ’
1715 183 1750 243 32

103 303 204 378 aliquid
225 303 339 359 innuere
356 299 463 358 uidetur
477 297 633 371 complexus
656 314 737 372 mam
758 298 897 358 circuitus.
915 311 939 392 Ι
954 296 1073 354 bendere
1087 304 1184 353 totum.
1199 299 1232 354 lu
1241 298 1331 356 medio
1346 305 1409 353 sunt
1422 298 1541 356 admissa
1555 317 1606 372 per
1620 305 1748 376 gratiam,

103 393 267 467 Complexus
286 389 364 446 simul
386 386 508 444 continet
527 394 624 454 totum,
639 387 767 445 circuitus
789 391 823 446 de
847 389 899 446 alio

102 482 131 540 in
158 482 229 538 alind
253 479 320 537 facit
341 477 494 534 transitum.
518 479 549 533 ln
577 478 630 535 hoc
656 486 747 534 tanen
770 479 898 537 circuitus

102 578 233 646 praestare
247 568 364 636 videtur,
374 567 454 641 'quod
463 583 496 623 ea
511 584 572 639 quae
587 567 803 639 complectimur,
816 568 897 625 indif-

102 660 223 718 ferenter
237 666 264 713 ει
278 657 398 713 involute
412 655 623 730 constringimus
640 671 647 710 :
662 655 709 710 ubi
720 671 785 712 vero
800 654 897 711 circui-

103 758 146 806 tus
161 755 213 816 est,
229 747 335 819 singula
354 745 475 802 seriatim
498 745 668 801 discutimus.
686 745 733 802 Ille
753 752 896 801 contentus

101 844 145 895 est
163 853 279 903 summa,
293 835 345 892 iste
359 834 485 892 discurrit
499 852 550 907 per
565 835 682 908 singula.

140 925 193 982 ss
215 929 241 981 8.
263 925 394 981 Esuriens
418 923 489 980 enim
505 931 534 980 et
548 939 674 997 quaerens
695 923 819 993 animus,
832 923 896 978 dum

101 1013 177 1071 illum
191 1030 246 1070 non
261 1013 361 1069 satiant
375 1013 475 1087 aliqua,
487 1027 596 1083 semper
611 1014 713 1085 rapitur
726 1013 761 1067 ad
771 1012 894 1084 reliqua:

103 1109 130 1161 et
145 1102 261 1176 quodam
275 1101 392 1159 volvitur
405 1103 530 1169 circuitu,
541 1101 676 1158 currentis
691 1101 819 1157 desiderii
833 1116 897 1172 pro-

103 1197 204 1248 tractus
230 1198 331 1260 rotatu,
357 1190 443 1248 donec
469 1190 606 1262 repleatur
633 1189 661 1244 in
693 1190 770 1246 bonis
793 1188 896 1244 esuries

102 1280 211 1346 amoris,
227 1287 254 1336 et
272 1286 386 1351 occupet
401 1280 429 1335 in
449 1279 494 1336 illo
510 1295 607 1335 cursus
619 1278 660 1334 sui
674 1287 784 1347 statum,
802 1277 828 1332 in
843 1295 896 1350 quo

101 1367 248 1424 terminum
263 1382 318 1423 non
331 1366 444 1424 invenit.
461 1368 541 1423 Nulla
554 1368 625 1423 enini
641 1383 702 1439 quae
716 1375 806 1423 creata
822 1375 894 1432 sunt,

101 1455 131 1511 in
145 1454 307 1512 conditionis
321 1471 378 1511 suae
392 1460 463 1510 statu
479 1455 581 1510 infinita
597 1463 660 1511 sunt
677 1473 683 1510 :
700 1464 727 1511 et
741 1456 803 1511 ideo
818 1471 897 1512 mens

101 1559 162 1617 quae
176 1543 285 1609 circuit,
301 1543 430 1598 universa
452 1543 612 1615 pertransit,
625 1559 759 1617 nusquam
774 1544 897 1615 requiem

101 1632 212 1704 sapiens
239 1631 287 1687 ubi
312 1630 394 1687 finem
422 1631 531 1703 reperit.
556 1632 635 1687 Solus
653 1632 699 1687 ille
723 1632 833 1705 requies
856 1639 898 1687 ec

954 392 983 442 et
991 386 1024 442 in
1034 385 1161 442 circuitu
1171 395 1234 443 sunt
1247 388 1357 443 exclusa
1370 404 1419 458 per
1426 388 1599 445 differentem
1611 401 1747 450 naturam.

953 475 986 532 fu
998 475 1090 532 medic
1106 483 1178 541 sunt,
1191 475 1253 548 quia
1266 475 1342 530 unita
1356 492 1408 546 per
1417 479 1675 550 contemplationem
1691 499 1698 536 :
1716 490 1745 538 et

953 565 985 621 fu
999 565 1135 631 circuitu,
1148 565 1210 636 quia
1220 565 1356 636 disjuncta
1366 582 1416 637 per
1425 567 1669 639 comparationem.
1681 570 1749 641 Quae

952 662 993 709 est
1016 653 1089 709 enim
1113 653 1194 709 sedes
1213 654 1275 720 ista,
1290 654 1342 709 nisi
1361 671 1393 710 ea
1407 655 1442 710 de
1461 673 1514 727 qua
1527 657 1646 730 loquitur
1657 662 1747 732 Apos-

952 742 1033 809 tolus,
1072 742 1117 797 lux
1155 742 1364 811 inaccessibilis,
1395 760 1476 815 quam
1509 745 1642 802 inhabitat
1675 750 1749 805 Deus

952 832 978 899 (l
994 832 1062 889 Tim.
1079 848 1115 897 vr,
1134 835 1166 886 lc
1178 833 1206 903 )‘.²
1222 833 1346 906 Denique
1362 834 1560 905 quantumlibet
1574 837 1680 892 oculata
1694 838 1749 893 sint

951 921 1031 977 beata
1054 920 1100 975 illa
1123 920 1259 986 animalia,
1284 929 1312 977 ει
1331 921 1465 979 illuminat
1490 923 1537 979 illa
1558 932 1587 980 ut
1616 935 1748 998 quantum

951 1018 1075 1083 possunt,
1091 1011 1218 1083 capiant;
1235 1018 1262 1067 et
1271 1011 1388 1078 excedit,
1398 1028 1432 1067 ne
1447 1013 1481 1068 nd
1495 1020 1583 1069 totum
1598 1015 1745 1072 sufficiant.

951 1101 1071 1172 0quam
1087 1100 1178 1172 ampla
1192 1099 1229 1155 ibi
1254 1100 1444 1171 speculatoria,
1469 1117 1550 1174 quam
1570 1102 1632 1158 latre
1648 1104 1747 1175 plateae

949 1188 978 1245 in
993 1190 1040 1244 illa
1060 1188 1169 1245 luminis
1195 1188 1328 1245 infinitate
1352 1195 1456 1261 patent,
1478 1205 1561 1263 quam
1577 1188 1706 1248 coarctati
1721 1200 1749 1249 ει

951 1278 1054 1335 conniti
1077 1286 1102 1333 ει
1126 1278 1248 1349 protensi
1277 1279 1304 1333 in
1327 1278 1375 1334 illa
1393 1278 1580 1351 simplicitate,
1603 1282 1745 1346 charitate,

951 1366 1100 1422 aeternitate
1123 1365 1189 1423 vicit
1206 1366 1264 1422 viae
1287 1366 1350 1433 illm,
1375 1366 1426 1422 viae
1450 1368 1581 1439 pulchrae,
1598 1376 1625 1425 ct
1643 1371 1747 1427 semitae

951 1454 1081 1526 pacifica.
1101 1456 1162 1510 Non
1177 1455 1260 1510 estin
1276 1454 1328 1510 illis
1341 1453 1384 1512 vel
1399 1472 1491 1511 errare
1506 1459 1551 1513 vel
1567 1457 1693 1515 laborare
1707 1475 1747 1515 se·

951 1543 1033 1602 mitis.
1049 1543 1174 1613 Undique
1191 1543 1309 1599 occurrit
1322 1544 1361 1599 ibi
1385 1561 1513 1616 sponsus,
1534 1552 1562 1602 ει
1574 1547 1646 1615 laeto,
1662 1554 1693 1602 ut
1707 1546 1746 1603 sic

952 1632 1051 1699 dicam,
1070 1632 1145 1688 vultu
1161 1648 1190 1687 se
1204 1632 1285 1708 offert
1299 1639 1325 1688 et
1344 1632 1432 1689 influit
1445 1633 1520 1690 cordi
1535 1633 1651 1703 dilcctae,
1668 1643 1697 1689 ut
1711 1636 1745 1691 de

28 1710 35 1717 ⁶
101 1720 203 1777 amanti
222 1727 250 1775 ει
271 1719 396 1786 refectio,
412 1719 459 1791 qui
477 1719 539 1775 finis
562 1727 604 1774 est
623 1720 752 1789 omnium,
768 1728 796 1775 et
819 1722 897 1791 cujus
914 1699 936 1778 Β
952 1726 1051 1776 caetero
1070 1735 1125 1774 non
1143 1719 1266 1793 indigeat
1281 1719 1366 1792 quaeri
1380 1721 1458 1777 Jesus
1472 1721 1605 1791 christus,
1621 1723 1667 1795 qui
1681 1723 1746 1778 vivit

103 1810 194 1865 nullus
216 1815 259 1864 est
282 1807 352 1863 finis.
368 1808 516 1880 Propterea
540 1824 651 1879 sponsa,
671 1809 699 1863 in
721 1808 833 1865 circuitu
847 1826 897 1866 suo
952 1817 979 1866 ει
993 1814 1091 1882 regnat
1108 1807 1136 1863 in
1150 1809 1249 1865 saecula
1264 1809 1436 1868 saeculorum.
1453 1813 1549 1868 Amen.

102 1904 199 1953 cuncta
213 1897 371 1968 pertransit,
385 1903 416 1953 ut
428 1897 567 1972 pertingat
581 1898 616 1954 ad
638 1897 727 1970 ipsum
745 1912 751 1951 :
768 1897 894 1969 Surgam,
1263 1897 1381 1953 SEllllO
1394 1898 1428 1953 V.

101 1983 197 2058 inquit,
213 1985 337 2042 circuibo
351 1988 507 2043 citatarum.
523 1985 647 2043 circuibo
661 1986 689 2042 in
703 1986 816 2054 cunctis,
833 2003 895 2043 eunt
950 1989 1004 2043 Per
1018 1988 1089 2045 ticos
1103 1990 1133 2042 et
1144 1987 1256 2060 pluteus
1280 2003 1407 2060 quaerum
1431 2003 1512 2061 quem
1534 1986 1630 2060 diligit
1645 1988 1746 2044 ouiruu

102 2091 183 2147 quern
207 2074 291 2147 diligo
305 2091 439 2148 quaerens,
456 2076 505 2131 sed
519 2091 653 2148 nusquam
672 2076 823 2148 reperiens.
846 2076 894 2130 ln·
1198 2092 1271 2130 mea.
1288 2076 1385 2145 (cont.
1400 2091 1441 2141 nr,
1458 2074 1498 2147 ι.)

100 2160 216 2219 visibilia
239 2162 333 2234 ipsius,
358 2180 409 2236 per
432 2180 464 2220 ea
485 2181 545 2236 quae
569 2163 640 2221 facta
662 2172 734 2228 sunt,
759 2164 894 2220 intellecta
986 2169 1011 2219 l.
1028 2163 1151 2235 Longum
1167 2165 1315 2220 hesternus
1329 2179 1420 2220 sermo
1430 2163 1458 2218 in
1473 2162 1650 2237 exsequendo
1665 2177 1745 2232 spon-

100 2251 304 2323 oonspiciuntur
318 2254 407 2323 (llom.
419 2268 438 2319 1,
457 2256 502 2322 20)
515 2253 590 2320 :scd
599 2262 691 2333 tanuen
700 2253 804 2334 nullate
818 2269 894 2326 egea-
907 2276 917 2323 3
930 2253 1107 2333 :aazqmmtu
1121 2253 1201 2308 traxit
1216 2253 1340 2310 limitem.
1352 2253 1461 2311 Graetiae
1475 2253 1532 2319 tibi,
1548 2253 1663 2308 Domine
1678 2253 1743 2307 lesu

100 2346 169 2396 tnrae
181 2340 330 2412 quamlibet
353 2322 918 2425 excellencia,{coacipsfirsiibcbdbrllisj
930 2331 1066 2414 ξξὶιῇιὲξε,
1082 2342 1155 2413 quod
1175 2341 1262 2397 fecisti
1286 2349 1341 2398 tam
1360 2341 1448 2398 dulcia
1461 2341 1583 2398 faucibus
1597 2339 1665 2395 meis
1680 2340 1740 2395 elo-

100 2426 287 2496 imitationem,
298 2429 380 2501 plcne
394 2431 436 2486 uel
451 2425 571 2487 ibstiuo'r
580 2414 692 2500 indicio,
701 2413 749 2488 'a'e‘l
763 2431 895 2486 incendor
949 2430 1012 2503 quia
1023 2438 1078 2496 tua,
1093 2446 1175 2501 snper
1184 2430 1239 2485 mel
1249 2429 1290 2486 ori
1301 2447 1374 2487 meo.
1390 2432 1455 2487 ldeo
1465 2429 1508 2487 vix
1522 2431 1557 2486 ab
1571 2445 1617 2485 ore
1627 2445 1688 2499 quae
1698 2445 1741 2482 se·

99 2516 199 2574 officio.
220 2519 335 2572 Tantum
354 2518 432 2592 euim,
450 2520 617 2600 pigrum,.et
633 2520 753 2591 tardum,
769 2525 797 2600 ot
810 2519 895 2598 juti}
906 2541 915 2587 :
926 2518 1004 2603 :mel
1014 2525 1121 2604 gustata
1136 2527 1198 2576 sunt
1212 2520 1364 2584 discedunt,
1385 2526 1416 2574 ut
1429 2519 1484 2574 alia
1498 2519 1663 2575 succedant:
1680 2532 1744 2571 curn

98 2602 165 2661 flcax
185 2605 221 2660 ad
249 2605 403 2661 Conditoris
424 2592 814 2689 ccmmndbtibnepingeorunf
833 2604 896 2682 εξιεξ
943 2596 1032 2678 incid
1039 2592 1218 2672 ruminantur,
1230 2614 1257 2661 et
1272 2607 1295 2661 si
1309 2606 1441 2679 deglutita
1455 2605 1565 2673 fuerint,
1584 2604 1661 2659 suavi
1677 2620 1743 2676 quo·

98 2692 208 2749 condita
231 2700 309 2758 sunt,
332 2677 665 2756 redntnr‘xiiits'u‘riini,
684 2684 814 2766 quantum
841 2710 893 2749 no·
948 2694 1012 2750 dam
1022 2703 1101 2751 ructu
1116 2695 1206 2751 denuo
1219 2694 1336 2750 redeunt
1347 2693 1383 2749 ad
1398 2693 1598 2748 ruminandum.
1616 2693 1743 2749 Poterant

55 2815 58 2819 -
98 2782 214 2838 coitura
233 2781 346 2837 verimtc
366 2781 467 2837 distare
483 2781 665 2838 simulacrum.
680 2783 754 2856 Ergo
769 2781 893 2839 circuibo
948 2785 1007 2840 haec
1021 2783 1112 2840 omnia
1125 2783 1243 2840 breviter
1258 2788 1285 2838 ει
1299 2781 1400 2838 cursim
1409 2781 1462 2837 dici
1473 2798 1481 2846 ς
1493 2780 1672 2837 sedmateriae
1682 2798 1743 2853 quar

100 2871 258 2937 ciuitatem,
283 2869 409 2927 universa
432 2870 603 2943 pertingens,
622 2870 749 2926 universa
768 2878 892 2942 pertran-
949 2879 1080 2929 tractatur
1110 2871 1211 2943 gratia,
1232 2870 1401 2927 comedentis
1425 2870 1565 2926 blanditur
1587 2870 1689 2941 palato,
1716 2878 1743 2925 et

99 2958 191 3030 siens3
215 2960 383 3035 pertingens,
404 2977 457 3032 qna
481 2977 514 3016 ex
541 2967 618 3032 parte
641 2960 725 3032 ipsius
747 2959 894 3034 imaginem
948 2963 1092 3035 quamdam
1114 2961 1156 3017 sui
1174 2960 1359 3033 appetentiam
1373 2959 1448 3027 facit,
1463 2976 1519 3016 non
1534 2958 1614 3015 facile
1629 2958 1739 3023 cedens,

99 3048 259 3105 differenter
277 3048 445 3121 praefemnt;
461 3049 658 3119 pertransiens,
674 3050 719 3104 ubi
741 3049 807 3106 citra
827 3065 892 3122 per·
948 3066 1010 3108 cum
1025 3049 1108 3107 semel
1124 3048 1240 3106 adducta
1261 3049 1387 3105 fueritin
1406 3048 1615 3105 discussionem.
1631 3048 1700 3102 Nam
1715 3055 1742 3102 et

98 3137 199 3196 fectum
220 3138 379 3195 subsistunt.
398 3137 525 3196 circuibo
548 3137 707 3206 civitatem,
727 3138 827 3211 ubique
846 3155 891 3196 ca·
947 3156 1029 3215 quem
1066 3138 1252 3195 mandendum
1295 3137 1426 3194 infantulo
1458 3137 1550 3193 nutrix
1581 3135 1741 3193 comminuit

97 3227 177 3300 piens
200 3226 382 3300 refrigerium,
408 3234 435 3282 et
457 3225 594 3282 fastidium
623 3226 738 3300 patiens.
767 3225 891 3296 Quonam

98 3315 170 3372 eninr
194 3316 275 3372 modo
295 3332 349 3372 non
374 3331 418 3372 me
446 3316 601 3388 refrigerat,
617 3317 689 3389 quod
713 3315 812 3372 amoris
836 3313 891 3370 mci

96 3404 200 3477 pignus
214 3405 322 3479 aliquod
336 3413 436 3478 portat,
452 3404 563 3476 praefert
577 3403 717 3472 indicium,
733 3404 827 3461 indicit
836 3420 891 3459 me·

96 3493 229 3562 moriam,
253 3494 375 3550 notitiam
408 3493 536 3551 inducit?
564 3495 618 3550 Sed
650 3495 749 3550 iterum
773 3508 891 3566 quonam

96 3590 176 3655 pacto
187 3599 244 3639 non
258 3583 345 3638 tolero
360 3583 481 3647 taedium,
497 3582 562 3637 dum
577 3583 695 3655 quadam
709 3599 753 3639 me
768 3583 890 3656 recogito

96 3669 208 3742 praeludi
219 3668 348 3741 imagine,
366 3677 393 3726 et
407 3670 504 3725 umbra
514 3669 642 3738 detineri,
658 3671 760 3726 nudam
778 3679 806 3727 et
821 3672 890 3727 sim-

96 3756 195 3830 plicem
210 3773 265 3812 non
284 3766 377 3813 tenere
401 3755 568 3813 veritatem?
586 3756 714 3813 circuibo
733 3758 889 3825 civitatem,

947 3244 1057 3302 panem,
1077 3226 1130 3284 to
1145 3228 1203 3298 iarn
1213 3227 1279 3284 satis
1294 3227 1416 3283 studioso
1430 3225 1512 3282 dente
1531 3225 1674 3281 subactum
1689 3224 1740 3278 ali-

947 3317 1055 3391 quoties
1075 3333 1138 3373 eum
1158 3316 1185 3372 in
1201 3331 1250 3374 ore
1271 3315 1385 3384 detinet,
1402 3325 1499 3391 gustus
1520 3314 1610 3370 illecta
1629 3327 1737 3382 sapore.

946 3407 981 3463 tu
1004 3422 1056 3463 nos
1076 3405 1179 3463 Cantici
1197 3407 1279 3477 hujus
1296 3404 1398 3461 solidos
1418 3404 1486 3471 aliis,
1508 3403 1530 3458 si
1554 3402 1599 3476 qui
1614 3403 1684 3458 forte
1699 3401 1741 3454 in-

947 3494 1049 3569 digent,
1066 3495 1283 3552 comminuentes
1305 3495 1392 3559 cibos,
1408 3500 1523 3567 gustatae
1545 3490 1684 3547 suavitatis
1697 3490 1739 3559 ja·

946 3591 1052 3642 cturam
1065 3584 1156 3642 facere
1170 3583 1333 3657 nequimus:
1352 3582 1402 3638 sed
1416 3583 1454 3636 ita
1468 3580 1558 3637 alieno
1576 3578 1740 3635 inservimus

948 3675 1018 3739 usui,
1035 3680 1065 3728 ut
1079 3679 1106 3728 et
1125 3679 1218 3728 nostro
1239 3670 1437 3727 satisfaciamus
1451 3669 1479 3723 in
1495 3674 1572 3739 parte
1592 3665 1738 3722 desiderio.

945 3761 1069 3834 Denique
1084 3777 1147 3819 cum
1167 3759 1340 3816 terminatum
1354 3774 1418 3814 reor
1433 3771 1598 3825 sermonem,
1618 3761 1646 3810 et
1661 3769 1740 3810 corn·

96 3845 226 3919 quoniam
251 3846 278 3900 in
304 3852 360 3901 toto
384 3846 444 3917 ejus
464 3853 518 3900 tam
537 3845 651 3918 pulchro
671 3846 773 3904 ambitu
787 3847 891 3921 ubique
946 3849 1048 3924 petenti
1064 3849 1118 3906 line
1131 3849 1300 3917 conclusam,
1311 3847 1462 3920 impatienti
1472 3844 1642 3903 exhalatione
1651 3843 1741 3915 epulae

95 3933 231 4002 refoveor,
246 3934 295 3991 sed
309 3949 441 4008 nusquam
459 3934 577 3991 reficior.
945 3937 1022 3997 verbi
1037 3938 1154 3993 redeunt
1175 3937 1209 3992 ad
1225 3936 1298 3993 labia
1318 3955 1325 3990 ι
1342 3945 1369 3991 ει
1382 3937 1446 3991 dnm
1461 3932 1634 3990 abundantiae
1647 3930 1739 3986 suavi-

131 4026 158 4078 9.
174 4023 232 4079 Nec
253 4038 297 4079 me
317 4021 439 4096 fatigabit
462 4023 513 4080 iste
533 4022 671 4094 circuitus,
694 4024 781 4081 donec
799 4033 891 4098 pateat
947 4027 1008 4083 tatis
1022 4032 1159 4083 eructatur
1177 4026 1319 4095 memoria,
1336 4025 1369 4081 ad
1385 4023 1586 4081 discussionem
1596 4025 1740 4077 revocatur

95 4109 202 4183 plenior
223 4108 327 4179 aditus,
347 4119 377 4168 nt
402 4112 501 4168 intrem
524 4111 553 4168 in
581 4112 762 4169 sanctuarium
787 4114 847 4183 Dei,
864 4124 891 4173 et
945 4116 1069 4175 materia.
1086 4115 1156 4185 Quid
1171 4115 1268 4172 enimi
1283 4131 1332 4171 cur
1346 4130 1400 4170 non
1416 4114 1485 4171 ficus
1499 4113 1655 4185 frequenter
1673 4123 1739 4164 con·

95 4195 246 4272 intelligam
269 4199 298 4256 in
321 4199 473 4255 novissimis
487 4201 557 4271 ejus.
572 4200 688 4257 Habebit
707 4201 745 4256 ibi
764 4201 891 4260 circuitus
945 4205 1054 4274 entitur,
1085 4205 1164 4273 cuius
1187 4204 1292 4260 fructus
1319 4203 1399 4275 plene
1423 4217 1563 4276 nunquam
1585 4197 1739 4257 excutitur?

95 4287 250 4357 omninum,
275 4304 337 4344 cum
359 4288 457 4360 repleti
486 4289 621 4346 fuerimus¹
640 4289 668 4345 in
691 4291 772 4346 bonis
794 4292 891 4348 domus
945 4292 1015 4361 Quid
1029 4293 1128 4350 mimm
1147 4292 1170 4347 si
1189 4293 1352 4350 convellitur
1367 4292 1477 4365 sapius,
1494 4306 1556 4365 quae
1570 4287 1680 4362 propria
1693 4303 1738 4341 ex·

95 4381 159 4445 tnae,
182 4376 316 4441 Domine3
336 4391 397 4433 cum
418 4375 580 4435 intellexero
603 4377 632 4433 in
650 4377 804 4435 novissimis
829 4383 890 4450 ejns
945 4381 1105 4454 spoliatione
1116 4381 1257 4438 fecundior
1269 4381 1377 4448 eifecta,
1393 4397 1454 4437 curn
1465 4376 1616 4436 vellicantis
1631 4375 1740 4430 videtur

95 4463 169 4521 illuni
190 4464 236 4538 qui
249 4466 352 4536 primns
366 4473 408 4522 est
424 4472 452 4522 et
466 4465 638 4537 novissimus,
655 4466 759 4523 initium
775 4475 803 4525 et
817 4468 887 4526 finis.
905 4486 928 4565 u
945 4473 1052 4529 certare
1075 4485 1168 4541 manu,
1194 4480 1220 4528 et
1244 4469 1415 4543 decerpentis
1437 4463 1594 4522 auiditatem
1617 4462 1740 4517 ubertate

95 4553 120 4609 0
133 4553 219 4624 qualis
235 4553 271 4608 ibi
286 4553 413 4611 circuitus
423 4554 485 4623 erit,
495 4570 613 4630 pergere
627 4555 661 4610 ab
675 4556 734 4628 ipso
748 4555 776 4612 in
790 4557 887 4630 ipsum,
945 4561 1134 4619 convincere?
1157 4561 1219 4616 Non
1239 4561 1300 4615 talis
1323 4558 1371 4613 illa
1388 4554 1432 4611 cui
1454 4551 1593 4608 maledixit
1607 4551 1740 4607 Dominus

94 4639 135 4696 ire
149 4647 177 4695 et
185 4640 274 4697 redire
286 4660 293 4696 :
307 4643 504 4710 desiderioire,
517 4643 698 4702 delectatione
708 4645 812 4721 redire3
825 4649 889 4704 dum

94 4745 205 4800 semper
218 4729 287 4800 ejus,
304 4730 376 4802 qnod
391 4731 559 4803 experientia
580 4732 727 4802 desiderat,
744 4738 889 4807 prasentia

94 4818 174 4874 satiat
191 4832 197 4871 :
214 4823 243 4873 ut
261 4833 339 4874 mens
353 4819 518 4890 possidentis
532 4827 559 4877 et
580 4823 744 4889 contuentis,
761 4831 789 4880 ει
803 4824 890 4882 illisit

95 4923 145 4981 per
162 4905 345 4980 appetentiam
361 4908 473 4979 intenta,
485 4916 514 4965 ει
528 4909 573 4967 illo
587 4910 620 4967 sit
640 4910 806 4970 sufficienter
819 4930 887 4971 con-

94 4997 188 5054 tenta!
207 4997 251 5054 Sic
265 4997 337 5053 enini
353 5006 471 5070 pennata
485 4999 530 5054 illa
545 5006 572 5055 ει
587 5000 696 5056 oculata
714 5001 840 5058 animalia
858 5005 889 5060 iu

94 5085 231 5142 predicet
251 5087 284 5142 iu
302 5086 427 5143 circuitu
441 5088 515 5145 sedis
534 5090 583 5146 Dei
597 5089 724 5163 leguntur
738 5090 830 5165 (apoc.
848 5108 886 5162 rr,

94 5175 134 5243 cl.
151 5174 183 5229 lu
196 5174 296 5242 medio,
314 5176 376 5249 quia
389 5177 446 5233 voti
459 5177 500 5233 sui
520 5178 706 5250 perducuntur
719 5179 755 5235 ad
769 5179 863 5235 intima
882 5202 889 5238 :

96 5259 278 5334 incircuitu,
293 5265 356 5336 qaia
372 5265 491 5324 redivivo
509 5283 619 5339 semper
631 5275 693 5323 voto
717 5266 840 5323 feruntur
860 5269 888 5323 in

93 5348 191 5407 cadem
208 5349 277 5423 ipsa.
295 5353 326 5407 ln
340 5354 442 5425 medio,
459 5355 523 5430 quia
537 5372 631 5414 eorum
648 5357 704 5427 jam
724 5357 890 5428 completum

94 5442 136 5495 est
149 5444 241 5494 votum
256 5447 267 5497 :¹
281 5441 312 5496 lo
326 5443 460 5517 circuitu,
472 5444 535 5518 quia
547 5460 603 5502 non
613 5442 751 5501 sufficiunt
765 5458 890 5519 cumpre-

942 4649 1034 4716 Jesus,
1051 4650 1118 4706 nibil
1134 4650 1162 4704 in
1182 4665 1214 4705 ea
1225 4648 1328 4704 fructus
1347 4644 1498 4707 inveniens,
1522 4658 1573 4715 pro
1587 4640 1739 4710 sterilitate,

942 4740 1066 4796 anditate
1104 4745 1207 4794 aeteram
1247 4733 1432 4791 condemnans
1469 4731 1543 4787 illam
1575 4732 1670 4804 (flore.
1700 4742 1739 4792 xx,

945 4833 988 4895 aa,
1008 4827 1061 4897 rt).

978 4918 1005 4971 2.
1021 4913 1088 4970 Vide
1104 4912 1241 4984 quomodo
1265 4911 1357 4968 aridas
1380 4910 1444 4967 fecit
1471 4909 1540 4965 fades
1565 4906 1666 4963 christi
1687 4905 1737 4961 Ju-

943 5005 1063 5061 daeorum
1094 5001 1252 5057 traditiones
1287 5009 1314 5057 et
1345 5001 1474 5072 dogmata
1503 4997 1736 5069 pbilosophorum.

943 5088 1086 5162 Quomodo
1101 5089 1216 5146 arefecit
1231 5089 1345 5146 flumina
1360 5087 1478 5163 AEgppti.
1501 5089 1562 5144 Non
1581 5095 1623 5143 cst
1640 5085 1668 5139 in
1691 5099 1740 5139 eo-

943 5197 1003 5237 rum
1022 5178 1152 5236 doctrinis
1176 5187 1204 5235 et
1224 5179 1495 5250 interpretationibus
1519 5178 1634 5233 fructum
1658 5173 1739 5228 inve-

941 5269 1012 5336 nire,
1027 5269 1062 5325 de
1083 5285 1137 5344 quo
1151 5268 1252 5342 legitur
1262 5269 1290 5325 in
1305 5269 1413 5326 Psalmo
1430 5284 1436 5325 :
1457 5269 1649 5326 Tcrruuostrc
1659 5262 1740 5320 dabit

943 5361 1071 5432 fructum
1086 5376 1171 5416 suunt
1187 5359 1273 5428 (Psoi.
1285 5376 1393 5427 nxxxrr,
1412 5361 1468 5430 13).
1479 5357 1542 5413 Non
1557 5352 1685 5426 potestin
1695 5370 1742 5409 eo·

945 5462 1006 5505 rum
1019 5447 1087 5505 vicis
1101 5454 1129 5504 et
1142 5448 1238 5522 plateis
1253 5449 1375 5507 christus
1389 5445 1516 5505 inveniri.
1531 5444 1600 5509 Jam,
1613 5458 1629 5499 o
1642 5441 1741 5514 ludaei,
