3706 5962
42 236 113 300 tntt
585 238 692 303 sunno
709 241 754 303 ab
772 235 954 306 Pttfflros
971 234 1006 307 ttt'
1024 238 1152 307 nonen.
1615 238 1685 306 loss

40 366 148 421 rentes.
163 360 203 417 liu
219 369 323 433 pratum
338 364 492 439 gratissime
502 381 630 438 vernans,
641 366 874 465 gloriosissimeg
924 372 952 427 b.
981 371 1042 440 lpse
1068 378 1111 427 est
1144 372 1306 440 entecnius
1333 368 1450 426 tribunal
1472 376 1560 426 estare
1591 386 1686 430 omnes

43 450 151 516 boreus,
166 450 348 507 amoenissime
362 453 462 510 virens.
487 454 541 510 Sed
566 456 613 511 ubi
636 463 726 512 tantus
751 456 834 527 viror,
890 473 941 514 nos
958 457 1103 528 oportebit,
1126 465 1157 512 ut
1180 457 1366 528 unusquisque
1389 456 1498 528 recipiat
1520 466 1602 530 prout
1622 476 1686 533 ges-

42 547 158 614 qnantus
172 546 213 594 est
226 539 305 612 vigor
318 541 332 596 f
346 543 416 598 Ante
440 543 491 599 hos
503 557 587 599 annos
601 558 702 614 paucos
716 544 768 600 sub
781 546 836 601 bc·
892 547 936 601 sit.
962 545 1022 602 Non
1045 546 1118 602 enim
1142 547 1179 602 ibi
1201 547 1255 603 erit
1277 547 1353 619 qnod
1375 547 1410 602 de
1429 547 1591 618 quibusdam
1614 566 1687 606 nunc

44 644 87 684 nae
106 627 243 684 messoriae
266 638 341 698 patre
365 639 459 687 nostro
480 630 604 703 fingenio
624 647 694 706 papa
717 633 840 689 similiter
892 633 997 702 dicitur,
1022 642 1049 691 et
1073 634 1179 690 videtur
1209 636 1281 707 quod
1305 635 1368 692 illos
1392 634 1520 691 defendat
1545 652 1688 694 numerus.

45 717 173 774 convenit
193 716 322 786 Ecclesia,
345 726 370 773 et
410 720 553 776 herbarum
580 720 724 777 virentium
761 722 840 792 copia
894 722 948 778 Sed
976 738 1027 779 nec
1049 724 1102 779 ulla
1123 723 1162 779 ibi
1185 723 1238 780 erit
1256 725 1376 794 acceptio
1399 739 1591 795 personarum,
1615 727 1690 782 nulla

46 822 143 878 magna
173 807 348 879 resplenduit
377 808 432 864 Ubi
453 816 517 865 sunt
535 811 581 882 qui
606 820 671 866 tunc
691 810 840 867 virebant?
894 810 930 866 ibi
955 810 1138 882 tergiversatio
1160 812 1258 885 poterit
1285 812 1447 885 suffragari3
1469 814 1576 884 quando
1600 814 1691 871 omnia

50 895 153 951 Paucos
167 895 249 950 bodie
269 895 312 951 bic
326 895 448 954 videmus
461 915 495 956 ex
511 899 561 968 eis,
586 914 655 970 quos
675 907 737 954 tunc
763 897 841 954 simi-
894 899 967 956 nuda
990 907 1017 957 et
1039 908 1130 971 aperta
1157 910 1220 957 sunt
1241 901 1329 961 oculis
1348 904 1424 974 ejus,
1448 902 1482 957 ad
1505 919 1587 975 quem
1611 903 1691 960 nobis

49 986 108 1042 liter
132 985 250 1041 vidimus
268 987 434 1056 consedisse,
459 1005 509 1045 nec
530 1005 628 1059 paucas
651 989 777 1044 novimus
800 1005 842 1044 se·
896 995 960 1043 tunc
986 990 1183 1057 serm03nulla
1208 990 1245 1044 ibi
1269 990 1457 1058 dissimulatio,
1482 991 1529 1047 ubi
1552 992 1693 1048 reddenda

48 1077 107 1142 des,
123 1091 183 1146 qnae
199 1075 290 1145 plures
313 1085 405 1148 postea
425 1087 562 1134 mutavere
589 1093 718 1134 sessores.
743 1077 843 1132 Trans·
897 1075 965 1132 ratio
978 1076 1059 1132 etlam
1073 1077 1107 1132 de
1121 1077 1207 1134 verbo
1221 1078 1318 1133 otioso.
1347 1077 1431 1133 ttulto
1454 1079 1542 1151 magis
1565 1095 1632 1149 erge
1646 1078 1693 1133 di-

49 1170 114 1218 eunt
129 1161 244 1232 plurimi,
260 1179 310 1219 nec
324 1164 352 1218 in
375 1173 447 1220 unta
462 1165 613 1221 eruditione
635 1165 722 1221 adbuc
747 1163 843 1220 multi·
897 1164 1065 1222 sentiendum
1081 1174 1133 1232 est,
1157 1165 1185 1221 in
1205 1180 1323 1237 corpore
1347 1166 1459 1233 Christi,
1479 1167 1552 1239 qnod
1574 1174 1616 1222 est
1641 1168 1694 1223 Ec-

51 1251 112 1322 plea
127 1261 167 1306 est
182 1251 304 1317 scientia,
320 1251 368 1307 sed
394 1253 554 1308 damnabilis
577 1251 751 1326 negligentia,
769 1253 845 1322 juata
898 1254 989 1320 clesia,
1014 1270 1095 1325 quem
1125 1254 1240 1325 quisque
1268 1254 1382 1325 gratim
1416 1256 1556 1324 tenuerit;
1579 1255 1696 1327 qualiter

50 1338 140 1394 illud:
162 1341 222 1395 llen
238 1338 345 1396 uidebis
369 1343 521 1399 interilum
539 1341 719 1398 cumvidcris
734 1341 846 1412 rapicn-
900 1342 934 1397 ad
960 1357 1032 1406 enm,
1060 1358 1112 1414 qua
1140 1342 1300 1410 intentione,
1327 1343 1426 1414 quibus
1454 1344 1567 1412 meritis,
1596 1345 1695 1415 quibus

54 1433 94 1485 les
108 1428 278 1495 morienlcs;
297 1429 387 1486 simul
399 1430 578 1503 insipienset
591 1431 700 1487 stultns
712 1431 847 1503 peritum
900 1428 1038 1503 suffragiis
1070 1429 1221 1497 introierit;
1238 1432 1351 1503 qualiter
1378 1431 1406 1485 in
1429 1446 1462 1487 eo
1490 1432 1550 1504 ipse
1578 1433 1695 1498 vixerit;

54 1517 120 1573 Psnl
134 1533 226 1586 statar,
248 1519 303 1588 lt).
327 1519 433 1592 Aperta
456 1524 535 1589 sunt,
559 1520 658 1592 inquit,
680 1522 778 1590 prato.
794 1516 848 1572 Sed
901 1518 1016 1591 qualiter
1041 1518 1101 1574 aliis
1124 1518 1193 1577 forte
1220 1519 1371 1592 praefuerit,
1396 1519 1440 1575 vel
1463 1520 1611 1591 profuerit3
1628 1521 1697 1576 sub·

55 1606 162 1674 quoties
176 1615 239 1659 sunt
251 1606 310 1661 baec
318 1615 395 1676 prata
425 1607 540 1663 detonsa
569 1617 595 1664 et
632 1607 766 1662 tondenda
798 1605 847 1660 ad·
902 1608 1025 1663 stantiam
1047 1606 1141 1663 mundi
1162 1607 1277 1678 qualiter
1299 1607 1469 1678 acquisierit,
1494 1609 1611 1681 qualiter
1639 1609 1698 1663 dis-

52 1693 123 1748 bncl
155 1692 261 1763 quoties
289 1709 337 1749 sua
364 1694 462 1752 vellera
496 1695 621 1751 mutanti
661 1694 770 1767 quoties
791 1695 848 1764 jam
865 1652 887 1730 Β
903 1696 1056 1767 pensaverit
1081 1696 1251 1767 acquisitam.
1266 1694 1385 1767 Quisque
1405 1698 1477 1752 enim
1494 1698 1604 1768 recipiet
1619 1704 1700 1768 prout

53 1783 161 1838 desecta
184 1789 255 1847 sunt,
281 1789 307 1837 et
338 1783 426 1838 adbuc
450 1783 603 1839 desecanda
632 1798 647 1837 a
677 1782 851 1856 generatione
904 1784 999 1858 gessit,
1019 1784 1084 1839 dnm
1100 1784 1127 1837 in
1149 1800 1198 1839 suu
1214 1798 1328 1854 corpore
1351 1783 1410 1851 fuit,
1427 1785 1485 1841 sire
1506 1785 1618 1852 bonum,
1641 1785 1700 1840 siva

54 1870 294 1942 ingenerationem
317 1870 582 1944 tntaparueruut
606 1869 848 1939 bnbaeoircntes,
902 1873 1015 1928 malum.
1039 1870 1063 1928 0
1085 1873 1198 1942 bonnm,
1221 1871 1323 1927 bonum
1350 1873 1570 1945 valde;malum,
1600 1874 1699 1929 malum

55 1959 193 2031 quomodo
207 1959 235 2012 in
249 1960 409 2031 quibusdam
436 1962 518 2017 bodie
536 1960 664 2031 dignitas,
682 1958 710 2015 in
735 1959 851 2029 quibus·
902 1958 998 2016 valdel
1014 1958 1102 2028 Quam
1122 1960 1214 2016 felices
1228 1959 1275 2031 qui
1289 1960 1317 2015 in
1330 1960 1384 2016 vita
1398 1976 1447 2016 sua
1468 1961 1618 2032 receperint
1640 1976 1702 2018 ma·

54 2049 117 2103 darn
144 2046 212 2104 viret
243 2048 398 2115 auctoritas,
429 2048 496 2106 viret
532 2048 667 2122 elegantia
694 2062 850 2119 corporum,
903 2050 969 2114 lum,
985 2059 1016 2104 ιιι
1040 2048 1104 2103 illud
1121 2054 1273 2103 mercantur
1293 2048 1411 2118 recipere
1432 2048 1553 2103 bonuml
1569 2049 1602 2102 Et
1620 2065 1701 2119 quam

55 2135 193 2206 opulentia
217 2150 316 2206 rerum,
337 2137 421 2209 gratia
449 2136 610 2208 principum,
635 2136 684 2192 sad
707 2150 761 2191 non
786 2136 853 2193 viret
904 2136 996 2192 miseri
1019 2135 1116 2207 quiin
1140 2134 1218 2190 bonis
1240 2135 1347 2191 interim
1370 2134 1473 2191 ducunt
1493 2135 1553 2190 dies
1572 2150 1651 2200 suos,
1672 2142 1703 2189 ut

56 2224 85 2279 in
104 2225 225 2296 longum.
238 2224 361 2295 Denique
384 2229 594 2297 apparuerant,
609 2223 705 2297 inquit,
734 2231 762 2278 et
789 2237 851 2289 non,
906 2224 936 2279 in
964 2231 1063 2294 puncto
1092 2221 1208 2278 debeant
1236 2224 1270 2279 ad
1296 2222 1363 2278 illud
1391 2222 1558 2278 descendere
1581 2221 1700 2279 malum!

56 2317 197 2385 apparent
210 2311 301 2369 lterlroe
315 2315 448 2370 virentes.
464 2314 605 2386 Apparere
619 2314 690 2369 enim
704 2320 758 2369 nm
773 2312 854 2367 breve
906 2311 1031 2378 Domine,
1049 2311 1136 2369 libera
1149 2325 1227 2367 noso
1240 2309 1316 2368 mule
1331 2311 1441 2382 (narrt.
1452 2327 1494 2380 vr,
1510 2313 1554 2381 ld)
1570 2312 1616 2366 illo
1630 2312 1703 2382 quod

58 2411 110 2468 est,
140 2411 169 2457 ut
200 2415 255 2456 non
283 2403 411 2472 appareat
435 2402 595 2475 apparuisse
620 2416 702 2472 quam
730 2400 853 2472 longum.
907 2401 934 2457 in
949 2399 1003 2455 fine
1027 2400 1087 2466 erit,
1105 2399 1175 2455 sicut
1195 2399 1223 2454 in
1247 2399 1301 2454 ine
1323 2399 1452 2456 orationis
1466 2413 1516 2454 nos
1539 2408 1630 2470 petere
1651 2399 1702 2454 do·

57 2493 249 2562 Apparuerunt
264 2498 291 2545 et
308 2489 507 2561 disparuerunt,
532 2496 714 2562 apparuerunt
736 2498 763 2544 et
787 2500 857 2558 prae·
908 2490 997 2545 cuisti.
1022 2488 1079 2544 Erit
1107 2488 1177 2543 enim
1207 2487 1272 2543 illud
1301 2488 1402 2543 bonurn
1431 2504 1566 2544 summum
1592 2488 1703 2554 bonnm,

59 2577 200 2647 terieruut,
217 2593 267 2633 nec
281 2577 389 2634 inventa
403 2586 466 2634 sunt
492 2579 553 2634 loca
576 2593 679 2633 eorum.
708 2577 766 2631 lmo
790 2589 856 2630 vcro
908 2579 1018 2652 plenum
1043 2580 1152 2641 bunum,
1177 2585 1205 2633 et
1223 2592 1302 2633 omne
1324 2579 1435 2648 bonum,
1462 2578 1534 2651 quod
1559 2579 1644 2648 llovsi
1666 2577 1708 2633 di·

61 2665 233 2722 invenientur
259 2665 327 2733 loca,
353 2683 403 2724 nec
431 2667 477 2722 din
500 2683 595 2724 vacua.
622 2666 644 2724 7
651 2665 702 2723 41
734 2664 857 2735 Quicnn-
909 2664 1704 2739 citur:Epucalendomtibicmnedonumfflcod.xxxin,

60 2771 114 2828 que
136 2753 207 2810 enirn
231 2755 372 2822 decedant,
395 2756 474 2811 facile
498 2755 564 2813 satis
584 2765 610 2811 et
625 2756 794 2833 abundanter
814 2751 858 2806 in·
912 2757 967 2828 tv).
983 2755 1041 2810 Erit
1053 2764 1081 2811 et
1096 2754 1196 2811 malum
1210 2753 1275 2809 illud
1296 2770 1377 2811 omne
1390 2755 1500 2821 malum,
1518 2755 1589 2828 iguis
1604 2765 1631 2810 ct
1645 2771 1708 2812 ver-

62 2844 209 2900 vcniuntur
223 2844 268 2914 qui
290 2858 339 2915 pro
358 2844 398 2900 eis
417 2843 491 2901 illico
513 2843 690 2901 collocentur.
714 2844 859 2915 Apparue·
911 2846 974 2912 mis,
998 2844 1156 2899 immortalis
1184 2843 1245 2909 iste,
1261 2841 1307 2898 ille
1333 2843 1585 2915 inexstinguibilis3
1602 2842 1709 2901 vincula

64 2936 144 2998 runt,
161 2931 207 3000 ait,
222 2930 462 3006 barbastrenses,
478 2932 639 2991 etcollccin
662 2934 732 2988 sunt
744 2932 811 3001 feno
825 2928 858 2985 dc
911 2940 938 2988 et
960 2931 1088 2999 tenebrae,
1113 2931 1192 2988 lictus
1215 2941 1241 2987 et
1266 2931 1369 2987 stridor
1392 2933 1512 2989 dentium
1525 2949 1533 2997 ;
1545 2931 1625 2987 dolor
1651 2931 1710 2985 sine

63 3021 307 3094 aneatidnsrquiu
321 3023 413 3080 omnis
427 3021 506 3079 viror
519 3020 646 3086 exaruit,
667 3024 696 3077 et
707 3017 860 3075 humiliato
880 3017 1046 3108 grammio,
1085 3034 1158 3075 mors
1186 3019 1245 3075 siue
1274 3018 1401 3085 termino,
1439 3019 1497 3074 sine
1525 3019 1615 3074 fructu
1643 3033 1710 3091 per·

64 3115 105 3170 ast
119 3108 243 3168 altitudo
256 3109 392 3167 virorum.
914 3119 998 3183 petus
1031 3108 1183 3181 poenitudo,
1214 3110 1271 3165 sine
1298 3123 1347 3180 spe
1378 3108 1464 3164 veniae
1499 3117 1598 3165 aeterna
1632 3108 1710 3162 dam-

102 3200 129 3253 l.
143 3196 273 3255 sufficere
294 3199 403 3270 quidem
424 3199 484 3253 haec
507 3197 658 3254 debuerant
681 3197 715 3253 sd
736 3203 860 3253 contem-
914 3198 998 3254 natio.

66 3298 142 3360 ptum
170 3286 281 3342 mundi:
311 3286 395 3341 sedsi
418 3287 508 3341 minus
528 3286 692 3360 negligimus
707 3299 767 3356 qnae
787 3282 859 3354 peri·
951 3289 978 3340 6.
1006 3283 1039 3338 Et
1065 3284 1129 3354 quid
1155 3282 1193 3338 ibi
1218 3282 1312 3337 facturi
1331 3288 1394 3337 suut
1420 3281 1467 3352 qrri
1490 3281 1519 3338 iu
1542 3280 1645 3338 deliciis
1664 3282 1709 3335 in·

66 3382 216 3446 iurarunt,
236 3390 296 3446 quae
320 3383 382 3430 sunt
412 3375 592 3444 peremptoria
615 3375 768 3428 timeamus.
797 3370 862 3424 Tar·
916 3371 993 3428 terim
1021 3385 1135 3440 corpora
1167 3369 1311 3424 nutriunt?
1333 3369 1436 3423 Timcat
1476 3369 1641 3440 pecuniosus
1676 3369 1711 3425 ad

67 3464 174 3521 ribilius
200 3461 272 3518 cuim
302 3478 351 3534 per
373 3460 534 3531 Apostolum
558 3459 659 3530 aliquid
681 3456 758 3514 nobis
782 3455 862 3510 bodie
916 3458 1071 3516 memoriam
1095 3457 1198 3524 mortis,
1218 3471 1270 3511 nec
1287 3453 1425 3525 possideat
1445 3470 1508 3509 cum
1529 3469 1620 3511 amore
1638 3454 1712 3527 qued

69 3554 132 3610 tuba
160 3552 261 3607 intonat
292 3550 395 3605 salutis.
428 3549 537 3614 ornnes,
567 3547 666 3619 inquit,
690 3562 741 3602 nos
768 3547 863 3602 arturo
916 3545 1043 3602 velociter
1066 3559 1127 3600 eum
1155 3542 1250 3598 dolore
1274 3541 1417 3613 relinquat.
1441 3542 1514 3598 Nihil
1538 3542 1611 3598 enirn
1638 3544 1712 3606 inta-

68 3643 179 3714 npcrtcl
193 3643 262 3695 ante
274 3638 403 3697 intueat
421 3636 534 3694 Cltrt'str'.
551 3637 581 3692 ln
598 3634 712 3692 concilio
723 3647 825 3697 sumus,
836 3638 865 3686 et
916 3636 948 3692 lit
971 3634 998 3688 in
1019 3633 1091 3688 bunc
1108 3631 1250 3700 mnndum,
1276 3631 1348 3686 haud
1367 3630 1479 3685 dubium
1502 3630 1575 3702 qnod
1595 3647 1644 3687 uec
1658 3632 1711 3687 ali·

70 3731 105 3785 ad
134 3728 277 3784 concilium
304 3727 458 3784 invitamur.
485 3724 620 3782 Generale
648 3739 758 3793 prorsus
774 3720 864 3779 conci·
917 3722 982 3793 qnid
1007 3719 1123 3792 amplius
1153 3718 1313 3789 asportabit.
1344 3719 1451 3774 Timent
1483 3718 1641 3774 ambitiosus
1669 3719 1713 3778 fu·

71 3818 150 3885 lium,
166 3818 213 3874 nbi
236 3817 321 3874 deerit
349 3832 428 3872 nemo
444 3833 451 3887 ;
467 3815 513 3870 ubi
544 3829 637 3870 omnes
660 3809 796 3885 oportebit
821 3824 866 3863 as·
919 3818 1010 3866 turum
1042 3808 1070 3862 in
1099 3806 1330 3865 consummatione
1353 3806 1498 3878 judicium,
1528 3807 1574 3863 ubi
1601 3806 1714 3880 incipiet

72 3917 151 3978 tare;
179 3923 228 3963 nec
260 3907 341 3962 modo
378 3905 497 3961 omnium
533 3903 638 3970 merita,
675 3901 724 3957 sed
747 3899 866 3957 omniurn
919 3898 1030 3955 forsitan
1063 3911 1123 3952 cum
1152 3896 1248 3952 robore
1286 3895 1463 3952 novissimum
1491 3895 1579 3952 locum
1612 3907 1712 3963 tenere,

74 4011 156 4067 opera
178 3995 303 4064 judicari.
329 3994 387 4049 Hoc
410 3994 434 4047 si
467 3993 547 4064 serie,
572 3993 611 4049 uti
633 4008 682 4063 par
705 3997 754 4057 est,
775 3989 867 4061 plnres
920 4003 981 4043 cum
1005 3985 1103 4044 viderit
1130 3982 1229 4056 deponi
1255 3991 1380 4054 potentes
1397 3983 1432 4041 de
1451 3983 1526 4051 sede,
1553 3992 1581 4040 et
1604 3984 1715 4041 exaltari

74 4083 258 4150 attenderent,
275 4096 329 4137 non
346 4083 386 4138 sic
411 4085 564 4153 quaererent
577 4081 770 4153 praeposituras
788 4093 869 4150 super
922 4076 1047 4131 humiles.
1081 4074 1185 4130 Timeat
1224 4073 1403 4143 voluptuosus
1439 4083 1569 4129 aeternum
1603 4075 1713 4140 malum,

74 4169 329 4226 archidiaconatus:
351 4184 406 4226 non
422 4168 461 4223 sic
488 4168 539 4224 sibi
563 4167 607 4227 vel
619 4168 676 4224 suis
703 4185 785 4238 super
811 4168 869 4221 tbe·
884 4199 907 4277 u
923 4173 1025 4221 aeterna
1047 4162 1190 4233 supplicia,
1211 4159 1258 4215 ubi
1282 4159 1376 4215 subter
1399 4176 1461 4215 eum
1480 4167 1612 4215 sternetur
1632 4161 1714 4224 tinea,

75 4258 210 4316 causarias
235 4264 355 4329 peterent
377 4256 539 4325 decanatns;
570 4271 621 4312 nec
649 4263 702 4311 tam
724 4255 781 4310 dira
804 4254 868 4310 libi·
921 4261 949 4310 ct
977 4250 1088 4308 vermis·
1105 4249 1303 4321 operimentum
1331 4248 1401 4316 ejus.
1428 4249 1492 4304 Haee
1522 4247 1613 4303 emnia
1640 4248 1717 4319 prius

75 4351 139 4408 dine
162 4347 256 4405 miseri
279 4347 391 4422 gibbum
411 4346 541 4402 adderent
563 4361 645 4417 super
662 4344 784 4417 gibbum,
808 4358 870 4399 cnm
924 4339 1034 4412 signata
1051 4335 1075 4390 si
1096 4349 1150 4390 non
1169 4334 1328 4406 creduntur,
1345 4334 1470 4402 obsecro,
1493 4350 1543 4389 cur
1566 4335 1716 4408 leguntur3
1744 4370 1750 4377 -

77 4440 111 4495 ad
128 4439 281 4513 negandum
301 4436 403 4493 camelo
426 4435 505 4508 regni
532 4434 649 4492 coelestis
673 4450 723 4504 per
748 4430 869 4487 foramen
924 4437 952 4484 et
975 4427 998 4481 si
1021 4422 1178 4490 creduntur,
1194 4423 1331 4494 quomodo
1345 4437 1399 4478 nnn
1414 4421 1561 4479 timentur?
1575 4422 1630 4478 Aut
1648 4440 1717 4496 quo·

77 4544 143 4585 acus
166 4527 316 4594 introitum,
331 4526 394 4582 satis
409 4539 547 4596 superque
574 4522 707 4594 impedire
733 4535 796 4578 eum
815 4531 868 4590 po·
923 4515 1005 4572 modo
1024 4513 1117 4569 timeat
1138 4527 1170 4568 ea
1188 4511 1270 4567 hodie
1293 4511 1408 4567 clericus
1425 4527 1459 4566 er
1476 4511 1557 4583 inope
1585 4512 1716 4584 locuples,

79 4617 159 4673 tuerit
170 4615 270 4689 gibbus
281 4630 361 4670 nnus.
378 4612 503 4688 cogitare
526 4613 614 4686 magis
631 4611 782 4667 debuerant
798 4605 871 4679 quod
924 4622 957 4662 cx
981 4601 1096 4677 ignobili
1124 4598 1283 4673 gloriosus?
1297 4599 1331 4655 Et
1356 4608 1428 4657 recte
1456 4601 1589 4672 ejusmodi
1621 4603 1718 4678 fugere

80 4709 204 4778 legerunt
218 4722 224 4759 :
238 4706 330 4762 Nolite
336 4704 432 4777 plures
444 4704 576 4774 magistri
589 4701 663 4773 ficri,
678 4703 786 4772 fratrer
804 4695 871 4767 mci,
925 4710 976 4751 nes
1002 4690 1082 4764 quasi
1111 4698 1216 4763 pestem
1245 4688 1359 4761 Sapiens
1391 4689 1456 4745 olim
1482 4692 1609 4747 monebat
1624 4711 1631 4748 ι
1647 4707 1718 4748 nunc

80 4795 202 4853 scientes
216 4793 423 4868 quadrantalis
436 4793 530 4864 majus
548 4790 691 4863 judicium
709 4785 811 4862 (lwul.
832 4799 873 4853 ιιι,
926 4793 1013 4841 antem
1040 4779 1088 4853 qui
1110 4778 1245 4853 fugiemus
1268 4780 1338 4834 hanc
1363 4779 1489 4850 pestem?
1508 4779 1540 4838 Et
1566 4779 1594 4837 in
1622 4782 1720 4837 insulis

85 4888 124 4956 l).
140 4886 194 4941 Sed
216 4900 266 4942 nec
290 4882 356 4939 illud
384 4881 533 4938 debuerant
556 4879 690 4946 oblivisci,
713 4875 763 4935 viri
777 4872 874 4933 videli·
927 4888 987 4948 quae
1014 4885 1105 4944 parvae
1132 4880 1196 4927 sunt
1220 4868 1365 4926 invenitur.
1387 4869 1462 4925 Unde
1487 4870 1583 4937 oritur,
1603 4885 1653 4927 vos
1679 4870 1720 4926 vi·
1769 4866 1775 4873 ’

80 4985 124 5035 cet
137 4974 302 5046 spirituales,
322 4971 369 5044 qni
387 4971 539 5043 gloriantur
564 4969 637 5042 quod
662 4967 770 5023 interim
793 4978 876 5038 opera
929 4962 1033 5019 desitis.

80 5065 192 5142 quidem
206 5061 366 5134 dijudicent,
386 5069 414 5115 et
435 5076 450 5114 a
472 5057 581 5115 nemine
601 5056 756 5127 judicentur
768 5057 794 5128 (l
812 5054 875 5114 Gor.
964 5054 991 5109 'l.
1012 5048 1082 5107 Vere
1109 5047 1180 5104 enim
1208 5045 1292 5119 pestis
1319 5055 1362 5102 est
1388 5046 1448 5114 ista,
1466 5062 1528 5120 quae
1556 5055 1645 5103 totum
1666 5050 1722 5119 jam

81 5174 111 5223 ιι,
125 5156 169 5227 15)
182 5171 188 5212 :
201 5149 546 5210 ludielarudurissimcm
557 5146 789 5221 hisquiproerant
803 5145 877 5215 ficu·
931 5139 1072 5212 occupavit
1099 5139 1203 5194 orbem.
1227 5136 1315 5190 Tabes
1337 5142 1379 5191 est
1396 5135 1458 5205 ista,
1478 5152 1539 5206 quae
1560 5142 1645 5192 totum
1663 5153 1724 5194 cor·

87 5253 115 5308 et
128 5244 401 5320 polentcspctenler
416 5243 560 5295 tormento
572 5235 723 5310 patientur
746 5234 823 5306 (Sap.
838 5247 878 5299 vt,
931 5247 983 5306 pus
1006 5227 1133 5285 Ecclesiae
1159 5226 1216 5295 iam
1243 5222 1322 5281 718
1350 5222 1453 5291 infecit,
1482 5232 1512 5280 ut
1539 5239 1594 5280 non
1612 5225 1726 5282 dixerim

83 5344 110 5408 6,
127 5336 166 5406 7).
182 5332 290 5403 Exiguo
310 5330 387 5388 enim
402 5327 566 5386 conceditur
582 5324 659 5382 facile
672 5319 880 5393 misericordie,
933 5317 1109 5376 interfecitrl
1124 5316 1227 5387 planta
1236 5312 1315 5384 pedis
1325 5327 1411 5386 usqne
1424 5311 1461 5366 ud
1475 5314 1610 5370 verticem
1619 5318 1728 5371 aeaut

84 5425 131 5500 qui
146 5436 218 5478 nnnc
233 5419 319 5493 magis
333 5425 407 5490 optat
431 5432 478 5488 per
492 5416 617 5472 homines
636 5410 765 5485 judicari,
793 5409 881 5467 sciens
935 5412 967 5467 in
983 5424 1013 5466 cc
1036 5404 1158 5473 sanitas,
1177 5403 1214 5457 ait
1235 5401 1378 5474 propheta.
1405 5400 1520 5470 Vulnus,
1546 5404 1575 5457 ct
1595 5402 1674 5472 liuor,
1701 5407 1730 5460 ct

85 5530 165 5588 quam
180 5511 216 5568 sit
228 5508 393 5566 horrendum
405 5506 525 5563 incidere
538 5503 567 5562 in
586 5518 682 5561 manus
696 5500 745 5561 Dei
755 5499 880 5562 viventis.
935 5498 1018 5574 plango
1032 5500 1143 5554 tantem
1158 5509 1216 5551 nort
1226 5497 1267 5550 est
1279 5492 1488 5562 circumligato,
1501 5506 1552 5550 acc
1565 5499 1732 5551 curatamc·

197 5612 317 5670 Parnon.
334 5603 503 5667 clxxxiv.
1554 5592 1589 5647 ³⁵
