<?xml version="1.0" encoding="UTF-8"?>
<!DOCTYPE html PUBLIC "-//W3C//DTD XHTML 1.0 Transitional//EN"
    "http://www.w3.org/TR/xhtml1/DTD/xhtml1-transitional.dtd">
<html xmlns="http://www.w3.org/1999/xhtml" xml:lang="en" lang="en">
 <head>
  <title>
</title>
<meta http-equiv="Content-Type" content="text/html;charset=utf-8" />
  <meta name='ocr-system' content='tesseract 3.04.00' />
  <meta name='ocr-capabilities' content='ocr_page ocr_carea ocr_par ocr_line ocrx_word'/>
</head>
<body>
  <div class='ocr_page' id='page_1' title='image "./patrologiaecurs00unkngoog_0296.png"; bbox 0 0 3706 5962; ppageno 0'>
   <div class='ocr_carea' id='block_1_1' title="bbox 158 152 1814 243">
    <p class='ocr_par' dir='ltr' id='par_1_1' title="bbox 158 152 1814 243">
     <span class='ocr_line' id='line_1_1' title="bbox 158 152 1814 243; baseline -0.01 0"><span class='ocrx_word' id='word_1_1' title='bbox 158 174 221 243; x_wconf 69' lang='grc' dir='ltr'><strong>«ιιι</strong></span> <span class='ocrx_word' id='word_1_2' title='bbox 731 152 1237 237; x_wconf 76' lang='lat' dir='ltr'><strong>mturtrusottbttnusttrm</strong></span> <span class='ocrx_word' id='word_1_3' title='bbox 1758 163 1814 237; x_wconf 67' lang='lat'><strong>530</strong></span> 
     </span>
    </p>
   </div>
   <div class='ocr_carea' id='block_1_2' title="bbox 152 294 1814 5236">
    <p class='ocr_par' dir='ltr' id='par_1_2' title="bbox 152 294 1814 5236">
     <span class='ocr_line' id='line_1_2' title="bbox 166 294 1813 406; baseline -0.005 -42"><span class='ocrx_word' id='word_1_4' title='bbox 166 301 286 379; x_wconf 85' lang='lat' dir='ltr'><strong>turpium</strong></span> <span class='ocrx_word' id='word_1_5' title='bbox 307 301 502 378; x_wconf 69' lang='lat' dir='ltr'><strong>cogitationum</strong></span> <span class='ocrx_word' id='word_1_6' title='bbox 535 308 668 359; x_wconf 87' lang='lat' dir='ltr'><strong>necturus</strong></span> <span class='ocrx_word' id='word_1_7' title='bbox 690 299 806 374; x_wconf 82' lang='lat' dir='ltr'><strong>quisque</strong></span> <span class='ocrx_word' id='word_1_8' title='bbox 836 296 962 356; x_wconf 86' lang='lat' dir='ltr'><strong>illusione</strong></span> <span class='ocrx_word' id='word_1_9' title='bbox 975 296 1000 406; x_wconf 61' lang='grc' dir='ltr'>Ἰ</span> <span class='ocrx_word' id='word_1_10' title='bbox 1014 296 1165 355; x_wconf 68' lang='lat' dir='ltr'><strong>umbone</strong></span> <span class='ocrx_word' id='word_1_11' title='bbox 1175 294 1364 359; x_wconf 85' lang='lat' dir='ltr'><strong>mandatorum</strong></span> <span class='ocrx_word' id='word_1_12' title='bbox 1376 295 1542 355; x_wconf 82' lang='lat' dir='ltr'><strong>extenuetur</strong></span> <span class='ocrx_word' id='word_1_13' title='bbox 1556 296 1583 354; x_wconf 91' lang='lat' dir='ltr'><strong>in</strong></span> <span class='ocrx_word' id='word_1_14' title='bbox 1590 296 1738 355; x_wconf 81' lang='lat' dir='ltr'><strong>eletionem</strong></span> <span class='ocrx_word' id='word_1_15' title='bbox 1753 294 1813 356; x_wconf 83' lang='lat' dir='ltr'><strong>sir&#39;-</strong></span> 
     </span>
     <span class='ocr_line' id='line_1_3' title="bbox 160 384 1813 468; baseline -0.002 -19"><span class='ocrx_word' id='word_1_16' title='bbox 160 395 304 468; x_wconf 82' lang='lat' dir='ltr'><strong>polloitur.</strong></span> <span class='ocrx_word' id='word_1_17' title='bbox 324 392 372 450; x_wconf 74' lang='lat' dir='ltr'><strong>Est</strong></span> <span class='ocrx_word' id='word_1_18' title='bbox 386 398 413 447; x_wconf 88' lang='lat' dir='ltr'><strong>et</strong></span> <span class='ocrx_word' id='word_1_19' title='bbox 433 397 559 463; x_wconf 74' lang='lat' dir='ltr'><strong>quartum</strong></span> <span class='ocrx_word' id='word_1_20' title='bbox 578 405 667 461; x_wconf 70' lang='lat' dir='ltr'><strong>genus</strong></span> <span class='ocrx_word' id='word_1_21' title='bbox 686 390 764 461; x_wconf 78' lang='lat' dir='ltr'><strong>jutta</strong></span> <span class='ocrx_word' id='word_1_22' title='bbox 784 387 960 459; x_wconf 81' lang='lat' dir='ltr'><strong>Scriptorum,</strong></span> <span class='ocrx_word' id='word_1_23' title='bbox 1014 393 1111 442; x_wconf 90' lang='lat' dir='ltr'><strong>tutum.</strong></span> <span class='ocrx_word' id='word_1_24' title='bbox 1129 384 1218 443; x_wconf 84' lang='lat' dir='ltr'><strong>Tertia</strong></span> <span class='ocrx_word' id='word_1_25' title='bbox 1245 400 1302 459; x_wconf 89' lang='lat' dir='ltr'><strong>eos,</strong></span> <span class='ocrx_word' id='word_1_26' title='bbox 1327 385 1374 459; x_wconf 90' lang='lat' dir='ltr'><strong>qui</strong></span> <span class='ocrx_word' id='word_1_27' title='bbox 1395 400 1447 459; x_wconf 91' lang='lat' dir='ltr'><strong>per</strong></span> <span class='ocrx_word' id='word_1_28' title='bbox 1483 385 1678 444; x_wconf 74' lang='lat' dir='ltr'><strong>contumacium</strong></span> <span class='ocrx_word' id='word_1_29' title='bbox 1711 388 1813 446; x_wconf 90' lang='lat' dir='ltr'><strong>mentis</strong></span> 
     </span>
     <span class='ocr_line' id='line_1_4' title="bbox 165 471 1811 548; baseline -0.006 -6"><span class='ocrx_word' id='word_1_30' title='bbox 165 482 270 542; x_wconf 80' lang='lat' dir='ltr'><strong>scilieet</strong></span> <span class='ocrx_word' id='word_1_31' title='bbox 297 479 449 538; x_wconf 77' lang='lat' dir='ltr'><strong>idololatris</strong></span> <span class='ocrx_word' id='word_1_32' title='bbox 473 488 500 535; x_wconf 88' lang='lat' dir='ltr'><strong>et</strong></span> <span class='ocrx_word' id='word_1_33' title='bbox 530 477 653 535; x_wconf 75' lang='lat' dir='ltr'><strong>cremiis.</strong></span> <span class='ocrx_word' id='word_1_34' title='bbox 686 477 740 534; x_wconf 89' lang='lat' dir='ltr'><strong>Sed</strong></span> <span class='ocrx_word' id='word_1_35' title='bbox 766 484 794 533; x_wconf 90' lang='lat' dir='ltr'><strong>et</strong></span> <span class='ocrx_word' id='word_1_36' title='bbox 808 476 897 534; x_wconf 86' lang='lat' dir='ltr'><strong>omnis</strong></span> <span class='ocrx_word' id='word_1_37' title='bbox 912 476 961 533; x_wconf 90' lang='lat' dir='ltr'><strong>im·</strong></span> <span class='ocrx_word' id='word_1_38' title='bbox 1013 471 1095 533; x_wconf 85' lang='lat' dir='ltr'><strong>subdi</strong></span> <span class='ocrx_word' id='word_1_39' title='bbox 1109 473 1291 548; x_wconf 71' lang='lat' dir='ltr'><strong>dedignentur</strong></span> <span class='ocrx_word' id='word_1_40' title='bbox 1310 475 1443 545; x_wconf 75' lang='lat' dir='ltr'><strong>majorum</strong></span> <span class='ocrx_word' id='word_1_41' title='bbox 1458 472 1590 545; x_wconf 86' lang='lat' dir='ltr'><strong>imperiis.</strong></span> <span class='ocrx_word' id='word_1_42' title='bbox 1614 472 1732 542; x_wconf 86' lang='lat' dir='ltr'><strong>Quidam</strong></span> <span class='ocrx_word' id='word_1_43' title='bbox 1759 495 1811 533; x_wconf 81' lang='lat' dir='ltr'><strong>nn-</strong></span> 
     </span>
     <span class='ocr_line' id='line_1_5' title="bbox 166 561 1811 640; baseline -0.004 -13"><span class='ocrx_word' id='word_1_44' title='bbox 166 569 266 627; x_wconf 87' lang='lat' dir='ltr'><strong>munda</strong></span> <span class='ocrx_word' id='word_1_45' title='bbox 289 567 411 640; x_wconf 90' lang='lat' dir='ltr'><strong>pollutio,</strong></span> <span class='ocrx_word' id='word_1_46' title='bbox 444 565 582 625; x_wconf 85' lang='lat' dir='ltr'><strong>iornicstio</strong></span> <span class='ocrx_word' id='word_1_47' title='bbox 610 564 717 621; x_wconf 85' lang='lat' dir='ltr'><strong>dicitur.</strong></span> <span class='ocrx_word' id='word_1_48' title='bbox 742 563 909 638; x_wconf 80' lang='lat' dir='ltr'><strong>Pbilarqyritt</strong></span> <span class='ocrx_word' id='word_1_49' title='bbox 934 563 961 620; x_wconf 89' lang='lat' dir='ltr'><strong>in</strong></span> <span class='ocrx_word' id='word_1_50' title='bbox 1014 570 1069 621; x_wconf 89' lang='lat' dir='ltr'><strong>tem</strong></span> <span class='ocrx_word' id='word_1_51' title='bbox 1093 578 1142 636; x_wconf 91' lang='lat' dir='ltr'><strong>pro</strong></span> <span class='ocrx_word' id='word_1_52' title='bbox 1159 561 1321 629; x_wconf 82' lang='lat' dir='ltr'><strong>carnalibus,</strong></span> <span class='ocrx_word' id='word_1_53' title='bbox 1343 564 1455 636; x_wconf 85' lang='lat' dir='ltr'><strong>quidem</strong></span> <span class='ocrx_word' id='word_1_54' title='bbox 1479 578 1529 636; x_wconf 92' lang='lat' dir='ltr'><strong>pro</strong></span> <span class='ocrx_word' id='word_1_55' title='bbox 1558 563 1745 636; x_wconf 74' lang='lat' dir='ltr'><strong>spiritualibus</strong></span> <span class='ocrx_word' id='word_1_56' title='bbox 1766 583 1811 622; x_wconf 90' lang='lat' dir='ltr'><strong>su-</strong></span> 
     </span>
     <span class='ocr_line' id='line_1_6' title="bbox 166 651 1811 731; baseline -0.002 -16"><span class='ocrx_word' id='word_1_57' title='bbox 166 660 272 731; x_wconf 73' lang='lat' dir='ltr'><strong>gemine</strong></span> <span class='ocrx_word' id='word_1_58' title='bbox 290 657 415 713; x_wconf 86' lang='lat' dir='ltr'><strong>membre</strong></span> <span class='ocrx_word' id='word_1_59' title='bbox 435 654 622 728; x_wconf 74' lang='lat' dir='ltr'><strong>distinguitur,</strong></span> <span class='ocrx_word' id='word_1_60' title='bbox 644 662 707 725; x_wconf 87' lang='lat' dir='ltr'><strong>puts</strong></span> <span class='ocrx_word' id='word_1_61' title='bbox 720 653 749 709; x_wconf 93' lang='lat' dir='ltr'><strong>in</strong></span> <span class='ocrx_word' id='word_1_62' title='bbox 766 651 961 726; x_wconf 80' lang='lat' dir='ltr'><strong>concupissen-</strong></span> <span class='ocrx_word' id='word_1_63' title='bbox 1015 651 1149 725; x_wconf 86' lang='lat' dir='ltr'><strong>perbiuut,</strong></span> <span class='ocrx_word' id='word_1_64' title='bbox 1181 658 1272 709; x_wconf 81' lang='lat' dir='ltr'><strong>otest</strong></span> <span class='ocrx_word' id='word_1_65' title='bbox 1297 667 1351 708; x_wconf 85' lang='lat' dir='ltr'><strong>unc</strong></span> <span class='ocrx_word' id='word_1_66' title='bbox 1368 653 1493 725; x_wconf 86' lang='lat' dir='ltr'><strong>superbis</strong></span> <span class='ocrx_word' id='word_1_67' title='bbox 1515 654 1565 709; x_wconf 92' lang='lat' dir='ltr'><strong>sub</strong></span> <span class='ocrx_word' id='word_1_68' title='bbox 1584 651 1691 710; x_wconf 84' lang='lat' dir='ltr'><strong>diuerso</strong></span> <span class='ocrx_word' id='word_1_69' title='bbox 1705 655 1811 711; x_wconf 89' lang='lat' dir='ltr'><strong>colore.</strong></span> 
     </span>
     <span class='ocr_line' id='line_1_7' title="bbox 165 739 1812 818; baseline -0.001 -16"><span class='ocrx_word' id='word_1_70' title='bbox 165 749 231 802; x_wconf 90' lang='lat' dir='ltr'><strong>tiam</strong></span> <span class='ocrx_word' id='word_1_71' title='bbox 256 745 296 801; x_wconf 87' lang='lat' dir='ltr'><strong>rei</strong></span> <span class='ocrx_word' id='word_1_72' title='bbox 319 743 460 818; x_wconf 72' lang='lat' dir='ltr'><strong>augendae,</strong></span> <span class='ocrx_word' id='word_1_73' title='bbox 487 751 519 798; x_wconf 84' lang='lat' dir='ltr'><strong>et</strong></span> <span class='ocrx_word' id='word_1_74' title='bbox 532 743 560 799; x_wconf 92' lang='lat' dir='ltr'><strong>in</strong></span> <span class='ocrx_word' id='word_1_75' title='bbox 589 751 688 798; x_wconf 85' lang='lat' dir='ltr'><strong>metum</strong></span> <span class='ocrx_word' id='word_1_76' title='bbox 715 741 849 799; x_wconf 80' lang='lat' dir='ltr'><strong>otrsndse.</strong></span> <span class='ocrx_word' id='word_1_77' title='bbox 868 740 917 799; x_wconf 81' lang='lat' dir='ltr'><strong>sss</strong></span> <span class='ocrx_word' id='word_1_78' title='bbox 936 748 963 799; x_wconf 84' lang='lat' dir='ltr'><strong>st</strong></span> <span class='ocrx_word' id='word_1_79' title='bbox 1049 744 1094 799; x_wconf 75' lang='lat' dir='ltr'><strong>ll.</strong></span> <span class='ocrx_word' id='word_1_80' title='bbox 1109 739 1272 798; x_wconf 76' lang='lat' dir='ltr'><strong>denoteris</strong></span> <span class='ocrx_word' id='word_1_81' title='bbox 1287 740 1401 797; x_wconf 83' lang='lat' dir='ltr'><strong>alterum</strong></span> <span class='ocrx_word' id='word_1_82' title='bbox 1421 748 1512 813; x_wconf 87' lang='lat' dir='ltr'><strong>ceput,</strong></span> <span class='ocrx_word' id='word_1_83' title='bbox 1533 739 1699 797; x_wconf 82' lang='lat' dir='ltr'><strong>multiforme</strong></span> <span class='ocrx_word' id='word_1_84' title='bbox 1718 742 1812 813; x_wconf 92' lang='lat' dir='ltr'><strong>prodi-</strong></span> 
     </span>
     <span class='ocr_line' id='line_1_8' title="bbox 161 828 1812 908; baseline -0.002 -18"><span class='ocrx_word' id='word_1_85' title='bbox 161 833 273 891; x_wconf 81' lang='lat' dir='ltr'><strong>tcrtium</strong></span> <span class='ocrx_word' id='word_1_86' title='bbox 297 848 385 908; x_wconf 81' lang='lat' dir='ltr'><strong>genus</strong></span> <span class='ocrx_word' id='word_1_87' title='bbox 407 830 493 904; x_wconf 89' lang='lat' dir='ltr'><strong>pestis</strong></span> <span class='ocrx_word' id='word_1_88' title='bbox 514 831 607 902; x_wconf 74' lang='lat' dir='ltr'><strong>buius,</strong></span> <span class='ocrx_word' id='word_1_89' title='bbox 626 831 734 903; x_wconf 83' lang='lat' dir='ltr'><strong>quando</strong></span> <span class='ocrx_word' id='word_1_90' title='bbox 763 828 910 887; x_wconf 73' lang='lat' dir='ltr'><strong>momcbus</strong></span> <span class='ocrx_word' id='word_1_91' title='bbox 928 845 962 889; x_wconf 81' lang='lat' dir='ltr'><strong>er</strong></span> <span class='ocrx_word' id='word_1_92' title='bbox 1014 832 1099 906; x_wconf 73' lang='lat' dir='ltr'><strong>pium,</strong></span> <span class='ocrx_word' id='word_1_93' title='bbox 1123 837 1149 886; x_wconf 91' lang='lat' dir='ltr'><strong>et</strong></span> <span class='ocrx_word' id='word_1_94' title='bbox 1162 828 1303 902; x_wconf 75' lang='lat' dir='ltr'><strong>multiplex</strong></span> <span class='ocrx_word' id='word_1_95' title='bbox 1324 829 1434 895; x_wconf 85' lang='lat' dir='ltr'><strong>malum,</strong></span> <span class='ocrx_word' id='word_1_96' title='bbox 1451 828 1524 885; x_wconf 86' lang='lat' dir='ltr'><strong>diras</strong></span> <span class='ocrx_word' id='word_1_97' title='bbox 1543 845 1626 886; x_wconf 82' lang='lat' dir='ltr'><strong>voces</strong></span> <span class='ocrx_word' id='word_1_98' title='bbox 1650 836 1678 885; x_wconf 92' lang='lat' dir='ltr'><strong>et</strong></span> <span class='ocrx_word' id='word_1_99' title='bbox 1706 832 1812 904; x_wconf 73' lang='lat' dir='ltr'><strong>rugitus</strong></span> 
     </span>
     <span class='ocr_line' id='line_1_9' title="bbox 164 915 1814 994; baseline -0.001 -17"><span class='ocrx_word' id='word_1_100' title='bbox 164 923 230 994; x_wconf 88' lang='lat' dir='ltr'><strong>ipsis</strong></span> <span class='ocrx_word' id='word_1_101' title='bbox 258 918 431 987; x_wconf 77' lang='lat' dir='ltr'><strong>necessariis,</strong></span> <span class='ocrx_word' id='word_1_102' title='bbox 458 919 517 974; x_wconf 90' lang='lat' dir='ltr'><strong>sine</strong></span> <span class='ocrx_word' id='word_1_103' title='bbox 541 918 642 990; x_wconf 89' lang='lat' dir='ltr'><strong>quibus</strong></span> <span class='ocrx_word' id='word_1_104' title='bbox 667 917 761 976; x_wconf 83' lang='lat' dir='ltr'><strong>vivore</strong></span> <span class='ocrx_word' id='word_1_105' title='bbox 784 933 840 975; x_wconf 93' lang='lat' dir='ltr'><strong>non</strong></span> <span class='ocrx_word' id='word_1_106' title='bbox 863 925 961 989; x_wconf 88' lang='lat' dir='ltr'><strong>potest,</strong></span> <span class='ocrx_word' id='word_1_107' title='bbox 1014 918 1150 976; x_wconf 75' lang='lat' dir='ltr'><strong>terribiles</strong></span> <span class='ocrx_word' id='word_1_108' title='bbox 1169 932 1201 973; x_wconf 85' lang='lat' dir='ltr'><strong>es</strong></span> <span class='ocrx_word' id='word_1_109' title='bbox 1224 916 1339 992; x_wconf 69' lang='lat' dir='ltr'><strong>turgidis</strong></span> <span class='ocrx_word' id='word_1_110' title='bbox 1368 915 1489 974; x_wconf 82' lang='lat' dir='ltr'><strong>faucibus</strong></span> <span class='ocrx_word' id='word_1_111' title='bbox 1507 917 1707 990; x_wconf 84' lang='lat' dir='ltr'><strong>quadripertito</strong></span> <span class='ocrx_word' id='word_1_112' title='bbox 1732 918 1814 976; x_wconf 90' lang='lat' dir='ltr'><strong>modo</strong></span> 
     </span>
     <span class='ocr_line' id='line_1_10' title="bbox 162 1004 1812 1082; baseline -0.001 -20"><span class='ocrx_word' id='word_1_113' title='bbox 162 1014 224 1082; x_wconf 87' lang='lat' dir='ltr'><strong>ptus</strong></span> <span class='ocrx_word' id='word_1_114' title='bbox 247 1007 383 1065; x_wconf 85' lang='lat' dir='ltr'><strong>desideret</strong></span> <span class='ocrx_word' id='word_1_115' title='bbox 396 1006 496 1063; x_wconf 84' lang='lat' dir='ltr'><strong>babere</strong></span> <span class='ocrx_word' id='word_1_116' title='bbox 510 1021 590 1078; x_wconf 87' lang='lat' dir='ltr'><strong>quam</strong></span> <span class='ocrx_word' id='word_1_117' title='bbox 605 1020 717 1063; x_wconf 85' lang='lat' dir='ltr'><strong>necesse</strong></span> <span class='ocrx_word' id='word_1_118' title='bbox 731 1006 785 1063; x_wconf 90' lang='lat' dir='ltr'><strong>sit:</strong></span> <span class='ocrx_word' id='word_1_119' title='bbox 805 1012 851 1063; x_wconf 89' lang='lat' dir='ltr'><strong>aut</strong></span> <span class='ocrx_word' id='word_1_120' title='bbox 865 1021 897 1063; x_wconf 84' lang='lat' dir='ltr'><strong>es</strong></span> <span class='ocrx_word' id='word_1_121' title='bbox 914 1020 962 1062; x_wconf 84' lang='lat' dir='ltr'><strong>to·</strong></span> <span class='ocrx_word' id='word_1_122' title='bbox 1014 1005 1096 1064; x_wconf 87' lang='lat' dir='ltr'><strong>nltins</strong></span> <span class='ocrx_word' id='word_1_123' title='bbox 1108 1004 1191 1064; x_wconf 82' lang='lat' dir='ltr'><strong>afflat.</strong></span> <span class='ocrx_word' id='word_1_124' title='bbox 1206 1005 1274 1061; x_wconf 83' lang='lat' dir='ltr'><strong>llam</strong></span> <span class='ocrx_word' id='word_1_125' title='bbox 1297 1011 1360 1061; x_wconf 87' lang='lat' dir='ltr'><strong>sunt</strong></span> <span class='ocrx_word' id='word_1_126' title='bbox 1373 1004 1421 1078; x_wconf 91' lang='lat' dir='ltr'><strong>qui</strong></span> <span class='ocrx_word' id='word_1_127' title='bbox 1434 1004 1534 1060; x_wconf 86' lang='lat' dir='ltr'><strong>babent</strong></span> <span class='ocrx_word' id='word_1_128' title='bbox 1548 1004 1628 1073; x_wconf 85' lang='lat' dir='ltr'><strong>done,</strong></span> <span class='ocrx_word' id='word_1_129' title='bbox 1649 1014 1676 1061; x_wconf 92' lang='lat' dir='ltr'><strong>et</strong></span> <span class='ocrx_word' id='word_1_130' title='bbox 1702 1006 1812 1061; x_wconf 83' lang='lat' dir='ltr'><strong>donan-</strong></span> 
     </span>
     <span class='ocr_line' id='line_1_11' title="bbox 163 1092 1811 1169; baseline -0.002 -17"><span class='ocrx_word' id='word_1_131' title='bbox 163 1095 255 1153; x_wconf 86' lang='lat' dir='ltr'><strong>lumus</strong></span> <span class='ocrx_word' id='word_1_132' title='bbox 267 1097 296 1151; x_wconf 93' lang='lat' dir='ltr'><strong>in</strong></span> <span class='ocrx_word' id='word_1_133' title='bbox 310 1095 480 1152; x_wconf 83' lang='lat' dir='ltr'><strong>monasteriis</strong></span> <span class='ocrx_word' id='word_1_134' title='bbox 499 1095 650 1167; x_wconf 82' lang='lat' dir='ltr'><strong>possidere,</strong></span> <span class='ocrx_word' id='word_1_135' title='bbox 678 1110 739 1166; x_wconf 86' lang='lat' dir='ltr'><strong>qute</strong></span> <span class='ocrx_word' id='word_1_136' title='bbox 757 1094 780 1150; x_wconf 89' lang='lat' dir='ltr'><strong>si</strong></span> <span class='ocrx_word' id='word_1_137' title='bbox 797 1108 922 1151; x_wconf 65' lang='lat' dir='ltr'><strong>ememus</strong></span> <span class='ocrx_word' id='word_1_138' title='bbox 934 1093 962 1149; x_wconf 92' lang='lat' dir='ltr'><strong>in</strong></span> <span class='ocrx_word' id='word_1_139' title='bbox 1015 1093 1270 1169; x_wconf 80' lang='lat' dir='ltr'><strong>temiquortnt.1it</strong></span> <span class='ocrx_word' id='word_1_140' title='bbox 1288 1101 1351 1151; x_wconf 89' lang='lat' dir='ltr'><strong>sunt</strong></span> <span class='ocrx_word' id='word_1_141' title='bbox 1372 1094 1421 1167; x_wconf 93' lang='lat' dir='ltr'><strong>qui</strong></span> <span class='ocrx_word' id='word_1_142' title='bbox 1444 1108 1474 1149; x_wconf 89' lang='lat' dir='ltr'><strong>se</strong></span> <span class='ocrx_word' id='word_1_143' title='bbox 1489 1093 1584 1150; x_wconf 91' lang='lat' dir='ltr'><strong>dicunt</strong></span> <span class='ocrx_word' id='word_1_144' title='bbox 1598 1109 1646 1165; x_wconf 90' lang='lat' dir='ltr'><strong>pro</strong></span> <span class='ocrx_word' id='word_1_145' title='bbox 1668 1092 1724 1150; x_wconf 90' lang='lat' dir='ltr'><strong>suis</strong></span> <span class='ocrx_word' id='word_1_146' title='bbox 1738 1109 1811 1165; x_wconf 76' lang='lat' dir='ltr'><strong>prse-</strong></span> 
     </span>
     <span class='ocr_line' id='line_1_12' title="bbox 160 1179 1812 1256; baseline -0.006 -11"><span class='ocrx_word' id='word_1_147' title='bbox 160 1184 275 1254; x_wconf 68' lang='lat' dir='ltr'><strong>monto,</strong></span> <span class='ocrx_word' id='word_1_148' title='bbox 290 1183 402 1240; x_wconf 88' lang='lat' dir='ltr'><strong>minime</strong></span> <span class='ocrx_word' id='word_1_149' title='bbox 416 1183 516 1240; x_wconf 76' lang='lat' dir='ltr'><strong>bebere</strong></span> <span class='ocrx_word' id='word_1_150' title='bbox 539 1183 699 1240; x_wconf 80' lang='lat' dir='ltr'><strong>valeremus.</strong></span> <span class='ocrx_word' id='word_1_151' title='bbox 723 1183 774 1238; x_wconf 84' lang='lat' dir='ltr'><strong>lrte</strong></span> <span class='ocrx_word' id='word_1_152' title='bbox 792 1196 891 1256; x_wconf 64' lang='lat' dir='ltr'><strong>genere</strong></span> <span class='ocrx_word' id='word_1_153' title='bbox 911 1181 963 1239; x_wconf 87' lang='lat' dir='ltr'><strong>tris</strong></span> <span class='ocrx_word' id='word_1_154' title='bbox 1015 1181 1172 1240; x_wconf 76' lang='lat' dir='ltr'><strong>&#39;cedendbnt</strong></span> <span class='ocrx_word' id='word_1_155' title='bbox 1183 1179 1285 1237; x_wconf 84' lang='lat' dir='ltr'><strong>meritis</strong></span> <span class='ocrx_word' id='word_1_156' title='bbox 1313 1182 1384 1237; x_wconf 88' lang='lat' dir='ltr'><strong>dons</strong></span> <span class='ocrx_word' id='word_1_157' title='bbox 1398 1179 1550 1253; x_wconf 87' lang='lat' dir='ltr'><strong>accepisse,</strong></span> <span class='ocrx_word' id='word_1_158' title='bbox 1578 1194 1633 1238; x_wconf 91' lang='lat' dir='ltr'><strong>non</strong></span> <span class='ocrx_word' id='word_1_159' title='bbox 1648 1195 1697 1252; x_wconf 88' lang='lat' dir='ltr'><strong>pro</strong></span> <span class='ocrx_word' id='word_1_160' title='bbox 1721 1179 1812 1251; x_wconf 76' lang='lat' dir='ltr'><strong>qratia</strong></span> 
     </span>
     <span class='ocr_line' id='line_1_13' title="bbox 162 1265 1810 1344; baseline -0.007 -12"><span class='ocrx_word' id='word_1_161' title='bbox 162 1281 237 1332; x_wconf 83' lang='lat' dir='ltr'><strong>sunt.</strong></span> <span class='ocrx_word' id='word_1_162' title='bbox 254 1274 354 1340; x_wconf 76' lang='lat' dir='ltr'><strong>usum,</strong></span> <span class='ocrx_word' id='word_1_163' title='bbox 368 1271 442 1343; x_wconf 91' lang='lat' dir='ltr'><strong>qnod</strong></span> <span class='ocrx_word' id='word_1_164' title='bbox 457 1271 533 1327; x_wconf 86' lang='lat' dir='ltr'><strong>srdct</strong></span> <span class='ocrx_word' id='word_1_165' title='bbox 544 1271 731 1327; x_wconf 82' lang='lat' dir='ltr'><strong>extrinsecus:</strong></span> <span class='ocrx_word' id='word_1_166' title='bbox 746 1269 921 1344; x_wconf 64' lang='lat' dir='ltr'><strong>alium-qnod</strong></span> <span class='ocrx_word' id='word_1_167' title='bbox 934 1269 963 1327; x_wconf 90' lang='lat' dir='ltr'><strong>in</strong></span> <span class='ocrx_word' id='word_1_168' title='bbox 1013 1267 1163 1343; x_wconf 77' lang='lat' dir='ltr'><strong>lsrqlentis.</strong></span> <span class='ocrx_word' id='word_1_169' title='bbox 1178 1269 1246 1326; x_wconf 87' lang='lat' dir='ltr'><strong>item</strong></span> <span class='ocrx_word' id='word_1_170' title='bbox 1258 1267 1367 1342; x_wconf 89' lang='lat' dir='ltr'><strong>quidam</strong></span> <span class='ocrx_word' id='word_1_171' title='bbox 1382 1276 1447 1324; x_wconf 89' lang='lat' dir='ltr'><strong>sunt</strong></span> <span class='ocrx_word' id='word_1_172' title='bbox 1459 1265 1506 1339; x_wconf 90' lang='lat' dir='ltr'><strong>qui</strong></span> <span class='ocrx_word' id='word_1_173' title='bbox 1526 1267 1604 1340; x_wconf 74' lang='lat' dir='ltr'><strong>¹qnod</strong></span> <span class='ocrx_word' id='word_1_174' title='bbox 1617 1282 1673 1324; x_wconf 91' lang='lat' dir='ltr'><strong>non</strong></span> <span class='ocrx_word' id='word_1_175' title='bbox 1697 1266 1810 1336; x_wconf 81' lang='lat' dir='ltr'><strong>hebent,</strong></span> 
     </span>
     <span class='ocr_line' id='line_1_14' title="bbox 165 1351 1809 1433; baseline -0.006 -14"><span class='ocrx_word' id='word_1_176' title='bbox 165 1362 247 1419; x_wconf 82' lang='lat' dir='ltr'><strong>serbe</strong></span> <span class='ocrx_word' id='word_1_177' title='bbox 261 1361 322 1418; x_wconf 87' lang='lat' dir='ltr'><strong>sine</strong></span> <span class='ocrx_word' id='word_1_178' title='bbox 338 1359 429 1433; x_wconf 82' lang='lat' dir='ltr'><strong>operis</strong></span> <span class='ocrx_word' id='word_1_179' title='bbox 444 1357 544 1415; x_wconf 74' lang='lat' dir='ltr'><strong>eiieun</strong></span> <span class='ocrx_word' id='word_1_180' title='bbox 558 1358 729 1430; x_wconf 77' lang='lat' dir='ltr'><strong>prorumpit:</strong></span> <span class='ocrx_word' id='word_1_181' title='bbox 755 1359 874 1424; x_wconf 81' lang='lat' dir='ltr'><strong>tertium,</strong></span> <span class='ocrx_word' id='word_1_182' title='bbox 890 1357 964 1431; x_wconf 89' lang='lat' dir='ltr'><strong>qood</strong></span> <span class='ocrx_word' id='word_1_183' title='bbox 1015 1356 1117 1416; x_wconf 81' lang='lat' dir='ltr'><strong>bebere</strong></span> <span class='ocrx_word' id='word_1_184' title='bbox 1131 1370 1161 1413; x_wconf 87' lang='lat' dir='ltr'><strong>se</strong></span> <span class='ocrx_word' id='word_1_185' title='bbox 1180 1371 1228 1429; x_wconf 83' lang='lat' dir='ltr'><strong>per</strong></span> <span class='ocrx_word' id='word_1_186' title='bbox 1241 1364 1376 1413; x_wconf 85' lang='lat' dir='ltr'><strong>tumorem</strong></span> <span class='ocrx_word' id='word_1_187' title='bbox 1390 1355 1555 1411; x_wconf 80' lang='lat' dir='ltr'><strong>existiment.</strong></span> <span class='ocrx_word' id='word_1_188' title='bbox 1578 1355 1647 1412; x_wconf 86' lang='lat' dir='ltr'><strong>Sunt</strong></span> <span class='ocrx_word' id='word_1_189' title='bbox 1660 1365 1688 1412; x_wconf 86' lang='lat' dir='ltr'><strong>et</strong></span> <span class='ocrx_word' id='word_1_190' title='bbox 1701 1353 1749 1410; x_wconf 90' lang='lat' dir='ltr'><strong>elii</strong></span> <span class='ocrx_word' id='word_1_191' title='bbox 1761 1351 1809 1427; x_wconf 93' lang='lat' dir='ltr'><strong>qui</strong></span> 
     </span>
     <span class='ocr_line' id='line_1_15' title="bbox 164 1441 1810 1519; baseline -0.006 -13"><span class='ocrx_word' id='word_1_192' title='bbox 164 1466 218 1506; x_wconf 91' lang='lat' dir='ltr'><strong>non</strong></span> <span class='ocrx_word' id='word_1_193' title='bbox 236 1449 348 1506; x_wconf 89' lang='lat' dir='ltr'><strong>utillud</strong></span> <span class='ocrx_word' id='word_1_194' title='bbox 371 1449 479 1504; x_wconf 83' lang='lat' dir='ltr'><strong>lerseos</strong></span> <span class='ocrx_word' id='word_1_195' title='bbox 505 1449 540 1502; x_wconf 86' lang='lat' dir='ltr'><strong>ed</strong></span> <span class='ocrx_word' id='word_1_196' title='bbox 562 1449 653 1503; x_wconf 89' lang='lat' dir='ltr'><strong>boram</strong></span> <span class='ocrx_word' id='word_1_197' title='bbox 678 1445 822 1518; x_wconf 70' lang='lat' dir='ltr'><strong>digeritur,</strong></span> <span class='ocrx_word' id='word_1_198' title='bbox 845 1444 894 1503; x_wconf 85' lang='lat' dir='ltr'><strong>sed</strong></span> <span class='ocrx_word' id='word_1_199' title='bbox 914 1460 963 1519; x_wconf 87' lang='lat' dir='ltr'><strong>per</strong></span> <span class='ocrx_word' id='word_1_200' title='bbox 1015 1444 1211 1502; x_wconf 82' lang='lat' dir='ltr'><strong>contemnendo</strong></span> <span class='ocrx_word' id='word_1_201' title='bbox 1224 1450 1347 1511; x_wconf 71' lang='lat' dir='ltr'><strong>entem,</strong></span> <span class='ocrx_word' id='word_1_202' title='bbox 1363 1450 1457 1514; x_wconf 85' lang='lat' dir='ltr'><strong>putant</strong></span> <span class='ocrx_word' id='word_1_203' title='bbox 1473 1458 1504 1500; x_wconf 87' lang='lat' dir='ltr'><strong>se</strong></span> <span class='ocrx_word' id='word_1_204' title='bbox 1520 1441 1619 1499; x_wconf 89' lang='lat' dir='ltr'><strong>bebere</strong></span> <span class='ocrx_word' id='word_1_205' title='bbox 1631 1441 1733 1515; x_wconf 73' lang='lat' dir='ltr'><strong>aliquid</strong></span> <span class='ocrx_word' id='word_1_206' title='bbox 1749 1441 1810 1497; x_wconf 88' lang='lat' dir='ltr'><strong>sin·</strong></span> 
     </span>
     <span class='ocr_line' id='line_1_16' title="bbox 162 1529 1808 1609; baseline -0.006 -14"><span class='ocrx_word' id='word_1_207' title='bbox 162 1539 221 1595; x_wconf 90' lang='lat' dir='ltr'><strong>dies</strong></span> <span class='ocrx_word' id='word_1_208' title='bbox 235 1545 398 1609; x_wconf 65' lang='lat' dir='ltr'><strong>et‘tempors</strong></span> <span class='ocrx_word' id='word_1_209' title='bbox 420 1542 586 1593; x_wconf 77' lang='lat' dir='ltr'><strong>resemtur.</strong></span> <span class='ocrx_word' id='word_1_210' title='bbox 606 1535 646 1591; x_wconf 79' lang='lat' dir='ltr'><strong>Er</strong></span> <span class='ocrx_word' id='word_1_211' title='bbox 668 1535 716 1591; x_wconf 94' lang='lat' dir='ltr'><strong>illo</strong></span> <span class='ocrx_word' id='word_1_212' title='bbox 734 1534 836 1606; x_wconf 90' lang='lat' dir='ltr'><strong>quippe</strong></span> <span class='ocrx_word' id='word_1_213' title='bbox 848 1535 922 1592; x_wconf 87' lang='lat' dir='ltr'><strong>calor</strong></span> <span class='ocrx_word' id='word_1_214' title='bbox 936 1543 962 1591; x_wconf 89' lang='lat' dir='ltr'><strong>et</strong></span> <span class='ocrx_word' id='word_1_215' title='bbox 1016 1530 1157 1607; x_wconf 61' lang='lat' dir='ltr'><strong>martur.</strong></span> <span class='ocrx_word' id='word_1_216' title='bbox 1176 1531 1231 1589; x_wconf 78' lang='lat' dir='ltr'><strong>Sed</strong></span> <span class='ocrx_word' id='word_1_217' title='bbox 1255 1533 1306 1589; x_wconf 84' lang='lat' dir='ltr'><strong>ists</strong></span> <span class='ocrx_word' id='word_1_218' title='bbox 1318 1529 1399 1587; x_wconf 76' lang='lat' dir='ltr'><strong>eletio</strong></span> <span class='ocrx_word' id='word_1_219' title='bbox 1423 1530 1530 1587; x_wconf 83' lang='lat' dir='ltr'><strong>caetcris</strong></span> <span class='ocrx_word' id='word_1_220' title='bbox 1555 1529 1733 1603; x_wconf 76' lang='lat' dir='ltr'><strong>perniciosior</strong></span> <span class='ocrx_word' id='word_1_221' title='bbox 1757 1539 1808 1599; x_wconf 85' lang='lat' dir='ltr'><strong>est,</strong></span> 
     </span>
     <span class='ocr_line' id='line_1_17' title="bbox 159 1588 1810 1701; baseline -0.005 -19"><span class='ocrx_word' id='word_1_222' title='bbox 159 1626 326 1701; x_wconf 76' lang='lat' dir='ltr'><strong>indignotio,</strong></span> <span class='ocrx_word' id='word_1_223' title='bbox 350 1641 383 1681; x_wconf 85' lang='lat' dir='ltr'><strong>ss</strong></span> <span class='ocrx_word' id='word_1_224' title='bbox 411 1623 465 1681; x_wconf 87' lang='lat' dir='ltr'><strong>isto</strong></span> <span class='ocrx_word' id='word_1_225' title='bbox 487 1623 615 1681; x_wconf 70' lang='lat' dir='ltr'><strong>nescim</strong></span> <span class='ocrx_word' id='word_1_226' title='bbox 636 1622 747 1692; x_wconf 88' lang='lat' dir='ltr'><strong>odinm;</strong></span> <span class='ocrx_word' id='word_1_227' title='bbox 778 1639 839 1695; x_wconf 86' lang='lat' dir='ltr'><strong>quoe</strong></span> <span class='ocrx_word' id='word_1_228' title='bbox 871 1588 1000 1680; x_wconf 66' lang='lat' dir='ltr'><strong>omnin·</strong></span> <span class='ocrx_word' id='word_1_229' title='bbox 1015 1618 1050 1679; x_wconf 85' lang='lat' dir='ltr'><strong>ds</strong></span> <span class='ocrx_word' id='word_1_230' title='bbox 1063 1618 1250 1694; x_wconf 81' lang='lat' dir='ltr'><strong>sinqultrltsts</strong></span> <span class='ocrx_word' id='word_1_231' title='bbox 1267 1618 1405 1691; x_wconf 74' lang='lat' dir='ltr'><strong>jactantie</strong></span> <span class='ocrx_word' id='word_1_232' title='bbox 1419 1618 1541 1676; x_wconf 81' lang='lat' dir='ltr'><strong>veniens.</strong></span> <span class='ocrx_word' id='word_1_233' title='bbox 1557 1619 1620 1676; x_wconf 78' lang='lat' dir='ltr'><strong>limo</strong></span> <span class='ocrx_word' id='word_1_234' title='bbox 1642 1625 1731 1674; x_wconf 75' lang='lat' dir='ltr'><strong>numm</strong></span> <span class='ocrx_word' id='word_1_235' title='bbox 1749 1618 1810 1674; x_wconf 79' lang='lat' dir='ltr'><strong>dits</strong></span> 
     </span>
     <span class='ocr_line' id='line_1_18' title="bbox 163 1706 1810 1787; baseline -0.005 -17"><span class='ocrx_word' id='word_1_236' title='bbox 163 1715 261 1787; x_wconf 87' lang='lat' dir='ltr'><strong>teqoali</strong></span> <span class='ocrx_word' id='word_1_237' title='bbox 277 1722 341 1770; x_wconf 89' lang='lat' dir='ltr'><strong>snut</strong></span> <span class='ocrx_word' id='word_1_238' title='bbox 367 1729 384 1768; x_wconf 90' lang='lat' dir='ltr'><strong>s</strong></span> <span class='ocrx_word' id='word_1_239' title='bbox 402 1711 482 1768; x_wconf 89' lang='lat' dir='ltr'><strong>nobis</strong></span> <span class='ocrx_word' id='word_1_240' title='bbox 504 1713 616 1769; x_wconf 86' lang='lat' dir='ltr'><strong>horrore</strong></span> <span class='ocrx_word' id='word_1_241' title='bbox 640 1710 804 1768; x_wconf 71' lang='lat' dir='ltr'><strong>cmmoda.</strong></span> <span class='ocrx_word' id='word_1_242' title='bbox 832 1709 963 1768; x_wconf 82' lang='lat' dir='ltr'><strong>Tristities</strong></span> <span class='ocrx_word' id='word_1_243' title='bbox 1016 1706 1085 1778; x_wconf 90' lang='lat' dir='ltr'><strong>lues,</strong></span> <span class='ocrx_word' id='word_1_244' title='bbox 1098 1707 1223 1781; x_wconf 85' lang='lat' dir='ltr'><strong>quamvis</strong></span> <span class='ocrx_word' id='word_1_245' title='bbox 1237 1724 1267 1766; x_wconf 87' lang='lat' dir='ltr'><strong>se</strong></span> <span class='ocrx_word' id='word_1_246' title='bbox 1280 1708 1313 1764; x_wconf 83' lang='lat' dir='ltr'><strong>ad</strong></span> <span class='ocrx_word' id='word_1_247' title='bbox 1329 1707 1488 1783; x_wconf 76' lang='lat' dir='ltr'><strong>eltaeriqst,</strong></span> <span class='ocrx_word' id='word_1_248' title='bbox 1505 1715 1532 1763; x_wconf 91' lang='lat' dir='ltr'><strong>et</strong></span> <span class='ocrx_word' id='word_1_249' title='bbox 1552 1706 1664 1779; x_wconf 86' lang='lat' dir='ltr'><strong>impleut</strong></span> <span class='ocrx_word' id='word_1_250' title='bbox 1678 1706 1810 1764; x_wconf 76' lang='lat' dir='ltr'><strong>rumori-</strong></span> 
     </span>
     <span class='ocr_line' id='line_1_19' title="bbox 163 1792 1809 1872; baseline -0.004 -14"><span class='ocrx_word' id='word_1_251' title='bbox 163 1800 258 1860; x_wconf 87' lang='lat' dir='ltr'><strong>sitium</strong></span> <span class='ocrx_word' id='word_1_252' title='bbox 276 1801 304 1857; x_wconf 93' lang='lat' dir='ltr'><strong>in</strong></span> <span class='ocrx_word' id='word_1_253' title='bbox 319 1807 375 1856; x_wconf 86' lang='lat' dir='ltr'><strong>tres</strong></span> <span class='ocrx_word' id='word_1_254' title='bbox 389 1799 518 1855; x_wconf 81' lang='lat' dir='ltr'><strong>dividitur</strong></span> <span class='ocrx_word' id='word_1_255' title='bbox 542 1807 643 1871; x_wconf 81' lang='lat' dir='ltr'><strong>portes,</strong></span> <span class='ocrx_word' id='word_1_256' title='bbox 657 1812 774 1870; x_wconf 84' lang='lat' dir='ltr'><strong>querum</strong></span> <span class='ocrx_word' id='word_1_257' title='bbox 795 1798 882 1872; x_wconf 85' lang='lat' dir='ltr'><strong>prims</strong></span> <span class='ocrx_word' id='word_1_258' title='bbox 896 1807 965 1854; x_wconf 88' lang='lat' dir='ltr'><strong>tom·</strong></span> <span class='ocrx_word' id='word_1_259' title='bbox 1016 1796 1174 1865; x_wconf 84' lang='lat' dir='ltr'><strong>bustures;</strong></span> <span class='ocrx_word' id='word_1_260' title='bbox 1190 1810 1244 1854; x_wconf 89' lang='lat' dir='ltr'><strong>non</strong></span> <span class='ocrx_word' id='word_1_261' title='bbox 1259 1804 1346 1852; x_wconf 82' lang='lat' dir='ltr'><strong>temen</strong></span> <span class='ocrx_word' id='word_1_262' title='bbox 1370 1794 1396 1852; x_wconf 91' lang='lat' dir='ltr'><strong>ci</strong></span> <span class='ocrx_word' id='word_1_263' title='bbox 1420 1794 1591 1867; x_wconf 83' lang='lat' dir='ltr'><strong>juxtaqunm</strong></span> <span class='ocrx_word' id='word_1_264' title='bbox 1614 1795 1695 1852; x_wconf 85' lang='lat' dir='ltr'><strong>babet</strong></span> <span class='ocrx_word' id='word_1_265' title='bbox 1721 1792 1809 1852; x_wconf 73' lang='lat'><strong>888</strong></span> 
     </span>
     <span class='ocr_line' id='line_1_20' title="bbox 160 1875 1810 1960; baseline -0.004 -16"><span class='ocrx_word' id='word_1_266' title='bbox 160 1897 259 1960; x_wconf 83' lang='lat' dir='ltr'><strong>persta</strong></span> <span class='ocrx_word' id='word_1_267' title='bbox 270 1896 353 1944; x_wconf 89' lang='lat' dir='ltr'><strong>estet</strong></span> <span class='ocrx_word' id='word_1_268' title='bbox 367 1885 546 1952; x_wconf 83' lang='lat' dir='ltr'><strong>rstiousbiiis,</strong></span> <span class='ocrx_word' id='word_1_269' title='bbox 562 1885 597 1943; x_wconf 89' lang='lat' dir='ltr'><strong>dc</strong></span> <span class='ocrx_word' id='word_1_270' title='bbox 615 1885 777 1941; x_wconf 87' lang='lat' dir='ltr'><strong>delictorum</strong></span> <span class='ocrx_word' id='word_1_271' title='bbox 792 1884 963 1957; x_wconf 82' lang='lat' dir='ltr'><strong>poesitudlne</strong></span> <span class='ocrx_word' id='word_1_272' title='bbox 1016 1875 1199 1944; x_wconf 71' lang='lat' dir='ltr'><strong>extollentium</strong></span> <span class='ocrx_word' id='word_1_273' title='bbox 1210 1893 1251 1942; x_wconf 84' lang='lat' dir='ltr'><strong>est</strong></span> <span class='ocrx_word' id='word_1_274' title='bbox 1263 1884 1341 1942; x_wconf 80' lang='lat' dir='ltr'><strong>viset</strong></span> <span class='ocrx_word' id='word_1_275' title='bbox 1360 1883 1490 1956; x_wconf 82' lang='lat' dir='ltr'><strong>potentis.</strong></span> <span class='ocrx_word' id='word_1_276' title='bbox 1506 1883 1568 1956; x_wconf 81' lang='lat' dir='ltr'><strong>lpse</strong></span> <span class='ocrx_word' id='word_1_277' title='bbox 1582 1896 1692 1957; x_wconf 86' lang='lat' dir='ltr'><strong>quoque</strong></span> <span class='ocrx_word' id='word_1_278' title='bbox 1704 1883 1810 1941; x_wconf 87' lang='lat' dir='ltr'><strong>invidie</strong></span> 
     </span>
     <span class='ocr_line' id='line_1_21' title="bbox 164 1970 1809 2045; baseline -0.002 -14"><span class='ocrx_word' id='word_1_279' title='bbox 164 1975 285 2034; x_wconf 84' lang='lat' dir='ltr'><strong>veniens.</strong></span> <span class='ocrx_word' id='word_1_280' title='bbox 316 1974 417 2043; x_wconf 71' lang='lat' dir='ltr'><strong>Mure,</strong></span> <span class='ocrx_word' id='word_1_281' title='bbox 446 1973 601 2045; x_wconf 82' lang='lat' dir='ltr'><strong>perturbets</strong></span> <span class='ocrx_word' id='word_1_282' title='bbox 632 1981 662 2029; x_wconf 89' lang='lat' dir='ltr'><strong>et</strong></span> <span class='ocrx_word' id='word_1_283' title='bbox 698 1972 898 2041; x_wconf 76' lang='lat' dir='ltr'><strong>irrationabilis,</strong></span> <span class='ocrx_word' id='word_1_284' title='bbox 927 1973 962 2032; x_wconf 82' lang='lat' dir='ltr'><strong>tls</strong></span> <span class='ocrx_word' id='word_1_285' title='bbox 1016 1971 1137 2045; x_wconf 86' lang='lat' dir='ltr'><strong>duplices</strong></span> <span class='ocrx_word' id='word_1_286' title='bbox 1151 1972 1251 2030; x_wconf 82' lang='lat' dir='ltr'><strong>evomit</strong></span> <span class='ocrx_word' id='word_1_287' title='bbox 1276 1970 1407 2028; x_wconf 79' lang='lat' dir='ltr'><strong>inmunes.</strong></span> <span class='ocrx_word' id='word_1_288' title='bbox 1427 1971 1486 2029; x_wconf 87' lang='lat' dir='ltr'><strong>lice</strong></span> <span class='ocrx_word' id='word_1_289' title='bbox 1508 1987 1624 2044; x_wconf 82' lang='lat' dir='ltr'><strong>nemque</strong></span> <span class='ocrx_word' id='word_1_290' title='bbox 1648 1980 1730 2043; x_wconf 85' lang='lat' dir='ltr'><strong>ceput</strong></span> <span class='ocrx_word' id='word_1_291' title='bbox 1751 1979 1809 2028; x_wconf 87' lang='lat' dir='ltr'><strong>ter-</strong></span> 
     </span>
     <span class='ocr_line' id='line_1_22' title="bbox 159 2058 1809 2134; baseline -0.001 -14"><span class='ocrx_word' id='word_1_292' title='bbox 159 2063 298 2120; x_wconf 78' lang='lat' dir='ltr'><strong>susietste</strong></span> <span class='ocrx_word' id='word_1_293' title='bbox 316 2069 415 2128; x_wconf 85' lang='lat' dir='ltr'><strong>metus,</strong></span> <span class='ocrx_word' id='word_1_294' title='bbox 437 2076 485 2118; x_wconf 85' lang='lat' dir='ltr'><strong>seu</strong></span> <span class='ocrx_word' id='word_1_295' title='bbox 506 2061 542 2117; x_wconf 90' lang='lat' dir='ltr'><strong>de</strong></span> <span class='ocrx_word' id='word_1_296' title='bbox 568 2059 759 2131; x_wconf 80' lang='lat' dir='ltr'><strong>desperatione</strong></span> <span class='ocrx_word' id='word_1_297' title='bbox 784 2067 962 2133; x_wconf 76' lang='lat' dir='ltr'><strong>poeoniorum</strong></span> <span class='ocrx_word' id='word_1_298' title='bbox 1015 2060 1091 2129; x_wconf 85' lang='lat' dir='ltr'><strong>tium,</strong></span> <span class='ocrx_word' id='word_1_299' title='bbox 1104 2061 1186 2118; x_wconf 86' lang='lat' dir='ltr'><strong>modo</strong></span> <span class='ocrx_word' id='word_1_300' title='bbox 1197 2060 1274 2118; x_wconf 84' lang='lat' dir='ltr'><strong>illum</strong></span> <span class='ocrx_word' id='word_1_301' title='bbox 1287 2063 1341 2118; x_wconf 85' lang='lat' dir='ltr'><strong>urit</strong></span> <span class='ocrx_word' id='word_1_302' title='bbox 1354 2059 1403 2134; x_wconf 92' lang='lat' dir='ltr'><strong>qui</strong></span> <span class='ocrx_word' id='word_1_303' title='bbox 1411 2060 1517 2116; x_wconf 88' lang='lat' dir='ltr'><strong>meliori</strong></span> <span class='ocrx_word' id='word_1_304' title='bbox 1531 2059 1633 2119; x_wconf 78' lang='lat' dir='ltr'><strong>inuidet</strong></span> <span class='ocrx_word' id='word_1_305' title='bbox 1648 2058 1678 2115; x_wconf 92' lang='lat' dir='ltr'><strong>in</strong></span> <span class='ocrx_word' id='word_1_306' title='bbox 1692 2059 1720 2114; x_wconf 90' lang='lat' dir='ltr'><strong>id</strong></span> <span class='ocrx_word' id='word_1_307' title='bbox 1733 2061 1809 2133; x_wconf 88' lang='lat' dir='ltr'><strong>quod</strong></span> 
     </span>
     <span class='ocr_line' id='line_1_23' title="bbox 163 2147 1809 2224; baseline -0.001 -17"><span class='ocrx_word' id='word_1_308' title='bbox 163 2150 301 2207; x_wconf 80' lang='lat' dir='ltr'><strong>exoriens.</strong></span> <span class='ocrx_word' id='word_1_309' title='bbox 316 2148 419 2219; x_wconf 78' lang='lat' dir='ltr'><strong>Tertio,</strong></span> <span class='ocrx_word' id='word_1_310' title='bbox 440 2150 474 2204; x_wconf 92' lang='lat' dir='ltr'><strong>de</strong></span> <span class='ocrx_word' id='word_1_311' title='bbox 487 2147 634 2215; x_wconf 70' lang='lat' dir='ltr'><strong>iucundis,</strong></span> <span class='ocrx_word' id='word_1_312' title='bbox 650 2147 694 2204; x_wconf 87' lang='lat' dir='ltr'><strong>vel</strong></span> <span class='ocrx_word' id='word_1_313' title='bbox 708 2148 742 2203; x_wconf 91' lang='lat' dir='ltr'><strong>de</strong></span> <span class='ocrx_word' id='word_1_314' title='bbox 761 2148 833 2204; x_wconf 88' lang='lat' dir='ltr'><strong>illato</strong></span> <span class='ocrx_word' id='word_1_315' title='bbox 847 2148 959 2216; x_wconf 81' lang='lat' dir='ltr'><strong>demno&#39;,</strong></span> <span class='ocrx_word' id='word_1_316' title='bbox 1013 2149 1073 2224; x_wconf 83' lang='lat' dir='ltr'><strong>lpse</strong></span> <span class='ocrx_word' id='word_1_317' title='bbox 1086 2155 1213 2218; x_wconf 58' lang='lat' dir='ltr'><strong>nsum</strong></span> <span class='ocrx_word' id='word_1_318' title='bbox 1224 2148 1305 2206; x_wconf 88' lang='lat' dir='ltr'><strong>modo</strong></span> <span class='ocrx_word' id='word_1_319' title='bbox 1318 2147 1395 2206; x_wconf 83' lang='lat' dir='ltr'><strong>illum</strong></span> <span class='ocrx_word' id='word_1_320' title='bbox 1405 2147 1498 2216; x_wconf 83' lang='lat' dir='ltr'><strong>tilloit,</strong></span> <span class='ocrx_word' id='word_1_321' title='bbox 1514 2147 1562 2223; x_wconf 90' lang='lat' dir='ltr'><strong>qui</strong></span> <span class='ocrx_word' id='word_1_322' title='bbox 1576 2149 1729 2223; x_wconf 88' lang='lat' dir='ltr'><strong>quemlibet</strong></span> <span class='ocrx_word' id='word_1_323' title='bbox 1740 2163 1809 2206; x_wconf 86' lang='lat' dir='ltr'><strong>eon-</strong></span> 
     </span>
     <span class='ocr_line' id='line_1_24' title="bbox 161 2235 1810 2312; baseline 0.001 -19"><span class='ocrx_word' id='word_1_324' title='bbox 161 2254 195 2296; x_wconf 83' lang='lat' dir='ltr'><strong>sc</strong></span> <span class='ocrx_word' id='word_1_325' title='bbox 218 2237 358 2295; x_wconf 88' lang='lat' dir='ltr'><strong>desiderio</strong></span> <span class='ocrx_word' id='word_1_326' title='bbox 379 2235 529 2307; x_wconf 74' lang='lat' dir='ltr'><strong>prepeditu</strong></span> <span class='ocrx_word' id='word_1_327' title='bbox 552 2235 714 2306; x_wconf 61' lang='lat' dir='ltr'><strong>procedens,</strong></span> <span class='ocrx_word' id='word_1_328' title='bbox 739 2235 847 2292; x_wconf 78' lang='lat' dir='ltr'><strong>icediae</strong></span> <span class='ocrx_word' id='word_1_329' title='bbox 861 2250 960 2308; x_wconf 75' lang='lat' dir='ltr'><strong>genera</strong></span> <span class='ocrx_word' id='word_1_330' title='bbox 1013 2238 1128 2296; x_wconf 88' lang='lat' dir='ltr'><strong>similem</strong></span> <span class='ocrx_word' id='word_1_331' title='bbox 1141 2237 1218 2299; x_wconf 84' lang='lat' dir='ltr'><strong>dslst</strong></span> <span class='ocrx_word' id='word_1_332' title='bbox 1238 2236 1291 2296; x_wconf 77' lang='lat' dir='ltr'><strong>dut</strong></span> <span class='ocrx_word' id='word_1_333' title='bbox 1307 2251 1368 2294; x_wconf 82' lang='lat' dir='ltr'><strong>ests</strong></span> <span class='ocrx_word' id='word_1_334' title='bbox 1390 2236 1531 2312; x_wconf 72' lang='lat' dir='ltr'><strong>equalem.</strong></span> <span class='ocrx_word' id='word_1_335' title='bbox 1549 2237 1583 2295; x_wconf 90' lang='lat' dir='ltr'><strong>Ut</strong></span> <span class='ocrx_word' id='word_1_336' title='bbox 1597 2239 1655 2293; x_wconf 74' lang='lat' dir='ltr'><strong>bne</strong></span> <span class='ocrx_word' id='word_1_337' title='bbox 1675 2236 1727 2294; x_wconf 85' lang='lat' dir='ltr'><strong>trio</strong></span> <span class='ocrx_word' id='word_1_338' title='bbox 1748 2238 1810 2294; x_wconf 87' lang='lat' dir='ltr'><strong>dis-</strong></span> 
     </span>
     <span class='ocr_line' id='line_1_25' title="bbox 163 2322 1809 2401; baseline 0 -18"><span class='ocrx_word' id='word_1_339' title='bbox 163 2327 220 2383; x_wconf 93' lang='lat' dir='ltr'><strong>duo</strong></span> <span class='ocrx_word' id='word_1_340' title='bbox 234 2336 307 2383; x_wconf 88' lang='lat' dir='ltr'><strong>snut.</strong></span> <span class='ocrx_word' id='word_1_341' title='bbox 324 2325 422 2394; x_wconf 89' lang='lat' dir='ltr'><strong>Unum,</strong></span> <span class='ocrx_word' id='word_1_342' title='bbox 437 2323 512 2397; x_wconf 90' lang='lat' dir='ltr'><strong>quod</strong></span> <span class='ocrx_word' id='word_1_343' title='bbox 525 2327 558 2379; x_wconf 82' lang='lat' dir='ltr'><strong>ad</strong></span> <span class='ocrx_word' id='word_1_344' title='bbox 577 2339 647 2395; x_wconf 89' lang='lat' dir='ltr'><strong>opus</strong></span> <span class='ocrx_word' id='word_1_345' title='bbox 661 2322 711 2378; x_wconf 85' lang='lat' dir='ltr'><strong>Dei</strong></span> <span class='ocrx_word' id='word_1_346' title='bbox 728 2325 857 2399; x_wconf 71' lang='lat' dir='ltr'><strong>pigritare</strong></span> <span class='ocrx_word' id='word_1_347' title='bbox 867 2340 959 2383; x_wconf 85' lang='lat' dir='ltr'><strong>mons·</strong></span> <span class='ocrx_word' id='word_1_348' title='bbox 1013 2343 1124 2387; x_wconf 85' lang='lat' dir='ltr'><strong>cernere</strong></span> <span class='ocrx_word' id='word_1_349' title='bbox 1137 2328 1239 2401; x_wconf 67' lang='lat' dir='ltr'><strong>oms,</strong></span> <span class='ocrx_word' id='word_1_350' title='bbox 1262 2325 1314 2385; x_wconf 84' lang='lat' dir='ltr'><strong>ista</strong></span> <span class='ocrx_word' id='word_1_351' title='bbox 1337 2325 1374 2385; x_wconf 89' lang='lat' dir='ltr'><strong>do</strong></span> <span class='ocrx_word' id='word_1_352' title='bbox 1398 2326 1446 2384; x_wconf 88' lang='lat' dir='ltr'><strong>tibi</strong></span> <span class='ocrx_word' id='word_1_353' title='bbox 1460 2325 1572 2384; x_wconf 83' lang='lat' dir='ltr'><strong>indicis.</strong></span> <span class='ocrx_word' id='word_1_354' title='bbox 1588 2324 1720 2401; x_wconf 82' lang='lat' dir='ltr'><strong>Superbia</strong></span> <span class='ocrx_word' id='word_1_355' title='bbox 1735 2326 1809 2384; x_wconf 86' lang='lat' dir='ltr'><strong>enim</strong></span> 
     </span>
     <span class='ocr_line' id='line_1_26' title="bbox 162 2410 1811 2488; baseline 0 -16"><span class='ocrx_word' id='word_1_356' title='bbox 162 2417 292 2472; x_wconf 85' lang='lat' dir='ltr'><strong>chumso</strong></span> <span class='ocrx_word' id='word_1_357' title='bbox 313 2413 460 2471; x_wconf 82' lang='lat' dir='ltr'><strong>dormitare</strong></span> <span class='ocrx_word' id='word_1_358' title='bbox 484 2410 630 2484; x_wconf 80' lang='lat' dir='ltr'><strong>compellit.</strong></span> <span class='ocrx_word' id='word_1_359' title='bbox 654 2410 749 2482; x_wconf 72' lang='lat' dir='ltr'><strong>Aliud,</strong></span> <span class='ocrx_word' id='word_1_360' title='bbox 773 2415 846 2484; x_wconf 92' lang='lat' dir='ltr'><strong>quod</strong></span> <span class='ocrx_word' id='word_1_361' title='bbox 867 2413 960 2487; x_wconf 74' lang='lat' dir='ltr'><strong>tegeri</strong></span> <span class='ocrx_word' id='word_1_362' title='bbox 1014 2415 1251 2474; x_wconf 82' lang='lat' dir='ltr'><strong>rubeloenodosis</strong></span> <span class='ocrx_word' id='word_1_363' title='bbox 1264 2414 1348 2485; x_wconf 81' lang='lat' dir='ltr'><strong>tibet,</strong></span> <span class='ocrx_word' id='word_1_364' title='bbox 1376 2414 1477 2471; x_wconf 79' lang='lat' dir='ltr'><strong>lusidio</strong></span> <span class='ocrx_word' id='word_1_365' title='bbox 1492 2414 1585 2487; x_wconf 87' lang='lat' dir='ltr'><strong>pallet.</strong></span> <span class='ocrx_word' id='word_1_366' title='bbox 1606 2414 1694 2472; x_wconf 74' lang='lat' dir='ltr'><strong>Furor</strong></span> <span class='ocrx_word' id='word_1_367' title='bbox 1712 2414 1811 2488; x_wconf 60' lang='lat' dir='ltr'><strong>quens</strong></span> 
     </span>
     <span class='ocr_line' id='line_1_27' title="bbox 164 2499 1810 2580; baseline 0 -21"><span class='ocrx_word' id='word_1_368' title='bbox 164 2505 217 2559; x_wconf 90' lang='lat' dir='ltr'><strong>buo</strong></span> <span class='ocrx_word' id='word_1_369' title='bbox 228 2502 345 2573; x_wconf 89' lang='lat' dir='ltr'><strong>illucque</strong></span> <span class='ocrx_word' id='word_1_370' title='bbox 359 2503 434 2571; x_wconf 88' lang='lat' dir='ltr'><strong>lecit,</strong></span> <span class='ocrx_word' id='word_1_371' title='bbox 450 2515 481 2556; x_wconf 87' lang='lat' dir='ltr'><strong>ao</strong></span> <span class='ocrx_word' id='word_1_372' title='bbox 496 2499 591 2574; x_wconf 80' lang='lat' dir='ltr'><strong>lugere</strong></span> <span class='ocrx_word' id='word_1_373' title='bbox 609 2502 763 2558; x_wconf 85' lang='lat' dir='ltr'><strong>cohortatur</strong></span> <span class='ocrx_word' id='word_1_374' title='bbox 780 2500 815 2558; x_wconf 91' lang='lat' dir='ltr'><strong>de</strong></span> <span class='ocrx_word' id='word_1_375' title='bbox 834 2500 957 2575; x_wconf 76' lang='lat' dir='ltr'><strong>instrum,</strong></span> <span class='ocrx_word' id='word_1_376' title='bbox 1012 2504 1039 2560; x_wconf 88' lang='lat' dir='ltr'><strong>lo</strong></span> <span class='ocrx_word' id='word_1_377' title='bbox 1054 2505 1224 2575; x_wconf 78' lang='lat' dir='ltr'><strong>superbiter</strong></span> <span class='ocrx_word' id='word_1_378' title='bbox 1241 2502 1436 2580; x_wconf 77' lang='lat' dir='ltr'><strong>indiqnslluss,</strong></span> <span class='ocrx_word' id='word_1_379' title='bbox 1451 2503 1590 2561; x_wconf 83' lang='lat' dir='ltr'><strong>stodorin</strong></span> <span class='ocrx_word' id='word_1_380' title='bbox 1609 2501 1761 2575; x_wconf 77' lang='lat' dir='ltr'><strong>hypocritis</strong></span> <span class='ocrx_word' id='word_1_381' title='bbox 1776 2519 1810 2560; x_wconf 81' lang='lat' dir='ltr'><strong>er</strong></span> 
     </span>
     <span class='ocr_line' id='line_1_28' title="bbox 161 2588 1810 2666; baseline -0.001 -18"><span class='ocrx_word' id='word_1_382' title='bbox 161 2608 225 2648; x_wconf 88' lang='lat' dir='ltr'><strong>cum</strong></span> <span class='ocrx_word' id='word_1_383' title='bbox 238 2591 338 2664; x_wconf 90' lang='lat' dir='ltr'><strong>quibus</strong></span> <span class='ocrx_word' id='word_1_384' title='bbox 353 2590 428 2655; x_wconf 83' lang='lat' dir='ltr'><strong>tivit,</strong></span> <span class='ocrx_word' id='word_1_385' title='bbox 444 2588 580 2645; x_wconf 84' lang='lat' dir='ltr'><strong>societate.</strong></span> <span class='ocrx_word' id='word_1_386' title='bbox 1011 2593 1193 2661; x_wconf 80' lang='lat' dir='ltr'><strong>simulatione,</strong></span> <span class='ocrx_word' id='word_1_387' title='bbox 1209 2593 1298 2666; x_wconf 79' lang='lat' dir='ltr'><strong>pellor</strong></span> <span class='ocrx_word' id='word_1_388' title='bbox 1311 2592 1340 2649; x_wconf 91' lang='lat' dir='ltr'><strong>in</strong></span> <span class='ocrx_word' id='word_1_389' title='bbox 1354 2592 1453 2651; x_wconf 82' lang='lat' dir='ltr'><strong>insidis</strong></span> <span class='ocrx_word' id='word_1_390' title='bbox 1474 2609 1509 2651; x_wconf 85' lang='lat' dir='ltr'><strong>ex</strong></span> <span class='ocrx_word' id='word_1_391' title='bbox 1533 2591 1617 2648; x_wconf 92' lang='lat' dir='ltr'><strong>nimio</strong></span> <span class='ocrx_word' id='word_1_392' title='bbox 1631 2592 1736 2650; x_wconf 85' lang='lat' dir='ltr'><strong>dolore.</strong></span> <span class='ocrx_word' id='word_1_393' title='bbox 1761 2591 1810 2648; x_wconf 85' lang='lat' dir='ltr'><strong>liis</strong></span> 
     </span>
     <span class='ocr_line' id='line_1_29' title="bbox 199 2675 1809 2755; baseline 0.002 -21"><span class='ocrx_word' id='word_1_394' title='bbox 199 2682 247 2735; x_wconf 86' lang='lat' dir='ltr'><strong>at.</strong></span> <span class='ocrx_word' id='word_1_395' title='bbox 260 2681 323 2735; x_wconf 77' lang='lat' dir='ltr'><strong>lieo</strong></span> <span class='ocrx_word' id='word_1_396' title='bbox 335 2678 438 2735; x_wconf 89' lang='lat' dir='ltr'><strong>scilieet</strong></span> <span class='ocrx_word' id='word_1_397' title='bbox 452 2694 499 2734; x_wconf 83' lang='lat' dir='ltr'><strong>sex</strong></span> <span class='ocrx_word' id='word_1_398' title='bbox 518 2677 582 2732; x_wconf 84' lang='lat' dir='ltr'><strong>sitis</strong></span> <span class='ocrx_word' id='word_1_399' title='bbox 599 2675 716 2748; x_wconf 83' lang='lat' dir='ltr'><strong>quadam</strong></span> <span class='ocrx_word' id='word_1_400' title='bbox 731 2676 803 2734; x_wconf 85' lang='lat' dir='ltr'><strong>inter</strong></span> <span class='ocrx_word' id='word_1_401' title='bbox 816 2693 846 2734; x_wconf 87' lang='lat' dir='ltr'><strong>se</strong></span> <span class='ocrx_word' id='word_1_402' title='bbox 857 2692 959 2753; x_wconf 77' lang='lat' dir='ltr'><strong>coqua-</strong></span> <span class='ocrx_word' id='word_1_403' title='bbox 1011 2681 1048 2737; x_wconf 83' lang='lat' dir='ltr'><strong>its</strong></span> <span class='ocrx_word' id='word_1_404' title='bbox 1071 2683 1193 2755; x_wconf 73' lang='lat' dir='ltr'><strong>digestis,</strong></span> <span class='ocrx_word' id='word_1_405' title='bbox 1222 2681 1325 2740; x_wconf 81' lang='lat' dir='ltr'><strong>rectitu</strong></span> <span class='ocrx_word' id='word_1_406' title='bbox 1346 2689 1451 2753; x_wconf 88' lang='lat' dir='ltr'><strong>septem</strong></span> <span class='ocrx_word' id='word_1_407' title='bbox 1468 2680 1615 2739; x_wconf 72' lang='lat' dir='ltr'><strong>mimmslis</strong></span> <span class='ocrx_word' id='word_1_408' title='bbox 1634 2680 1699 2738; x_wconf 86' lang='lat' dir='ltr'><strong>ritis</strong></span> <span class='ocrx_word' id='word_1_409' title='bbox 1723 2681 1809 2737; x_wconf 88' lang='lat' dir='ltr'><strong>deno·</strong></span> 
     </span>
     <span class='ocr_line' id='line_1_30' title="bbox 163 2764 1810 2846; baseline 0.002 -24"><span class='ocrx_word' id='word_1_410' title='bbox 163 2767 309 2823; x_wconf 85' lang='lat' dir='ltr'><strong>tionesunt</strong></span> <span class='ocrx_word' id='word_1_411' title='bbox 322 2766 477 2836; x_wconf 78' lang='lat' dir='ltr'><strong>coniuncta,</strong></span> <span class='ocrx_word' id='word_1_412' title='bbox 505 2764 542 2819; x_wconf 88' lang='lat' dir='ltr'><strong>its</strong></span> <span class='ocrx_word' id='word_1_413' title='bbox 560 2772 589 2820; x_wconf 92' lang='lat' dir='ltr'><strong>ut</strong></span> <span class='ocrx_word' id='word_1_414' title='bbox 604 2764 703 2836; x_wconf 81' lang='lat' dir='ltr'><strong>prioris</strong></span> <span class='ocrx_word' id='word_1_415' title='bbox 715 2765 901 2833; x_wconf 71' lang='lat' dir='ltr'><strong>exuberantia,</strong></span> <span class='ocrx_word' id='word_1_416' title='bbox 919 2783 960 2824; x_wconf 84' lang='lat' dir='ltr'><strong>se·</strong></span> <span class='ocrx_word' id='word_1_417' title='bbox 1013 2778 1102 2826; x_wconf 86' lang='lat' dir='ltr'><strong>tantur</strong></span> <span class='ocrx_word' id='word_1_418' title='bbox 1128 2788 1209 2846; x_wconf 86' lang='lat' dir='ltr'><strong>quam</strong></span> <span class='ocrx_word' id='word_1_419' title='bbox 1237 2770 1451 2837; x_wconf 80' lang='lat' dir='ltr'><strong>dinumerentur,</strong></span> <span class='ocrx_word' id='word_1_420' title='bbox 1473 2777 1502 2826; x_wconf 87' lang='lat' dir='ltr'><strong>ul</strong></span> <span class='ocrx_word' id='word_1_421' title='bbox 1517 2768 1583 2827; x_wconf 86' lang='lat' dir='ltr'><strong>milti</strong></span> <span class='ocrx_word' id='word_1_422' title='bbox 1596 2768 1703 2829; x_wconf 77' lang='lat' dir='ltr'><strong>ridetur</strong></span> <span class='ocrx_word' id='word_1_423' title='bbox 1718 2786 1726 2825; x_wconf 79' lang='lat' dir='ltr'><strong>t</strong></span> <span class='ocrx_word' id='word_1_424' title='bbox 1743 2769 1810 2843; x_wconf 87' lang='lat' dir='ltr'><strong>quia</strong></span> 
     </span>
     <span class='ocr_line' id='line_1_31' title="bbox 160 2852 1809 2946; baseline 0.001 -35"><span class='ocrx_word' id='word_1_425' title='bbox 160 2855 275 2928; x_wconf 88' lang='lat' dir='ltr'><strong>quentis</strong></span> <span class='ocrx_word' id='word_1_426' title='bbox 303 2852 434 2910; x_wconf 81' lang='lat' dir='ltr'><strong>eliciatur</strong></span> <span class='ocrx_word' id='word_1_427' title='bbox 446 2853 599 2911; x_wconf 81' lang='lat' dir='ltr'><strong>exordium.</strong></span> <span class='ocrx_word' id='word_1_428' title='bbox 615 2853 653 2907; x_wconf 82' lang='lat' dir='ltr'><strong>Ex</strong></span> <span class='ocrx_word' id='word_1_429' title='bbox 668 2853 755 2924; x_wconf 87' lang='lat' dir='ltr'><strong>primo</strong></span> <span class='ocrx_word' id='word_1_430' title='bbox 777 2855 851 2911; x_wconf 89' lang='lat' dir='ltr'><strong>enirn</strong></span> <span class='ocrx_word' id='word_1_431' title='bbox 866 2869 960 2911; x_wconf 88' lang='lat' dir='ltr'><strong>secun·</strong></span> <span class='ocrx_word' id='word_1_432' title='bbox 974 2866 996 2946; x_wconf 70' lang='lat' dir='ltr'><strong>c</strong></span> <span class='ocrx_word' id='word_1_433' title='bbox 1012 2859 1082 2917; x_wconf 91' lang='lat' dir='ltr'><strong>siout</strong></span> <span class='ocrx_word' id='word_1_434' title='bbox 1097 2858 1225 2932; x_wconf 89' lang='lat' dir='ltr'><strong>princeps</strong></span> <span class='ocrx_word' id='word_1_435' title='bbox 1238 2866 1344 2932; x_wconf 88' lang='lat' dir='ltr'><strong>septem</strong></span> <span class='ocrx_word' id='word_1_436' title='bbox 1357 2857 1485 2917; x_wconf 76' lang='lat' dir='ltr'><strong>sitimmn</strong></span> <span class='ocrx_word' id='word_1_437' title='bbox 1497 2858 1622 2916; x_wconf 84' lang='lat' dir='ltr'><strong>diabolus</strong></span> <span class='ocrx_word' id='word_1_438' title='bbox 1635 2873 1687 2917; x_wconf 84' lang='lat' dir='ltr'><strong>nes</strong></span> <span class='ocrx_word' id='word_1_439' title='bbox 1712 2872 1809 2916; x_wconf 86' lang='lat' dir='ltr'><strong>eornm</strong></span> 
     </span>
     <span class='ocr_line' id='line_1_32' title="bbox 162 2941 1811 3020; baseline 0.004 -20"><span class='ocrx_word' id='word_1_440' title='bbox 162 2947 239 3010; x_wconf 85' lang='lat' dir='ltr'><strong>dum,</strong></span> <span class='ocrx_word' id='word_1_441' title='bbox 254 2943 416 3000; x_wconf 79' lang='lat' dir='ltr'><strong>exsecando</strong></span> <span class='ocrx_word' id='word_1_442' title='bbox 432 2942 541 2999; x_wconf 90' lang='lat' dir='ltr'><strong>tertium</strong></span> <span class='ocrx_word' id='word_1_443' title='bbox 556 2958 563 2997; x_wconf 80' lang='grc' dir='ltr'>ι</span> <span class='ocrx_word' id='word_1_444' title='bbox 578 2953 607 2999; x_wconf 83' lang='grc' dir='ltr'><strong>ιι</strong></span> <span class='ocrx_word' id='word_1_445' title='bbox 620 2941 659 2997; x_wconf 88' lang='lat' dir='ltr'><strong>sic</strong></span> <span class='ocrx_word' id='word_1_446' title='bbox 672 2941 706 2997; x_wconf 88' lang='lat' dir='ltr'><strong>de</strong></span> <span class='ocrx_word' id='word_1_447' title='bbox 719 2943 834 2999; x_wconf 76' lang='lat' dir='ltr'><strong>deteris.</strong></span> <span class='ocrx_word' id='word_1_448' title='bbox 850 2943 883 3001; x_wconf 83' lang='lat' dir='ltr'><strong>Bt</strong></span> <span class='ocrx_word' id='word_1_449' title='bbox 897 2944 957 3000; x_wconf 88' lang='lat' dir='ltr'><strong>ideo</strong></span> <span class='ocrx_word' id='word_1_450' title='bbox 1010 2947 1101 3004; x_wconf 85' lang='lat' dir='ltr'><strong>subdit</strong></span> <span class='ocrx_word' id='word_1_451' title='bbox 1115 2948 1307 3020; x_wconf 67' lang='lat' dir='ltr'><strong>potestatibum</strong></span> <span class='ocrx_word' id='word_1_452' title='bbox 1322 2949 1359 3004; x_wconf 81' lang='lat' dir='ltr'><strong>its</strong></span> <span class='ocrx_word' id='word_1_453' title='bbox 1382 2947 1504 3005; x_wconf 78' lang='lat' dir='ltr'><strong>Christus</strong></span> <span class='ocrx_word' id='word_1_454' title='bbox 1520 2948 1593 3004; x_wconf 86' lang='lat' dir='ltr'><strong>licus</strong></span> <span class='ocrx_word' id='word_1_455' title='bbox 1624 2952 1729 3020; x_wconf 63' lang='lat' dir='ltr'><strong>now,</strong></span> <span class='ocrx_word' id='word_1_456' title='bbox 1749 2946 1811 3019; x_wconf 72' lang='lat' dir='ltr'><strong>Sti·</strong></span> 
     </span>
     <span class='ocr_line' id='line_1_33' title="bbox 152 3029 1810 3112; baseline 0.001 -23"><span class='ocrx_word' id='word_1_457' title='bbox 152 3033 179 3089; x_wconf 75' lang='lat' dir='ltr'><strong>&#39;e</strong></span> <span class='ocrx_word' id='word_1_458' title='bbox 190 3039 284 3089; x_wconf 81' lang='lat' dir='ltr'><strong>eontra</strong></span> <span class='ocrx_word' id='word_1_459' title='bbox 305 3029 387 3086; x_wconf 86' lang='lat' dir='ltr'><strong>simili</strong></span> <span class='ocrx_word' id='word_1_460' title='bbox 405 3031 485 3087; x_wconf 88' lang='lat' dir='ltr'><strong>modo</strong></span> <span class='ocrx_word' id='word_1_461' title='bbox 499 3037 579 3101; x_wconf 86' lang='lat' dir='ltr'><strong>atque</strong></span> <span class='ocrx_word' id='word_1_462' title='bbox 591 3029 688 3084; x_wconf 87' lang='lat' dir='ltr'><strong>cedem</strong></span> <span class='ocrx_word' id='word_1_463' title='bbox 704 3030 810 3086; x_wconf 50' lang='lat' dir='ltr'><strong>¹ratione</strong></span> <span class='ocrx_word' id='word_1_464' title='bbox 832 3047 958 3104; x_wconf 80' lang='lat' dir='ltr'><strong>puqnttn·</strong></span> <span class='ocrx_word' id='word_1_465' title='bbox 1010 3035 1063 3092; x_wconf 87' lang='lat' dir='ltr'><strong>ritu</strong></span> <span class='ocrx_word' id='word_1_466' title='bbox 1078 3036 1243 3108; x_wconf 86' lang='lat' dir='ltr'><strong>septilormis</strong></span> <span class='ocrx_word' id='word_1_467' title='bbox 1257 3036 1352 3112; x_wconf 75' lang='lat' dir='ltr'><strong>quotie</strong></span> <span class='ocrx_word' id='word_1_468' title='bbox 1373 3036 1479 3107; x_wconf 73' lang='lat' dir='ltr'><strong>plenus,</strong></span> <span class='ocrx_word' id='word_1_469' title='bbox 1496 3035 1663 3094; x_wconf 79' lang='lat' dir='ltr'><strong>adominsts</strong></span> <span class='ocrx_word' id='word_1_470' title='bbox 1683 3034 1810 3108; x_wconf 68' lang='lat' dir='ltr'><strong>ipsum</strong></span> 
     </span>
     <span class='ocr_line' id='line_1_34' title="bbox 161 3116 1789 3193; baseline -0.001 -16"><span class='ocrx_word' id='word_1_471' title='bbox 161 3121 227 3177; x_wconf 89' lang='lat' dir='ltr'><strong>dum</strong></span> <span class='ocrx_word' id='word_1_472' title='bbox 240 3129 292 3187; x_wconf 89' lang='lat' dir='ltr'><strong>est,</strong></span> <span class='ocrx_word' id='word_1_473' title='bbox 306 3119 370 3191; x_wconf 88' lang='lat' dir='ltr'><strong>quia</strong></span> <span class='ocrx_word' id='word_1_474' title='bbox 385 3117 472 3189; x_wconf 89' lang='lat' dir='ltr'><strong>primo</strong></span> <span class='ocrx_word' id='word_1_475' title='bbox 485 3117 603 3184; x_wconf 70' lang='lat' dir='ltr'><strong>teriolo,</strong></span> <span class='ocrx_word' id='word_1_476' title='bbox 617 3118 690 3173; x_wconf 85' lang='lat' dir='ltr'><strong>uliud</strong></span> <span class='ocrx_word' id='word_1_477' title='bbox 711 3116 814 3174; x_wconf 79' lang='lat' dir='ltr'><strong>incitus</strong></span> <span class='ocrx_word' id='word_1_478' title='bbox 837 3118 957 3178; x_wconf 82' lang='lat' dir='ltr'><strong>detinui·</strong></span> <span class='ocrx_word' id='word_1_479' title='bbox 1009 3126 1090 3193; x_wconf 85' lang='lat' dir='ltr'><strong>cruit,</strong></span> <span class='ocrx_word' id='word_1_480' title='bbox 1110 3132 1138 3180; x_wconf 91' lang='lat' dir='ltr'><strong>et</strong></span> <span class='ocrx_word' id='word_1_481' title='bbox 1152 3124 1203 3181; x_wconf 91' lang='lat' dir='ltr'><strong>sibi</strong></span> <span class='ocrx_word' id='word_1_482' title='bbox 1220 3122 1428 3181; x_wconf 88' lang='lat' dir='ltr'><strong>subditosiaeit.</strong></span> <span class='ocrx_word' id='word_1_483' title='bbox 1738 3141 1741 3145; x_wconf 92' lang='lat'>·</span> <span class='ocrx_word' id='word_1_484' title='bbox 1779 3146 1789 3161; x_wconf 90' lang='lat'><strong>-·</strong></span> 
     </span>
     <span class='ocr_line' id='line_1_35' title="bbox 162 3204 1810 3284; baseline 0.004 -21"><span class='ocrx_word' id='word_1_485' title='bbox 162 3214 218 3266; x_wconf 90' lang='lat' dir='ltr'><strong>tur.</strong></span> <span class='ocrx_word' id='word_1_486' title='bbox 233 3208 330 3266; x_wconf 75' lang='lat' dir='ltr'><strong>Etista</strong></span> <span class='ocrx_word' id='word_1_487' title='bbox 345 3207 419 3274; x_wconf 85' lang='lat' dir='ltr'><strong>uitia,</strong></span> <span class='ocrx_word' id='word_1_488' title='bbox 439 3205 633 3263; x_wconf 86' lang='lat' dir='ltr'><strong>licetinticem</strong></span> <span class='ocrx_word' id='word_1_489' title='bbox 647 3205 699 3262; x_wconf 91' lang='lat' dir='ltr'><strong>sibi</strong></span> <span class='ocrx_word' id='word_1_490' title='bbox 715 3204 770 3262; x_wconf 90' lang='lat' dir='ltr'><strong>siut</strong></span> <span class='ocrx_word' id='word_1_491' title='bbox 785 3223 906 3265; x_wconf 78' lang='lat' dir='ltr'><strong>connexa</strong></span> <span class='ocrx_word' id='word_1_492' title='bbox 923 3223 958 3266; x_wconf 86' lang='lat' dir='ltr'><strong>ee</strong></span> <span class='ocrx_word' id='word_1_493' title='bbox 1014 3233 1021 3240; x_wconf 89' lang='lat'><strong>·</strong></span> <span class='ocrx_word' id='word_1_494' title='bbox 1045 3211 1159 3268; x_wconf 80' lang='lat' dir='ltr'><strong>³3.·Sed</strong></span> <span class='ocrx_word' id='word_1_495' title='bbox 1178 3212 1284 3269; x_wconf 88' lang='lat' dir='ltr'><strong>soirste</strong></span> <span class='ocrx_word' id='word_1_496' title='bbox 1299 3219 1415 3283; x_wconf 77' lang='lat' dir='ltr'><strong>oportet,</strong></span> <span class='ocrx_word' id='word_1_497' title='bbox 1438 3210 1505 3284; x_wconf 85' lang='lat' dir='ltr'><strong>quis</strong></span> <span class='ocrx_word' id='word_1_498' title='bbox 1531 3208 1581 3266; x_wconf 87' lang='lat' dir='ltr'><strong>ista</strong></span> <span class='ocrx_word' id='word_1_499' title='bbox 1595 3209 1659 3266; x_wconf 82' lang='lat' dir='ltr'><strong>ritis</strong></span> <span class='ocrx_word' id='word_1_500' title='bbox 1685 3209 1810 3270; x_wconf 70' lang='lat' dir='ltr'><strong>disemus</strong></span> 
     </span>
     <span class='ocr_line' id='line_1_36' title="bbox 162 3293 1810 3370; baseline 0.004 -18"><span class='ocrx_word' id='word_1_501' title='bbox 162 3313 243 3370; x_wconf 86' lang='lat' dir='ltr'><strong>quem</strong></span> <span class='ocrx_word' id='word_1_502' title='bbox 262 3296 378 3354; x_wconf 69' lang='lat' dir='ltr'><strong>dirim</strong></span> <span class='ocrx_word' id='word_1_503' title='bbox 393 3298 510 3363; x_wconf 83' lang='lat' dir='ltr'><strong>ratioue;</strong></span> <span class='ocrx_word' id='word_1_504' title='bbox 524 3293 668 3369; x_wconf 66' lang='lat' dir='ltr'><strong>spncislius</strong></span> <span class='ocrx_word' id='word_1_505' title='bbox 683 3303 773 3352; x_wconf 74' lang='lat' dir='ltr'><strong>umen</strong></span> <span class='ocrx_word' id='word_1_506' title='bbox 787 3295 815 3352; x_wconf 94' lang='lat' dir='ltr'><strong>in</strong></span> <span class='ocrx_word' id='word_1_507' title='bbox 837 3306 892 3354; x_wconf 87' lang='lat' dir='ltr'><strong>tres</strong></span> <span class='ocrx_word' id='word_1_508' title='bbox 904 3312 954 3354; x_wconf 89' lang='lat' dir='ltr'><strong>eo·</strong></span> <span class='ocrx_word' id='word_1_509' title='bbox 1008 3310 1083 3358; x_wconf 85' lang='lat' dir='ltr'><strong>ortus</strong></span> <span class='ocrx_word' id='word_1_510' title='bbox 1096 3308 1125 3358; x_wconf 84' lang='lat' dir='ltr'><strong>et</strong></span> <span class='ocrx_word' id='word_1_511' title='bbox 1136 3299 1282 3358; x_wconf 82' lang='lat' dir='ltr'><strong>dissimiles</strong></span> <span class='ocrx_word' id='word_1_512' title='bbox 1295 3298 1461 3356; x_wconf 75' lang='lat' dir='ltr'><strong>deficientias</strong></span> <span class='ocrx_word' id='word_1_513' title='bbox 1475 3297 1585 3357; x_wconf 77' lang='lat' dir='ltr'><strong>hubent</strong></span> <span class='ocrx_word' id='word_1_514' title='bbox 1597 3297 1763 3356; x_wconf 69' lang='lat' dir='ltr'><strong>usumin</strong></span> <span class='ocrx_word' id='word_1_515' title='bbox 1778 3307 1810 3358; x_wconf 89' lang='lat' dir='ltr'><strong>st</strong></span> 
     </span>
     <span class='ocr_line' id='line_1_37' title="bbox 163 3382 1808 3460; baseline 0 -17"><span class='ocrx_word' id='word_1_516' title='bbox 163 3386 243 3458; x_wconf 82' lang='lat' dir='ltr'><strong>pules</strong></span> <span class='ocrx_word' id='word_1_517' title='bbox 256 3385 404 3444; x_wconf 76' lang='lat' dir='ltr'><strong>dividenda</strong></span> <span class='ocrx_word' id='word_1_518' title='bbox 417 3391 490 3442; x_wconf 87' lang='lat' dir='ltr'><strong>sunt.</strong></span> <span class='ocrx_word' id='word_1_519' title='bbox 505 3382 707 3458; x_wconf 79' lang='lat' dir='ltr'><strong>Gsstrimargiae</strong></span> <span class='ocrx_word' id='word_1_520' title='bbox 722 3385 875 3451; x_wconf 78' lang='lat' dir='ltr'><strong>fornicatio,</strong></span> <span class='ocrx_word' id='word_1_521' title='bbox 890 3400 956 3444; x_wconf 81' lang='lat' dir='ltr'><strong>asa-</strong></span> <span class='ocrx_word' id='word_1_522' title='bbox 976 3388 984 3401; x_wconf 82' lang='lat'><strong><em>‘</em></strong></span> <span class='ocrx_word' id='word_1_523' title='bbox 1009 3385 1164 3454; x_wconf 88' lang='lat' dir='ltr'><strong>iomicetio,</strong></span> <span class='ocrx_word' id='word_1_524' title='bbox 1179 3388 1242 3460; x_wconf 84' lang='lat' dir='ltr'><strong>quis</strong></span> <span class='ocrx_word' id='word_1_525' title='bbox 1251 3386 1364 3445; x_wconf 90' lang='lat' dir='ltr'><strong>-uonnlsi</strong></span> <span class='ocrx_word' id='word_1_526' title='bbox 1379 3401 1427 3458; x_wconf 86' lang='lat' dir='ltr'><strong>per</strong></span> <span class='ocrx_word' id='word_1_527' title='bbox 1439 3400 1540 3458; x_wconf 87' lang='lat' dir='ltr'><strong>corpus</strong></span> <span class='ocrx_word' id='word_1_528' title='bbox 1553 3384 1657 3459; x_wconf 77' lang='lat' dir='ltr'><strong>expleri</strong></span> <span class='ocrx_word' id='word_1_529' title='bbox 1677 3394 1808 3460; x_wconf 87' lang='lat' dir='ltr'><strong>possunt,</strong></span> 
     </span>
     <span class='ocr_line' id='line_1_38' title="bbox 162 3472 1808 3548; baseline 0.001 -17"><span class='ocrx_word' id='word_1_530' title='bbox 162 3475 230 3532; x_wconf 79' lang='lat' dir='ltr'><strong>ritioe</strong></span> <span class='ocrx_word' id='word_1_531' title='bbox 244 3474 294 3542; x_wconf 87' lang='lat' dir='ltr'><strong>irs,</strong></span> <span class='ocrx_word' id='word_1_532' title='bbox 309 3473 424 3532; x_wconf 83' lang='lat' dir='ltr'><strong>tristitie</strong></span> <span class='ocrx_word' id='word_1_533' title='bbox 434 3473 529 3531; x_wconf 85' lang='lat' dir='ltr'><strong>scedis</strong></span> <span class='ocrx_word' id='word_1_534' title='bbox 556 3472 687 3543; x_wconf 87' lang='lat' dir='ltr'><strong>peculiari</strong></span> <span class='ocrx_word' id='word_1_535' title='bbox 701 3474 843 3531; x_wconf 83' lang='lat' dir='ltr'><strong>consortio</strong></span> <span class='ocrx_word' id='word_1_536' title='bbox 866 3474 956 3531; x_wconf 81' lang='lat' dir='ltr'><strong>loede·</strong></span> <span class='ocrx_word' id='word_1_537' title='bbox 1008 3478 1125 3534; x_wconf 84' lang='lat' dir='ltr'><strong>carnalis</strong></span> <span class='ocrx_word' id='word_1_538' title='bbox 1138 3484 1202 3534; x_wconf 91' lang='lat' dir='ltr'><strong>sunt</strong></span> <span class='ocrx_word' id='word_1_539' title='bbox 1217 3496 1225 3534; x_wconf 79' lang='grc' dir='ltr'>ι</span> <span class='ocrx_word' id='word_1_540' title='bbox 1240 3479 1269 3534; x_wconf 86' lang='lat' dir='ltr'><strong>et</strong></span> <span class='ocrx_word' id='word_1_541' title='bbox 1282 3476 1345 3533; x_wconf 88' lang='lat' dir='ltr'><strong>ideo</strong></span> <span class='ocrx_word' id='word_1_542' title='bbox 1357 3475 1494 3547; x_wconf 77' lang='lat' dir='ltr'><strong>sot-persii</strong></span> <span class='ocrx_word' id='word_1_543' title='bbox 1506 3474 1631 3548; x_wconf 73' lang='lat' dir='ltr'><strong>indigent</strong></span> <span class='ocrx_word' id='word_1_544' title='bbox 1647 3474 1808 3545; x_wconf 76' lang='lat' dir='ltr'><strong>amictum,</strong></span> 
     </span>
     <span class='ocr_line' id='line_1_39' title="bbox 162 3562 1809 3640; baseline -0.001 -19"><span class='ocrx_word' id='word_1_545' title='bbox 162 3575 265 3621; x_wconf 86' lang='lat' dir='ltr'><strong>rsotur.</strong></span> <span class='ocrx_word' id='word_1_546' title='bbox 280 3564 333 3621; x_wconf 89' lang='lat' dir='ltr'><strong>Sed</strong></span> <span class='ocrx_word' id='word_1_547' title='bbox 346 3563 389 3618; x_wconf 88' lang='lat' dir='ltr'><strong>bis</strong></span> <span class='ocrx_word' id='word_1_548' title='bbox 403 3563 539 3632; x_wconf 81' lang='lat' dir='ltr'><strong>superatis</strong></span> <span class='ocrx_word' id='word_1_549' title='bbox 555 3562 705 3631; x_wconf 84' lang='lat' dir='ltr'><strong>majortibi</strong></span> <span class='ocrx_word' id='word_1_550' title='bbox 720 3569 802 3620; x_wconf 83' lang='lat' dir='ltr'><strong>restet</strong></span> <span class='ocrx_word' id='word_1_551' title='bbox 812 3577 913 3636; x_wconf 75' lang='lat' dir='ltr'><strong>pugne,</strong></span> <span class='ocrx_word' id='word_1_552' title='bbox 929 3571 958 3620; x_wconf 88' lang='lat' dir='ltr'><strong>et</strong></span> <span class='ocrx_word' id='word_1_553' title='bbox 1008 3565 1143 3640; x_wconf 88' lang='lat' dir='ltr'><strong>simulque</strong></span> <span class='ocrx_word' id='word_1_554' title='bbox 1170 3564 1361 3623; x_wconf 82' lang='lat' dir='ltr'><strong>remotioribus</strong></span> <span class='ocrx_word' id='word_1_555' title='bbox 1398 3562 1475 3630; x_wconf 74' lang='lat' dir='ltr'><strong>mets,</strong></span> <span class='ocrx_word' id='word_1_556' title='bbox 1499 3571 1531 3620; x_wconf 92' lang='lat' dir='ltr'><strong>ut</strong></span> <span class='ocrx_word' id='word_1_557' title='bbox 1566 3562 1687 3622; x_wconf 77' lang='lat' dir='ltr'><strong>velocius</strong></span> <span class='ocrx_word' id='word_1_558' title='bbox 1714 3563 1809 3620; x_wconf 85' lang='lat' dir='ltr'><strong>curari</strong></span> 
     </span>
     <span class='ocr_line' id='line_1_40' title="bbox 161 3649 1806 3728; baseline 0 -20"><span class='ocrx_word' id='word_1_559' title='bbox 161 3667 194 3707; x_wconf 85' lang='lat' dir='ltr'><strong>ss</strong></span> <span class='ocrx_word' id='word_1_560' title='bbox 206 3662 281 3708; x_wconf 88' lang='lat' dir='ltr'><strong>tsnto</strong></span> <span class='ocrx_word' id='word_1_561' title='bbox 297 3651 417 3723; x_wconf 71' lang='lat' dir='ltr'><strong>pravior,</strong></span> <span class='ocrx_word' id='word_1_562' title='bbox 433 3659 535 3722; x_wconf 79' lang='lat' dir='ltr'><strong>quanto</strong></span> <span class='ocrx_word' id='word_1_563' title='bbox 549 3651 600 3705; x_wconf 86' lang='lat' dir='ltr'><strong>ista</strong></span> <span class='ocrx_word' id='word_1_564' title='bbox 614 3649 731 3720; x_wconf 73' lang='lat' dir='ltr'><strong>emplius</strong></span> <span class='ocrx_word' id='word_1_565' title='bbox 754 3651 852 3709; x_wconf 87' lang='lat' dir='ltr'><strong>inerint</strong></span> <span class='ocrx_word' id='word_1_566' title='bbox 873 3651 956 3708; x_wconf 83' lang='lat' dir='ltr'><strong>devi-</strong></span> <span class='ocrx_word' id='word_1_567' title='bbox 1009 3664 1118 3728; x_wconf 81' lang='lat' dir='ltr'><strong>queant.</strong></span> <span class='ocrx_word' id='word_1_568' title='bbox 1134 3654 1253 3712; x_wconf 75' lang='lat' dir='ltr'><strong>ivenus</strong></span> <span class='ocrx_word' id='word_1_569' title='bbox 1267 3663 1293 3712; x_wconf 91' lang='lat' dir='ltr'><strong>et</strong></span> <span class='ocrx_word' id='word_1_570' title='bbox 1308 3654 1359 3724; x_wconf 83' lang='lat' dir='ltr'><strong>irs,</strong></span> <span class='ocrx_word' id='word_1_571' title='bbox 1372 3653 1436 3710; x_wconf 88' lang='lat' dir='ltr'><strong>lieet</strong></span> <span class='ocrx_word' id='word_1_572' title='bbox 1449 3667 1504 3710; x_wconf 88' lang='lat' dir='ltr'><strong>nou</strong></span> <span class='ocrx_word' id='word_1_573' title='bbox 1518 3652 1572 3710; x_wconf 87' lang='lat' dir='ltr'><strong>sint</strong></span> <span class='ocrx_word' id='word_1_574' title='bbox 1586 3652 1669 3711; x_wconf 84' lang='lat' dir='ltr'><strong>uniss</strong></span> <span class='ocrx_word' id='word_1_575' title='bbox 1680 3659 1806 3710; x_wconf 69' lang='lat' dir='ltr'><strong>usum:</strong></span> 
     </span>
     <span class='ocr_line' id='line_1_41' title="bbox 161 3738 1807 3817; baseline 0.001 -21"><span class='ocrx_word' id='word_1_576' title='bbox 161 3747 213 3796; x_wconf 84' lang='lat' dir='ltr'><strong>ets.</strong></span> <span class='ocrx_word' id='word_1_577' title='bbox 237 3738 428 3812; x_wconf 73' lang='lat' dir='ltr'><strong>incipiendum</strong></span> <span class='ocrx_word' id='word_1_578' title='bbox 440 3754 557 3810; x_wconf 80' lang='lat' dir='ltr'><strong>nomque</strong></span> <span class='ocrx_word' id='word_1_579' title='bbox 570 3738 620 3793; x_wconf 91' lang='lat' dir='ltr'><strong>tibi</strong></span> <span class='ocrx_word' id='word_1_580' title='bbox 634 3745 676 3792; x_wconf 89' lang='lat' dir='ltr'><strong>est</strong></span> <span class='ocrx_word' id='word_1_581' title='bbox 689 3740 755 3796; x_wconf 86' lang='lat' dir='ltr'><strong>tous</strong></span> <span class='ocrx_word' id='word_1_582' title='bbox 767 3739 869 3796; x_wconf 82' lang='lat' dir='ltr'><strong>viribus</strong></span> <span class='ocrx_word' id='word_1_583' title='bbox 888 3741 957 3816; x_wconf 71' lang='lat' dir='ltr'><strong>juge</strong></span> <span class='ocrx_word' id='word_1_584' title='bbox 1008 3759 1071 3799; x_wconf 84' lang='lat' dir='ltr'><strong>nem</strong></span> <span class='ocrx_word' id='word_1_585' title='bbox 1090 3743 1164 3816; x_wconf 91' lang='lat' dir='ltr'><strong>prior</strong></span> <span class='ocrx_word' id='word_1_586' title='bbox 1175 3753 1249 3800; x_wconf 79' lang='lat' dir='ltr'><strong>extre</strong></span> <span class='ocrx_word' id='word_1_587' title='bbox 1266 3749 1390 3798; x_wconf 77' lang='lat' dir='ltr'><strong>nuumm</strong></span> <span class='ocrx_word' id='word_1_588' title='bbox 1405 3750 1458 3809; x_wconf 87' lang='lat' dir='ltr'><strong>est,</strong></span> <span class='ocrx_word' id='word_1_589' title='bbox 1474 3755 1591 3814; x_wconf 82' lang='lat' dir='ltr'><strong>sequens</strong></span> <span class='ocrx_word' id='word_1_590' title='bbox 1604 3749 1696 3800; x_wconf 72' lang='lat' dir='ltr'><strong>summ</strong></span> <span class='ocrx_word' id='word_1_591' title='bbox 1719 3741 1807 3817; x_wconf 72' lang='lat' dir='ltr'><strong>criqt·</strong></span> 
     </span>
     <span class='ocr_line' id='line_1_42' title="bbox 160 3825 1807 3904; baseline 0.002 -20"><span class='ocrx_word' id='word_1_592' title='bbox 160 3835 298 3885; x_wconf 77' lang='lat' dir='ltr'><strong>certamen</strong></span> <span class='ocrx_word' id='word_1_593' title='bbox 325 3833 420 3883; x_wconf 85' lang='lat' dir='ltr'><strong>eontra</strong></span> <span class='ocrx_word' id='word_1_594' title='bbox 437 3825 654 3884; x_wconf 85' lang='lat' dir='ltr'><strong>crudelissimam</strong></span> <span class='ocrx_word' id='word_1_595' title='bbox 685 3835 713 3882; x_wconf 86' lang='lat' dir='ltr'><strong>et</strong></span> <span class='ocrx_word' id='word_1_596' title='bbox 733 3826 881 3884; x_wconf 84' lang='lat' dir='ltr'><strong>trilormem</strong></span> <span class='ocrx_word' id='word_1_597' title='bbox 903 3829 956 3886; x_wconf 88' lang='lat' dir='ltr'><strong>be-</strong></span> <span class='ocrx_word' id='word_1_598' title='bbox 1008 3831 1204 3899; x_wconf 80' lang='lat' dir='ltr'><strong>nelissidetur,</strong></span> <span class='ocrx_word' id='word_1_599' title='bbox 1223 3830 1285 3904; x_wconf 85' lang='lat' dir='ltr'><strong>quis</strong></span> <span class='ocrx_word' id='word_1_600' title='bbox 1299 3832 1381 3888; x_wconf 88' lang='lat' dir='ltr'><strong>bomo</strong></span> <span class='ocrx_word' id='word_1_601' title='bbox 1401 3829 1537 3887; x_wconf 80' lang='lat' dir='ltr'><strong>irascibile</strong></span> <span class='ocrx_word' id='word_1_602' title='bbox 1558 3827 1657 3887; x_wconf 83' lang='lat' dir='ltr'><strong>tolmai</strong></span> <span class='ocrx_word' id='word_1_603' title='bbox 1676 3838 1739 3888; x_wconf 88' lang='lat' dir='ltr'><strong>est:</strong></span> <span class='ocrx_word' id='word_1_604' title='bbox 1766 3829 1807 3887; x_wconf 88' lang='lat' dir='ltr'><strong>ti·</strong></span> 
     </span>
     <span class='ocr_line' id='line_1_43' title="bbox 160 3913 1808 3992; baseline 0.004 -20"><span class='ocrx_word' id='word_1_605' title='bbox 160 3917 248 3983; x_wconf 82' lang='lat' dir='ltr'><strong>susm,</strong></span> <span class='ocrx_word' id='word_1_606' title='bbox 278 3913 307 3969; x_wconf 91' lang='lat' dir='ltr'><strong>id</strong></span> <span class='ocrx_word' id='word_1_607' title='bbox 326 3924 368 3971; x_wconf 90' lang='lat' dir='ltr'><strong>est</strong></span> <span class='ocrx_word' id='word_1_608' title='bbox 381 3914 547 3987; x_wconf 82' lang='lat' dir='ltr'><strong>superblrm,</strong></span> <span class='ocrx_word' id='word_1_609' title='bbox 563 3913 673 3972; x_wconf 75' lang='lat' dir='ltr'><strong>menum</strong></span> <span class='ocrx_word' id='word_1_610' title='bbox 699 3915 824 3989; x_wconf 60' lang='lat' dir='ltr'><strong>moriem,</strong></span> <span class='ocrx_word' id='word_1_611' title='bbox 838 3923 866 3973; x_wconf 91' lang='lat' dir='ltr'><strong>et</strong></span> <span class='ocrx_word' id='word_1_612' title='bbox 887 3917 957 3974; x_wconf 85' lang='lat' dir='ltr'><strong>iovi·</strong></span> <span class='ocrx_word' id='word_1_613' title='bbox 1008 3920 1064 3977; x_wconf 80' lang='lat' dir='ltr'><strong>mili</strong></span> <span class='ocrx_word' id='word_1_614' title='bbox 1080 3927 1169 3977; x_wconf 71' lang='lat' dir='ltr'><strong>umen</strong></span> <span class='ocrx_word' id='word_1_615' title='bbox 1184 3923 1310 3976; x_wconf 90' lang='lat' dir='ltr'><strong>oriuntur</strong></span> <span class='ocrx_word' id='word_1_616' title='bbox 1337 3919 1434 3985; x_wconf 88' lang='lat' dir='ltr'><strong>modo·,</strong></span> <span class='ocrx_word' id='word_1_617' title='bbox 1456 3918 1593 3992; x_wconf 87' lang='lat' dir='ltr'><strong>siquidem</strong></span> <span class='ocrx_word' id='word_1_618' title='bbox 1618 3917 1808 3978; x_wconf 68' lang='lat' dir='ltr'><strong>summunt·</strong></span> 
     </span>
     <span class='ocr_line' id='line_1_44' title="bbox 159 4002 1807 4080; baseline 0.004 -22"><span class='ocrx_word' id='word_1_619' title='bbox 159 4003 242 4070; x_wconf 87' lang='lat' dir='ltr'><strong>diem,</strong></span> <span class='ocrx_word' id='word_1_620' title='bbox 258 4003 339 4072; x_wconf 86' lang='lat' dir='ltr'><strong>cujus</strong></span> <span class='ocrx_word' id='word_1_621' title='bbox 360 4002 389 4057; x_wconf 92' lang='lat' dir='ltr'><strong>in</strong></span> <span class='ocrx_word' id='word_1_622' title='bbox 413 4018 467 4057; x_wconf 87' lang='lat' dir='ltr'><strong>uno</strong></span> <span class='ocrx_word' id='word_1_623' title='bbox 494 4017 607 4073; x_wconf 87' lang='lat' dir='ltr'><strong>corpore</strong></span> <span class='ocrx_word' id='word_1_624' title='bbox 625 4004 674 4062; x_wconf 89' lang='lat' dir='ltr'><strong>tris</strong></span> <span class='ocrx_word' id='word_1_625' title='bbox 697 4004 795 4078; x_wconf 76' lang='lat' dir='ltr'><strong>cupita,</strong></span> <span class='ocrx_word' id='word_1_626' title='bbox 811 4012 837 4060; x_wconf 91' lang='lat' dir='ltr'><strong>st</strong></span> <span class='ocrx_word' id='word_1_627' title='bbox 860 4003 957 4078; x_wconf 82' lang='lat' dir='ltr'><strong>inipsis</strong></span> <span class='ocrx_word' id='word_1_628' title='bbox 1010 4024 1106 4066; x_wconf 74' lang='lat' dir='ltr'><strong>musas</strong></span> <span class='ocrx_word' id='word_1_629' title='bbox 1133 4007 1298 4065; x_wconf 84' lang='lat' dir='ltr'><strong>intrinsecus</strong></span> <span class='ocrx_word' id='word_1_630' title='bbox 1315 4006 1483 4080; x_wconf 71' lang='lat' dir='ltr'><strong>concipiunt</strong></span> <span class='ocrx_word' id='word_1_631' title='bbox 1510 4006 1631 4063; x_wconf 79' lang='lat' dir='ltr'><strong>Tristititt</strong></span> <span class='ocrx_word' id='word_1_632' title='bbox 1656 4013 1685 4063; x_wconf 90' lang='lat' dir='ltr'><strong>st</strong></span> <span class='ocrx_word' id='word_1_633' title='bbox 1711 4006 1807 4065; x_wconf 76' lang='lat' dir='ltr'><strong>smdts</strong></span> 
     </span>
     <span class='ocr_line' id='line_1_45' title="bbox 159 4088 1807 4215; baseline 0.004 -69"><span class='ocrx_word' id='word_1_634' title='bbox 159 4088 291 4163; x_wconf 83' lang='lat' dir='ltr'><strong>capitibus</strong></span> <span class='ocrx_word' id='word_1_635' title='bbox 305 4092 399 4146; x_wconf 87' lang='lat' dir='ltr'><strong>tientes</strong></span> <span class='ocrx_word' id='word_1_636' title='bbox 411 4089 493 4147; x_wconf 76' lang='lat' dir='ltr'><strong>terrei</strong></span> <span class='ocrx_word' id='word_1_637' title='bbox 504 4092 718 4150; x_wconf 83' lang='lat' dir='ltr'><strong>comminuentes</strong></span> <span class='ocrx_word' id='word_1_638' title='bbox 733 4093 832 4149; x_wconf 84' lang='lat' dir='ltr'><strong>outuiu.</strong></span> <span class='ocrx_word' id='word_1_639' title='bbox 844 4091 867 4148; x_wconf 94' lang='lat'>0</span> <span class='ocrx_word' id='word_1_640' title='bbox 877 4110 956 4165; x_wconf 79' lang='lat' dir='ltr'><strong>quotu</strong></span> <span class='ocrx_word' id='word_1_641' title='bbox 972 4097 1085 4215; x_wconf 71' lang='lat' dir='ltr'><strong>Btrulla</strong></span> <span class='ocrx_word' id='word_1_642' title='bbox 1103 4097 1274 4153; x_wconf 83' lang='lat' dir='ltr'><strong>extrinsecus</strong></span> <span class='ocrx_word' id='word_1_643' title='bbox 1291 4095 1453 4154; x_wconf 84' lang='lat' dir='ltr'><strong>soeendente</strong></span> <span class='ocrx_word' id='word_1_644' title='bbox 1477 4093 1807 4167; x_wconf 74' lang='lat' dir='ltr'><strong>proroosttonsqsnsrsrl</strong></span> 
     </span>
     <span class='ocr_line' id='line_1_46' title="bbox 160 4178 1807 4258; baseline 0.001 -19"><span class='ocrx_word' id='word_1_645' title='bbox 160 4179 262 4239; x_wconf 86' lang='lat' dir='ltr'><strong>multos</strong></span> <span class='ocrx_word' id='word_1_646' title='bbox 275 4179 422 4238; x_wconf 79' lang='lat' dir='ltr'><strong>virosbtec</strong></span> <span class='ocrx_word' id='word_1_647' title='bbox 448 4178 645 4239; x_wconf 82' lang='lat' dir='ltr'><strong>immanissime</strong></span> <span class='ocrx_word' id='word_1_648' title='bbox 658 4180 743 4240; x_wconf 80' lang='lat' dir='ltr'><strong>bestit</strong></span> <span class='ocrx_word' id='word_1_649' title='bbox 771 4182 914 4240; x_wconf 90' lang='lat' dir='ltr'><strong>momordit</strong></span> <span class='ocrx_word' id='word_1_650' title='bbox 928 4190 957 4240; x_wconf 90' lang='lat' dir='ltr'><strong>et</strong></span> <span class='ocrx_word' id='word_1_651' title='bbox 1009 4187 1111 4243; x_wconf 87' lang='lat' dir='ltr'><strong>solsut.</strong></span> <span class='ocrx_word' id='word_1_652' title='bbox 1126 4184 1268 4258; x_wconf 82' lang='lat' dir='ltr'><strong>Superbia,</strong></span> <span class='ocrx_word' id='word_1_653' title='bbox 1284 4183 1537 4256; x_wconf 81' lang='lat' dir='ltr'><strong>uenodosis,atqse</strong></span> <span class='ocrx_word' id='word_1_654' title='bbox 1550 4181 1660 4251; x_wconf 79' lang='lat' dir='ltr'><strong>inuidis,</strong></span> <span class='ocrx_word' id='word_1_655' title='bbox 1678 4182 1807 4241; x_wconf 69' lang='lat' dir='ltr'><strong>ducor</strong></span> 
     </span>
     <span class='ocr_line' id='line_1_47' title="bbox 159 4268 1807 4347; baseline 0.001 -20"><span class='ocrx_word' id='word_1_656' title='bbox 159 4268 270 4340; x_wconf 85' lang='lat' dir='ltr'><strong>dejecit,</strong></span> <span class='ocrx_word' id='word_1_657' title='bbox 284 4277 365 4342; x_wconf 85' lang='lat' dir='ltr'><strong>etque</strong></span> <span class='ocrx_word' id='word_1_658' title='bbox 390 4270 443 4327; x_wconf 79' lang='lat' dir='ltr'><strong>sub</strong></span> <span class='ocrx_word' id='word_1_659' title='bbox 467 4269 581 4343; x_wconf 88' lang='lat' dir='ltr'><strong>pedibus</strong></span> <span class='ocrx_word' id='word_1_660' title='bbox 607 4271 666 4329; x_wconf 88' lang='lat' dir='ltr'><strong>suis</strong></span> <span class='ocrx_word' id='word_1_661' title='bbox 691 4269 856 4329; x_wconf 82' lang='lat' dir='ltr'><strong>conculcavit</strong></span> <span class='ocrx_word' id='word_1_662' title='bbox 872 4269 879 4326; x_wconf 96' lang='lat' dir='ltr'><strong>l</strong></span> <span class='ocrx_word' id='word_1_663' title='bbox 896 4271 956 4329; x_wconf 82' lang='lat' dir='ltr'><strong>Cir·</strong></span> <span class='ocrx_word' id='word_1_664' title='bbox 1010 4273 1097 4347; x_wconf 80' lang='lat' dir='ltr'><strong>pot-ali</strong></span> <span class='ocrx_word' id='word_1_665' title='bbox 1116 4271 1266 4329; x_wconf 89' lang='lat' dir='ltr'><strong>ministerio</strong></span> <span class='ocrx_word' id='word_1_666' title='bbox 1292 4280 1525 4329; x_wconf 78' lang='lat' dir='ltr'><strong>consummantur.</strong></span> <span class='ocrx_word' id='word_1_667' title='bbox 1544 4271 1586 4328; x_wconf 76' lang='lat' dir='ltr'><strong>sd</strong></span> <span class='ocrx_word' id='word_1_668' title='bbox 1612 4270 1672 4328; x_wconf 81' lang='lat' dir='ltr'><strong>ittse</strong></span> <span class='ocrx_word' id='word_1_669' title='bbox 1686 4269 1807 4329; x_wconf 74' lang='lat' dir='ltr'><strong>onmis</strong></span> 
     </span>
     <span class='ocr_line' id='line_1_48' title="bbox 159 4358 1807 4437; baseline 0.002 -22"><span class='ocrx_word' id='word_1_670' title='bbox 159 4358 258 4416; x_wconf 87' lang='lat' dir='ltr'><strong>cumda</strong></span> <span class='ocrx_word' id='word_1_671' title='bbox 267 4358 357 4433; x_wconf 85' lang='lat' dir='ltr'><strong>itaque</strong></span> <span class='ocrx_word' id='word_1_672' title='bbox 369 4358 418 4415; x_wconf 90' lang='lat' dir='ltr'><strong>tibi</strong></span> <span class='ocrx_word' id='word_1_673' title='bbox 439 4358 535 4417; x_wconf 89' lang='lat' dir='ltr'><strong>iortem</strong></span> <span class='ocrx_word' id='word_1_674' title='bbox 548 4369 724 4428; x_wconf 70' lang='lat' dir='ltr'><strong>armaturam,</strong></span> <span class='ocrx_word' id='word_1_675' title='bbox 735 4373 765 4418; x_wconf 91' lang='lat' dir='ltr'><strong>ut</strong></span> <span class='ocrx_word' id='word_1_676' title='bbox 779 4360 869 4434; x_wconf 90' lang='lat' dir='ltr'><strong>possis</strong></span> <span class='ocrx_word' id='word_1_677' title='bbox 883 4369 956 4418; x_wconf 88' lang='lat' dir='ltr'><strong>stare</strong></span> <span class='ocrx_word' id='word_1_678' title='bbox 1008 4377 1071 4437; x_wconf 76' lang='lat' dir='ltr'><strong>quse</strong></span> <span class='ocrx_word' id='word_1_679' title='bbox 1083 4361 1236 4434; x_wconf 82' lang='lat' dir='ltr'><strong>spiritualis</strong></span> <span class='ocrx_word' id='word_1_680' title='bbox 1246 4361 1386 4427; x_wconf 90' lang='lat' dir='ltr'><strong>dicuutur,</strong></span> <span class='ocrx_word' id='word_1_681' title='bbox 1413 4359 1526 4416; x_wconf 90' lang='lat' dir='ltr'><strong>muitum</strong></span> <span class='ocrx_word' id='word_1_682' title='bbox 1557 4366 1673 4431; x_wconf 88' lang='lat' dir='ltr'><strong>prosunt</strong></span> <span class='ocrx_word' id='word_1_683' title='bbox 1686 4359 1807 4418; x_wconf 71' lang='lat' dir='ltr'><strong>bum</strong></span> 
     </span>
     <span class='ocr_line' id='line_1_49' title="bbox 158 4447 1807 4524; baseline 0.003 -20"><span class='ocrx_word' id='word_1_684' title='bbox 158 4455 253 4504; x_wconf 81' lang='lat' dir='ltr'><strong>contre</strong></span> <span class='ocrx_word' id='word_1_685' title='bbox 267 4454 369 4504; x_wconf 77' lang='lat' dir='ltr'><strong>uotsrn</strong></span> <span class='ocrx_word' id='word_1_686' title='bbox 383 4447 542 4520; x_wconf 78' lang='lat' dir='ltr'><strong>nequitiam.</strong></span> <span class='ocrx_word' id='word_1_687' title='bbox 557 4449 642 4506; x_wconf 87' lang='lat' dir='ltr'><strong>indue</strong></span> <span class='ocrx_word' id='word_1_688' title='bbox 657 4457 683 4506; x_wconf 87' lang='lat' dir='ltr'><strong>te</strong></span> <span class='ocrx_word' id='word_1_689' title='bbox 698 4448 782 4507; x_wconf 82' lang='lat' dir='ltr'><strong>lorica</strong></span> <span class='ocrx_word' id='word_1_690' title='bbox 802 4450 953 4518; x_wconf 83' lang='lat' dir='ltr'><strong>cbaritstis,</strong></span> <span class='ocrx_word' id='word_1_691' title='bbox 1008 4451 1153 4518; x_wconf 87' lang='lat' dir='ltr'><strong>consortis,</strong></span> <span class='ocrx_word' id='word_1_692' title='bbox 1167 4449 1285 4507; x_wconf 81' lang='lat' dir='ltr'><strong>maxime</strong></span> <span class='ocrx_word' id='word_1_693' title='bbox 1303 4449 1325 4506; x_wconf 87' lang='lat' dir='ltr'><strong>ti</strong></span> <span class='ocrx_word' id='word_1_694' title='bbox 1340 4448 1412 4505; x_wconf 83' lang='lat' dir='ltr'><strong>inter</strong></span> <span class='ocrx_word' id='word_1_695' title='bbox 1437 4449 1526 4505; x_wconf 88' lang='lat' dir='ltr'><strong>bonos</strong></span> <span class='ocrx_word' id='word_1_696' title='bbox 1540 4448 1743 4524; x_wconf 74' lang='lat' dir='ltr'><strong>prudentesque</strong></span> <span class='ocrx_word' id='word_1_697' title='bbox 1769 4447 1807 4509; x_wconf 79' lang='lat' dir='ltr'><strong>ti·</strong></span> 
     </span>
     <span class='ocr_line' id='line_1_50' title="bbox 158 4535 1590 4614; baseline -0.001 -20"><span class='ocrx_word' id='word_1_698' title='bbox 158 4535 269 4609; x_wconf 80' lang='lat' dir='ltr'><strong>souinqs</strong></span> <span class='ocrx_word' id='word_1_699' title='bbox 281 4545 307 4593; x_wconf 91' lang='lat' dir='ltr'><strong>te</strong></span> <span class='ocrx_word' id='word_1_700' title='bbox 335 4535 428 4611; x_wconf 78' lang='lat' dir='ltr'><strong>qlsdio</strong></span> <span class='ocrx_word' id='word_1_701' title='bbox 442 4536 562 4608; x_wconf 90' lang='lat' dir='ltr'><strong>spiritus,</strong></span> <span class='ocrx_word' id='word_1_702' title='bbox 585 4537 657 4611; x_wconf 91' lang='lat' dir='ltr'><strong>quod</strong></span> <span class='ocrx_word' id='word_1_703' title='bbox 686 4545 728 4594; x_wconf 90' lang='lat' dir='ltr'><strong>est</strong></span> <span class='ocrx_word' id='word_1_704' title='bbox 752 4539 864 4595; x_wconf 80' lang='lat' dir='ltr'><strong>terbum</strong></span> <span class='ocrx_word' id='word_1_705' title='bbox 879 4538 929 4596; x_wconf 84' lang='lat' dir='ltr'><strong>Dei</strong></span> <span class='ocrx_word' id='word_1_706' title='bbox 946 4553 953 4594; x_wconf 76' lang='grc' dir='ltr'><strong>ε</strong></span> <span class='ocrx_word' id='word_1_707' title='bbox 1008 4554 1055 4597; x_wconf 90' lang='lat' dir='ltr'><strong>ros</strong></span> <span class='ocrx_word' id='word_1_708' title='bbox 1068 4541 1156 4607; x_wconf 77' lang='lat' dir='ltr'><strong>titos,</strong></span> <span class='ocrx_word' id='word_1_709' title='bbox 1173 4537 1222 4614; x_wconf 85' lang='lat' dir='ltr'><strong>qui</strong></span> <span class='ocrx_word' id='word_1_710' title='bbox 1235 4538 1281 4594; x_wconf 83' lang='lat' dir='ltr'><strong>illa</strong></span> <span class='ocrx_word' id='word_1_711' title='bbox 1294 4553 1403 4609; x_wconf 76' lang='lat' dir='ltr'><strong>sempm</strong></span> <span class='ocrx_word' id='word_1_712' title='bbox 1416 4537 1590 4610; x_wconf 70' lang='lat' dir='ltr'><strong>redarguant.</strong></span> 
     </span>
     <span class='ocr_line' id='line_1_51' title="bbox 157 4621 1677 4702; baseline 0.005 -26"><span class='ocrx_word' id='word_1_713' title='bbox 157 4637 237 4679; x_wconf 89' lang='lat' dir='ltr'><strong>sume</strong></span> <span class='ocrx_word' id='word_1_714' title='bbox 251 4632 360 4680; x_wconf 87' lang='lat' dir='ltr'><strong>scutum</strong></span> <span class='ocrx_word' id='word_1_715' title='bbox 372 4621 446 4689; x_wconf 87' lang='lat' dir='ltr'><strong>fidei,</strong></span> <span class='ocrx_word' id='word_1_716' title='bbox 458 4640 529 4694; x_wconf 90' lang='lat' dir='ltr'><strong>pons</strong></span> <span class='ocrx_word' id='word_1_717' title='bbox 540 4626 645 4697; x_wconf 71' lang='lat' dir='ltr'><strong>galeam</strong></span> <span class='ocrx_word' id='word_1_718' title='bbox 656 4624 788 4683; x_wconf 70' lang='lat' dir='ltr'><strong>adunet</strong></span> <span class='ocrx_word' id='word_1_719' title='bbox 800 4624 860 4698; x_wconf 88' lang='lat' dir='ltr'><strong>spei</strong></span> <span class='ocrx_word' id='word_1_720' title='bbox 869 4624 954 4685; x_wconf 79' lang='lat' dir='ltr'><strong>isos·</strong></span> <span class='ocrx_word' id='word_1_721' title='bbox 1331 4643 1448 4702; x_wconf 68' lang='lat' dir='ltr'><strong>cppuq</strong></span> <span class='ocrx_word' id='word_1_722' title='bbox 1460 4643 1502 4700; x_wconf 76' lang='lat' dir='ltr'><strong>xp</strong></span> <span class='ocrx_word' id='word_1_723' title='bbox 1568 4656 1570 4660; x_wconf 95' lang='lat'>·</span> <span class='ocrx_word' id='word_1_724' title='bbox 1669 4689 1677 4701; x_wconf 56' lang='grc'>,</span> 
     </span>
     <span class='ocr_line' id='line_1_52' title="bbox 158 4708 1788 4806; baseline 0.005 -24"><span class='ocrx_word' id='word_1_725' title='bbox 158 4708 361 4781; x_wconf 76' lang='lat' dir='ltr'><strong>pltotuo,&#39;slnt</strong></span> <span class='ocrx_word' id='word_1_726' title='bbox 375 4711 455 4784; x_wconf 67' lang='lat' dir='ltr'><strong>ptos</strong></span> <span class='ocrx_word' id='word_1_727' title='bbox 469 4713 507 4768; x_wconf 90' lang='lat' dir='ltr'><strong>tui</strong></span> <span class='ocrx_word' id='word_1_728' title='bbox 534 4711 649 4770; x_wconf 64' lang='lat' dir='ltr'><strong>uteru</strong></span> <span class='ocrx_word' id='word_1_729' title='bbox 672 4712 704 4769; x_wconf 78' lang='lat' dir='ltr'><strong>tn</strong></span> <span class='ocrx_word' id='word_1_730' title='bbox 725 4714 955 4786; x_wconf 66' lang='lat' dir='ltr'><strong>proportionem</strong></span> <span class='ocrx_word' id='word_1_731' title='bbox 1044 4735 1105 4793; x_wconf 66' lang='lat' dir='ltr'><strong>uon</strong></span> <span class='ocrx_word' id='word_1_732' title='bbox 1118 4732 1221 4794; x_wconf 74' lang='lat' dir='ltr'><strong>soum</strong></span> <span class='ocrx_word' id='word_1_733' title='bbox 1234 4748 1340 4799; x_wconf 72' lang='lat' dir='ltr'><strong>omnes,</strong></span> <span class='ocrx_word' id='word_1_734' title='bbox 1355 4732 1565 4790; x_wconf 71' lang='lat' dir='ltr'><strong>tuattotuttu</strong></span> <span class='ocrx_word' id='word_1_735' title='bbox 1578 4730 1788 4806; x_wconf 65' lang='lat' dir='ltr'><strong>otuttpaout</strong></span> 
     </span>
     <span class='ocr_line' id='line_1_53' title="bbox 157 4804 1502 4879; baseline -0.001 -17"><span class='ocrx_word' id='word_1_736' title='bbox 157 4804 295 4879; x_wconf 74' lang='lat' dir='ltr'><strong>evangelii</strong></span> <span class='ocrx_word' id='word_1_737' title='bbox 311 4804 398 4876; x_wconf 83' lang='lat' dir='ltr'><strong>pacis,</strong></span> <span class='ocrx_word' id='word_1_738' title='bbox 413 4813 445 4864; x_wconf 88' lang='lat' dir='ltr'><strong>nt</strong></span> <span class='ocrx_word' id='word_1_739' title='bbox 458 4805 548 4863; x_wconf 88' lang='lat' dir='ltr'><strong>nullus</strong></span> <span class='ocrx_word' id='word_1_740' title='bbox 561 4807 589 4865; x_wconf 88' lang='lat' dir='ltr'><strong>in</strong></span> <span class='ocrx_word' id='word_1_741' title='bbox 613 4815 640 4865; x_wconf 89' lang='lat' dir='ltr'><strong>te</strong></span> <span class='ocrx_word' id='word_1_742' title='bbox 660 4811 836 4879; x_wconf 83' lang='lat' dir='ltr'><strong>pateat-loeus</strong></span> <span class='ocrx_word' id='word_1_743' title='bbox 849 4809 955 4868; x_wconf 87' lang='lat' dir='ltr'><strong>insidiis</strong></span> <span class='ocrx_word' id='word_1_744' title='bbox 1327 4807 1502 4879; x_wconf 78' lang='lat' dir='ltr'><strong>impuqtsori.</strong></span> 
     </span>
     <span class='ocr_line' id='line_1_54' title="bbox 158 4891 1805 4973; baseline 0 -24"><span class='ocrx_word' id='word_1_745' title='bbox 158 4894 276 4964; x_wconf 86' lang='lat' dir='ltr'><strong>potentis</strong></span> <span class='ocrx_word' id='word_1_746' title='bbox 288 4895 436 4953; x_wconf 81' lang='lat' dir='ltr'><strong>sdrsmsrii</strong></span> <span class='ocrx_word' id='word_1_747' title='bbox 449 4897 560 4970; x_wconf 69' lang='lat' dir='ltr'><strong>(nptias.</strong></span> <span class='ocrx_word' id='word_1_748' title='bbox 575 4911 616 4970; x_wconf 85' lang='lat' dir='ltr'><strong>vt,</strong></span> <span class='ocrx_word' id='word_1_749' title='bbox 632 4900 742 4970; x_wconf 76' lang='grc'><strong>11-17).</strong></span> <span class='ocrx_word' id='word_1_750' title='bbox 755 4899 844 4972; x_wconf 84' lang='lat' dir='ltr'><strong>Gsput</strong></span> <span class='ocrx_word' id='word_1_751' title='bbox 858 4915 954 4973; x_wconf 78' lang='lat' dir='ltr'><strong>super·</strong></span> <span class='ocrx_word' id='word_1_752' title='bbox 1042 4897 1088 4953; x_wconf 76' lang='lat' dir='ltr'><strong>ut.</strong></span> <span class='ocrx_word' id='word_1_753' title='bbox 1104 4893 1159 4950; x_wconf 87' lang='lat' dir='ltr'><strong>Sed</strong></span> <span class='ocrx_word' id='word_1_754' title='bbox 1174 4894 1317 4950; x_wconf 78' lang='lat' dir='ltr'><strong>inturbare</strong></span> <span class='ocrx_word' id='word_1_755' title='bbox 1330 4892 1471 4952; x_wconf 86' lang='lat' dir='ltr'><strong>sciendum</strong></span> <span class='ocrx_word' id='word_1_756' title='bbox 1482 4900 1534 4962; x_wconf 84' lang='lat' dir='ltr'><strong>est,</strong></span> <span class='ocrx_word' id='word_1_757' title='bbox 1553 4891 1626 4966; x_wconf 91' lang='lat' dir='ltr'><strong>quod</strong></span> <span class='ocrx_word' id='word_1_758' title='bbox 1644 4891 1672 4948; x_wconf 90' lang='lat' dir='ltr'><strong>itt</strong></span> <span class='ocrx_word' id='word_1_759' title='bbox 1687 4892 1805 4965; x_wconf 75' lang='lat' dir='ltr'><strong>qulbus·</strong></span> 
     </span>
     <span class='ocr_line' id='line_1_55' title="bbox 157 4979 1804 5058; baseline -0.002 -18"><span class='ocrx_word' id='word_1_760' title='bbox 157 4983 209 5040; x_wconf 84' lang='lat' dir='ltr'><strong>biss</strong></span> <span class='ocrx_word' id='word_1_761' title='bbox 221 4984 294 5041; x_wconf 90' lang='lat' dir='ltr'><strong>sieut</strong></span> <span class='ocrx_word' id='word_1_762' title='bbox 305 4993 389 5056; x_wconf 83' lang='lat' dir='ltr'><strong>eaput</strong></span> <span class='ocrx_word' id='word_1_763' title='bbox 398 4984 508 5056; x_wconf 79' lang='lat' dir='ltr'><strong>viperae,</strong></span> <span class='ocrx_word' id='word_1_764' title='bbox 524 4984 601 5044; x_wconf 86' lang='lat' dir='ltr'><strong>turer</strong></span> <span class='ocrx_word' id='word_1_765' title='bbox 613 4988 674 5058; x_wconf 81' lang='lat' dir='ltr'><strong>ejus</strong></span> <span class='ocrx_word' id='word_1_766' title='bbox 688 4999 717 5044; x_wconf 91' lang='lat' dir='ltr'><strong>ut</strong></span> <span class='ocrx_word' id='word_1_767' title='bbox 729 4987 804 5047; x_wconf 85' lang='lat' dir='ltr'><strong>iuter</strong></span> <span class='ocrx_word' id='word_1_768' title='bbox 815 4989 952 5058; x_wconf 83' lang='lat' dir='ltr'><strong>druesnis,</strong></span> <span class='ocrx_word' id='word_1_769' title='bbox 1003 4984 1069 5041; x_wconf 86' lang='lat' dir='ltr'><strong>dtm</strong></span> <span class='ocrx_word' id='word_1_770' title='bbox 1082 4981 1184 5043; x_wconf 81' lang='lat' dir='ltr'><strong>ventris</strong></span> <span class='ocrx_word' id='word_1_771' title='bbox 1197 4982 1340 5054; x_wconf 70' lang='lat' dir='ltr'><strong>ingluvies,</strong></span> <span class='ocrx_word' id='word_1_772' title='bbox 1356 4981 1384 5038; x_wconf 91' lang='lat' dir='ltr'><strong>in</strong></span> <span class='ocrx_word' id='word_1_773' title='bbox 1397 4981 1562 5055; x_wconf 82' lang='lat' dir='ltr'><strong>quibusdem</strong></span> <span class='ocrx_word' id='word_1_774' title='bbox 1570 4980 1713 5038; x_wconf 89' lang='lat' dir='ltr'><strong>iornicstio</strong></span> <span class='ocrx_word' id='word_1_775' title='bbox 1726 4979 1804 5054; x_wconf 80' lang='lat' dir='ltr'><strong>pris·</strong></span> 
     </span>
     <span class='ocr_line' id='line_1_56' title="bbox 156 5069 1804 5150; baseline 0 -22"><span class='ocrx_word' id='word_1_776' title='bbox 156 5082 184 5128; x_wconf 88' lang='lat' dir='ltr'><strong>et</strong></span> <span class='ocrx_word' id='word_1_777' title='bbox 196 5071 276 5130; x_wconf 81' lang='lat' dir='ltr'><strong>istos</strong></span> <span class='ocrx_word' id='word_1_778' title='bbox 297 5073 357 5144; x_wconf 82' lang='lat' dir='ltr'><strong>eins</strong></span> <span class='ocrx_word' id='word_1_779' title='bbox 378 5072 498 5144; x_wconf 87' lang='lat' dir='ltr'><strong>letbiisr,</strong></span> <span class='ocrx_word' id='word_1_780' title='bbox 514 5084 545 5132; x_wconf 89' lang='lat' dir='ltr'><strong>ut</strong></span> <span class='ocrx_word' id='word_1_781' title='bbox 571 5075 726 5134; x_wconf 84' lang='lat' dir='ltr'><strong>insanabilis</strong></span> <span class='ocrx_word' id='word_1_782' title='bbox 751 5076 831 5135; x_wconf 82' lang='lat' dir='ltr'><strong>istus</strong></span> <span class='ocrx_word' id='word_1_783' title='bbox 851 5077 951 5150; x_wconf 76' lang='lat' dir='ltr'><strong>reqnli.</strong></span> <span class='ocrx_word' id='word_1_784' title='bbox 1005 5073 1121 5146; x_wconf 79' lang='lat' dir='ltr'><strong>cipalent</strong></span> <span class='ocrx_word' id='word_1_785' title='bbox 1135 5071 1238 5129; x_wconf 91' lang='lat' dir='ltr'><strong>obtinet</strong></span> <span class='ocrx_word' id='word_1_786' title='bbox 1247 5071 1347 5128; x_wconf 84' lang='lat' dir='ltr'><strong>locum</strong></span> <span class='ocrx_word' id='word_1_787' title='bbox 1362 5070 1391 5126; x_wconf 92' lang='lat' dir='ltr'><strong>ln</strong></span> <span class='ocrx_word' id='word_1_788' title='bbox 1406 5070 1467 5127; x_wconf 88' lang='lat' dir='ltr'><strong>aliis</strong></span> <span class='ocrx_word' id='word_1_789' title='bbox 1486 5070 1621 5144; x_wconf 84' lang='lat' dir='ltr'><strong>superbis,</strong></span> <span class='ocrx_word' id='word_1_790' title='bbox 1636 5069 1665 5126; x_wconf 92' lang='lat' dir='ltr'><strong>in</strong></span> <span class='ocrx_word' id='word_1_791' title='bbox 1678 5069 1743 5127; x_wconf 87' lang='lat' dir='ltr'><strong>silis</strong></span> <span class='ocrx_word' id='word_1_792' title='bbox 1758 5085 1804 5128; x_wconf 86' lang='lat' dir='ltr'><strong>ee·</strong></span> 
     </span>
     <span class='ocr_line' id='line_1_57' title="bbox 156 5158 1803 5236; baseline 0 -20"><span class='ocrx_word' id='word_1_793' title='bbox 156 5160 228 5219; x_wconf 92' lang='lat' dir='ltr'><strong>illud</strong></span> <span class='ocrx_word' id='word_1_794' title='bbox 247 5161 324 5219; x_wconf 83' lang='lat' dir='ltr'><strong>enim</strong></span> <span class='ocrx_word' id='word_1_795' title='bbox 336 5163 511 5236; x_wconf 61' lang='lat' dir='ltr'><strong>muudus</strong></span> <span class='ocrx_word' id='word_1_796' title='bbox 530 5164 647 5231; x_wconf 71' lang='lat' dir='ltr'><strong>ceteris,</strong></span> <span class='ocrx_word' id='word_1_797' title='bbox 670 5171 725 5221; x_wconf 87' lang='lat' dir='ltr'><strong>tres</strong></span> <span class='ocrx_word' id='word_1_798' title='bbox 748 5180 892 5223; x_wconf 81' lang='lat' dir='ltr'><strong>tenesstss</strong></span> <span class='ocrx_word' id='word_1_799' title='bbox 914 5178 952 5223; x_wconf 81' lang='lat' dir='ltr'><strong>ex</strong></span> <span class='ocrx_word' id='word_1_800' title='bbox 1005 5160 1121 5219; x_wconf 80' lang='lat' dir='ltr'><strong>nodosis</strong></span> <span class='ocrx_word' id='word_1_801' title='bbox 1135 5176 1224 5218; x_wconf 86' lang='lat' dir='ltr'><strong>arcem</strong></span> <span class='ocrx_word' id='word_1_802' title='bbox 1239 5168 1323 5217; x_wconf 89' lang='lat' dir='ltr'><strong>tenet.</strong></span> <span class='ocrx_word' id='word_1_803' title='bbox 1340 5160 1369 5216; x_wconf 89' lang='lat' dir='ltr'><strong>ln</strong></span> <span class='ocrx_word' id='word_1_804' title='bbox 1385 5160 1545 5234; x_wconf 83' lang='lat' dir='ltr'><strong>quibusdem</strong></span> <span class='ocrx_word' id='word_1_805' title='bbox 1569 5160 1619 5227; x_wconf 83' lang='lat' dir='ltr'><strong>irs,</strong></span> <span class='ocrx_word' id='word_1_806' title='bbox 1634 5159 1663 5215; x_wconf 89' lang='lat' dir='ltr'><strong>in</strong></span> <span class='ocrx_word' id='word_1_807' title='bbox 1685 5158 1803 5233; x_wconf 83' lang='lat' dir='ltr'><strong>qttibtts-</strong></span> 
     </span>
    </p>
   </div>
   <div class='ocr_carea' id='block_1_3' title="bbox 56 5247 1805 5326">
    <p class='ocr_par' dir='ltr' id='par_1_3' title="bbox 56 5247 1805 5326">
     <span class='ocr_line' id='line_1_58' title="bbox 56 5247 1805 5326; baseline 0.003 -24"><span class='ocrx_word' id='word_1_808' title='bbox 56 5268 69 5290; x_wconf 65' lang='grc'><strong>«-</strong></span> <span class='ocrx_word' id='word_1_809' title='bbox 156 5248 266 5318; x_wconf 78' lang='lat' dir='ltr'><strong>uipereo</strong></span> <span class='ocrx_word' id='word_1_810' title='bbox 284 5266 333 5308; x_wconf 90' lang='lat' dir='ltr'><strong>ors</strong></span> <span class='ocrx_word' id='word_1_811' title='bbox 346 5250 381 5307; x_wconf 82' lang='lat' dir='ltr'><strong>sd</strong></span> <span class='ocrx_word' id='word_1_812' title='bbox 395 5249 546 5310; x_wconf 81' lang='lat' dir='ltr'><strong>feriendum</strong></span> <span class='ocrx_word' id='word_1_813' title='bbox 560 5252 651 5310; x_wconf 87' lang='lat' dir='ltr'><strong>educit</strong></span> <span class='ocrx_word' id='word_1_814' title='bbox 664 5252 781 5326; x_wconf 75' lang='lat' dir='ltr'><strong>linquas.</strong></span> <span class='ocrx_word' id='word_1_815' title='bbox 801 5251 889 5309; x_wconf 85' lang='lat' dir='ltr'><strong>Prima</strong></span> <span class='ocrx_word' id='word_1_816' title='bbox 902 5267 951 5311; x_wconf 88' lang='lat' dir='ltr'><strong>eos</strong></span> <span class='ocrx_word' id='word_1_817' title='bbox 1005 5251 1067 5308; x_wconf 90' lang='lat' dir='ltr'><strong>dam</strong></span> <span class='ocrx_word' id='word_1_818' title='bbox 1089 5249 1210 5320; x_wconf 73' lang='lat' dir='ltr'><strong>stadiis,</strong></span> <span class='ocrx_word' id='word_1_819' title='bbox 1225 5264 1274 5306; x_wconf 89' lang='lat' dir='ltr'><strong>seu</strong></span> <span class='ocrx_word' id='word_1_820' title='bbox 1297 5249 1415 5318; x_wconf 76' lang='lat' dir='ltr'><strong>tristitie,</strong></span> <span class='ocrx_word' id='word_1_821' title='bbox 1435 5249 1595 5323; x_wconf 76' lang='lat' dir='ltr'><strong>autaliquid</strong></span> <span class='ocrx_word' id='word_1_822' title='bbox 1628 5264 1725 5306; x_wconf 87' lang='lat' dir='ltr'><strong>eorum</strong></span> <span class='ocrx_word' id='word_1_823' title='bbox 1751 5247 1805 5308; x_wconf 80' lang='lat' dir='ltr'><strong>tibi</strong></span> 
     </span>
    </p>
   </div>
   <div class='ocr_carea' id='block_1_4' title="bbox 152 5337 1805 5506">
    <p class='ocr_par' dir='ltr' id='par_1_4' title="bbox 152 5337 1805 5506">
     <span class='ocr_line' id='line_1_59' title="bbox 155 5337 1805 5414; baseline -0.009 -7"><span class='ocrx_word' id='word_1_824' title='bbox 155 5337 279 5407; x_wconf 61' lang='grc'><strong>1101011111,</strong></span> <span class='ocrx_word' id='word_1_825' title='bbox 296 5339 344 5412; x_wconf 71' lang='lat' dir='ltr'><strong>qui</strong></span> <span class='ocrx_word' id='word_1_826' title='bbox 358 5355 409 5412; x_wconf 82' lang='lat' dir='ltr'><strong>per</strong></span> <span class='ocrx_word' id='word_1_827' title='bbox 425 5341 766 5414; x_wconf 78' lang='lat' dir='ltr'><strong>trsnsqrsssiooiseulpsm</strong></span> <span class='ocrx_word' id='word_1_828' title='bbox 785 5342 951 5414; x_wconf 87' lang='lat' dir='ltr'><strong>contemptui</strong></span> <span class='ocrx_word' id='word_1_829' title='bbox 1005 5338 1175 5413; x_wconf 77' lang='lat' dir='ltr'><strong>tprsnoidem</strong></span> <span class='ocrx_word' id='word_1_830' title='bbox 1187 5338 1315 5399; x_wconf 67' lang='lat' dir='ltr'><strong>studim.</strong></span> <span class='ocrx_word' id='word_1_831' title='bbox 1334 5338 1367 5394; x_wconf 76' lang='lat' dir='ltr'><strong>Bt</strong></span> <span class='ocrx_word' id='word_1_832' title='bbox 1379 5339 1443 5396; x_wconf 88' lang='lat' dir='ltr'><strong>ideo</strong></span> <span class='ocrx_word' id='word_1_833' title='bbox 1463 5344 1572 5411; x_wconf 87' lang='lat' dir='ltr'><strong>oportet</strong></span> <span class='ocrx_word' id='word_1_834' title='bbox 1585 5350 1805 5410; x_wconf 79' lang='lat' dir='ltr'><strong>unamquemque</strong></span> 
     </span>
     <span class='ocr_line' id='line_1_60' title="bbox 152 5422 1804 5506; baseline 0.004 -26"><span class='ocrx_word' id='word_1_835' title='bbox 152 5422 358 5487; x_wconf 65' lang='lat' dir='ltr'><strong>musseium</strong></span> <span class='ocrx_word' id='word_1_836' title='bbox 370 5437 516 5504; x_wconf 74' lang='lat' dir='ltr'><strong>praeeepls.</strong></span> <span class='ocrx_word' id='word_1_837' title='bbox 528 5431 651 5490; x_wconf 62' lang='lat' dir='ltr'><strong>Secum</strong></span> <span class='ocrx_word' id='word_1_838' title='bbox 662 5431 739 5500; x_wconf 87' lang='lat' dir='ltr'><strong>illos,</strong></span> <span class='ocrx_word' id='word_1_839' title='bbox 761 5430 808 5506; x_wconf 89' lang='lat' dir='ltr'><strong>qul</strong></span> <span class='ocrx_word' id='word_1_840' title='bbox 822 5444 855 5488; x_wconf 89' lang='lat' dir='ltr'><strong>es</strong></span> <span class='ocrx_word' id='word_1_841' title='bbox 881 5444 949 5488; x_wconf 83' lang='lat' dir='ltr'><strong>ceu·</strong></span> <span class='ocrx_word' id='word_1_842' title='bbox 1004 5439 1129 5490; x_wconf 83' lang='lat' dir='ltr'><strong>uestrum</strong></span> <span class='ocrx_word' id='word_1_843' title='bbox 1142 5429 1289 5490; x_wconf 68' lang='lat' dir='ltr'><strong>mundum</strong></span> <span class='ocrx_word' id='word_1_844' title='bbox 1308 5429 1466 5503; x_wconf 71' lang='lat' dir='ltr'><strong>qualitatem</strong></span> <span class='ocrx_word' id='word_1_845' title='bbox 1479 5428 1555 5498; x_wconf 86' lang='lat' dir='ltr'><strong>beili,</strong></span> <span class='ocrx_word' id='word_1_846' title='bbox 1581 5442 1635 5503; x_wconf 89' lang='lat' dir='ltr'><strong>quo</strong></span> <span class='ocrx_word' id='word_1_847' title='bbox 1663 5425 1804 5501; x_wconf 74' lang='lat' dir='ltr'><strong>princips-</strong></span> 
     </span>
    </p>
   </div>
   <div class='ocr_carea' id='block_1_5' title="bbox 0 0 1858 5962">
    <p class='ocr_par' dir='ltr' id='par_1_5' title="bbox 0 0 1858 5962">
     <span class='ocr_line' id='line_1_61' title="bbox 0 0 1858 5962; baseline 0 2"><span class='ocrx_word' id='word_1_848' title='bbox 0 0 1858 5962; x_wconf 95' lang='lat' dir='ltr'><strong> </strong></span> 
     </span>
    </p>
   </div>
  </div>
 </body>
</html>
