3706 5962
148 204 202 272 att
920 212 1032 275 ouuult
1747 211 1806 273 948

147 342 263 406 mutem,
277 333 416 393 deducunt
427 336 460 392 ad
470 333 602 394 nihilum:
617 347 645 396 ει
657 338 733 411 ipsos
746 347 836 400 motus
849 342 943 411 animi,
959 357 984 436 g
999 341 1057 412 jam
1071 354 1125 396 nou
1147 337 1262 412 placebit
1287 352 1338 398 suo
1357 336 1487 404 Creatori,
1503 335 1527 392 si
1544 343 1658 409 propter
1679 353 1807 396 errorem

146 439 208 483 cum
221 440 255 480 ex
269 422 342 480 illata
365 423 417 480 sihi
444 425 545 496 iniuria
571 427 770 499 quodammodo
793 432 943 504 perturbati
1000 445 1081 488 snum
1095 429 1213 503 primum
1228 443 1281 484 nou
1290 426 1459 500 displicuerit
1473 426 1533 498 ipse
1544 428 1607 484 sihi.
1619 427 1708 486 Nobis
1718 429 1805 502 igitur

143 511 254 581 fuerint,
268 513 296 569 iu
311 512 419 571 fratrem
433 513 631 573 conviciantem
650 517 769 576 insanire
792 521 943 593 cupientes,
997 519 1150 593 displiceat,
1165 517 1261 575 fratres
1275 516 1340 585 mei,
1361 515 1432 589 quod
1446 515 1510 573 mali
1523 515 1636 588 fuimus,
1662 528 1690 575 ει
1709 519 1804 578 adbuc

145 617 222 661 camo
244 600 380 659 charitatis
402 604 603 677 constringunt,
621 616 649 663 ει
668 607 781 666 alhdunt
799 610 834 666 ed
862 610 944 668 Chri·
996 608 1109 666 forsitan
1121 623 1215 664 sumus
1229 623 1237 666 ι
1253 614 1282 663 ει
1296 605 1400 679 placeat
1414 606 1493 663 uobis
1507 606 1581 678 quod
1596 607 1723 665 nundum
1740 624 1804 680 per·

144 697 226 748 stum.
237 691 319 748 Tales
328 691 450 764 profecto
463 693 581 751 animam
596 711 672 752 suam
687 705 802 770 ponunt,
812 699 859 772 qui
873 700 943 756 ami·
997 698 1060 756 fecti
1074 713 1179 765 sumus,
1195 695 1245 754 sed
1258 695 1338 752 daute
1351 693 1469 752 Domino
1482 696 1549 752 Jesu
1563 694 1682 764 Christo,
1702 707 1734 755 ει
1747 698 1803 754 uti·

145 779 187 837 eis
212 789 240 837 et
263 779 378 837 inimicis
403 798 433 838 se
457 798 506 855 per
523 784 679 842 charitatem
698 795 891 859 prosteruunt,
914 799 945 848 ut
996 804 1059 844 nam
1073 796 1175 853 nostre,
1191 784 1302 857 perfecti
1316 784 1428 853 erimus,
1443 783 1529 856 ipsius
1541 785 1669 843 mandata
1682 801 1799 844 serran-

149 884 245 928 omncs
258 870 382 928 homines
395 870 560 931 lucrifaciant
582 875 698 935 Christo.
716 875 767 946 Qui
781 877 821 936 sic
835 880 902 953 agit,
917 886 945 936 et
997 884 1047 945 tes,
1063 885 1092 932 ει
1105 892 1139 933 ex
1152 873 1268 932 inimicis
1285 875 1345 945 ejus
1364 873 1444 930 amici
1467 872 1625 944 efficiemur,
1643 875 1691 946 qui
1710 876 1801 935 disei-

148 958 246 1016 Christi
272 961 415 1033 praeceptis
428 962 530 1034 obedit,
545 973 573 1020 ει
594 964 619 1020 ei
642 973 762 1022 mutuam
785 967 945 1025 charitatem
996 964 1135 1036 pulissuis
1143 963 1220 1030 dixit,
1235 964 1285 1022 l'cs
1294 963 1380 1020 ammi
1393 963 1540 1033 meieetir,
1551 963 1578 1021 ri
1591 965 1723 1037 feceritis
1732 983 1798 1040 qam

48 1108 51 1113 ,
146 1047 292 1121 impendit3
303 1051 355 1106 iste
370 1051 397 1106 iu
411 1052 523 1110 veritate
537 1053 641 1111 amicus
650 1062 692 1110 est
707 1055 828 1113 Christi:
843 1057 944 1130 etquis
997 1056 1129 1130 praecipio
1143 1053 1228 1112 vohis

144 1147 256 1210 propter
270 1140 360 1210 ipsum
387 1140 522 1198 Christum
549 1158 579 1199 se
594 1143 684 1215 ipsum
708 1147 774 1212 odit,
801 1153 830 1203 et
854 1146 946 1219 {super
1032 1147 1060 1200 3.
1080 1142 1178 1199 Adbuc
1186 1149 1212 1198 te
1221 1140 1353 1213 alloquor,
1362 1138 1495 1198 monache
1503 1139 1796 1218 Benedictiobcmo,

146 1228 237 1284 omnia
250 1227 328 1286 illum
340 1227 438 1302 diligit,
454 1237 602 1304 eapropter
611 1233 702 1305 ipsum
717 1234 836 1293 cdicutie
849 1244 945 1295 cuneta
996 1233 1076 1290 velox
1088 1248 1119 1290 es
1132 1230 1166 1288 ad
1180 1245 1311 1299 mensam,
1327 1230 1419 1287 tardus
1432 1230 1468 1286 ad
1481 1230 1640 1302 ecdesiam3
1655 1238 1754 1304 potens
1762 1234 1797 1292 ad

146 1315 277 1376 charitate
290 1318 489 1391 complectitur,
504 1321 622 1393 gaudeat
637 1324 685 1397 qui
700 1324 760 1382 talis
773 1332 825 1382 εει.
998 1320 1159 1396 potandum,
1176 1322 1224 1376 sed
1243 1336 1318 1393 ager
1330 1320 1364 1375 ad
1379 1318 1555 1388 cantandum
1571 1322 1686 1394 pervigil
1700 1324 1736 1378 ad
1757 1321 1798 1380 fa·

184 1410 211 1465 2.
227 1390 280 1476 Qii
295 1407 358 1465 talis
377 1418 428 1481 εει,
444 1425 509 1469 ιειε
522 1414 673 1471 monachus
691 1422 734 1471 est
749 1432 756 1470 ε
774 1423 801 1471 ει
816 1414 862 1488 qui
882 1414 945 1472 talis
997 1411 1086 1481 bulas,
1102 1409 1289 1469 somnolentus
1311 1408 1346 1464 ad
1369 1408 1487 1481 vigilias,
1511 1423 1611 1480 procax
1625 1409 1661 1466 ad
1679 1411 1801 1484 laquem

147 1510 203 1552 nou
217 1503 268 1564 est,
283 1495 348 1556 licet
362 1497 398 1555 sit
416 1499 580 1575 cucullosus,
591 1501 655 1561 licet
669 1504 705 1561 sit
724 1518 872 1576 pannosus,
888 1503 945 1563 slve
998 1500 1074 1567 1ι11111,
1089 1499 1138 1557 sed
1152 1506 1243 1554 mutus
1256 1497 1291 1554 ⁸1¹
1308 1495 1496 1570 Pssillfflduml
1515 1505 1661 1570 immistus
1680 1499 1718 1556 ‘ld
1731 1500 1800 1557 iim

147 1584 270 1655 abrasus,
291 1587 350 1646 sive
377 1595 545 1659 tousuratus,
560 1591 660 1651 habeat
683 1592 813 1666 quidquid
836 1595 889 1661 vis,
909 1594 945 1649 sit
998 1597 1026 1646 et
1039 1587 1243 1655 detractionem,
1260 1587 1351 1644 tardus
1365 1585 1399 1643 ad
1413 1585 1575 1658 orationem3
1598 1586 1710 1646 invidiae
1727 1604 1802 1645 ama·

146 1673 278 1748 quidquid
290 1676 342 1748 eis,
358 1685 398 1734 est
419 1678 509 1752 imago
523 1680 566 1740 rel
580 1681 683 1751 pictura
699 1682 835 1750 monachi,
850 1689 876 1739 ει
890 1697 946 1740 non
962 1640 984 1720 Β
999 1686 1052 1746 tor,
1068 1677 1168 1736 Christi
1188 1684 1362 1750 persecutcr3
1377 1675 1508 1734 festucam
1521 1676 1679 1749 respiciens,
1695 1682 1801 1739 trabem

148 1770 190 1820 est
204 1765 363 1822 monachus.
379 1765 422 1822 dd
435 1769 626 1826 verecundiam
637 1771 856 1839 phreneticorum
871 1771 944 1829 dieo.
1000 1783 1055 1825 ucn
1077 1769 1266 1835 consideraus;
1297 1772 1410 1825 caterua
1437 1767 1625 1841 reprehendis,
1654 1774 1681 1824 te
1710 1768 1802 1841 ipsum

151 1852 222 1909 Sunt
234 1854 342 1925 quidam
357 1854 385 1910 iu
406 1857 573 1914 monasterio
586 1861 683 1916 morbo
696 1860 855 1931 phrenetico
869 1860 947 1918 labs-
999 1872 1054 1913 nou
1078 1856 1205 1928 corripis,
1223 1855 1334 1912 malitiae
1357 1856 1490 1924 inventor,
1512 1856 1664 1928 discipliuae
1691 1858 1802 1917 desem-

147 1947 250 2008 rantes,
266 1942 382 1999 adirem
405 1945 533 2017 prompti,
550 1944 585 2003 ad
609 1948 778 2006 iracundiam
792 1949 945 2023 praeparari,
999 1954 1075 2016 ctor3
1098 1945 1201 2002 amicus
1220 1945 1355 2013 vitiorum,
1377 1946 1463 2003 bostis
1486 1944 1623 2003 uirtutum.
1650 1947 1715 2002 llaec
1738 1958 1802 2006 suut

150 2029 184 2086 ad
198 2028 292 2086 odium
307 2031 411 2091 festini:
433 2034 480 2107 qui
502 2035 669 2111 pruriginem
693 2038 784 2095 cordis
809 2055 858 2110 per
876 2041 947 2097 scal·
1001 2052 1062 2109 quae
1074 2035 1184 2094 0111111111
1194 2043 1340 2103 &limma
1355 2043 1383 2092 θῑ
1397 2050 1412 2090 ³
1425 2035 1484 2091 ⁰⁶0
1498 2042 1638 2106 ὓθιιιιιῦῑ·
1653 2036 1721 2094 Ηιὲθ
1737 2047 1801 2095 ⁸11¹1i

148 2118 279 2192 pedinem
297 2120 397 2193 linguae
420 2124 530 2180 trahunt
548 2125 583 2180 ad
606 2128 725 2184 scabiem
752 2129 832 2196 cutis,
857 2135 948 2187 mente
1000 2141 1061 2199 quae
1074 2140 1234 2183 conversum
1255 2124 1357 2182 faciunt
1372 2140 1537 2198 perversum,
1555 2125 1721 2183 monachum
1739 2128 1801 2184 dm-

146 2209 277 2283 corrupti,
297 2211 360 2285 sagi
375 2223 402 2269 et
410 2212 560 2283 instabiles,
575 2214 835 2287 circumlocutiones,
851 2235 948 2275 susur-
999 2215 1166 2274 maniacum.
1192 2214 1260 2271 Cum
1283 2214 1318 2271 de
1341 2212 1475 2284 profundo
1498 2213 1586 2271 cordis
1601 2215 1689 2288 (quod
1704 2232 1799 2276 rarum

149 2313 240 2368 renes,
274 2300 375 2372 gulosi,
390 2305 564 2371 murmurosi,
579 2305 672 2374 invidi,
698 2307 793 2363 tumidi
817 2315 844 2364 et
873 2308 944 2376 elati,
999 2313 1050 2373 est,
1066 2305 1114 2362 sed
1128 2303 1205 2362 valde
1222 2304 1332 2360 charum
1347 2303 1411 2377 εει),
1430 2311 1532 2374 quanto
1551 2304 1693 2362 charitatis
1706 2321 1800 2365 amore

150 2387 209 2446 Deo
219 2388 254 2446 de
263 2388 461 2449 buniscollatis
475 2392 583 2469 ingrati,
599 2394 667 2452 Adae
680 2397 881 2468 praeraricautis
890 2396 948 2469 pel·
1000 2409 1081 2453 verus
1095 2402 1198 2452 ametor
1211 2409 1277 2468 erga
1290 2401 1412 2450 amatum
1432 2391 1544 2461 ferveat,
1560 2393 1589 2448 in
1602 2393 1650 2464 gete
1664 2410 1737 2468 quos
1754 2395 1799 2471 pic

106 2486 110 2492 ·
146 2475 226 2535 ιιεείε
240 2478 339 2547 restiti,
356 2479 429 2538 illius
443 2483 715 2544 uestimeutcsslutis
727 2485 830 2557 nudati,
845 2488 892 2560 qui
900 2503 948 2545 se·
1000 2499 1096 2543 cruore
1111 2483 1235 2552 redemit,
1249 2483 1277 2540 in
1291 2483 1520 2542 valetudinemea
1533 2481 1601 2539 mibi
1614 2484 1651 2540 ab
1670 2485 1733 2558 ipso
1747 2487 1799 2544 ccl-

149 2566 269 2624 cundum
281 2571 367 2626 ῐιειιιιι
382 2578 491 2629 creatus
504 2579 546 2630 est
560 2571 703 2647 injustitia
715 2584 742 2635 et
754 2577 893 2637 suauitate
906 2593 948 2638 re
999 2575 1054 2632 lata
1067 2574 1218 2642 considero,
1235 2580 1319 2643 ῑθῑ111,
1336 2572 1364 2630 ῑ11
1378 2572 1488 2630 rerimte
1502 2573 1599 2644 saiwis
1617 2574 1686 2631 mihi
1705 2576 1799 2650 dsslfi·

79 2720 81 2724 ,
147 2656 247 2715 ritulis.
262 2658 309 2716 lsti
1001 2679 1061 2732 cco,
1086 2672 1113 2722 et
1135 2663 1205 2721 intra
1223 2662 1375 2736 meipsum
1398 2663 1432 2718 de
1450 2663 1613 2735 memetipso
1636 2665 1798 2723 confundor.

184 2747 356 2806 Pelllcalcm
368 2755 491 2809 veterem
503 2754 644 2822 retineret,
658 2759 685 2811 et
698 2757 795 2826 trente
808 2755 910 2826 polita,
1004 2752 1165 2811 Coufuudcr
1174 2761 1201 2810 et
1215 2751 1404 2819 confunderer,
1415 2752 1469 2808 imo
1480 2767 1592 2825 prorsus
1601 2752 1699 2826 utiquc
1710 2754 1801 2828 despo-

184 2839 320 2898 Aetatem
331 2842 427 2900 rubido
435 2849 552 2916 portent
566 2848 615 2903 suh
626 2848 742 2919 pectere
751 2846 874 2920 culpem.
1004 2860 1104 2912 sarem,
1119 2842 1172 2899 nisi
1185 2843 1302 2902 Verbum
1317 2841 1389 2915 quod
1399 2857 1462 2898 earo
1476 2840 1574 2898 factum
1588 2853 1642 2908 εει,
1657 2852 1685 2900 ει
1697 2844 1801 2901 habita·

148 2927 255 2986 Talium
277 2929 352 2987 frons
378 2933 536 3003 erubescut;
556 2933 737 2992 confundatur
758 2943 786 2991 et
805 2937 947 2994 erubescat
962 2935 985 3014 c
1003 2933 1043 2990 vit
1058 2935 1085 2989 in
1099 2931 1189 3001 nohis,
1204 2942 1232 2989 et
1247 2932 1396 2990 εεεειιιιειε
1408 2930 1440 2987 in
1454 2930 1554 2989 coelum
1568 2931 1643 2988 sedet
1656 2931 1691 2988 ad
1706 2933 1801 2991 dexte·

147 3016 230 3074 nimis
257 3019 396 3076 velociter.
423 3021 608 3080 confiteantur
629 3032 657 3081 et
674 3032 821 3095 sanemur,
845 3034 950 3084 mutent
1003 3039 1061 3078 ram
1082 3022 1178 3088 Patris,
1201 3020 1357 3095 propitiatio
1377 3029 1447 3079 esset
1473 3021 1660 3093 propeccatis
1685 3023 1799 3081 ιιοειιίε.

148 3105 281 3179 animum,
298 3107 550 3183 dirigautgressum
572 3111 602 3168 in
615 3113 717 3171 semitis
731 3113 905 3185 aternitatis,
921 3116 950 3172 in
1004 3111 1059 3168 Sed
1081 3109 1148 3167 mihi
1166 3110 1194 3167 in
1208 3111 1267 3184 ipso
1281 3110 1409 3168 barathro
1424 3110 1591 3168 confusionis
1609 3126 1677 3168 ιιιεε
1691 3109 1800 3170 infirme

149 3195 201 3254 uiis
215 3195 357 3256 castissimi
373 3200 483 3273 ameris,
498 3217 546 3275 per
560 3201 783 3276 gloriosissimam
796 3202 871 3263 viam
884 3205 951 3262 eha-
1000 3200 1111 3273 iacenti,
1126 3209 1153 3257 ει
1166 3199 1296 3260 vitiorum
1309 3200 1384 3257 febre
1401 3197 1546 3271 laboranti,
1560 3201 1595 3256 de
1611 3217 1661 3258 sue
1674 3202 1742 3259 sede
1755 3219 1800 3262 re-

150 3284 252 3354 ritatis;
280 3287 411 3345 fratribus
436 3298 559 3354 mutuam
585 3292 746 3350 charitatem
774 3291 947 3366 impendant,
1003 3290 1059 3366 gali
1072 3307 1182 3347 manum
1197 3290 1384 3347 medicinalem
1399 3290 1526 3358 extendit,
1541 3290 1634 3349 dicens
1653 3310 1662 3347 ε
1679 3291 1748 3349 Veni
1767 3295 1799 3350 ad

149 3374 239 3433 Deum
254 3379 434 3451 superomnia
448 3380 574 3455 diligant,
586 3396 635 3454 pro
645 3381 717 3439 illius
730 3383 950 3441 amoreanimam
1003 3396 1058 3448 me,
1074 3381 1120 3452 qui
1133 3380 1239 3437 laboras
1254 3379 1281 3436 iu
1298 3379 1392 3436 labore
1406 3387 1590 3451 peccatorum,
1608 3387 1636 3436 ει
1650 3395 1684 3438 es
1702 3396 1799 3438 cnem-

150 3479 228 3523 suam
244 3478 356 3538 ponant,
371 3468 398 3525 in
414 3472 539 3528 omuibus
558 3478 586 3528 et
604 3473 756 3542 peremnia
770 3473 950 3547 ejuspraece-
1004 3477 1048 3528 tus
1063 3469 1183 3543 pondere
1193 3485 1302 3541 eorum;
1313 3476 1339 3526 et
1348 3486 1401 3543 ego
1416 3478 1442 3526 ιε
1455 3469 1637 3526 reficiamtibi
1652 3469 1799 3540 parcendo,

151 3557 204 3628 ptis
224 3556 360 3625 obediunt,
382 3567 412 3616 ut
430 3561 533 3618 Christi
547 3560 627 3619 amici
640 3568 792 3620 mereantur
809 3563 899 3620 vocari
924 3571 952 3620 et
1003 3568 1031 3616 ει
1044 3562 1096 3616 ιιιεί
1110 3558 1212 3617 amoris
1226 3559 1343 3633 gratiam
1358 3557 1511 3631 largiendo.
1526 3559 1594 3614 Nam
1606 3559 1714 3616 amicus
1726 3575 1801 3616 meus

152 3659 225 3711 esse,
239 3645 285 3716 qui
295 3646 373 3716 dicit,
392 3650 440 3706 Vos
449 3652 537 3708 amici
548 3653 607 3709 mei
622 3652 741 3718 satiari
754 3654 881 3724 feceritis
887 3669 949 3725 qum
1004 3649 1069 3720 eris,
1085 3651 1109 3705 si
1123 3648 1220 3708 feceris
1233 3664 1265 3705 ea
1280 3664 1340 3722 quae
1355 3664 1408 3721 ego
1422 3646 1481 3704 fieri
1495 3646 1543 3703 tibi
1557 3647 1695 3706 mandari.
1712 3647 1801 3719 Quid?

152 3735 342 3808 egoproecipio
357 3736 474 3796 culmo
489 3754 589 3811 magua
598 3739 737 3811 dignatio,
751 3739 951 3798 inestimabilis
1005 3742 1039 3797 ad
1049 3742 1107 3798 haee
1119 3755 1174 3797 ιιοιι
1183 3738 1377 3798 confunderis?
1387 3740 1455 3796 Nam
1467 3737 1540 3812 quod
1548 3738 1625 3805 mibi,
1637 3738 1694 3795 hoc
1702 3746 1729 3796 ει
1743 3738 1800 3797 tibi.

152 3821 291 3880 charitatis
305 3824 472 3896 exuberatio,
497 3827 592 3885 inclita
619 3827 741 3897 bonitas,
756 3830 949 3903 ininterpreta-
1004 3829 1209 3887 confundantur
1230 3828 1331 3885 inimici
1350 3827 1461 3898 Christi,
1477 3834 1681 3897 convertantur,
1696 3837 1725 3886 ει
1737 3845 1801 3887 eru·

154 3910 216 3968 bilis
230 3909 330 3983 pietas!
356 3914 398 3970 Ab
422 3919 483 3988 eius
505 3915 659 3975 conditione
681 3919 728 3990 qui
742 3920 819 3976 servi
835 3935 950 3995 sumus,
1004 3920 1116 3977 bescant
1133 3919 1210 3977 ualde
1231 3920 1295 3990 cito,
1324 3928 1352 3975 et
1369 3925 1448 3974 eruut
1469 3915 1551 3974 amici
1573 3917 1688 3975 Christi.
1715 3917 1800 3977 tnta

153 3998 307 4056 invenimur
321 4000 435 4075 indigui,
455 4012 583 4062 ettamen
602 4022 652 4063 nos
667 4008 795 4082 dignatur
808 4010 910 4067 habere
923 4018 951 4068 et
1004 4008 1077 4066 iliius
1090 4025 1193 4077 sumus,
1210 4008 1233 4065 si
1242 4007 1319 4066 illum
1329 4024 1363 4065 ex
1375 4015 1430 4065 tcto
1440 4007 1521 4067 corde
1531 4006 1674 4080 diligimus
1691 4023 1765 4066 :nou
1774 4023 1802 4066 cr

153 4102 253 4147 vocare
266 4089 376 4148 amicos.
391 4091 517 4165 Largitur
531 4095 692 4165 dulcedinis,
707 4106 811 4154 amator
833 4096 951 4156 charita·
1004 4099 1106 4157 amicus
1119 4101 1187 4170 ejus,
1203 4097 1299 4156 sicum
1312 4113 1346 4156 ex
1360 4097 1436 4158 omni
1447 4104 1523 4170 parte
1532 4111 1588 4155 ncn
1602 4097 1708 4172 diligis.
1724 4097 1756 4155 Si
1769 4113 1801 4156 cx

154 4180 199 4248 tis,
215 4178 397 4238 imccharitas
411 4185 504 4254 chara,
529 4192 557 4243 et
581 4185 659 4244 beata
676 4187 839 4258 iucunditas,
854 4196 886 4245 et
897 4190 947 4260 iu·
965 4220 989 4298 ⁰
1004 4205 1056 4246 una
1068 4197 1148 4271 parte
1159 4189 1241 4246 fueris
1254 4198 1353 4259 castus,
1369 4195 1396 4246 et
1410 4204 1443 4246 ex
1463 4186 1517 4245 alia
1536 4188 1685 4259 superbus,
1701 4187 1801 4247 memi-

150 4272 242 4328 euuda
256 4270 446 4344 tranquillitas,
460 4281 488 4331 et
500 4289 598 4333 secura
610 4276 753 4346 securitas,
764 4270 790 4335 ει
800 4276 862 4334 ιειίι
870 4286 950 4336 aeter·
1004 4279 1077 4338 nisse
1100 4279 1185 4338 debes
1199 4279 1262 4352 quia
1284 4278 1410 4350 superbis
1427 4280 1502 4336 Deus
1519 4278 1629 4348 resistit,
1650 4278 1800 4336 humilibus

152 4362 234 4435 nitas,
246 4368 274 4419 ει
289 4367 389 4418 εειειιιε
408 4360 533 4436 felicitas,
548 4365 681 4424 Douainus
695 4367 774 4424 lesus
787 4369 859 4425 tctus
873 4368 949 4426 desi·
1003 4375 1096 4427 autem
1111 4370 1155 4426 dat
1168 4370 1282 4443 gratiam
1295 4368 1400 4442 (Jacob.
1414 4385 1452 4441 ιιι,
1468 4369 1507 4441 6).
1523 4367 1642 4425 Necesse
1661 4375 1706 4434 est
1723 4369 1802 4444 igitm

151 4450 291 4524 derabilis,
316 4459 388 4509 totus
402 4453 535 4524 amabilis,
561 4456 701 4514 thesaurus
719 4457 948 4534 incomparabilis,
1002 4467 1034 4519 ut
1048 4475 1109 4516 eum
1123 4475 1155 4515 ex
1168 4457 1242 4514 omni
1256 4466 1333 4530 parte
1347 4457 1453 4531 diligas,
1470 4472 1580 4516 necesse
1595 4465 1638 4514 est
1652 4462 1685 4514 nt
1697 4473 1734 4515 ex
1749 4464 1802 4516 tcto

148 4542 296 4616 margarita
315 4545 401 4607 045
419 4541 622 4614 inaestimabilis,
638 4545 694 4604 rita
706 4546 865 4617 utentium,
887 4565 950 4622 spes
1002 4547 1084 4608 corde
1096 4549 1135 4604 illi
1149 4549 1288 4606 adhaereas
1308 4566 1316 4605 e
1341 4564 1401 4605 uam
1417 4547 1555 4606 edbaerere
1571 4546 1611 4604 illi
1630 4545 1739 4607 bonum
1752 4555 1802 4617 est,

150 4635 336 4706 morientium,
352 4645 453 4693 aeterua
475 4649 570 4693 eorum
594 4634 718 4704 felicitas,
734 4637 781 4709 qui
802 4653 852 4710 pro
876 4637 950 4696 illius
1002 4655 1128 4699 securum
1140 4647 1192 4696 est.
1213 4637 1282 4708 Quid
1303 4641 1346 4696 εει
1359 4638 1387 4694 ei
1400 4637 1561 4695 adbaereref
1584 4637 1669 4712 Spem
1681 4636 1806 4696 suamir

151 4736 245 4781 amore
269 4741 299 4781 se
323 4727 351 4782 in
373 4727 425 4782 hoc
439 4724 539 4782 seculo
553 4724 678 4782 infelices
701 4726 802 4784 fecere.
821 4726 845 4784 0
867 4744 949 4800 quam
1002 4741 1036 4786 εο
1059 4745 1168 4799 ponere,
1191 4727 1258 4783 nibil
1281 4732 1377 4798 praetcr
1400 4728 1490 4799 ipsum
1513 4741 1613 4797 amare,
1637 4725 1697 4785 imo
1713 4736 1809 4786 cuncte

152 4813 216 4873 felix
226 4820 269 4870 est
285 4813 341 4885 ille,
358 4813 405 4887 qui
419 4829 469 4885 pro
481 4812 557 4871 illius
571 4813 717 4870 dilectione
731 4814 797 4873 fecit
811 4831 840 4873 se
857 4816 948 4873 inicii·
1003 4821 1115 4890 propter
1125 4818 1214 4888 ipsum
1227 4815 1380 4889 despicere,
1398 4815 1489 4872 omnia
1502 4815 1603 4884 odisse,
1614 4816 1752 4874 universe
1764 4815 1804 4873 ia·

151 4904 224 4965 ceml
252 4912 279 4963 et
301 4919 382 4979 quam
410 4904 508 4961 beatus
520 4908 563 4960 est
586 4902 642 4972 ille,
656 4903 703 4976 qui
727 4913 837 4977 propter
859 4905 949 4978 ipsum
1003 4905 1107 4975 ειιιιίιε,
1132 4904 1260 4978 qualibet
1282 4905 1436 4963 transitoria
1461 4905 1518 4961 uilil
1541 4905 1654 4966 ducere.
1680 4906 1743 4965 lloe
1768 4912 1809 4964 est

150 4996 329 5071 semedpsum
356 4992 487 5050 miserum
502 4991 584 5050 fecitl
610 4993 679 5051 llere
706 4993 750 5050 ills
773 5001 815 5052 est
837 4993 900 5052 felir
922 5004 950 5052 et
1002 4997 1114 5062 bonum,
1138 4995 1190 5052 hcc
1209 5001 1250 5050 est
1272 4995 1431 5066 jucundum,
1455 4993 1495 5051 sic
1518 4993 1633 5066 diligere
1657 4996 1806 5053 Dominum

148 5100 251 5146 aterna
270 5083 397 5144 felicitate
412 5082 522 5158 dignus,
537 5081 583 5155 qui
606 5097 636 5140 se
660 5082 750 5155 ipsum
776 5082 902 5154 despicit,
917 5100 949 5141 εε
1001 5089 1094 5145 lesum
1109 5084 1257 5143 Christum.
1269 5085 1320 5156 Qui
1336 5085 1420 5159 igitur
1435 5085 1474 5142 sic
1487 5095 1540 5152 est,
1554 5085 1614 5155 ejus
1628 5085 1740 5144 amicus
1755 5097 1809 5145 est.

149 5177 242 5251 ipsum
265 5173 422 5246 contemnit,
452 5172 498 5245 qui
511 5168 635 5245 displicet
659 5171 722 5241 sibi,
737 5177 768 5230 ut
782 5171 807 5226 in
831 5172 948 5230 ueritate
1040 5180 1066 5234 t.
1082 5175 1291 5234 Consideremus
1306 5176 1399 5250 igitur,
1425 5175 1523 5232 fratres
1547 5175 1611 5241 mei,
1639 5184 1745 5252 quauta
1766 5187 1806 5234 est

148 5267 255 5341 placeat
267 5282 317 5325 suc
335 5263 466 5324 Creatori.
489 5263 591 5320 Noscat
609 5262 743 5334 superbus
762 5261 860 5329 omnis,
884 5262 948 5319 uni·
1001 5266 1189 5324 misericordia
1211 5265 1402 5338 Redemptcris
1420 5265 1515 5323 nostri.
1536 5266 1579 5322 Ab
1603 5265 1666 5338 ipso
1682 5266 1803 5340 reputari

149 5370 246 5415 tersus
259 5355 355 5425 elatus,
370 5354 398 5412 in
420 5351 543 5427 Galgalis
556 5351 683 5412 uitiorum
696 5350 825 5421 foedatus,
841 5351 947 5411 scabic-
1000 5356 1074 5416 semi
1096 5371 1153 5415 non
1174 5370 1268 5412 sumus
1290 5355 1366 5428 digni
1391 5372 1399 5412 a
1415 5365 1442 5412 et
1463 5356 1524 5426 ejus
1538 5353 1618 5413 amici
1630 5371 1766 5414 vocamur
1782 5364 1810 5415 ει

145 5455 199 5500 sua
211 5443 242 5501 in
257 5444 328 5517 pelle
340 5443 490 5512 luxuriosa,
506 5441 622 5501 foedatus
632 5443 659 5499 in
677 5441 843 5501 couscientia
856 5457 953 5515 prava,
1009 5462 1113 5513 sumus,
1128 5444 1151 5501 si
1165 5444 1193 5501 iu
1207 5446 1267 5515 ejus
1281 5443 1422 5503 dilectione
1437 5443 1621 5503 manebimus.
1642 5445 1727 5506 Nunc
1742 5461 1811 5523 ergo

147 5528 203 5593 eibi
212 5530 334 5611 pucras,
344 5530 475 5608 mipsum
488 5546 569 5606 supra
582 5530 756 5609 semetipsum
767 5532 953 5593 comtitueus:
1009 5534 1117 5597 Domini
1130 5534 1226 5605 notui,
1239 5533 1296 5595 reri
1314 5532 1403 5610 amici,
1423 5532 1555 5595 ereamris
1567 5534 1702 5606 omnim
1718 5536 1813 5600 hote-
