3706 5962
712 236 825 299 nourr.
847 236 890 296 un
910 234 1059 296 nunant
1078 231 1283 296 counitione.
1762 200 1816 297 tae

164 244 218 306 tat

162 359 225 443 i'ige
243 384 364 440 gressus.
379 367 409 421 lu
437 375 462 421 te
476 363 541 419 nihil
563 372 699 420 remaneat
722 364 959 436 indisciplinatum.
980 364 1145 456 arantibus
1168 372 1297 436 praesunt.
1319 363 1438 434 Ditignnt
1456 363 1588 433 siqnidem
1603 378 1667 417 snos
1689 364 1817 420 concives

160 459 236 515 Pone
258 472 353 516 ornnes
377 452 605 528 transgressiones
625 461 759 510 tnasante
774 454 865 510 oculos
885 459 960 522 tuos·
1019 467 1144 522 superna
1159 459 1313 523 potestates,
1343 459 1369 505 et
1386 467 1437 522 pro
1460 451 1494 505 iis
1508 451 1554 521 qui
1569 450 1753 509 haereditatem
1767 469 1817 508 ca-

165 547 258 604 Statue
276 555 302 602 te
317 552 428 610 antete,
445 550 569 615 tanquam
584 541 852 607 antealium3etsic
867 548 961 596 temet·
1015 541 1092 610 piunt
1119 539 1348 609 salutis,sollicite
1373 539 1553 612 congaudent,
1585 537 1749 611 confortant,
1778 541 1817 594 in·

166 626 383 708 ipsumplange.
408 634 487 688 Plora
509 632 662 703 iniquitates
676 641 704 687 et
732 638 848 702 peccata,
862 630 961 702 quibus
1013 637 1129 697 struunt,
1155 636 1310 702 protegunt,
1339 627 1533 698 providentque
1561 629 1698 683 omnibus.
1713 628 1815 685 Omnes

161 723 246 780 Deum
270 720 429 778 attendisti:
452 719 541 775 indica
568 719 592 774 ei
615 719 740 775 miserias
763 728 833 786 tuas,
849 719 960 775 ostende
1013 719 1085 773 enim
1116 717 1168 787 ipsi
1191 717 1345 773 desiderant
1369 716 1511 770 adventum
1535 724 1657 772 nostrum
1685 718 1814 787 quoniam

160 810 199 866 illi
213 809 345 866 malitium
365 802 578 865 adversariorum
601 814 714 863 tuorum.
731 806 853 877 Cumque
865 820 960 862 coram
1012 805 1063 876 ipsi
1077 808 1111 862 do
1122 805 1200 862 nobis
1214 811 1377 875 exspectant
1397 804 1515 860 civitatis
1529 821 1586 859 suae
1600 805 1693 860 ruinas
1706 816 1814 861 restan-

162 913 196 956 eo
210 900 237 954 in
248 898 373 969 lacrymis
390 905 415 953 te
429 896 614 962 maceraveris,
631 911 727 966 precor
756 905 782 950 ιε
804 903 833 949 ιιι
856 909 959 949 memor
1012 895 1075 950 rari.
1091 895 1238 969 Diligenter
1259 898 1384 963 quaerunt
1412 903 1438 949 et
1466 891 1579 949 libenter
1605 895 1721 951 audiunt
1745 897 1815 949 bona

161 988 275 1043 sismei.
1013 985 1047 1038 de
1062 983 1140 1038 nobis
1170 998 1176 1037 :
1203 983 1309 1039 solliciti
1334 983 1489 1039 discurrunt
1509 981 1591 1036 medii
1619 983 1690 1037 iuter
1709 997 1759 1037 uos
1784 991 1812 1037 et

195 1078 238 1133 to.
253 1074 311 1146 Ego
326 1077 397 1130 enim
413 1089 446 1129 ex
460 1088 514 1145 qno
528 1073 644 1146 cognovi
658 1080 692 1138 te,
707 1073 734 1125 in
749 1071 855 1127 Christo
874 1069 958 1142 diligo
1012 1071 1109 1135 Deum,
1120 1078 1229 1127 nostros
1247 1070 1365 1143 gemitus
1378 1069 1529 1125 fidelissime
1544 1068 1649 1124 adeum
1664 1074 1813 1141 portantes,

161 1172 206 1232 te;
222 1161 324 1218 etilluc
334 1162 499 1218 mentionem
519 1162 558 1216 tui
571 1159 867 1225 deiero,nbietillicita
881 1157 958 1228 cogi·
1012 1159 1158 1230 ipsiusque
1181 1158 1295 1232 gratiam
1314 1159 1488 1215 devotissime
1508 1160 1543 1213 ad
1562 1173 1612 1213 nos
1635 1166 1810 1229 reportantes.

163 1253 227 1308 tatio
241 1249 414 1324 supplicium,
436 1258 463 1307 ει
477 1251 587 1307 honesta
610 1256 777 1319 promeretur
806 1248 957 1317 praemium.
1013 1248 1075 1302 Non
1104 1247 1319 1318 dedignabuntur
1334 1263 1394 1304 esse
1412 1247 1478 1303 socii
1494 1246 1586 1311 nostri,
1614 1247 1661 1319 qui
1678 1249 1734 1315 jam
1749 1247 1811 1300 tacti

152 1334 207 1397 ,dd
221 1341 304 1395 altare
321 1355 435 1410 namque
451 1338 501 1395 Dei
515 1354 575 1394 cnm
591 1345 717 1408 peccator
730 1346 782 1405 sto,
797 1336 843 1391 sed
866 1350 957 1390 sacer·
1012 1345 1076 1392 snut
1094 1336 1207 1391 ministri
1234 1337 1330 1392 nostri.
1347 1336 1484 1390 Exsultare
1501 1351 1548 1391 eos
1567 1334 1689 1405 lecimus,
1705 1334 1814 1406 quando

161 1428 223 1494 dos,
236 1428 275 1485 tui
294 1444 337 1484 me
348 1429 491 1484 comitatur
504 1426 644 1483 memoria.
659 1426 699 1481 Tn
712 1440 776 1481 vero
791 1424 855 1479 mibi
874 1423 961 1479 vicem
1013 1425 1137 1483 conversi
1160 1440 1254 1480 sumus
1276 1426 1311 1480 ad
1339 1423 1534 1496 poeniteutiam.
1562 1422 1729 1479 Festinamus
1746 1439 1812 1495 ergo

159 1516 265 1582 reddes,
280 1517 303 1572 si
319 1533 363 1573 me
377 1517 520 1582 amaveris,
537 1528 564 1572 et
580 1514 732 1571 orationum
755 1521 861 1568 tnarnm
874 1513 958 1583 parti·
1013 1512 1048 1568 de
1062 1512 1140 1569 nobis
1164 1527 1256 1569 eorum
1281 1511 1400 1568 laetitiam
1430 1512 1588 1582 adimplere.
1604 1511 1652 1567 Vm
1670 1511 1729 1577 tibi,
1755 1511 1813 1582 qui-

161 1606 249 1676 cipem
263 1606 370 1662 leceris.
395 1605 435 1659 lbi
450 1604 637 1661 recordatione
665 1610 752 1659 tecum
769 1616 831 1658 esse
839 1615 958 1671 praesens
1013 1617 1121 1673 cunque
1135 1618 1175 1667 es,
1190 1601 1237 1672 qni
1248 1600 1387 1657 desideras
1409 1601 1496 1655 redire
1511 1600 1543 1653 ad
1556 1599 1699 1667 vomitum,
1714 1601 1812 1655 reverti

160 1692 294 1763 desidero,
309 1693 355 1749 ubi
369 1709 420 1763 pro
434 1703 459 1748 te
475 1702 503 1749 ct
515 1692 570 1747 tuis
584 1682 877 1746 familiaribusdevotas
900 1704 959 1760 pre·
975 1651 996 1726 Β
1016 1689 1049 1743 ad
1070 1691 1165 1746 lutum.
1186 1689 1300 1744 Putasne
1314 1689 1433 1760 placatos
1448 1688 1561 1743 habebis
1575 1703 1625 1744 eos
1639 1687 1668 1742 in
1688 1686 1811 1756 judicio,

171 1796 219 1837 ces
233 1795 326 1836 coram
346 1781 405 1834 Deo
421 1780 522 1834 lundis.
546 1780 601 1832 Nec
628 1778 744 1843 mireris,
761 1778 783 1832 si
806 1777 871 1843 dixi,
887 1778 962 1832 Prae-
1018 1785 1165 1846 quostanto
1175 1785 1298 1832 ettamen
1310 1784 1416 1846 sperato
1426 1775 1577 1848 privarevis
1585 1775 1685 1847 gaudio
1693 1775 1707 1832 ‘l
1716 1775 1815 1830 Exsul-

162 1883 248 1925 sens:
273 1866 402 1936 quoniam
431 1867 454 1920 si
476 1881 520 1920 me
542 1880 629 1932 arnas,
646 1873 673 1920 ει
706 1865 767 1920 ideo
788 1879 871 1933 amas,
899 1864 964 1935 quia
1020 1872 1141 1923 taverunt
1159 1868 1265 1938 quando
1284 1865 1407 1923 venimus
1428 1865 1461 1920 ad
1490 1864 1658 1936 religionem.
1689 1873 1812 1934 tanquam

159 1959 249 2029 imago
262 1955 313 2012 Dei
327 1971 398 2021 sum,
418 1954 454 2008 ita
464 1954 512 2008 tibi
527 1969 645 2024 praesens
660 1970 730 2022 snm,
747 1962 776 2007 ut
791 1953 885 2024 tuipse
900 1952 967 2010 tibi.
1023 1955 1158 2026 superbis
1169 1970 1239 2026 ques
1253 1955 1286 2009 ab
1301 1954 1360 2025 ipsa
1373 1953 1470 2009 interni
1485 1961 1560 2025 porta
1579 1958 1720 2008 cernerent
1734 1968 1814 2008 revo-

161 2042 297 2115 Quidquid
307 2043 379 2099 enim
390 2053 419 2099 tu
433 2060 463 2098 es
488 2042 722 2106 substantialiter,
739 2043 790 2098 hoc
814 2057 866 2113 ego
890 2057 961 2096 sum.
1015 2044 1079 2102 cari.
1096 2044 1166 2113 Quid
1180 2059 1244 2100 vero
1257 2055 1320 2098 tnnc
1331 2041 1381 2096 erit
1397 2084 1403 2108 ,
1419 2042 1443 2096 si
1457 2041 1490 2096 ab
1509 2040 1570 2113 ipsa
1590 2040 1674 2109 janua
1696 2040 1814 2112 paradisi

163 2133 256 2207 lmago
267 2131 339 2188 enim
354 2132 404 2187 Dei
419 2138 459 2189 est
472 2131 560 2187 omnis
574 2132 662 2186 anima
677 2130 824 2185 rationalis.
847 2129 962 2185 Proinde
1014 2132 1130 2188 viderint
1149 2132 1248 2197 redire,
1263 2138 1290 2186 et
1304 2138 1448 2187 retrorsum
1463 2127 1539 2187 abne
1553 2145 1609 2193 eos,
1625 2130 1673 2200 qui
1698 2129 1812 2198 jemal-

159 2215 205 2292 qni
221 2219 250 2276 in
265 2236 294 2276 se
308 2219 456 2293 imaginem
466 2218 517 2274 Dei
528 2218 697 2289 quaerit,tam
711 2218 863 2288 proximum
878 2233 959 2289 quam
1016 2230 1104 2277 terum
1119 2221 1214 2292 pedem
1230 2219 1365 2276 habebant
1381 2220 1408 2272 in
1427 2217 1520 2274 coelo‘l
1534 2218 1600 2273 Nam
1632 2217 1682 2274 etsi
1700 2232 1813 2288 corpora

166 2326 197 2365 se
211 2310 308 2381 quaerit
324 2326 330 2366 :
348 2316 374 2363 et
395 2308 443 2378 qni
465 2307 536 2363 illam
562 2306 588 2360 in
617 2322 647 2361 se
668 2307 814 2378 quaerendo
829 2306 961 2361 invenerit
1017 2309 1136 2374 interius,
1153 2309 1197 2363 sed
1209 2307 1292 2363 corda
1307 2322 1425 2362 sursum.

164 2399 192 2454 iu
209 2398 283 2454 omui
303 2396 412 2454 homine
427 2410 487 2451 eam
501 2395 652 2468 cognoscit.
667 2396 743 2452 Visio
758 2394 829 2450 enim
852 2394 960 2449 annnaet
1050 2400 1095 2452 tt.
1125 2397 1271 2451 Curramns
1291 2410 1357 2468 ergo
1381 2410 1435 2450 uon
1460 2394 1584 2465 passibus
1607 2395 1741 2465 corporis,
1764 2397 1811 2450 sed

160 2484 314 2547 intellectus
332 2493 384 2540 etl·
402 2483 510 2557 510th
526 2491 552 2539 ῑθ
567 2485 643 2540 Vides
657 2499 699 2538 me
713 2483 800 2548 Vides,
821 2481 867 2553 (tui
892 2479 958 2535 nihil
1012 2484 1155 2542 atteeubus
1169 2488 1278 2550 mentiS,
1293 2485 1338 2538 sed
1357 2482 1513 2554 desideriis,
1529 2484 1577 2538 sed
1593 2483 1725 2554 suspiriis,
1739 2499 1810 2555 quo-

157 2575 229 2631 aliud
252 2591 311 2631 sum
326 2589 408 2647 quam
429 2581 470 2628 tu.
484 2573 516 2628 Et
532 2573 555 2627 si
572 2573 656 2629 Deum
675 2571 778 2644 diligis,
794 2587 837 2624 me
854 2569 955 2641 imagi·
1009 2575 1080 2628 niam
1095 2589 1148 2630 non
1163 2574 1251 2629 solnm
1275 2571 1382 2645 Angeli,
1397 2574 1445 2626 sed
1456 2572 1621 2644 Angelorum
1636 2571 1748 2628 Creator
1761 2588 1811 2627 nos

164 2679 228 2718 nem
246 2663 297 2718 Dei
316 2662 408 2734 diligis
424 2680 432 2716 ι
448 2669 474 2717 ει
486 2676 537 2732 ego
554 2661 642 2716 Deum
657 2659 803 2733 diligendo,
819 2658 902 2733 diligo
917 2667 952 2713 te.
1008 2669 1155 2730 exspectat.
1172 2661 1316 2732 Exspectat
1331 2677 1381 2716 nos
1395 2661 1468 2715 Dens
1484 2661 1574 2724 Pater,
1595 2669 1723 2731 tauquam
1741 2660 1810 2715 lilios

159 2748 241 2805 Etita
263 2752 327 2804 dum
351 2764 435 2803 unum
448 2748 604 2820 quaerimus,
619 2754 646 2803 et
664 2748 697 2802 ad
712 2762 795 2801 unum
811 2745 952 2810 tendimus,
1010 2758 1039 2805 et
1053 2749 1185 2817 haeredes,
1203 2760 1232 2805 ut
1246 2751 1391 2805 constituat
1405 2764 1455 2804 nos
1470 2749 1652 2818 superomnia
1665 2749 1738 2805 bone
1750 2765 1809 2804 sua.

160 2852 268 2907 semper
281 2834 396 2894 invium
410 2843 558 2906 presentes
571 2850 675 2903 sumus,
688 2836 736 2890 sed
750 2834 776 2889 iu
794 2835 850 2890 Deo
863 2833 955 2906 inquo
1010 2838 1156 2909 Exspectat
1169 2852 1220 2893 nos
1233 2838 1283 2892 Dei
1298 2837 1382 2893 Filius
1396 2845 1524 2908 uuquam
1538 2838 1634 2891 tratres
1646 2845 1672 2893 et
1686 2839 1811 2902 cobaero-

160 2941 210 2983 nos
224 2924 368 2998 diligimus.
974 2917 996 2996 c
1012 2927 1072 2995 des,
1096 2934 1125 2980 ut
1139 2926 1254 2982 fructum
1270 2943 1325 2982 suaa
1350 2926 1503 2995 nativitatis,
1519 2932 1547 2978 ct
1562 2926 1676 2994 pretium
1690 2926 1733 2980 sni
1745 2942 1811 2982 san-

468 3012 581 3069 CAPUT
599 3012 645 3067 vt
1015 3015 1104 3087 guinis
1130 3016 1187 3070 lleo
1211 3014 1281 3069 Patri
1310 3013 1416 3071 olierat.
1448 3014 1591 3084 Exspectat
1620 3029 1669 3071 nos
1695 3014 1812 3084 Spiritus

238 3105 277 3160 De
291 3102 734 3171 attentioneorotiouietempore
749 3098 884 3156 babendo.
1010 3111 1120 3159 sanctus
1138 3120 1145 3159 ε
1161 3103 1220 3173 ipse
1242 3103 1374 3174 siqnidem
1389 3110 1431 3159 εει
1445 3101 1562 3160 charitas
1575 3112 1600 3157 et
1615 3103 1771 3175 benignitas
1783 3102 1811 3159 in

201 3191 325 3247 tticum
340 3192 373 3243 ad
394 3189 528 3244 orandum
555 3188 610 3245 sive
624 3186 657 3242 ad
679 3186 844 3258 psallendum
867 3189 956 3246 eccle·
1011 3210 1063 3266 qua
1089 3193 1122 3247 ab
1150 3186 1255 3247 'aeterno
1279 3191 1460 3264 praedestinati
1488 3207 1600 3261 snmns3
1623 3205 1674 3247 nec
1696 3191 1809 3247 dubium

156 3281 226 3339 sium
242 3277 395 3346 intraveris,
410 3276 596 3333 fluctuantium
615 3274 808 3348 cogitationum
828 3279 956 3333 tumultus
1008 3283 1073 3354 qnia
1095 3282 1356 3354 praedestinationem
1376 3295 1452 3334 suam
1472 3278 1612 3350 adimpleri
1635 3278 1711 3334 velit.
1735 3281 1810 3356 Ergo

158 3366 276 3426 exterius
308 3366 439 3437 relinque,
481 3378 629 3435 curamque
659 3364 822 3420 exteriorum
850 3366 956 3437 penitus
1016 3372 1078 3442 qnia
1104 3373 1192 3425 omnis
1209 3371 1328 3425 coetestis
1351 3368 1574 3439 curiaexspactnt
1590 3383 1641 3422 nos
1655 3377 1681 3423 et
1699 3369 1809 3424 deside-

157 3457 331 3523 obliriscere,
347 3463 377 3510 nt
399 3456 449 3511 soli
471 3455 530 3509 Deo
556 3453 643 3525 possis
661 3468 766 3508 vacare.
791 3452 860 3509 Fieri
884 3456 955 3510 enim

156 3561 212 3604 non
229 3552 318 3618 potest
331 3543 512 3615 utaliquando
526 3558 586 3599 cum
606 3542 663 3596 Deo
677 3541 812 3612 loquatur,
833 3544 880 3612 qui
896 3558 955 3598 cnm

157 3642 214 3692 toto
231 3634 332 3690 mundo
347 3633 426 3689 etiam
442 3641 535 3687 tacens
548 3631 691 3686 fabulatur.
707 3630 818 3685 Intende
831 3645 898 3702 ergo
917 3631 955 3686 illi

157 3724 204 3795 qui
229 3722 342 3778 intendit
356 3721 417 3790 tibi;
434 3721 497 3775 andi
521 3719 596 3774 illum
610 3719 766 3789 loquentem
781 3718 840 3785 tibi,
855 3730 885 3774 nt
897 3720 956 3791 ipse

157 3811 283 3868 exaudiat
293 3810 485 3882 teloquentem
495 3808 557 3865 sibi.
569 3807 608 3861 lta
624 3811 678 3872 liet,
693 3809 715 3862 si
725 3807 955 3864 divinislaudibus

1010 3470 1060 3526 rat,
1083 3461 1270 3515 desideremus
1295 3473 1353 3513 eam
1380 3465 1478 3528 quanto
1502 3473 1649 3526 possumus
1662 3456 1809 3514 desiderio.

1018 3550 1084 3604 (ium
1100 3563 1200 3622 magna
1214 3561 1328 3616 namque
1343 3544 1503 3600 confusione
1516 3553 1543 3600 et
1564 3547 1663 3601 rubore
1675 3546 1712 3601 ud
1733 3545 1807 3600 illam

1014 3637 1115 3702 veniet,
1132 3634 1253 3708 quisquis
1274 3634 1364 3692 videre
1388 3648 1447 3688 eam
1466 3634 1640 3689 vehementer
1659 3649 1712 3691 non
1734 3634 1807 3691 desi-

1012 3724 1096 3782 derat.
1112 3725 1273 3794 Quicunque
1286 3737 1350 3778 vero
1380 3722 1439 3794 jugi
1453 3721 1575 3778 oratione
1588 3730 1614 3777 et
1628 3721 1735 3776 assidua
1758 3738 1809 3777 co·

1012 3815 1142 3888 gitatione
1157 3814 1183 3868 in
1211 3812 1257 3865 illa
1283 3818 1470 3875 conversatur,
1484 3821 1510 3866 et
1525 3824 1637 3866 securus
1651 3809 1712 3865 binc
1726 3824 1809 3882 egre·-

158 3898 296 3958 solvendis
307 3897 399 3953 debita
412 3898 562 3954 reverentia
577 3906 603 3953 et
616 3894 824 3951 sollicitudinem
834 3897 953 3962 assistas,
1016 3912 1113 3964 ructor,
1135 3911 1160 3956 ct
1181 3916 1241 3957 cnm
1271 3916 1368 3970 magna
1391 3898 1483 3954 laetitia
1509 3899 1652 3970 recipietur
1674 3898 1703 3953 in
1724 3898 1808 3953 illam.

159 4002 241 4058 super
255 3985 457 4060 siugulaverba
476 3984 573 4041 divinae
596 3984 740 4056 Scripturae
754 3985 895 4057 diligenter
913 3986 955 4039 in·
1015 3993 1177 4062 Ubicunque
1208 4004 1273 4062 ergo
1288 3988 1381 4054 lucris,
1407 3989 1474 4042 intra
1498 3989 1668 4058 temetipsum
1695 4002 1752 4044 ora.
1780 3988 1808 4044 Si

160 4077 265 4132 tendas.
277 4075 337 4130 Nou
347 4076 420 4146 quod
436 4089 488 4144 ego
503 4074 553 4130 ista
567 4073 662 4129 inciam
673 4072 744 4136 dico,
768 4075 816 4129 sed
829 4074 956 4146 quodfa-
973 4095 996 4172 n
1017 4083 1096 4154 longe
1111 4079 1194 4134 lucris
1210 4079 1243 4132 ab
1266 4076 1392 4143 oratorio,
1409 4076 1464 4131 noli
1478 4092 1598 4148 quaerere
1625 4075 1723 4144 locum,
1737 4092 1809 4149 quo·

144 4167 219 4222 'core
232 4165 340 4229 vetlem.
350 4176 376 4219 et
390 4180 444 4219 nun
458 4163 555 4220 secisse
570 4162 691 4233 voessileb
705 4171 732 4217 el
745 4177 798 4218 110¹]
815 4164 954 4235 saterepi·
1014 4174 1086 4226 niam
1103 4177 1131 4223 tn
1150 4167 1208 4237 ipse
1223 4166 1297 4223 locus
1320 4180 1360 4220 es.
1376 4164 1403 4220 si
1419 4163 1502 4220 fueris
1517 4165 1627 4220 inlecto
1641 4175 1687 4220 ant
1714 4164 1742 4220 in
1757 4166 1809 4221 alio

157 4262 214 4327 get.
230 4255 271 4310 Tu
287 4268 352 4311 vero
366 4251 410 4310 cui
423 4253 511 4322 major
528 4250 615 4322 gratia
633 4266 760 4311 concessa
783 4260 833 4320 est,
849 4254 919 4309 votis
929 4268 955 4314 ει

157 4345 262 4401 devotis
277 4343 403 4413 precibus
416 4341 476 4412 pias
489 4355 568 4395 aures
588 4339 693 4394 Domini
712 4342 746 4395 ad
765 4349 790 4396 te
813 4339 899 4408 flecte,
917 4344 954 4396 ta·

157 4427 298 4505 crymiset
325 4429 447 4504 suspiriis
474 4443 523 4499 pro
551 4429 604 4484 tuis
618 4429 773 4485 excessibus
800 4428 875 4485 illum
898 4429 953 4485 cle·

114 4570 119 4575 .
159 4529 263 4577 menter
276 4535 367 4588 exora,
379 4528 458 4592 atque
468 4518 578 4575 canticis
593 4517 776 4589 spiritualibus
790 4517 817 4574 in
829 4520 952 4574 omnibus

156 4610 284 4681 operibus
296 4612 352 4667 suis
379 4609 455 4666 illum
484 4607 562 4663 lauda
589 4607 762 4680 etglorilrca.
779 4607 851 4662 Nitril
878 4609 950 4662 enim

154 4694 240 4769 magis
267 4698 391 4769 supernis
418 4696 521 4753 ciuibus
550 4703 673 4765 spectare
712 4696 795 4765 libet;
818 4697 853 4752 nil
882 4695 951 4770 Regi

155 4799 262 4842 summo
288 4785 432 4855 jucundius
459 4784 611 4849 exhibetur,
627 4783 696 4839 sicut
721 4784 780 4855 ipse
809 4792 948 4844 testatur:

154 4875 336 4946 Sacrificium
345 4875 437 4930 lundis
453 4872 700 4943 honorificabitmc
710 4874 796 4943 (Psoi.
806 4890 882 4942 xtrx,
894 4878 949 4945 23).

153 4962 271 5036 0quam
281 4963 345 5020 felix
362 4977 445 5028 esses,
461 4964 484 5017 si
498 4960 683 5032 spiritualibus
697 4963 782 5019 oculis
802 4961 888 5020 327
903 4977 948 5017 se-

157 5055 209 5110 mel
225 5053 324 5110 intueri
343 5068 447 5126 posses,
464 5051 601 5124 quomodo
625 5052 793 5122 praeveniunt
814 5053 949 5124 principes

114 5151 122 5161 “
151 5145 289 5218 conjuncti
302 5143 479 5218 psallentibus
498 5143 525 5199 in
541 5143 631 5199 medio
647 5143 854 5213 juvencularum
873 5152 947 5213 tym-

1010 4261 1079 4324 loco,
1095 4272 1152 4321 ora,
1168 4265 1195 4312 et
1213 4256 1249 4310 ibi
1266 4264 1308 4310 ast
1321 4252 1463 4323 templum.
1474 4254 1640 4324 Frequenter
1654 4253 1806 4322 orandum,

1007 4356 1033 4403 et
1057 4350 1126 4403 ttexo
1153 4359 1267 4416 corpore
1283 4359 1358 4398 mens
1371 4352 1411 4397 εει
1425 4343 1555 4413 erigenda
1573 4344 1606 4396 nd
1621 4344 1717 4401 Deum.
1733 4341 1810 4398 Sicut

1007 4437 1079 4493 enim
1103 4433 1205 4491 nullum
1221 4442 1262 4488 est
1280 4442 1458 4496 momentum,
1474 4445 1528 4501 qno
1543 4431 1624 4485 homo
1640 4445 1693 4485 non
1716 4437 1808 4486 utatur

1007 4527 1050 4581 vel
1065 4526 1169 4580 truatur
1181 4524 1232 4577 Dei
1248 4522 1365 4577 bonitate
1380 4527 1406 4575 et
1420 4518 1601 4575 misericordia
1618 4519 1676 4574 :sic
1699 4520 1805 4574 nullum

1009 4616 1089 4670 debet
1119 4629 1178 4669 esse
1205 4618 1380 4675 momentum,
1404 4624 1458 4679 qno
1483 4622 1544 4663 eum
1570 4616 1730 4677 praesentem
1750 4624 1805 4663 nou

1004 4704 1101 4759 babeat
1112 4701 1139 4757 in
1154 4700 1292 4757 memoria.

1045 4798 1088 4848 ιιι.
1114 4791 1167 4846 Sed
1187 4790 1254 4845 dicis
1283 4788 1364 4857 :Ego
1386 4785 1505 4858 qnotidie
1528 4800 1587 4851 oro,
1621 4794 1648 4840 et
1671 4786 1803 4842 orationis

1012 4897 1079 4935 miae
1094 4879 1198 4936 nullum
1220 4879 1337 4934 fructum
1366 4876 1464 4943 video3
1490 4876 1537 4929 sed
1563 4877 1632 4930 sicut
1653 4876 1755 4932 accedo
1770 4875 1802 4929 ad

1004 4969 1088 5037 illam,
1114 4968 1153 5024 sic
1181 4974 1208 5023 et
1226 4966 1317 5024 redeo.
1342 4967 1426 5021 Nemo
1453 4963 1519 5020 milri
1544 4963 1710 5035 respondet,
1725 4980 1802 5017 nemo

1003 5057 1130 5129 loquitur,
1147 5071 1226 5112 nemo
1241 5055 1379 5127 quidpiam
1394 5055 1494 5122 donat,
1511 5052 1559 5111 sed
1579 5053 1715 5108 incassum
1730 5052 1804 5107 tabo·

1002 5162 1079 5203 rasse
1095 5145 1200 5204 videor.
1224 5145 1268 5202 Sic
1283 5145 1399 5216 loquitur
1414 5145 1531 5200 hnmana
1545 5142 1666 5212 stultitia,
1687 5156 1742 5198 non
1760 5151 1801 5196 at·

152 5235 358 5304 panistriaruml
383 5233 473 5306 (Psoi.
512 5247 604 5300 txvtt,
632 5231 691 5303 26.)
716 5231 830 5288 Videres
852 5234 946 5302 procui
1000 5236 1113 5292 tendens
1139 5235 1284 5307 quidinde
1308 5233 1412 5290 Veritas
1427 5230 1691 5303 promittatdieens:
1714 5232 1803 5286 Amen

153 5323 247 5393 dnbio,
262 5339 315 5397 qun
329 5339 408 5391 cura,
423 5337 511 5395 quove
534 5321 653 5392 tripudio
667 5320 798 5377 intersunt
811 5322 944 5377 cantanti·
998 5325 1151 5395 decorantis,
1163 5326 1230 5397 quio
1239 5323 1373 5397 quidquid
1381 5326 1495 5380 orontes
1502 5320 1610 5393 petitis,
1621 5319 1803 5391 creditaqut'u

153 5410 215 5475 but,
232 5411 362 5467 ”Sittium
380 5411 532 5479 omnliblss,
548 5412 646 5467 &⁶⁸⁰¹st
668 5409 869 5475 meditantibus,
896 5425 945 5465 ⁸¹1·
1012 5405 1168 5487 accipietis,
1175 5417 1203 5470 et
1212 5415 1261 5482 fiet
1271 5413 1344 5470 uobis
1355 5412 1463 5484 (Mettis.
1474 5424 1534 5478 xxv,
1544 5409 1735 5476 ambierunt,
1745 5408 1803 5477 at).

144 5507 264 5576 pereunt
277 5501 482 5573 quiescentibus,
513 5497 715 5574 providentibus
741 5508 822 5570 atque
849 5512 949 5570 procu·
1013 5503 1077 5561 Noli
1106 5515 1171 5575 ergo
1195 5500 1361 5572 vilipendere
1388 5499 1533 5561 orationem
1562 5509 1646 5568 tuam,
1673 5497 1805 5570 quoniam
