3706 5962
76 228 147 290 liii
396 244 403 260 ’
626 221 721 285 stultu
743 223 784 285 litt
804 224 894 286 dotto
912 225 996 288 ultus
1015 226 1158 288 tltnttbt
1654 231 1725 297 128⁰

74 354 143 410 Volo
162 350 235 423 quod
251 363 402 422 cognoscas
426 348 489 422 quia
507 348 574 405 nibil
592 359 633 406 est
661 351 767 422 turpius
788 365 871 423 quam
886 366 910 445 Ι
926 355 953 409 ιι
968 354 1080 410 ιιιιιιι
1097 371 1128 411 se
1139 355 1316 412 audientium.
1345 354 1396 426 Qui
1410 354 1538 425 detrahit,
1562 364 1590 414 at
1611 358 1657 431 qui
1671 357 1722 415 ds·

75 442 136 497 lites
157 442 227 497 iuter
241 438 404 512 Religiosos,
425 438 470 508 qui
497 438 597 494 debent
622 454 670 510 per
697 439 870 496 concordiam
925 441 1076 498 trahentem
1090 442 1206 501 libenter
1220 444 1305 514 audit,
1329 453 1446 516 uterque
1462 455 1567 517 ριιιιι.
1583 447 1645 504 uon
1672 461 1722 504 so·

76 538 102 580 et
124 524 296 583 dilectionem
320 525 410 582 lucare
438 527 465 581 iu
492 527 604 598 munda,
633 526 702 582 sicut
728 528 871 584 luminaris
926 531 980 585 lum
995 529 1094 603 illequi
1110 533 1341 606 detrabitpecoat,
1358 535 1406 591 sed
1427 534 1473 591 ille
1502 535 1547 608 qui
1572 534 1722 595 voluntaris

77 616 102 670 in
115 616 195 671 coela.
222 615 417 670 contentiones
432 631 465 670 ex
480 614 577 671 inuidia
598 629 626 672 et
647 615 808 672 detractione
827 631 873 673 so-
924 617 1106 675 detrabentem
1124 621 1210 677 audit.
1230 622 1348 679 Honesta
1362 622 1451 696 virgo,
1468 623 1532 680 audi
1547 638 1582 680 ea
1604 639 1665 696 ιιι
1675 623 1721 681 di·

74 706 126 758 lent
143 705 253 760 everiire
268 713 348 775 utque
364 703 439 759 oriri.
456 703 509 760 Sed
532 704 555 758 si
579 704 710 761 detractio
734 713 762 760 et
781 705 872 779 jurgia
925 709 961 760 eit
975 706 1114 776 periectos
1128 707 1170 764 vir
1193 709 1348 767 inebriato
1368 729 1375 766 ι
1401 714 1463 769 Nan
1476 712 1537 768 aedi
1560 729 1625 772 cam
1643 729 1720 771 caat-

74 798 138 848 tunt
152 793 177 846 in
193 793 323 861 claustra,
344 792 390 848 ubi
407 799 449 848 est
472 792 638 849 taciturnitas
664 793 805 864 regutaris,
826 794 872 850 ubi
925 793 993 852 citio
1005 797 1154 863 vanitatis,
1169 802 1272 855 etcum
1285 801 1384 873 ιιιιιιιι
1407 801 1568 874 parentibus
1594 817 1654 858 nan
1674 803 1720 857 in-

74 879 204 936 sanctitas
218 881 369 954 religionis,
385 880 430 936 ubi
450 881 587 938 silentium
612 881 731 951 Ordinis,
754 882 798 937 ubi
829 897 870 938 ro·
926 881 1013 940 troiia
1028 883 1115 955 (Psat.
1136 900 1207 955 xxv,
1223 888 1261 957 ι).
1282 889 1321 943 Tu
1339 903 1405 961 erga
1421 904 1483 944 cum
1509 888 1626 944 concilio
1645 889 1721 946 vani·

74 968 209 1042 ligius-itas
234 970 397 1036 monasterii,
415 970 461 1024 ubi
485 970 621 1026 vinculum
648 971 796 1038 otiositatis,
826 971 873 1027 ubi
926 970 988 1024 tatis
1012 987 1066 1026 noo
1095 971 1201 1040 sedeas,
1229 984 1257 1029 et
1283 990 1343 1030 cum
1368 976 1436 1031 mals
1462 975 1638 1049 loquentibus
1665 993 1719 1033 non

75 1072 130 1126 pax
144 1058 263 1125 unitatis,
288 1059 335 1114 ubi
359 1059 504 1114 concordis
523 1059 707 1129 fraternitatis,
731 1060 779 1115 ubi
795 1075 872 1116 amor
924 1058 1134 1114 commiscearis.
1162 1062 1223 1117 Non
1243 1064 1390 1119 contendas
1418 1064 1445 1118 in
1480 1066 1534 1119 ulla
1553 1082 1660 1122 causa:
1690 1065 1719 1121 iu

75 1145 202 1203 socialis?
219 1147 286 1217 lien,
300 1148 368 1220 prob
383 1146 480 1203 dolori
506 1147 585 1218 periit
599 1147 763 1204 taciturnitas
786 1164 870 1220 regu·
924 1147 998 1201 nulla
1012 1162 1092 1202 nausa
1109 1146 1245 1205 deuertare
1260 1151 1380 1207 studeas.
1396 1151 1539 1207 contentio
1564 1152 1624 1208 lites
1639 1152 1718 1223 parit,

75 1233 148 1298 laris,
174 1234 261 1291 ablata
283 1243 323 1290 est
350 1235 477 1291 sauctitas
496 1236 645 1308 religionis,
668 1235 766 1294 deiecit
789 1236 871 1292 silan-
924 1236 1060 1292 cantantia
1075 1252 1167 1307 pacem
1190 1238 1281 1294 cardis
1295 1239 1452 1313 exstinguit,
1481 1241 1618 1298 contentio
1647 1241 1721 1297 ritas

75 1322 141 1376 tium
165 1322 294 1378 Ordinisl
316 1323 349 1377 ud
372 1323 484 1378 nibilum
500 1324 609 1380 dei-enit
637 1324 799 1398 religiositas
813 1339 872 1381 ιιο·
924 1322 1022 1395 gignit,
1045 1325 1184 1382 cantantia
1212 1326 1304 1398 jurgia
1328 1329 1454 1397 seminat,
1475 1329 1615 1387 contentio
1645 1329 1719 1387 laces

76 1410 195 1473 austerii,
217 1410 356 1466 annullata
379 1412 495 1468 ιιιιιιιιιι
515 1410 697 1468 fraternitatis.
714 1411 768 1468 Sed
787 1412 810 1466 si
831 1412 871 1468 illi
925 1410 1048 1467 odiorum
1076 1413 1206 1483 accendit,
1237 1416 1374 1472 contentio
1402 1418 1573 1473 concordiam
1608 1417 1717 1489 rumpit,

75 1499 121 1568 qui
142 1498 168 1552 iu
184 1514 250 1569 paco
277 1500 376 1555 debent
400 1499 505 1565 nivere,
534 1500 668 1571 incipiunt
695 1501 868 1565 contendere,
923 1500 1059 1556 contentio
1073 1503 1217 1558 conturbat
1230 1505 1337 1559 oculum
1351 1504 1456 1570 mentis,
1482 1506 1551 1562 siout
1562 1507 1599 1562 ait
1613 1505 1720 1563 David:

75 1586 204 1658 littigare,
218 1586 357 1642 detrahere
368 1603 376 1656 3
389 1587 436 1644 ubi
449 1595 493 1643 est
509 1588 564 1646 vita
577 1588 730 1660 tranquilla,
749 1587 796 1643 ubi
817 1588 870 1645 rita
928 1586 1063 1645 litrbatus
1077 1594 1118 1647 est
1130 1591 1253 1659 asurore
1267 1592 1722 1670 acaiasmetttiPsal.vt,8).1gi·

76 1674 177 1746 quicta,
197 1674 244 1729 ubi
264 1674 319 1730 vita
334 1675 452 1745 pacifica,
467 1677 513 1733 ubi
533 1676 588 1734 vita
605 1677 727 1742 honesta,
752 1675 798 1731 ubi
817 1677 870 1732 vita
925 1685 978 1745 tur,
994 1678 1115 1733 amabilis
1128 1680 1155 1734 iu
1171 1678 1278 1737 Christo
1290 1696 1379 1748 soror,
1392 1696 1490 1740 moneo
1509 1690 1546 1750 te,
1560 1694 1590 1740 ut
1609 1684 1636 1740 in
1664 1684 1721 1740 ulls

77 1763 209 1828 modesta,
227 1762 274 1820 ubi
290 1764 345 1818 vita
359 1770 444 1827 casta,
459 1764 505 1820 ubi
520 1765 575 1821 rita
589 1765 808 1837 contemplativa,
825 1763 872 1820 ubi
923 1778 1004 1820 causa
1018 1779 1074 1821 non
1088 1768 1246 1822 contendas.
1263 1768 1323 1822 Non
1337 1770 1485 1827 contendas
1510 1785 1558 1842 pra
1578 1771 1651 1837 aba,
1670 1788 1720 1828 ne·

77 1852 220 1925 angelica?
234 1854 313 1909 Certe
327 1869 381 1910 non
393 1862 483 1926 potest
495 1853 533 1910 ibi
546 1869 606 1910 esse
630 1870 681 1924 par
693 1855 809 1926 integra,
826 1851 871 1908 ubi
924 1867 977 1923 qus
992 1863 1129 1925 propotu,
1144 1870 1233 1925 neque
1253 1871 1303 1925 pro
1322 1858 1482 1914 vestimento
1497 1859 1563 1916 :sed
1582 1861 1674 1930 accipe
1688 1862 1722 1917 da

77 1950 173 2014 regnat
186 1941 333 1998 detrahens
354 1942 468 2015 lingua:
489 1942 535 2000 nbi
551 1950 663 2015 regnant
688 1942 753 1999 rixae
767 1951 794 1999 et
807 1956 872 1997 cou-
926 1941 1050 1997 manibus
1069 1943 1274 2014 praepositarum
1296 1951 1403 2001 tuarum
1428 1963 1462 2002 ea
1485 1946 1570 2005 887
1585 1964 1646 2020 que
1673 1949 1723 2005 tibi

78 2030 224 2094 tentiones,
239 2046 294 2085 uon
308 2039 466 2100 potestesse
479 2029 597 2101 perlecta
611 2030 718 2103 religio.
926 2030 1060 2096 dederint,
1083 2031 1142 2088 sine
1164 2036 1397 2107 murmuratioue;
1423 2037 1498 2108 quod
1526 2054 1542 2093 a
1569 2039 1724 2110 prepositis

114 2119 158 2172 tt.
173 2117 240 2174 Vide
258 2132 331 2189 ergo,
356 2134 434 2175 sorar
448 2118 555 2188 dilecta,
574 2135 609 2175 ne
623 2134 674 2190 per
687 2118 749 2175 litos
765 2127 793 2175 et
805 2133 875 2175 con-
927 2119 980 2174 tuis
994 2118 1043 2173 tibi
1068 2117 1148 2175 fuerit
1161 2120 1353 2191 ministratum,
1373 2123 1433 2178 sine
1447 2126 1658 2181 munnuratione
1672 2141 1722 2184 aa·

79 2209 212 2263 tentiones
228 2207 326 2277 perdas
341 2207 456 2263 labores.
481 2206 553 2263 Cave
564 2222 598 2263 ne
620 2207 679 2263 dies
704 2218 766 2263 tuos
779 2205 875 2278 perdas
927 2205 998 2277 cipe.
1009 2206 1038 2262 Si
1051 2220 1129 2263 saror
1143 2218 1189 2264 tua
1200 2208 1312 2264 meliora
1333 2210 1496 2268 uestimenta
1511 2214 1625 2284 accepit,
1641 2228 1724 2285 quam

79 2313 126 2365 per
139 2295 320 2351 detractiones
333 2304 360 2351 et
376 2294 459 2351 ritas.
475 2295 590 2352 attende
605 2294 653 2351 tibi
669 2295 822 2368 diligenter,
841 2309 876 2350 ιι
928 2302 956 2351 ιι
970 2293 1106 2366 accepisti,
1122 2310 1176 2351 uon
1190 2296 1226 2352 sit
1238 2296 1287 2353 tibi
1302 2313 1387 2355 cure.
1404 2298 1431 2354 Si
1452 2301 1600 2372 praeposita
1613 2308 1659 2356 tus
1674 2303 1725 2357 de·

80 2400 127 2452 per
149 2385 240 2456 jurgia
255 2391 281 2440 et
296 2385 487 2441 contentiones
509 2385 606 2457 perdas
619 2384 743 2442 coelestes
757 2383 875 2455 pnomis·
927 2384 999 2440 derit
1014 2383 1124 2439 tibiuile
1133 2385 1331 2452 vestimentum,
1342 2396 1370 2442 et
1380 2387 1468 2444 sorori
1482 2395 1536 2444 tute
1550 2388 1656 2445 dederit
1667 2404 1725 2460 prs·

81 2475 187 2531 aiones.
216 2475 282 2530 Esto
307 2474 431 2542 sollicita,
449 2491 483 2529 ne
497 2491 546 2546 per
568 2473 648 2532 stulta
669 2475 752 2531 verba
780 2473 877 2546 perdas
930 2471 1038 2540 tinsum,
1054 2473 1089 2528 de
1103 2473 1153 2529 boa
1167 2488 1222 2529 non
1236 2490 1398 2532 murmures.
1420 2475 1485 2533 Sine
1507 2477 1618 2534 meliora
1642 2477 1727 2535 vasti·

80 2562 180 2636 gaudia
204 2574 315 2620 aeterna.
340 2563 425 2637 igitur
454 2565 570 2634 linguam
601 2571 673 2619 tuam
704 2562 821 2631 refrena,
850 2570 878 2619 et
929 2567 1020 2616 menta
1040 2561 1181 2617 sororibus
1195 2562 1248 2619 tuis
1263 2561 1373 2632 luerint,
1387 2572 1415 2622 et
1429 2572 1458 2622 tn
1472 2565 1608 2638 acceperis
1622 2566 1726 2639 viliora,

81 2651 135 2706 eris
149 2652 276 2724 religiosa
292 2673 298 2709 :
315 2653 378 2724 quia
387 2653 410 2708 si
424 2669 484 2707 eam
495 2668 549 2709 non
560 2652 746 2719 refrenaveris,
753 2650 877 2722 religiosa
931 2665 1013 2721 super
1027 2652 1078 2707 hoa
1092 2665 1146 2705 noo
1166 2654 1322 2708 contendas.

81 2755 135 2797 non
154 2742 217 2800 eris.
241 2741 292 2797 Sed
313 2741 337 2799 si
352 2741 463 2798 torsitan
485 2742 550 2797 mibi
572 2756 624 2798 nou
639 2741 740 2807 credis,
756 2740 817 2797 audi
831 2740 877 2795 ta·
968 2740 1012 2794 ta.
1028 2739 1059 2793 ln
1077 2739 1153 2795 uuila
1173 2741 1314 2810 temporali
1341 2757 1421 2798 causa
1448 2743 1535 2816 eligas
1563 2744 1684 2812 meliora,
1699 2745 1729 2801 in

81 2829 180 2887 cabum
197 2830 354 2901 apostolum
369 2829 503 2887 dicentem
521 2849 527 2888 ε
545 2832 576 2889 Si
589 2832 652 2905 quis
665 2834 789 2904 putatae
805 2829 877 2884 reti·
932 2826 1094 2883 transitoriis
1117 2828 1199 2884 rebus
1226 2829 1335 2886 meliora
1362 2843 1418 2886 non
1451 2847 1568 2903 quaeras,
1590 2832 1618 2888 iu
1646 2833 1730 2888 rebus

82 2921 267 2991 giosnmesse,
280 2937 338 2978 nan
350 2922 501 2990 refrenans
512 2921 640 2993 linguam
649 2918 879 2985 saantaedseda·
895 2920 917 2998 c
931 2916 1026 2971 mundi
1039 2917 1155 2972 meliora
1166 2933 1220 2974 non
1243 2918 1433 2991 concupiscas.
1457 2919 1567 2987 Quare?
1589 2919 1658 2990 Quia
1672 2936 1730 2977 nou
1761 2915 1767 2927 ’

81 3023 147 3064 cans
167 3025 216 3066 car
233 3026 327 3079 suam,
344 3009 428 3082 bajas
440 3027 515 3066 uana
529 3014 571 3066 est
590 3011 690 3082 religia
705 3010 771 3081 itae.
788 3024 807 3075 1,
823 3008 879 3079 ιιι).
936 3008 1034 3063 ιιιιιιι
1057 3009 1091 3063 ad
1115 3006 1231 3073 divitias,
1247 3008 1295 3063 sed
1319 3009 1353 3064 ad
1371 3018 1579 3081 paupertatem:
1606 3025 1659 3066 non
1678 3025 1729 3068 rc·

82 3098 190 3169 lingna
203 3098 348 3157 modicum
363 3103 405 3156 ast
417 3099 574 3157 membrum
585 3100 611 3154 in
625 3113 738 3169 corpore
753 3096 879 3163 bominis,
936 3094 1000 3150 nisti
1015 3097 1050 3150 ad
1065 3097 1270 3166 monasterium,
1293 3106 1323 3152 ut
1344 3097 1453 3154 divitias
1475 3108 1598 3155 terrenas
1619 3101 1730 3167 habeas,

82 3186 128 3241 sed
141 3196 230 3240 tameo
240 3187 264 3240 ιι
276 3187 409 3242 refrenata
422 3203 476 3243 non
487 3186 579 3254 luerit,
592 3192 686 3244 totum
702 3202 802 3259 eorpus
814 3203 880 3243 ma·
935 3183 982 3238 sed
998 3191 1028 3238 ut
1041 3183 1154 3239 virtutes
1168 3184 1322 3254 spirituales
1335 3185 1464 3257 acquiras
1478 3205 1485 3241 :
1502 3202 1556 3244 oon
1575 3187 1672 3245 uenisti
1695 3188 1730 3245 ad

82 3274 162 3331 catat
177 3280 203 3332 et
220 3277 381 3346 corrumpit
395 3275 465 3346 (lac.
481 3290 522 3341 ιιι,
533 3279 560 3343 b,
576 3276 613 3343 6).
628 3277 695 3331 Nam
711 3275 781 3330 sicut
794 3273 882 3329 modi·
935 3270 1095 3340 claustrum,
1116 3278 1144 3324 ut
1159 3272 1185 3324 in
1204 3271 1371 3326 nesnmeutis
1391 3272 1519 3344 pretiosis
1544 3275 1731 3345 resplendeas,

82 3379 143 3422 cum
159 3363 316 3419 fermentum
341 3363 492 3432 corrumpit
517 3373 600 3420 totam
616 3377 742 3428 massam,
763 3371 791 3418 et
812 3361 882 3418 sicut
933 3361 981 3414 sad
996 3369 1025 3414 ut
1050 3361 1075 3413 in
1091 3357 1264 3428 simplicitate
1279 3359 1337 3414 lieo
1360 3359 1485 3416 servias:
1507 3377 1561 3418 nan
1575 3362 1673 3418 venisti
1696 3362 1731 3420 ad

82 3468 164 3521 parua
197 3453 316 3507 scintilla
337 3451 410 3524 iguis
435 3465 563 3523 magnam
577 3450 672 3507 siluam
686 3449 826 3506 incendit:
844 3450 882 3504 ita
936 3447 1077 3509 Ordinem,
1092 3454 1121 3501 ut
1135 3453 1196 3501 ante
1210 3447 1306 3503 oculos
1328 3447 1464 3504 homiuum
1488 3450 1516 3504 in
1537 3450 1658 3508 vestibus
1672 3452 1731 3525 glo-

84 3538 176 3613 liugua
196 3539 255 3595 sine
273 3539 351 3595 irena
380 3538 508 3596 dominas
528 3537 741 3609 etpraepositas,
765 3538 883 3610 equdes
936 3535 1007 3590 riusa
1020 3549 1160 3605 appareas,
1175 3538 1223 3590 sed
1239 3542 1267 3589 ut
1276 3550 1326 3606 per
1340 3534 1519 3592 humilitatam
1535 3538 1593 3595 Deo
1604 3540 1729 3611 placeas:

83 3636 111 3683 et
125 3629 224 3696 socios,
240 3628 415 3699 subjectaret
437 3628 575 3700 paruulos,
599 3643 694 3683 amnes
707 3628 881 3693 scandalizat,
936 3639 993 3679 nan
1007 3623 1102 3680 venisti
1117 3623 1150 3678 ad
1165 3631 1286 3679 ιιιιιιιιι
1300 3626 1541 3697 congregationem
1557 3634 1587 3683 ιι
1607 3629 1732 3684 volunta·

83 3716 116 3770 ad
131 3716 295 3772 iracundiam
312 3725 451 3788 provocat.
472 3716 575 3789 lingua
597 3716 766 3773 ιοιιιιιιοιι
785 3715 808 3771 ιι
824 3714 881 3773 ιιι·
936 3722 989 3768 tem
1006 3722 1077 3768 tuam
1096 3712 1244 3783 compleas,
1266 3711 1314 3768 sed
1337 3722 1368 3770 ut
1384 3715 1517 3771 voluntati
1540 3717 1635 3772 alienae
1662 3717 1732 3773 obe-

83 3820 148 3861 ιιιι
164 3821 218 3863 non
232 3807 441 3874 babeatnuttus
456 3807 608 3863 homocum
622 3820 654 3861 aa
668 3805 696 3860 in
711 3803 881 3876 pacavirera
934 3801 1004 3867 diat,
1020 3811 1110 3874 etpra
1123 3801 1180 3858 Deo
1195 3801 1286 3858 omnia
1305 3812 1410 3858 terrena
1429 3804 1570 3876 despicias.
1602 3806 1731 3880 Alioquin

84 3895 191 3965 poterit.
217 3896 315 3952 ltixosa
338 3897 431 3969 lingua
457 3910 561 3952 veneno
587 3901 629 3951 est
649 3895 746 3965 plens:
774 3908 836 3966 quie
856 3892 880 3948 si
934 3891 1029 3946 malins
1061 3890 1109 3947 tibi
1137 3891 1223 3947 tuerat
1253 3891 1281 3946 in
1309 3891 1392 3949 danto
1412 3892 1494 3964 patris
1522 3894 1561 3951 tui
1584 3911 1737 3966 remancre,

84 3998 137 4038 nou
162 3983 244 4039 tuerit
267 3984 410 4056 castigata,
439 4000 533 4042 omnes
547 3985 636 4041 socios
656 3999 721 4041 snos
747 3983 881 4056 perducet
932 3992 1014 4053 quarn
1029 3978 1056 4033 ιι
1081 3977 1245 4034 monasterio
1264 3979 1379 4050 pretiosa
1402 3981 1563 4039 ιιιιιιιιιιι
1586 3998 1733 4054 querere:

84 4072 116 4124 ad
135 4072 270 4125 scandala.
292 4071 374 4128 Soror
389 4073 559 4140 venerabilis,
574 4088 641 4144 ergo
655 4074 760 4129 bonum
777 4072 878 4129 esttibi
933 4066 1031 4124 melius
1047 4066 1095 4122 libi
1114 4066 1201 4125 fuerat
1224 4067 1252 4124 iu
1278 4067 1359 4125 domo
1379 4078 1521 4139 parentum
1550 4082 1658 4128 tuorum
1686 4073 1735 4128 ha·

84 4167 112 4213 ut
131 4158 274 4229 prohibeas
287 4159 406 4232 linguam
421 4168 524 4216 tuamn
546 4163 628 4227 malo,
642 4171 670 4218 et
692 4161 764 4218 labia
784 4171 879 4218 tuane
936 4157 1003 4214 bere
1015 4156 1151 4225 solatium,
1171 4173 1253 4229 quarn
1268 4157 1340 4212 inter
1363 4158 1473 4214 ancillas
1498 4159 1549 4215 Dei
1577 4175 1628 4231 pro
1647 4173 1735 4217 terre-

82 4247 227 4320 loquantur
240 4249 343 4304 dolum.
894 4202 918 4280 ὓ
937 4245 980 4302 ιιι
1003 4254 1030 4300 ιι
1050 4244 1210 4300 transitoriis
1219 4243 1301 4299 rebus
1319 4257 1428 4300 mouere
1443 4245 1597 4302 scandalum
1615 4262 1622 4303 :
1639 4248 1735 4303 melius

121 4340 166 4393 ts.
181 4337 328 4394 Considera
342 4336 529 4403 undetenisti,
540 4343 568 4392 et
583 4337 617 4393 ad
639 4336 703 4407 quid
717 4335 824 4392 uenisti.
840 4336 879 4389 lie
933 4332 980 4387 tibi
997 4332 1090 4387 luerat
1105 4331 1133 4387 io
1154 4338 1224 4386 terra
1238 4338 1284 4387 tna
1301 4333 1473 4403 commorari,
1488 4349 1569 4407 qusnr
1598 4336 1626 4391 in
1652 4336 1735 4394 dorna

87 4426 188 4481 mundo
203 4426 295 4496 existi,
319 4434 345 4482 ιι
360 4425 395 4481 ad
410 4432 501 4482 castra
514 4425 576 4494 Dei,
590 4425 643 4479 bac
662 4429 712 4490 est,
726 4423 761 4478 ad
783 4436 877 4479 mont·
934 4420 981 4474 Dei
995 4435 1046 4490 pro
1061 4419 1256 4486 temporalibus
1269 4420 1350 4476 rebus
1362 4422 1536 4489 contendere,
1552 4432 1599 4480 aut
1615 4423 1732 4497 litigare,
1834 4448 1837 4453 ·

85 4515 195 4572 sterium
219 4515 334 4588 fugisti:
356 4513 464 4572 divitias
482 4513 575 4570 saeculi
592 4511 781 4584 postposuisti,
796 4519 823 4565 et
845 4511 878 4564 ad
932 4515 978 4564 aut
997 4523 1175 4564 murmurare.
1199 4507 1294 4583 Igitur,
1324 4510 1491 4577 charissima,
1515 4511 1585 4569 siant
1607 4513 1732 4584 superins

85 4606 208 4662 coelestes
222 4605 330 4661 diuitias
345 4604 537 4676 promerendas
557 4601 673 4668 uenisti;
689 4609 715 4657 et
733 4600 796 4656 ideo
811 4615 879 4670 pau-
932 4598 999 4664 disi,
1015 4597 1044 4654 ιι
1058 4597 1132 4654 nulla
1146 4613 1228 4656 causa
1250 4600 1387 4656 decertare
1405 4600 1523 4671 studeas,
1546 4603 1597 4658 nisi
1624 4612 1654 4660 ut
1681 4602 1731 4663 sall

86 4703 218 4766 pertatem
241 4695 358 4767 elegisti.
387 4692 477 4750 Gratis
501 4699 685 4764 paupertatem
709 4689 824 4762 elegisti,
853 4697 880 4744 st
935 4686 1121 4758 Deaplaceas.
1137 4689 1235 4744 Amen.

85 4783 146 4839 ideo
173 4785 301 4841 oblivioni
327 4783 409 4839 debes
438 4782 544 4839 tradere
572 4780 662 4837 omnia
688 4795 749 4851 qua
772 4785 881 4851 propter
1142 4776 1286 4837 livill·
1305 4779 1343 4836 Da
1356 4779 1520 4852 disciplina.

86 4873 173 4929 Deum
189 4872 334 4946 reliquisti.
351 4873 422 4928 Cata
444 4886 510 4942 ergo
538 4868 654 4926 nevelis
677 4867 737 4925 aliis
757 4875 784 4923 ta
807 4882 880 4938 prae-
969 4864 1251 4934 assassinium
1272 4865 1453 4923 Salomouait
1476 4886 1482 4923 :
1505 4869 1587 4936 lade,
1607 4870 1653 4940 ιιι
1675 4871 1730 4938 mi,

85 4961 179 5019 terre:
202 4971 303 5032 quanto
321 4963 408 5031 major
429 4976 470 5025 es,
493 4967 567 5016 tanto
582 4969 607 5015 te
621 4958 735 5014 humilia
749 4957 775 5012 in
790 4956 880 5012 omni·
933 4952 1115 5027 disciplinam
1121 4956 1215 5028 patras
1226 4957 1280 5020 tui,
1297 4959 1371 5013 etna
1384 4955 1513 5013 dimittat
1530 4957 1615 5029 ιιριιι
1624 4959 1729 5014 matria

86 5052 159 5108 bus:
183 5052 286 5107 dimitte
309 5051 497 5106 conventicula
519 5048 727 5119 conspirationis
749 5046 882 5103 etdetra·
936 5048 1004 5111 tata,
1022 5042 1192 5101 ataddatur
1204 5045 1471 5118 gratiacapt'titua,
1485 5049 1514 5101 at
1535 5047 1728 5118 targuescalta

86 5142 181 5197 ationis
199 5163 205 5198 :
224 5142 288 5215 luge
302 5139 528 5195 murmurationes
547 5145 573 5195 et
597 5136 813 5193 susurrationes:
834 5149 882 5189 su·
935 5139 984 5190 tuo
999 5135 1093 5204 (Pron.
1110 5147 1129 5197 ι,
1142 5139 1169 5201 ιι,
1185 5135 1224 5200 s).
1248 5135 1318 5190 lena
1330 5132 1524 5206 disciplinam,
1536 5138 1565 5189 et
1580 5136 1728 5191 neatmit·

85 5230 250 5285 surratioocs
276 5244 331 5284 uon
358 5228 460 5283 audias.
496 5224 753 5282 llurmurationibus
788 5236 881 5278 aarum
936 5221 1728 5297 tmeamaastoattttom,quinipraertmatnuaau’roa.

86 5325 159 5374 tuam
185 5334 239 5373 non
260 5318 392 5388 prebeas,
411 5330 508 5387 separa
535 5328 615 5370 aures
637 5311 882 5383 adelrabantibus,
936 5314 1030 5380 ιιι).
1038 5313 1138 5382 Accipe
1148 5310 1369 5382 disciplinariter
1378 5308 1718 5386 notiaipiacreenmtl’ron·

87 5409 165 5482 quasi
180 5408 389 5482 aserpeutibus.
417 5406 491 5476 Fuge
513 5404 702 5465 detrahentem
721 5402 799 5472 quasi
822 5415 883 5455 ser·
936 5399 1572 5472 vnt,l⁰,33).Quiadttcnsttgationes,stuttas
1580 5402 1726 5477 erraras.

90 5507 187 5574 pentes
201 5499 376 5554 detrabentes
401 5494 546 5552 intrudunt
557 5505 694 5550 venenum
715 5487 883 5546 morularum
937 5503 991 5559 un,
1007 5490 1048 5560 ι.)
1063 5488 1118 5558 Qui
1139 5491 1344 5562 marepattonat
1358 5489 1495 5565 relinquit
1502 5490 1631 5551 ιιιιιιιιιιιι
1638 5497 1732 5552 mat.
