3706 5962
158 227 203 293 Ἠ
789 276 793 285 ,
809 219 1005 284 ctbffluttlttl
1022 221 1159 283 scutris
1769 219 1808 282 80

159 352 232 409 dicat
254 347 356 407 omnia.
375 346 454 418 Quod
479 348 601 407 bumano
626 347 745 406 solidum
765 353 793 406 et
817 345 954 421 integrum
969 362 994 443 st
1008 344 1099 403 iectui
1115 345 1244 403 ldolestus
1258 343 1384 402 stimulus
1402 342 1504 410 camis,
1519 341 1570 400 sed
1583 356 1639 399 uon
1653 341 1805 404 ebaritatis.

158 440 302 498 ridebatur
322 435 441 509 judicio,
457 452 520 494 curn
543 437 652 494 venerit
680 436 791 510 spiritus
812 433 953 500 veritatis,
1007 435 1044 490 Et
1057 435 1148 507 passio
1162 451 1272 504 amara,
1287 444 1314 492 et
1332 433 1465 492 dscuuio
1478 448 1576 491 serere
1592 451 1600 490 :
1615 440 1733 507 utraque
1748 433 1803 490 rir-

158 532 272 587 evacuat
293 532 322 582 et
336 525 496 582 comminuit
515 525 593 581 illud.
610 527 641 581 lu
662 524 758 598 spiritu
777 523 852 582 euim
873 523 956 580 veho·
1007 529 1079 581 tutes
1093 523 1226 583 humiliat.

157 615 244 672 menti
257 621 435 670 conteruntur
448 614 580 671 virtutum
594 614 735 688 pigmenta
757 613 785 668 iu
803 611 953 686 pulverem,
1043 616 1070 669 9.
1092 612 1147 668 Sed
1169 613 1258 669 omnia
1276 611 1383 669 dulcius
1405 618 1433 668 et
1451 608 1590 668 efficacius
1608 609 1745 682 prodeunt
1768 611 1803 667 de
1845 672 1847 675 ,

159 712 187 761 ει
200 703 306 775 justitia
322 702 519 776 judicatur.1ln
535 702 655 771 turbine,
672 701 760 776 inquit
781 701 796 754 J
799 702 845 769 ob,
859 704 954 758 εειιιε·
1008 700 1114 758 camino
1139 701 1257 774 quodam
1272 700 1398 757 succensi
1411 699 1521 755 amoris.
1536 698 1660 754 Flamma
1674 699 1733 755 baec
1747 715 1803 755 non

157 797 204 850 ret
218 809 263 848 me
281 791 333 847 :in
351 791 459 848 turbiue
474 792 586 864 spiritus
605 792 662 860 sui,
678 791 790 864 spiritus
803 792 954 847 vehemen-
1006 789 1088 846 modo
1106 790 1220 847 virtutes
1235 788 1289 846 da
1305 789 1441 855 humiliat,
1457 788 1506 844 sed
1521 787 1604 843 etiam
1618 787 1760 854 immutat,
1776 796 1804 844 ει

158 881 204 950 tis,
220 880 249 936 in
272 879 379 935 turbine
403 880 529 952 spiritum
548 896 641 937 meum
665 879 836 951 abripientis.
855 879 888 935 lu
903 877 956 933 boc
1006 877 1035 933 in
1049 894 1147 935 novem
1161 878 1296 936 convertit
1307 877 1438 950 speciem,
1453 882 1482 932 et
1495 875 1529 932 de
1542 875 1730 948 spiritualibus
1744 877 1804 949 spi-

159 969 275 1027 turbiue
288 972 417 1028 conteret
434 985 489 1038 mc,
511 976 540 1027 ει
554 969 765 1042 multipicoiit,
780 966 876 1038 inquit,
891 968 954 1024 vul·
1008 967 1163 1024 ritualiores
1176 967 1250 1023 iacit.
1262 966 1443 1023 continentiae
1456 965 1577 1036 myrrha,
1590 966 1721 1021 orationis
1730 966 1803 1033 tbus,

158 1075 228 1116 uera
242 1074 305 1115 mea
320 1058 389 1128 (lob.
403 1073 445 1125 rx,
461 1061 518 1129 l'l).
534 1059 646 1130 Integra
664 1057 730 1113 milri
744 1056 897 1123 videbatur,
908 1071 957 1110 an·
1009 1061 1037 1110 et
1054 1055 1081 1109 iu
1099 1056 1211 1126 pulvere
1234 1054 1426 1127 pigmentario,
1452 1053 1575 1109 omnium
1601 1054 1711 1109 humilis
1740 1070 1808 1111 eou-

159 1154 270 1220 tequam
280 1146 383 1203 renuet
393 1145 503 1219 spiritus
517 1148 677 1213 vehemens,
688 1145 792 1216 justitia
806 1159 890 1200 mea:
906 1142 956 1199 sed
1008 1142 1120 1199 scientia
1141 1143 1280 1207 virtutum,
1298 1143 1390 1199 omnia
1404 1141 1491 1215 magis
1506 1150 1636 1198 serenum
1651 1142 1808 1214 producunt

159 1234 218 1307 ipse
232 1233 373 1305 dijudicat,
389 1233 448 1305 ipse
471 1234 601 1301 conterit,
616 1233 675 1306 ipse
689 1233 824 1298 vulnerat,
841 1238 869 1286 ct
883 1230 955 1285 mul·
1008 1231 1110 1288 vultum
1127 1240 1154 1287 et
1172 1239 1279 1303 gratem
1298 1231 1434 1303 speciem,
1450 1245 1515 1286 cum
1538 1230 1573 1286 de
1595 1231 1647 1287 hac
1670 1230 1808 1302 prodeunt

159 1323 287 1396 tipliciter
308 1322 455 1396 confringit
469 1323 606 1379 bonorum
620 1321 857 1394 presumptionem
871 1319 956 1375 meri·
1009 1319 1128 1376 oifidna.
1143 1320 1219 1376 Bona
1234 1320 1307 1376 enim
1324 1319 1460 1387 contritio,
1477 1318 1528 1375 sed
1548 1319 1730 1376 concrematio
1744 1336 1805 1376 me·

160 1422 260 1479 torum,
275 1411 395 1468 sauciam
413 1420 441 1467 et
455 1411 611 1484 languidam
624 1412 771 1467 bumauam
789 1408 870 1466 docet
892 1423 954 1465 esse
1008 1408 1071 1464 lior.
1087 1408 1183 1466 Suavis
1195 1409 1283 1481 pulvis
1297 1407 1506 1483 pigmentarius,
1523 1408 1573 1463 sed
1587 1407 1804 1466 fumusexcellit.

155 1499 291 1558 virtutem.
1008 1496 1107 1553 Nescio
1118 1497 1190 1552 enim
1205 1496 1270 1569 quid
1284 1496 1373 1569 ineps
1387 1510 1471 1551 suave
1485 1501 1513 1551 ει
1526 1494 1665 1565 spirituale
1675 1495 1764 1567 magis
1776 1496 1804 1552 in

194 1588 332 1644 8Utinam
346 1586 410 1642 urihi
425 1587 477 1645 hoc
498 1587 579 1645 modo
594 1587 700 1645 conteri
714 1585 850 1653 obveniat,
867 1584 953 1660 redigi
1009 1584 1083 1641 inmo
1105 1601 1189 1656 quam
1210 1586 1239 1640 in
1266 1586 1380 1658 pulvere
1404 1583 1581 1655 significatur.
1597 1583 1662 1641 ldeo
1685 1585 1803 1656 quodam

156 1677 185 1733 in
206 1677 345 1749 pulverem
369 1675 489 1733 omnium
510 1677 646 1732 bonomm
665 1675 827 1742 affectuum,
847 1674 953 1746 piarum
1007 1672 1087 1742 igniti
1097 1673 1173 1729 verbi
1187 1673 1319 1730 beneficio
1329 1673 1401 1730 iuter
1411 1672 1504 1742 sponsi
1518 1671 1639 1746 flagrans
1648 1673 1803 1744 amplexus,

156 1765 375 1823 meditationum.
399 1765 521 1831 Utinam,
536 1766 602 1821 lesu
624 1766 709 1832 bone,
734 1765 814 1821 turbo
840 1763 952 1835 spiritus
969 1743 991 1822 Β
1007 1761 1041 1818 de
1051 1762 1162 1834 pulvere
1171 1762 1353 1837 pigmentario
1366 1763 1395 1817 in
1409 1761 1474 1818 lumi
1485 1762 1644 1817 tenuitatem
1657 1761 1802 1836 liquescit:

155 1855 195 1912 tui
218 1853 301 1910 telem
323 1852 422 1908 aubnae
443 1869 513 1909 meae
535 1855 674 1927 pulverem
702 1853 776 1909 afflet
800 1852 835 1909 de
852 1851 951 1924 plateis
1006 1849 1041 1906 de
1056 1851 1378 1923 uumitiaurumpulvere
1392 1850 1521 1907 virtutum
1535 1850 1564 1904 in
1578 1849 1682 1905 iumum
1695 1849 1801 1923 gloria.

155 1941 275 2001 coelestis
297 1941 460 2009 Jerusalem,
474 1949 505 1998 ut
523 1941 552 1997 in
575 1943 627 1999 boc
650 1941 761 2015 pulvere
773 1939 905 2008 calefiam,
922 1939 948 1995 in
1006 1937 1099 2008 Qualis
1118 1947 1169 2006 εει,
1184 1947 1275 2011 putas,
1290 1939 1452 2010 perventio;
1469 1955 1530 1995 cum
1545 1945 1601 1994 tam
1615 1939 1749 1995 delicatus
1764 1939 1800 1994 sit

154 2033 266 2105 pulvere
284 2031 410 2097 sedeam,
424 2030 452 2086 in
474 2031 588 2103 pulvere
610 2029 759 2102 dormiam,
774 2030 823 2086 sed
837 2029 949 2101 pulvere
1005 2031 1159 2084 ascensus?
1173 2029 1233 2099 Quo
1250 2028 1339 2085 tendit
1356 2045 1417 2102 quae
1439 2027 1500 2084 talis
1518 2027 1801 2098 ascendit‘lQuantus

154 2119 346 2194 pigmentario.
356 2120 455 2176 Beatus
470 2120 515 2191 qui
528 2118 557 2175 in
571 2121 623 2176 boc
632 2118 746 2192 pulvere
755 2125 891 2185 moratur;
905 2117 950 2174 cui
1005 2116 1163 2174 deliciarum
1190 2126 1233 2174 est
1255 2117 1350 2185 locus,
1376 2117 1405 2172 in
1428 2133 1510 2191 quem
1534 2116 1711 2174 ascensiones
1735 2117 1803 2174 istas

153 2224 263 2274 suaves,
278 2216 305 2265 et
328 2207 505 2279 spiritualiter
523 2207 657 2279 pulvereae
680 2207 859 2280 cogitationes
873 2206 949 2262 undi-
1004 2206 1143 2277 disponit?
1163 2206 1288 2262 Lectulus
1316 2207 1386 2262 forte
1409 2205 1500 2262 dilecti
1518 2213 1570 2262 est.
1586 2206 1654 2260 Nam
1673 2205 1802 2262 edilium

153 2314 206 2370 que
222 2297 387 2352 allabuntur.
399 2299 648 2369 Experpiseimini
662 2295 761 2370 inquit,
776 2299 805 2352 et
820 2295 946 2362 laudale,
1004 2294 1140 2367 praecipue
1153 2310 1254 2367 spuma
1268 2295 1351 2351 debet
1369 2295 1503 2366 aspirare.
1520 2295 1560 2350 lta
1573 2293 1655 2367 plane
1670 2302 1723 2352 est.
1737 2294 1803 2352 ideo

152 2387 202 2462 qui
212 2385 353 2443 habitetis
366 2387 523 2458 inpuluere
536 2387 605 2460 (lsai
618 2401 698 2453 xxvi,
716 2386 771 2457 llll.
786 2384 910 2457 Denique
920 2392 948 2439 et
1003 2383 1127 2455 sequitur
1142 2403 1149 2440 z
1164 2388 1207 2441 En
1230 2386 1366 2441 lectulum
1389 2383 1547 2441 Satoorouis
1566 2383 1718 2456 scaupiutc
1739 2400 1804 2438 am·

152 2490 254 2547 spousa
268 2475 301 2530 de
315 2473 387 2530 felici
405 2474 600 2545 expergefacta
618 2489 725 2540 somno,
745 2473 823 2546 quasi
840 2471 948 2546 virgula
1003 2471 1090 2529 diunt
1103 2489 1141 2529 cx
1154 2473 1321 2545 fortissimis
1337 2474 1436 2530 israel.
1457 2473 1492 2528 Iit
1504 2472 1618 2544 pulcher
1630 2471 1709 2541 ordo,
1724 2480 1755 2528 ut
1768 2472 1803 2529 de

151 2562 218 2620 lumi
233 2564 355 2634 exsurgit
369 2577 403 2618 ex
425 2562 595 2618 aromatibus
610 2562 728 2620 universi
748 2561 868 2635 pulveris
887 2561 949 2633 pig-
1003 2558 1106 2618 lectulo
1116 2561 1151 2616 ad
1165 2560 1294 2618 lectulum
1308 2561 1400 2617 veniat
1417 2578 1423 2618 :
1439 2560 1475 2617 dc
1486 2560 1586 2617 lectulo
1597 2576 1658 2631 suo,
1672 2560 1709 2617 de
1722 2561 1803 2617 cubi-

107 2707 113 2717 ,
149 2650 285 2707 mauturii.
304 2651 447 2721 lluiuersi,
463 2649 562 2722 inquit.
576 2651 614 2705 lit
626 2651 728 2707 veritas
740 2649 799 2721 ipsa
812 2650 947 2706 bonorum
1002 2650 1064 2705 culo
1083 2649 1179 2705 metris
1200 2666 1268 2717 suae,
1284 2649 1319 2705 ad
1340 2649 1383 2704 sui
1405 2648 1535 2705 lectulum
1557 2649 1722 2706 Salomonis.
1745 2650 1803 2706 Nec

150 2739 357 2798 universitatem
369 2750 483 2809 operum
502 2737 537 2792 ad
552 2738 698 2809 quemdem
721 2745 748 2793 te
761 2739 842 2793 docet
855 2737 947 2809 pulve-
1001 2737 1092 2794 minus
1105 2754 1225 2812 congrua
1248 2738 1367 2796 varietas
1381 2737 1454 2810 quod
1475 2737 1580 2795 deliciis
1593 2737 1653 2794 istis
1665 2738 1802 2796 immiscet

151 2843 211 2884 rem
220 2825 330 2883 etvelut
343 2825 513 2882 sterilitatem
526 2824 676 2883 deducere.
689 2826 760 2883 Cum
770 2825 868 2883 omnio
877 2829 947 2896 leoe-
1003 2825 1090 2894 iortia,
1107 2834 1134 2882 et
1157 2827 1287 2883 lectulum
1302 2843 1381 2882 suum
1404 2826 1533 2883 Salomon
1547 2834 1602 2882 tam
1619 2827 1723 2883 munita
1737 2843 1802 2883 cus·

44 2944 50 2953 ·
148 2917 227 2987 ritis,
243 2915 340 2986 inquit,
355 2914 803 2982 diciisrwuiinutilsssumum
818 2931 882 2987 que
895 2915 945 2971 ae-
1001 2917 1077 2974 todia
1095 2915 1188 2972 vallat.
1209 2916 1264 2972 Sed
1287 2916 1363 2973 verbi
1383 2917 1538 2988 proruentis
1559 2917 1616 2986 jam
1635 2916 1801 2972 reducamus

149 3005 265 3061 luimus
288 3007 382 3076 fucere
404 3002 527 3073 [ecimus
546 3003 622 3076 (Lac.
641 3019 714 3071 xvu,
735 3003 790 3076 lo).
805 3003 880 3059 Felix
899 3003 946 3076 qui
1000 3007 1129 3069 habenas,
1140 3020 1209 3062 novo
1224 3004 1344 3077 capitulo
1356 3021 1456 3062 novum
1466 3005 1618 3061 dedicaturi
1631 3019 1799 3076 sermonem,

149 3102 253 3150 tautum
263 3100 290 3148 et
305 3093 386 3148 talem
395 3091 448 3147 sibi
463 3091 566 3165 colligit
575 3092 728 3166 pulverem,
739 3101 769 3149 ut
778 3108 839 3164 quae
848 3093 945 3163 juben·
1000 3102 1148 3169 praestante
1168 3094 1287 3151 Domino
1301 3100 1396 3150 nostro
1409 3093 1472 3150 lesu
1485 3095 1603 3164 Christo,
1618 3094 1665 3166 qui
1683 3093 1749 3152 vivit
1772 3091 1801 3150 et

148 3189 194 3237 tur
215 3180 298 3238 iaciat
311 3181 413 3249 omnia,
428 3189 457 3237 et
481 3188 591 3253 reputet
609 3181 687 3254 qussi
706 3181 780 3237 nulla
795 3197 802 3237 :
818 3181 867 3253 qui
885 3181 945 3237 uui·
963 3138 1097 3257 treguas
1110 3182 1139 3237 in
1152 3185 1251 3238 saecula
1266 3181 1440 3239 serculorum.
1454 3183 1553 3237 Amen.

147 3285 230 3328 versa
243 3271 316 3326 bona
329 3286 391 3342 quae
405 3269 518 3345 colligit,
533 3287 583 3343 per
592 3270 774 3328 bumilitatem
787 3269 834 3326 illa
848 3278 945 3327 εοιιιε-
1289 3286 1408 3343 sappo
1428 3286 1504 3344 xpp,

148 3359 193 3417 ¹1⁸·
208 3359 309 3415 P⁸¹¹¹¹¹⁸
330 3360 365 3414 Μ
381 3359 537 3416 ὓθήῦῑῧίθθ
559 3375 673 3432 ⁰P0fflffl
691 3375 803 3417 ⁸¹¹⁰f¹¹¹¹¹
823 3368 945 3416 mmm
998 3378 1145 3436 lectulum
1160 3376 1318 3435 &umoris
1337 3378 1491 3449 aesopiam
1505 3376 1636 3433 ommuni
1651 3394 1688 3436 erc
1700 3377 1801 3449 sortis-

148 3448 234 3504 multa
249 3456 411 3505 enumerat:
428 3450 460 3505 ln
475 3449 637 3516 itineribus,
651 3449 750 3521 inquit,
759 3465 851 3522 soepe;
863 3449 945 3521 peri·
1188 3448 1272 3505 simis
1287 3449 1385 3506 lsrael.
1400 3449 1496 3518 (Corsi.
1511 3463 1553 3516 ιιι,
1569 3450 1609 3518 7.)

149 3538 221 3598 mulis
240 3539 396 3608 fluminum
405 3578 413 3606 ,
426 3539 564 3610 periculis
583 3539 741 3606 latronum,
758 3537 894 3611 periculis
908 3554 945 3595 eo:
971 3589 975 3597 ,
1036 3542 1061 3592 ι.
1079 3536 1103 3593 0
1118 3553 1199 3610 quam
1221 3536 1338 3593 delicata
1356 3551 1457 3608 sponse
1475 3536 1612 3605 escendit,
1627 3551 1709 3609 quam
1724 3553 1797 3609 pene

148 3642 258 3698 peracre,
276 3627 416 3699 periculis
439 3642 476 3682 ex
500 3626 644 3696 Gentibus,
656 3628 792 3699 periculis
806 3628 839 3682 irs
856 3629 943 3694 muri,
999 3625 1058 3682 siue
1082 3627 1155 3682 mole
1177 3626 1310 3696 corporis,
1326 3633 1354 3680 et
1376 3641 1459 3698 quam
1483 3625 1593 3698 penitus
1620 3626 1680 3682 sine
1703 3641 1798 3682 corru-

146 3716 285 3787 periculis
293 3714 327 3769 in
338 3716 466 3781 ciuitate,
478 3715 615 3788 periculis
624 3716 657 3770 in
666 3715 830 3781 solitudine,
838 3718 945 3788 pericu·
998 3716 1090 3788 ptione
1105 3713 1213 3771 carnisl
1234 3713 1367 3783 Quaenam
1390 3715 1442 3770 erit
1464 3713 1646 3786 corpulentia,
1660 3715 1706 3769 ubi
1720 3714 1797 3771 sumo

149 3803 187 3860 lis
201 3802 331 3874 insulsis
346 3803 494 3874 frutribus.
511 3801 582 3871 Quid
601 3802 752 3875 deinceps?
772 3803 945 3872 Quotidiano
999 3802 1159 3861 coniemurl
1181 3790 1243 3875 qure
1266 3803 1441 3874 cormptele,
1465 3819 1527 3860 curu
1550 3803 1625 3860 illum
1649 3818 1704 3860 non
1729 3819 1799 3860 caro

151 3891 381 3962 eiussollicitudo
395 3891 524 3950 omnium
536 3893 737 3951 bestesiacum.
755 3893 831 3962 Quis,
846 3891 944 3964 iuquit,
998 3892 1082 3960 iluna,
1097 3893 1146 3949 sed
1166 3901 1288 3949 momata
1309 3900 1432 3949 cremate
1449 3892 1600 3949 exhalent?
1614 3891 1736 3950 Delicate
1755 3908 1801 3949 as·

149 3982 317 4051 infirmatur
326 3984 354 4038 ει
368 3996 415 4053 epo
428 3997 486 4040 noo
500 3981 725 4056 infirmorlqcis
735 3981 945 4040 εεεειιιιιὶιειεν
998 3981 1102 4051 cendit,
1115 3988 1143 4037 et
1155 3981 1239 4055 digna
1253 3981 1352 4038 lectulo
1367 3981 1532 4038 Salomonis.
1546 3983 1647 4038 Esther
1660 3988 1687 4036 et
1700 3981 1800 4049 lotam,

151 4074 181 4127 ει
195 4085 244 4142 epo
255 4085 313 4126 nors
326 4074 412 4127 orori
421 4069 448 4142 (1
461 4071 524 4127 Cor.
540 4085 581 4142 ιιι,
591 4074 638 4142 26,
653 4075 698 4139 28,
709 4074 766 4141 29.)
780 4073 823 4126 dn
833 4085 889 4127 non
901 4086 946 4129 ve·
998 4079 1027 4129 ει
1042 4077 1150 4128 unctam
1164 4070 1238 4144 lego,
1253 4079 1284 4127 ut
1299 4070 1390 4144 regios
1402 4071 1535 4143 unguenti
1548 4069 1680 4126 suautate
1695 4069 1801 4125 mulce-

151 4160 191 4216 lut
204 4159 351 4232 quemdam
365 4158 500 4215 bonorum
514 4175 627 4232 operum
641 4160 781 4232 pulverem
797 4158 945 4215 tibicolle·
999 4169 1042 4218 ret
1061 4158 1203 4232 amplexus
1221 4158 1334 4230 (Esther
1348 4160 1390 4232 ιι).
1405 4161 1470 4218 llaec
1483 4175 1550 4219 aero
1567 4160 1624 4230 pm
1646 4160 1800 4230 unguentis

151 4250 225 4326 pisse
238 4247 346 4305 videtur
358 4246 505 4319 apostotus
514 4248 609 4305 becet
623 4247 778 4321 hujusmodi
788 4246 867 4320 plura
880 4264 946 4319 per-
999 4265 1055 4306 non
1068 4248 1152 4306 utitur
1171 4248 1199 4304 iu
1213 4249 1308 4321 sponsi
1321 4244 1454 4322 qratiam,
1470 4249 1520 4307 sed
1534 4248 1682 4322 liquefacta
1696 4247 1799 4306 eliceto

152 4336 285 4396 currens?
294 4336 340 4392 Via
352 4337 442 4392 adbuc
451 4336 626 4394 sublimiores
634 4337 741 4410 aliquas
747 4337 877 4395 virtutum
886 4339 947 4408 ejus
1001 4347 1043 4395 est
1056 4339 1140 4395 odore
1154 4339 1214 4411 ipso
1225 4339 1368 4411 unguenti.
1376 4338 1431 4395 Sed
1443 4354 1497 4395 nou
1511 4354 1609 4394 omnes
1619 4338 1730 4395 verbum
1744 4337 1800 4394 boc

152 4426 259 4500 species
271 4425 390 4482 audire?
401 4426 469 4483 Veni
483 4442 546 4483 cum
560 4427 606 4483 illo
621 4427 657 4482 ad
669 4427 789 4484 visiones
803 4433 832 4483 et
846 4427 948 4484 revela·
1001 4428 1121 4500 capiunt,
1137 4443 1192 4484 non
1205 4443 1303 4484 omnes
1318 4429 1361 4484 bis
1384 4435 1499 4499 possunt
1513 4427 1620 4483 deliciis
1640 4425 1752 4499 perimi.
1768 4425 1801 4481 Si

152 4515 311 4582 tionesiiei,
327 4514 363 4570 ad
377 4522 484 4587 raptum
498 4515 526 4572 in
540 4515 706 4588 paradisum,
722 4515 874 4572 intertium
890 4531 948 4572 coe·
964 4520 988 4598 n
1003 4533 1099 4575 omnes
1122 4518 1286 4584 fruerentur,
1302 4534 1398 4574 omnes
1417 4517 1608 4574 fraudarentur
1623 4532 1631 4572 ε
1645 4523 1674 4573 ει
1695 4515 1723 4571 iu
1746 4516 1801 4573 hoc

152 4604 220 4671 lum,
235 4603 270 4658 ad
283 4606 393 4659 beatam
407 4605 483 4660 illam
499 4605 681 4679 ignorantiam
695 4605 842 4662 nescientis
854 4611 950 4661 utrum
1003 4619 1046 4665 est
1064 4614 1092 4664 et
1114 4606 1227 4679 pulchra
1249 4608 1374 4674 varietas,
1388 4613 1415 4663 et
1436 4607 1480 4678 pia
1503 4606 1632 4673 ebaritas,
1648 4605 1712 4678 quia
1728 4604 1801 4660 alius

153 4693 183 4748 in
196 4707 362 4763 corporeae
379 4701 572 4766 extracorpus
590 4694 689 4750 extasis
710 4695 759 4751 illa
772 4695 844 4752 iacta
857 4695 946 4762 fuerit,
1005 4697 1107 4770 estqui
1125 4696 1232 4764 imiter,
1248 4696 1318 4752 alius
1331 4696 1378 4768 qui
1400 4704 1499 4753 tuetur.
1513 4697 1545 4753 ln
1568 4697 1621 4752 boc
1638 4695 1752 4751 aliorum
1771 4702 1801 4750 et

154 4796 211 4838 non
224 4783 280 4852 jam
293 4780 392 4851 pulvis,
404 4784 454 4837 sed
468 4783 568 4839 fumus.
584 4783 638 4840 Sed
651 4801 687 4841 ne
696 4773 786 4841 umen
796 4785 869 4842 fumo
886 4785 949 4842 buio
1004 4795 1071 4856 tuta,
1087 4793 1114 4841 et
1124 4785 1185 4841 taera
1193 4793 1256 4840 sunt
1264 4785 1330 4852 otia,
1341 4786 1416 4858 quod
1429 4785 1543 4842 aliorum
1553 4793 1616 4841 sunt
1624 4782 1730 4840 munita
1740 4799 1802 4839 cua-

155 4871 304 4944 spiritualis
312 4871 549 4942 contemplationis
558 4889 589 4930 se
601 4874 739 4944 jactantiae
748 4874 838 4930 tumus
846 4875 950 4930 immis-
1003 4876 1087 4933 todia.
1103 4874 1169 4930 ideo
1182 4877 1323 4932 lectulum
1335 4875 1491 4933 Solomonis
1503 4878 1656 4948 seaopinto
1664 4873 1801 4930 ambiunt

153 4968 226 5031 ceat,
241 4960 305 5016 audi
320 4959 385 5033 quid
409 4961 544 5034 sequitur.
559 4964 599 5020 lle
616 4963 787 5036 mcpciiudo
805 4963 950 5022 revelatio-
1003 4964 1216 5034 assortissimis
1225 4964 1392 5023 lsraelNon
1401 4965 1459 5022 vult
1467 4964 1596 5022 Salomon
1605 4974 1698 5022 nosrer
1707 4961 1802 5018 lectuli

152 5067 224 5109 nom
242 5052 364 5111 extollet
377 5067 432 5121 me,
449 5051 534 5109 dctus
551 5055 595 5107 est
608 5050 683 5109 mibi
702 5055 838 5110 stimulos
852 5055 949 5109 cornis
1003 5053 1045 5113 stri
1061 5052 1163 5109 turbari
1177 5052 1298 5122 delicias,
1310 5053 1406 5110 dulces
1420 5054 1558 5111 attenuari
1572 5053 1698 5122 ειιεειιιε,
1708 5067 1744 5107 ne
1758 5057 1803 5104 at-

154 5155 225 5196 meoe
238 5141 279 5211 (11
294 5143 354 5199 Cor.
367 5154 419 5211 ιιιι,
432 5143 497 5214 l-l).
509 5141 609 5198 Paulus
623 5142 776 5198 stimulatur
786 5157 822 5198 ne
837 5141 949 5198 exulis·
1002 5142 1101 5199 tenaci
1115 5141 1226 5213 quidem
1241 5158 1249 5197 :
1266 5150 1362 5214 pacata
1375 5141 1462 5213 diligit
1481 5143 1528 5217 qui
1542 5140 1672 5215 pacificus
1689 5138 1802 5196 dicitur.

155 5236 200 5284 tur
214 5241 221 5282 :
237 5235 264 5284 et
276 5231 415 5302 quomodo
429 5231 476 5303 qui
490 5232 549 5289 brec
563 5232 651 5305 audis,
666 5231 769 5303 refugis
789 5231 948 5287 stimularit
1001 5231 1686 5302 QuisnosterSalomon,nisilesustristusilpse
1695 5236 1739 5286 est
1747 5241 1804 5300 pax

154 5317 293 5391 quomodo
303 5326 329 5375 te
339 5319 429 5392 ipsum
438 5319 510 5377 inter
518 5322 670 5378 ubertatem
680 5319 815 5378 donorum
825 5326 872 5377 aut
881 5334 948 5378 con·
1001 5326 1106 5390 nostra,
1117 5319 1176 5391 ipse
1189 5319 1237 5393 qui
1250 5319 1316 5378 iecit
1330 5327 1444 5394 utraque
1462 5335 1548 5377 uuum
1563 5318 1675 5391 (Epiros.
1692 5332 1723 5384 rr,
1742 5315 1802 5388 tt).

153 5412 245 5462 terere
259 5407 377 5477 desinis,
393 5418 440 5467 aut
453 5412 559 5468 conteri
574 5424 630 5466 nou
643 5408 735 5465 sinist
749 5410 880 5469 llolestus
894 5409 947 5467 sti-
1000 5408 1063 5482 Ipse
1076 5407 1226 5481 pacificavit
1239 5411 1374 5485 sanguine
1388 5426 1438 5469 suo
1452 5425 1508 5466 nou
1524 5408 1607 5465 ruodo
1622 5423 1685 5481 quae
1699 5406 1729 5462 in
1743 5412 1803 5470 torf

153 5493 252 5568 mulos,
268 5498 318 5556 sed
332 5505 424 5558 umen
440 5499 549 5559 venado
561 5505 672 5573 prestat
684 5499 866 5560 bumilitatem
877 5515 946 5575 pro·
1000 5497 1048 5570 ris,
1063 5499 1114 5558 sed
1136 5515 1199 5573 que
1218 5499 1248 5558 in
1269 5500 1349 5560 coebs
1371 5506 1435 5560 sunt
1450 5497 1568 5570 (debu.
1590 5512 1612 5568 1,
1633 5498 1691 5572 ιιι).
1706 5494 1801 5579 ὓιεείςι
