3706 5962
64 182 123 244 409
646 180 877 242 uoluentallo
896 180 941 242 EX
960 183 1146 249 annulatio.
1668 195 1722 258 tto

64 316 96 364 et
112 306 328 365 conversationis
343 313 372 361 et
384 321 497 379 operum
512 306 583 376 eius,
596 313 624 363 et
637 306 816 380 passionlset
828 323 868 364 re·
883 320 907 401 p
958 313 985 365 3.
1001 310 1055 367 Sed
1079 312 1145 370 libet
1160 315 1248 372 adbuc
1271 317 1448 388 contemplari
1463 319 1588 377 subtilius
1601 319 1719 387 divitias,

64 394 248 455 surrectionis
261 404 290 450 et
303 395 474 452 ascensionis
498 396 568 466 ejus,
583 403 610 451 et
633 397 765 453 bonorum
789 396 868 454 nobis
922 398 1021 471 quibam
1044 402 1151 475 utrique
1175 404 1324 461 abundant.
1340 406 1445 462 Primus
1466 415 1509 464 est
1522 419 1617 466 contra
1631 415 1720 467 tenta-

63 500 118 559 per
138 484 200 538 hese
223 482 395 548 collatorum,
412 498 474 539 eum
497 483 596 540 amoris
611 484 739 541 affectum
755 486 870 542 induen-
923 487 1027 559 tiones3
1057 492 1203 558 secundus,
1233 501 1330 550 eontra
1354 494 1486 561 haereses;
1504 496 1600 552 tertiam
1618 505 1718 565 cantat,

64 583 119 645 tes,
142 589 199 647 quo
223 574 321 630 Petrus
345 581 441 630 tenere
473 582 501 631 et
526 575 595 632 sieut
621 577 702 632 homo
730 577 868 634 bominem
922 574 954 633 lu
966 594 1036 651 pace
1050 579 1220 654 inidipsum
1235 581 1374 641 dormiam
1399 586 1426 640 et
1441 585 1611 656 requiescam
1631 585 1718 656 (Psoi.

63 664 153 721 mum
177 676 282 729 amans,
298 663 464 737 suggerebat
487 664 511 720 ei
536 663 672 735 passionis
694 681 750 722 snae
768 665 868 722 seriem
921 679 959 733 tv,
976 665 1014 737 9).
1029 668 1060 721 ln
1074 668 1172 740 primo,
1188 669 1311 726 remissio
1325 678 1500 743 poeoniorum
1516 679 1544 727 et
1564 672 1721 732 emundatio

45 749 243 825 ⁵praedicenti:
259 751 342 807 Absit
356 769 373 807 u
388 756 424 820 te,
436 753 563 822 Domine,
578 756 716 826 propitius
731 759 789 811 estc
805 755 867 826 tibi,
920 753 1060 829 ritiornm3
1081 759 1254 826 insecundo,
1271 760 1428 816 exercitium
1449 761 1598 818 virtutum:
1621 761 1650 816 in
1665 768 1720 819 ter·

62 857 121 899 nost
132 841 188 912 pist
201 839 282 896 istud
297 839 408 911 (liniti.
424 857 484 907 xvi,
500 843 556 913 22).
572 842 679 898 Tertius
693 850 783 898 autam
802 859 868 914 gra·
923 848 968 918 tio,
995 846 1122 903 virtutum
1138 848 1278 919 perfectio,
1294 857 1320 905 et
1334 849 1433 904 summi
1448 849 1513 906 boni
1535 850 1656 906 adhaesio
1675 851 1719 908 rel

61 928 113 986 dns
127 935 206 986 totns
221 934 300 984 entra
322 928 471 995 hominem,
488 945 570 1001 supra
584 930 734 997 bominem
751 939 822 989 totus
840 932 867 987 in
921 935 1021 992 fruitio.
1037 936 1067 991 ln
1082 937 1180 1007 primo,
1195 955 1261 994 usus
1283 946 1531 1005 sacramentorum
1547 937 1719 1011 insecundo,

44 1019 131 1087 ,nats
159 1019 248 1074 mum
271 1025 384 1091 propter
399 1019 495 1086 Deum,
520 1020 622 1091 justum
646 1020 733 1093 diligit
756 1032 868 1094 propter
921 1025 1126 1096 mysteriorum
1142 1027 1169 1081 in
1185 1025 1274 1092 tertio,
1292 1043 1336 1083 res
1348 1035 1582 1084 sacramentorum
1596 1027 1640 1084 vel
1657 1044 1720 1100 my·

42 1151 46 1155 .
59 1109 178 1180 jusum,
202 1115 230 1164 et
252 1108 354 1162 bonum
377 1118 489 1181 propter
512 1110 628 1176 bonum;
654 1127 707 1166 nou
731 1111 794 1184 qnia
819 1112 869 1168 bo·
920 1112 1073 1169 steriorum.
1100 1114 1207 1170 Primus
1228 1115 1255 1170 in
1279 1115 1363 1171 llaria
1384 1115 1535 1188 peccatrice
1557 1114 1719 1181 humilis,in

60 1213 127 1255 oum
143 1196 237 1264 nobis,
254 1196 302 1252 sed
326 1196 389 1269 quia
413 1198 514 1253 bonum
533 1199 562 1253 in
586 1215 634 1254 se:
655 1199 693 1254 sie
711 1201 868 1257 aflectnsa
921 1202 1000 1256 l’etro
1024 1200 1143 1268 ferreus,
1159 1202 1187 1257 in
1206 1203 1312 1259 ioanne
1333 1204 1393 1276 pius
1414 1211 1443 1259 et
1464 1203 1562 1260 duleis.
1579 1203 1721 1261 Secundus
1813 1254 1817 1259 .

62 1283 134 1348 Dec,
150 1292 180 1340 et
193 1285 266 1340 bono
281 1293 309 1340 et
320 1285 451 1355 justo,'ut
464 1286 541 1342 malit
556 1303 610 1344 non
625 1305 696 1355 esse,
711 1306 792 1362 quam
814 1289 866 1345 bo·
919 1290 1019 1345 dormit
1041 1306 1057 1344 a
1078 1290 1263 1357 sacularibus,
1277 1290 1371 1366 vigilat
1394 1293 1421 1348 in
1448 1292 1642 1365 spiritualibus,
1659 1291 1718 1348 lan·

59 1382 113 1428 nus
127 1380 159 1428 et
171 1373 262 1444 justus
288 1373 316 1429 in
341 1375 400 1430 Deo
424 1390 479 1431 non
497 1391 569 1431 esse.
586 1377 651 1432 llaee
670 1381 713 1434 est
736 1377 814 1433 fortis
837 1387 866 1433 ut
920 1385 984 1452 guet
1003 1394 1063 1433 cnm
1078 1378 1170 1437 deficit
1184 1378 1212 1435 in
1237 1380 1356 1436 salutare
1372 1381 1423 1437 Dei
1436 1382 1528 1437 anima
1542 1382 1612 1451 ejus,
1623 1381 1720 1439 videns

60 1476 137 1518 mors
154 1461 266 1518 dileetio
279 1461 376 1533 (Ceut.
388 1478 449 1530 virt,
461 1464 506 1534 ti):
523 1465 582 1522 baee
597 1475 639 1521 est
651 1466 735 1522 virtns
750 1466 865 1522 induens
920 1474 947 1521 et
961 1482 1016 1523 non
1030 1467 1188 1538 pervidens,
1202 1476 1229 1525 et
1244 1469 1279 1525 ad
1293 1468 1489 1539 pervidendum
1504 1485 1596 1526 amore
1612 1477 1639 1524 et
1650 1466 1720 1526 desi·

47 1548 210 1623 ¹Apostolos
224 1564 259 1606 ex
273 1550 328 1607 alto
342 1549 421 1622 (Luc.
437 1567 518 1622 xxiv,
535 1556 589 1623 tt).
607 1555 681 1610 Unus
696 1554 769 1610 enirn
784 1554 865 1627 spiri·
920 1552 996 1611 derio
1020 1555 1163 1628 languens.
1189 1555 1294 1613 Tertius
1317 1557 1392 1613 audit
1406 1560 1490 1615 uerba
1505 1557 1664 1623 ineffabilia,
1680 1558 1718 1614 si·

62 1646 105 1693 tus
128 1637 234 1695 effecta
256 1654 320 1694 eum
339 1639 399 1696 Deo
423 1646 517 1697 sancta
530 1641 629 1709 anima,
646 1657 702 1698 non
716 1643 803 1715 magis
818 1659 867 1715 po·
882 1622 904 1700 Β
919 1643 1041 1710 lentium,
1062 1659 1158 1716 pacem
1181 1644 1283 1701 scilieet
1306 1645 1380 1701 illam
1400 1646 1463 1718 Dei,
1486 1663 1548 1719 quae
1570 1655 1719 1719 exsuperat

48 1730 116 1782 test
129 1725 192 1799 pati
208 1734 237 1782 nt
251 1726 291 1783 rel
306 1726 340 1782 ad
356 1727 619 1787 modicumdeclinet
633 1730 773 1802 ajustitia,
784 1747 867 1803 quam
919 1747 1027 1788 omnem
1047 1748 1159 1789 sensum
1178 1734 1422 1807 (Plailipp.1v,7).
1438 1734 1543 1790 Primus
1557 1749 1622 1791 oves
1642 1750 1717 1800 suas,

62 1813 122 1888 ipsa
134 1814 244 1885 justitia
256 1815 313 1888 pati
327 1823 418 1888 potest
432 1824 461 1873 ut
475 1817 583 1874 desinat
596 1834 658 1875 esso
671 1819 783 1890 justitia.
919 1819 946 1875 id
966 1829 1008 1876 est
1021 1819 1142 1877 infirmos
1161 1821 1345 1878 sensualitatis
1363 1819 1485 1887 affectus,
1507 1821 1613 1877 minans
1627 1821 1662 1876 ad
1676 1821 1718 1876 in·

96 1906 124 1961 ἱ.
141 1904 220 1960 lntcr
233 1904 306 1961 buno
323 1920 390 1964 vero
403 1922 455 1978 per
469 1922 602 1963 summum
616 1916 644 1963 et
658 1906 815 1964 inferiorem
829 1909 865 1964 il·
919 1908 1020 1965 teriora
1040 1909 1151 1977 deserti,
1168 1910 1196 1966 id
1211 1921 1252 1967 est
1267 1911 1301 1966 ed
1316 1909 1460 1967 interiores
1479 1908 1718 1982 contemplationis

62 1991 116 2049 lunt
140 1998 245 2049 statnm
274 1993 377 2065 positus
410 2002 498 2052 status
531 1995 680 2064 rationalis,
709 1995 865 2053 inferiorem
919 2012 1054 2065 recessus,
1070 2006 1098 2053 et
1112 1998 1288 2054 considerans
1307 1998 1404 2054 rubum
1420 1999 1465 2072 qui
1484 1998 1598 2054 ardebat
1616 2004 1644 2054 et
1662 2011 1717 2053 non

62 2079 175 2153 quidem
191 2079 263 2153 regit
276 2088 304 2136 et
316 2080 461 2149 illuminat,
476 2082 644 2155 superiorem
657 2097 723 2141 uero
739 2084 864 2157 aliquan·
917 2087 1137 2153 comburebatur,
1159 2085 1186 2141 id
1210 2094 1253 2143 est
1283 2086 1415 2160 mysteria
1438 2086 1632 2143 incarnationis
1659 2085 1716 2141 Do·

63 2167 97 2224 do
109 2174 253 2225 attentans
275 2185 357 2225 manu
371 2169 409 2241 pii
427 2170 566 2242 desiderii,
580 2187 644 2229 mox
659 2171 693 2227 ad
709 2189 738 2228 se
752 2171 862 2248 refugit,
916 2174 993 2241 mini,
1008 2174 1157 2247 nolensque
1176 2176 1287 2249 propius
1311 2176 1441 2233 accedere
1464 2191 1516 2248 per
1538 2174 1716 2242 intellectum,

63 2265 88 2312 et
111 2255 187 2314 sietnt
200 2256 288 2314 David
302 2258 419 2331 pereutit
433 2273 482 2316 cor
499 2275 588 2331 suum,
604 2259 667 2333 quia
683 2259 711 2316 in
726 2260 863 2318 Christum
916 2261 991 2317 audit
1013 2277 1030 2317 a
1053 2261 1188 2319 Domino:
1204 2262 1243 2321 Ne
1262 2264 1411 2336 appropies
1426 2262 1488 2330 buc,
1503 2263 1550 2320 sed
1563 2263 1636 2320 solve
1656 2262 1716 2319 col·

64 2344 173 2402 bamini
186 2361 299 2402 manum
315 2346 423 2403 mittere
436 2348 620 2421 presumpsit.
637 2350 667 2406 Si
680 2349 752 2405 enim
775 2352 863 2408 bestia
915 2355 1063 2410 caementa
1077 2352 1111 2408 ds
1124 2351 1240 2425 pedibus
1254 2350 1328 2421 tuis;
1345 2352 1420 2408 meus
1434 2353 1510 2408 euim
1523 2351 1555 2407 ia
1572 2366 1625 2424 quo
1644 2354 1716 2417 stus,

63 2434 194 2507 tetigerit
208 2439 343 2505 meatem,
357 2435 500 2512 lapidatur
513 2437 605 2510 (lielir.
615 2452 669 2507 nu,
684 2439 743 2509 itt);
760 2446 863 2495 etcum
917 2442 995 2496 terra
1010 2443 1111 2496 saucia
1126 2444 1169 2496 est
1186 2439 1286 2509 (deod.
1297 2454 1338 2504 ιιι,
1350 2442 1421 2510 lb).
1433 2437 1576 2495 Secundus
1590 2437 1716 2494 aseendit

62 2522 89 2578 fit
111 2539 167 2582 vox
190 2540 275 2597 super
298 2523 508 2594 firmamentum,
535 2525 609 2598 qnod
637 2524 759 2581 imminet
781 2525 863 2598 capiti
914 2526 943 2582 in
958 2535 1088 2596 montem,
1101 2526 1231 2600 auditque
1246 2543 1261 2581 a
1275 2527 1401 2593 Domino,
1414 2529 1451 2584 iu
1465 2542 1528 2583 vero
1541 2529 1587 2582 stu
1598 2528 1643 2583 laic
1658 2541 1716 2583 me·

62 2612 232 2684 animalium
248 2619 331 2681 stant,
347 2629 398 2671 nec
411 2615 572 2686 procedunt,
589 2620 617 2672 et
630 2614 791 2670 submittunt
804 2615 862 2670 alas
914 2631 990 2686 cum,
1006 2624 1034 2672 et
1048 2615 1146 2675 docebo
1161 2622 1189 2674 te
1204 2617 1276 2689 lepas
1291 2632 1324 2674 nc
1338 2613 1477 2672 mundata
1495 2631 1556 2690 que
1573 2629 1716 2688 properans

61 2708 208 2759 conatuum
236 2717 356 2761 suorum.
380 2702 453 2759 Nihil
476 2701 551 2760 enim
578 2702 616 2759 ibi
643 2703 700 2778 agit
723 2702 862 2760 rationulis
884 2738 889 2747 ι
914 2705 986 2774 filiis
1002 2704 1090 2762 lsrael
1104 2703 1197 2777 (Deut.
1211 2720 1240 2773 v,
1252 2705 1318 2777 ill:
1333 2702 1460 2777 videtque
1473 2702 1614 2775 exemplar
1628 2703 1716 2760 taber.

60 2790 216 2863 disciplina,
228 2791 274 2848 ubi
289 2800 374 2849 totum
389 2799 493 2848 constat
507 2807 540 2848 ex
552 2790 652 2849 amoris
668 2799 695 2848 et
707 2791 862 2849 intellectus
914 2792 1003 2850 naeuli
1017 2793 1111 2850 aeterni
1126 2793 1199 2866 quod
1219 2792 1282 2849 fecit
1296 2795 1371 2849 Dens
1384 2800 1412 2849 et
1436 2807 1490 2848 non
1513 2793 1607 2856 bomo,
1624 2790 1715 2847 nudit-

58 2887 84 2936 et
98 2879 218 2936 allectus
233 2880 409 2953 experientia.
426 2879 517 2938 Status
531 2881 604 2937 enim
617 2880 669 2938 iste
682 2881 760 2953 quasi
774 2880 860 2953 qnod·
914 2897 967 2954 qne
995 2898 1012 2939 a
1036 2881 1165 2953 Domino,
1195 2881 1256 2939 Vide
1270 2886 1303 2939 ut
1323 2882 1422 2939 omniu
1443 2881 1535 2953 facias
1559 2879 1715 2938 secuudum

58 2967 123 3024 darn
148 2967 348 3025 firmamentum
372 2977 415 3026 est
441 2968 513 3037 eoeli,
530 2969 559 3025 in
582 2984 636 3043 quo
658 2969 761 3026 habitat
775 2932 899 3042 licus,c
913 2971 1070 3044 exemplar,
1087 2972 1160 3043 quod
1175 2971 1227 3027 tibi
1240 2975 1385 3029 asuerum
1399 2973 1441 3027 est
1454 2971 1487 3026 in
1501 2973 1597 3029 manee
1611 2966 1712 3040 (deod.

59 3073 112 3114 use
137 3055 244 3114 ratione
257 3057 386 3115 inferiore
402 3057 510 3115 inicitur
523 3073 529 3113 :
544 3059 594 3116 sed
609 3066 701 3115 temen
715 3059 774 3131 ipse
788 3074 860 3116 non·
914 3074 983 3114 xxv.
1000 3061 1057 3131 to).
1072 3058 1180 3115 Tardus
1201 3058 1229 3115 in
1252 3067 1345 3116 monte
1368 3058 1499 3133 sepelitur
1513 3072 1528 3111 a
1543 3055 1669 3124 Domine
1685 3055 1713 3112 id

56 3132 202 3219 nunquam
216 3147 257 3202 sni
272 3147 382 3221 generis
396 3147 449 3203 sibi
469 3156 545 3203 creat
568 3147 697 3214 rationes,
714 3147 859 3221 quibusda
913 3155 955 3203 est
979 3147 1157 3204 absconditur
1179 3147 1207 3204 in
1228 3147 1389 3204 abscondito
1414 3146 1493 3203 faciei
1518 3147 1588 3219 ejus,
1608 3154 1637 3203 et
1658 3162 1713 3203 non

55 3233 221 3293 abscondito
237 3235 313 3293 faciei
329 3235 380 3293 Dei
394 3236 428 3292 ad
443 3252 508 3293 snos
520 3235 583 3292 illos
597 3237 796 3309 quodammodo
811 3252 859 3294 so-
913 3236 988 3294 novit
1010 3239 1101 3302 homo,
1121 3237 1148 3293 id
1174 3245 1216 3294 est
1246 3239 1365 3293 humana
1386 3235 1529 3308 sapientia,
1556 3237 1712 3309 sepulcrum

53 3322 118 3378 cios
145 3321 290 3379 inferiores
317 3324 487 3397 regrediens,
516 3324 617 3381 lumine
644 3325 707 3381 illos
734 3340 860 3397 supernae
913 3327 973 3396 ejus
986 3341 1072 3398 usque
1095 3323 1297 3381 inbunediem
1319 3324 1711 3396 (Deut.xxx1v,ti).l’rimns

56 3408 192 3466 claritatis
206 3411 355 3485 restringit.
370 3411 425 3468 Sed
446 3411 515 3468 sient
530 3408 628 3468 dieitur
641 3413 670 3467 in
684 3411 860 3485 Apocalypsi,
912 3414 987 3470 audit
1010 3414 1045 3469 ab
1067 3412 1232 3477 bominibus,
1249 3421 1276 3468 et
1290 3410 1388 3468 dieitur
1401 3412 1427 3467 ei
1452 3410 1584 3483 quotidie,
1600 3413 1648 3471 ilbi
1669 3414 1712 3468 esi

56 3500 183 3564 fuctum
196 3500 240 3556 esi
253 3499 404 3557 silentium
419 3503 449 3556 iu
463 3503 530 3558 coelo
553 3502 635 3573 quasi
657 3500 776 3558 dimidie
791 3501 861 3559 ltcru
912 3507 986 3560 fleus
1011 3503 1101 3559 tuus?
1122 3502 1259 3558 secundus
1277 3500 1444 3566 recordatur,
1461 3508 1489 3555 et
1511 3497 1667 3556 effunditin
1682 3515 1712 3555 se

53 3587 155 3659 (Apus.
178 3601 239 3655 mss,
261 3589 305 3657 l);
321 3588 361 3645 sic
383 3597 411 3646 et
435 3589 496 3645 illos
524 3597 716 3645 momentanea
742 3589 860 3661 quadam
914 3591 1030 3647 animam
1045 3605 1137 3657 suam,
1155 3590 1251 3646 tertius
1265 3589 1363 3647 transit
1382 3589 1409 3644 io
1431 3588 1520 3645 locum
1544 3587 1713 3646 tabernaculi

55 3671 249 3731 consolatione
272 3675 420 3744 letificans,
440 3676 532 3734 dicere
547 3676 654 3734 videtur
666 3675 715 3747 eis,
735 3679 859 3746 Currite,
913 3679 1083 3736 admirabilis
1095 3694 1183 3752 usque
1197 3678 1232 3734 ad
1246 3678 1356 3736 domum
1379 3676 1432 3735 Dei
1449 3677 1540 3749 [Psoi.
1555 3690 1613 3746 ιιι,
1629 3680 1656 3743 l,
1672 3675 1712 3748 bl.

55 3766 92 3818 ut
105 3764 351 3846 comprehendatis
365 3764 392 3838 (l
406 3766 467 3822 dor.
482 3781 524 3832 rx,
535 3769 592 3837 iij.
607 3765 661 3822 Sed
677 3766 787 3823 nonnisi
801 3767 860 3824 dies
912 3769 1018 3825 Primus
1032 3767 1115 3825 sarrit
1131 3767 1203 3836 fidei,
1220 3765 1357 3824 secundus
1371 3767 1441 3840 spei,
1456 3767 1552 3824 tertius
1570 3765 1710 3822 charitati:

55 3842 237 3908 diei'arnctat
251 3853 364 3909 verbum
386 3854 446 3910 boe.
471 3854 540 3910 Sunt
562 3862 653 3911 auum
668 3855 787 3913 rationes
801 3855 860 3913 istae
913 3864 941 3912 et
954 3855 1023 3912 sieut
1036 3855 1105 3912 fides
1118 3855 1176 3912 Deo
1191 3871 1241 3913 nos
1254 3863 1381 3928 generat,
1400 3871 1464 3928 apes
1484 3854 1579 3921 nutrit,
1596 3854 1713 3912 ebadtas

56 3955 117 3997 non
131 3941 349 3999 ratiocinantium
373 3944 597 4016 perplexionibus
612 3943 700 4004 ²8⁴1
722 3945 858 4015 insolutae,
913 3953 1094 4012 eonsummat;
1112 3944 1151 4002 sie
1174 3944 1279 4018 primus
1301 3951 1387 4001 status
1410 3944 1437 4001 in
1461 3944 1541 4001 nobis
1565 3944 1712 4001 humanum

56 4028 107 4085 sed
130 4028 165 4084 da
180 4044 256 4086 mera
270 4038 297 4086 et
312 4022 429 4102 simplici
442 4032 556 4088 cantate
572 4049 655 4091 merae
669 4041 697 4090 at
710 4033 858 4107 simplices,
912 4033 1040 4090 affectum
1061 4034 1120 4091 Deo
1143 4033 1266 4102 dedicat3
1281 4034 1417 4090 secundus
1431 4033 1505 4090 exuit
1519 4041 1640 4090 veterem
1661 4033 1712 4090 bo·

56 4118 132 4199 laetae
143 4118 179 4176 de
194 4119 256 4177 oleo
272 4119 373 4177 laeuuae
386 4121 447 4188 liei,
462 4122 569 4180 mellea
583 4123 618 4181 de
632 4123 712 4180 melle
727 4123 803 4192 coeli;
818 4124 860 4180 in-
913 4123 1014 4180 minem
1028 4139 1090 4180 eum
1104 4123 1211 4180 actibus
1225 4123 1292 4191 suis,
1308 4129 1336 4179 et
1349 4123 1439 4178 nadab
1461 4138 1560 4179 norum
1576 4121 1713 4178 hominem

56 4215 202 4265 cantorem
215 4224 295 4265 suum
314 4224 369 4266 non
385 4210 499 4267 seientia
512 4211 650 4281 inflantes,
665 4212 714 4269 sed
728 4212 859 4270 charitate
875 4231 899 4311 n
914 4211 960 4284 qui
974 4212 1122 4269 secundum
1138 4211 1225 4268 ὓοιιιιι
1239 4220 1348 4268 creatus
1361 4219 1404 4268 est
1416 4211 1444 4266 in
1455 4210 1558 4282 justitia
1571 4218 1598 4266 et
1612 4209 1713 4267 sancti·

55 4294 245 4365 aedificamen
260 4296 427 4370 pauperibus
449 4299 544 4372 spiritu
567 4300 723 4373 perfaciles,
743 4302 799 4358 alta
813 4317 858 4357 sa·
903 4308 970 4358 -tate
992 4299 1356 4373 ueritatisidpltes.1v,2i,
1381 4300 1442 4371 ai);
1465 4299 1559 4354 tertius
1581 4313 1711 4354 censum-

54 4385 198 4459 pientibns
218 4385 522 4461 incomprehensibilem
541 4398 595 4445 tam
613 4388 751 4458 efficaces,
765 4398 796 4446 ut
818 4389 857 4448 vi·
914 4396 978 4455 mat,
1000 4389 1111 4461 [leoque
1135 4387 1286 4445 conformat
1300 4395 1328 4457 et
1341 4387 1440 4443 menis
1460 4386 1712 4459 pentateucum

55 4472 858 4550 deaturdictumdceis,Spiritusomuiuscrutcturetium
913 4477 1067 4533 sanctitate.
1090 4476 1152 4533 Sive
1178 4476 1250 4533 enim
1275 4474 1433 4548 prophetiae,
1451 4475 1507 4531 siue
1527 4472 1637 4548 lingua,
1653 4473 1712 4531 sive

53 4562 203 4636 profando
215 4563 547 4635 net(1c0r.n,io);um
561 4564 655 4622 solidae
669 4564 696 4620 iu
711 4580 741 4622 se
756 4572 784 4621 et
798 4568 858 4623 nul·
913 4564 990 4630 fides,
1007 4564 1065 4621 sire
1081 4579 1145 4636 spes
1158 4568 1313 4635 cauisque
1327 4565 1420 4618 omnia
1440 4559 1603 4618 charismata
1616 4576 1709 4617 cessa·

54 4649 111 4706 lius
124 4650 270 4708 extrinseci
279 4660 405 4728 agentes,
415 4661 447 4709 ut
460 4651 562 4710 dietum
577 4652 611 4708 de
626 4653 666 4708 ais
679 4652 856 4728 intelligatur,
911 4654 1002 4709 bunt:
1041 4651 1160 4708 charitas
1188 4653 1279 4707 autem
1305 4666 1445 4725 nunquam
1472 4649 1572 4707 excidit
1599 4649 1626 4722 (i
1644 4651 1707 4709 dor.

54 4737 172 4795 iudicia
179 4738 296 4797 Domini
306 4755 382 4808 cera,
389 4742 551 4813 jsutifieate
562 4742 594 4796 ia
607 4743 758 4814 semetipsa
768 4742 855 4814 (Paul.
913 4757 975 4810 xtra,
991 4741 1030 4812 8).
1047 4739 1185 4798 interdum
1206 4746 1297 4797 antem
1320 4739 1444 4812 superior
1457 4738 1506 4796 ille
1520 4746 1607 4795 status
1622 4736 1709 4799 205

54 4839 138 4891 svnt,
149 4826 201 4894 lt).
212 4826 268 4883 Sed
280 4834 309 4885 et
322 4843 419 4884 omnes
434 4834 491 4885 tres
504 4827 549 4884 isti
563 4843 681 4896 amores,
696 4829 740 4886 vel
757 4829 856 4887 amens
871 4829 875 4837 '
911 4829 989 4904 quasi
1004 4828 1092 4888 vicem
1119 4826 1277 4903 rependens
1299 4827 1456 4903 pedagogis
1475 4835 1504 4885 et
1527 4827 1661 4884 tutoribus
1684 4839 1712 4886 et

54 4923 155 4982 statu,
170 4931 244 4989 sepe
257 4916 309 4973 sibi
323 4925 487 4973 concurrunt
502 4925 529 4975 et
550 4926 741 4990 cooperantur,
757 4925 786 4974 et
799 4935 857 4975 mu·
911 4919 1049 4976 actoribus
1072 4918 1139 4985 suis,
1155 4919 1303 4992 qnamdam
1318 4919 1358 4977 eis
1382 4917 1503 4975 ffivinnm
1526 4914 1653 4973 aflectum
1667 4913 1711 4971 vel

54 5011 102 5060 tna
116 5003 235 5078 quadam
249 5013 277 5061 et
291 5006 378 5062 amics
391 5005 564 5074 liberalitate,
579 5007 614 5063 de
638 5007 735 5082 quibus
757 5008 855 5082 singuli
910 5010 1078 5082 plusquam
1113 5007 1261 5065 humanum
1299 5022 1494 5081 nonnunquam
1531 5003 1656 5069 infuutbt,
1681 5010 1711 5058 nt

52 5091 208 5160 abmdant,
222 5092 337 5152 invicem
352 5095 419 5151 dant
431 5102 459 5150 et
471 5095 624 5169 accipiunt:
639 5098 702 5170 quia
716 5106 745 5154 et
757 5115 855 5170 supre-
910 5097 979 5154 miro
990 5104 1017 5153 et
1030 5094 1168 5183 incognito
1183 5096 1264 5153 modo
1277 5112 1351 5169 saepe
1366 5095 1498 5151 mirentur
1510 5109 1541 5150 se
1555 5091 1613 5163 rapi
1626 5106 1710 5163 snpra

52 5181 155 5238 musin
178 5181 284 5239 delimis
297 5181 434 5242 inferioris
446 5199 522 5256 saepe
535 5184 687 5241 delectatur
706 5193 734 5242 et
754 5187 853 5257 jucnn-
909 5194 996 5255 se;ct
1010 5201 1043 5242 eo
1058 5201 1106 5242 eos
1119 5184 1230 5242 deducit
1252 5192 1281 5241 et
1304 5182 1415 5249 enutrit,
1431 5190 1460 5239 ut
1478 5179 1563 5238 oratio
1586 5179 1631 5236 illa
1650 5180 1707 5253 llo·
1799 5178 1804 5185 '

51 5271 144 5345 datur,
167 5280 197 5330 et
219 5271 332 5331 inferior
359 5288 556 5349 nonnunquam
578 5274 726 5348 superioris
753 5275 854 5349 gaudio
908 5274 977 5346 mini,
989 5274 1159 5346 compleatur
1175 5273 1204 5329 in
1219 5272 1387 5338 aiszrater,
1401 5271 1461 5328 ecio
1479 5274 1513 5327 ut
1529 5269 1606 5327 suut
1617 5285 1665 5344 epa
1679 5275 1708 5328 ct

51 5360 228 5442 perfunditur
261 5369 290 5420 et
315 5360 441 5431 afficitur,
473 5362 564 5421 medio
600 5363 754 5422 alternatim
780 5365 853 5423 inter
908 5370 941 5423 tu
955 5380 1047 5422 uuum
1057 5363 1221 5428 sumunda
1235 5360 1336 5433 ipaiia
1351 5359 1530 5417 ucbuuuum
1544 5359 1705 5433 ciaconus.

51 5460 199 5528 utrumque
212 5451 392 5531 discurrente
408 5460 436 5510 et
450 5452 558 5529 utrique
572 5451 773 5527 congaudente.
791 5524 796 5532 ⁴
906 5470 977 5524 xvir,
994 5450 1102 5522 lt-il).
