3706 5962
94 159 168 220 111,
746 160 940 225 0111111111
963 167 1100 229 marris
1659 243 1667 251 ⁶
1692 164 1762 224 am

95 282 273 358 spiritualium
292 281 435 339 dulcedine
459 299 599 354 sensuum,
624 284 828 343 continentibus
857 288 893 342 fi-
912 310 934 388 p
951 296 1011 366 ejus
1026 295 1071 366 qui
1086 292 1327 363 congregabuntur
1341 287 1404 355 illic,
1419 288 1539 344 animer
1554 287 1664 361 eosqui
1678 306 1746 346 con·

96 372 171 449 garis
193 386 243 428 nos
266 370 328 426 facit
351 371 490 429 oblectari.
515 371 614 429 Vinum
629 390 690 429 cum
717 373 786 431 lacte
815 374 895 447 bibit,
950 381 1175 458 gregnbunturiu
1203 377 1416 452 congregatione
1441 378 1521 432 nnius
1547 376 1630 433 fascis
1653 377 1680 432 in
1704 378 1747 433 la-

97 461 161 535 quie
173 460 302 517 sublimes
320 475 417 515 sensus
432 467 459 516 et
475 461 895 534 excedentescontemplationes
949 475 1034 529 cum?
1054 472 1125 526 inter
1147 470 1258 539 zizania,
1288 484 1323 522 au
1351 467 1422 522 inter
1443 466 1588 522 aromata?
1612 467 1655 522 nn
1677 468 1748 524 forte

98 550 163 607 fidei
177 556 206 606 θῑ
223 564 327 605 m0r¹1¹ss
352 548 523 621 simplicitate
547 559 681 623 temperat
708 560 735 608 ef
764 553 895 609 indulcat·
950 561 1030 618 ctiam
1054 567 1174 617 vestrum
1200 559 1235 614 de
1261 557 1339 613 vobis
1362 555 1504 611 arbitrium
1527 554 1657 611 baesitat‘?
1680 555 1750 625 Quis

99 639 155 695 Zeli
169 639 304 695 fervorem
320 637 416 709 diligit,
432 639 455 694 si
470 645 561 695 tamen
584 640 683 696 adsunt
708 642 793 697 lactea
818 659 897 715 quae·
949 649 1109 721 gloriabitur
1124 647 1152 702 iu
1171 662 1238 718 agro
1254 660 1302 700 sno
1318 660 1346 699 se
1363 642 1429 698 nihil
1444 642 1545 699 habere
1560 643 1749 700 zizaniorum?

99 729 161 785 dam
176 726 297 784 fomenta
310 727 500 800 parvulorum.'
510 729 577 784 Cum
593 729 693 786 fuerint
704 747 824 803 expensa
838 733 897 788 haec
951 739 1024 795 Felix
1042 738 1071 792 in
1086 752 1139 808 quo
1154 750 1250 807 pamm
1265 733 1328 806 quid
1344 744 1396 800 est,
1412 740 1439 786 et
1454 731 1483 785 id
1497 733 1585 803 ipsum
1595 748 1649 789 non
1661 733 1752 789 excul-

100 817 199 891 omnia,
214 832 277 872 cum
291 816 498 889 pertransierint
513 824 637 890 tempora
651 829 820 892 martyrum
837 837 897 876 eum
951 835 1017 890 tuni,
1034 842 1089 881 nou
1104 824 1198 893 fotum,
1212 821 1261 879 sed
1277 820 1403 876 furtivum
1419 827 1445 874 et
1464 820 1575 875 latitans
1588 819 1617 875 in
1632 820 1750 892 quadam

100 908 227 965 doctores
240 907 318 980 quasi
338 905 446 978 quidam
466 906 518 962 tavi
547 907 708 979 sapientiam
727 910 899 966 continentes
951 922 1102 969 aromatum
1116 912 1250 978 ubertate,
1266 917 1294 962 et
1309 906 1393 979 quod,
1413 905 1497 962 tao
1520 907 1611 961 statim
1626 925 1686 963 cum
1703 908 1752 962 ad·

101 995 129 1052 in
144 995 274 1069 mysterio
288 995 488 1062 absconditam,
508 996 688 1054 ministerium
703 998 900 1070 compleverint
952 1001 1042 1068 vertit,
1063 999 1153 1057 avellit
1168 1000 1249 1054 homo
1271 996 1306 1052 ab
1320 996 1399 1052 horto
1416 1009 1476 1051 suo.
1494 996 1542 1050 l'ae
1564 996 1639 1065 mibi,
1656 997 1752 1052 Domi-

101 1102 190 1154 suum,
207 1092 243 1151 et,
265 1083 491 1155 disputationibus
511 1086 698 1142 baereticorum
714 1087 810 1157 pressi,
828 1087 899 1144 mel·
953 1108 997 1158 ne,
1015 1093 1049 1146 ab
1069 1088 1274 1161 imperfectione
1301 1101 1372 1152 mea,
1396 1085 1419 1139 si
1448 1086 1530 1140 1101110
1561 1086 1644 1141 durus
1671 1102 1712 1150 es,
1729 1085 1752 1139 si

100 1173 170 1230 leam
185 1171 338 1229 doctrinam
354 1172 548 1244 profuderint;
572 1190 632 1230 cum
647 1191 780 1231 numeros
793 1191 858 1232 suos
873 1184 901 1232 et
952 1190 1063 1236 exactor
1084 1185 1218 1247 austerus,
1241 1176 1263 1230 si
1289 1173 1386 1231 tollens
1410 1172 1482 1244 quod
1506 1189 1561 1229 non
1586 1173 1709 1245 posuisti,
1724 1180 1752 1229 et

101 1263 160 1318 dies
174 1261 369 1334 compleverint
379 1262 421 1318 vel
437 1262 540 1334 parvuli
556 1264 602 1335 qui
618 1264 685 1320 lactc
701 1264 839 1328 foventur,
858 1264 901 1321 vel
954 1275 1060 1324 metens
1072 1265 1146 1338 quod
1156 1281 1210 1321 non
1221 1262 1374 1319 seminasti!
1389 1258 1438 1317 Vae
1448 1259 1524 1327 mibi,
1535 1261 1558 1316 si
1574 1268 1660 1316 totum
1671 1260 1750 1317 ruetis

103 1351 241 1408 ferventes
268 1349 362 1422 spiritu
390 1351 436 1423 qui
462 1351 589 1407 inebriati
618 1352 679 1409 vino
704 1351 799 1425 gratiae
828 1353 900 1408 obli·
954 1357 1026 1428 quod
1041 1353 1193 1419 seminasti,
1204 1353 1262 1408 siue
1272 1349 1433 1408 remissione
1444 1358 1471 1404 et
1481 1348 1589 1421 pietatis
1601 1351 1748 1420 respectu!

102 1439 240 1496 viscuutur
263 1455 324 1511 quae
344 1448 416 1495 retm
432 1447 519 1496 sunt:
545 1456 607 1495 cum
630 1449 816 1497 consummata
843 1442 902 1497 baro
956 1461 1018 1500 nam
1033 1458 1088 1499 uon
1111 1451 1205 1513 totum,
1229 1439 1303 1512 quod
1324 1437 1352 1493 in
1376 1453 1420 1493 me
1444 1436 1594 1504 seminasti,
1620 1438 1753 1495 excrevit.

102 1527 313 1584 omniafuerint
336 1527 494 1600 [nonenim
519 1529 643 1585 transibit
668 1546 738 1585 unus
763 1545 833 1601 apex
858 1536 903 1586 aut
957 1533 1064 1590 Utinam
1091 1533 1208 1603 myrrhae
1238 1545 1305 1585 mere
1333 1534 1477 1598 acceptum
1504 1526 1627 1600 digneris
1651 1527 1755 1583 habere

102 1632 186 1673 uuum
214 1615 268 1671 iota
293 1617 327 1672 de
355 1615 417 1690 lege
441 1617 530 1672 donec
553 1618 642 1673 omnia
659 1617 726 1674 fiunt
745 1619 858 1690 (lfatttr.
874 1636 902 1687 v,
922 1621 1124 1729 Biasciculum,
1140 1619 1210 1676 utin
1230 1618 1320 1675 medio
1339 1618 1452 1673 uberum
1479 1622 1586 1672 tuorum
1602 1631 1756 1673 commore-

104 1704 171 1778 tt)],
188 1713 251 1760 tuuc
274 1705 419 1760 exsultabit
442 1704 531 1760 omnis
558 1706 680 1762 Ecclesia
704 1715 860 1762 sanctorum
890 1726 905 1764 a
959 1721 1012 1767 tur.
1031 1710 1139 1767 Utinam
1167 1716 1318 1764 aromatum
1338 1722 1461 1761 meorum
1485 1720 1570 1777 vapor
1594 1704 1757 1776 exiguusad

105 1792 241 1849 tamduloi
255 1793 359 1858 auditu,
380 1795 446 1851 Veni
459 1793 616 1850 intortum
631 1811 739 1862 11100111,
750 1813 829 1852 soror
844 1813 906 1853 mec
960 1800 1095 1856 modicum
1119 1813 1219 1871 pareus
1233 1796 1266 1851 ad
1288 1802 1314 1852 te
1330 1794 1468 1850 ascendat.
1492 1793 1561 1848 Nam
1586 1791 1693 1865 quando
1709 1791 1757 1847 tibi

103 1896 217 1954 sponso.
239 1883 340 1938 Maccui
364 1883 512 1954 myrrham
534 1901 628 1940 mecm
646 1899 709 1940 cem
732 1888 907 1944 aromatites
960 1889 1073 1945 offeram
1088 1887 1225 1961 integrum
1242 1884 1330 1940 favum
1345 1881 1571 1955 mellisiqnando
1581 1881 1628 1935 tibi
1643 1879 1758 1935 efferam

104 1971 467 2042 mctacomcdisceomeum
477 1970 907 2039 mcttcmco,bibivinummeum
960 1977 1164 2033 meditationem
1186 1973 1322 2029 assiduam
1336 1971 1364 2026 in
1379 1971 1440 2043 lege
1456 1972 1524 2026 tua?
1538 1969 1648 2040 quando
1662 1984 1760 2040 puram

105 2076 172 2119 cem
191 2061 688 2129 1011111100.1110111,001110111’,11111.·
703 2064 908 2134 praeteritisunt
961 2075 988 2122 et
1008 2065 1115 2137 plenam
1137 2062 1342 2134 intelligentiam
1368 2059 1548 2130 spiritualium
1572 2065 1759 2114 sacramento·

106 2147 237 2219 temporis
251 2147 308 2205 haec
322 2149 417 2214 verba,
434 2150 726 2207 etconsnmmatiouem
743 2153 906 2226 completam
962 2155 1043 2213 rum?
1062 2152 1170 2226 quando
1185 2151 1346 2224 sapientiam
1360 2148 1496 2217 melleam,
1513 2162 1594 2219 quam
1610 2145 1708 2201 Paulus
1720 2145 1761 2201 lo-

106 2236 270 2310 signifrcant,
287 2253 319 2292 ac
342 2237 365 2291 si
380 2237 461 2307 dicat,
478 2237 699 2296 consummatum
714 2248 765 2298 est.
794 2243 859 2299 Veni
876 2245 909 2299 ia
962 2245 1052 2317 quitur
1079 2243 1151 2298 inter
1179 2240 1339 2314 periectos?
1363 2239 1389 2310 (l
1409 2241 1471 2295 Cor.
1492 2253 1523 2293 11.
1546 2241 1586 2306 t.)
1610 2236 1679 2290 Nam
1693 2236 1762 2290 sicut

108 2328 223 2385 bortum
232 2341 339 2394 mcum,
354 2343 433 2385 soror
445 2342 509 2384 mcc
522 2344 634 2401 sponse.
648 2330 747 2388 lfessui
762 2331 909 2404 myrrham
963 2332 1067 2390 cellulis
1086 2332 1161 2386 favus
1176 2329 1275 2399 mellis,
1290 2329 1328 2383 ita
1343 2326 1495 2400 purissimis
1510 2325 1659 2399 figurarum
1671 2339 1763 2380 sacra·

107 2432 200 2471 mecm
214 2430 280 2471 eam
293 2416 466 2473 aromatibus
480 2419 564 2473 meis.
582 2417 613 2472 ln
634 2419 740 2474 bortum
758 2420 844 2486 illum,
862 2421 909 2476 ubi
964 2420 1063 2478 mentis
1086 2418 1205 2476 cmlestis
1219 2417 1352 2490 sapientia
1377 2416 1541 2486 continetur,
1557 2422 1587 2469 ut
1601 2406 1762 2468 1110101001-

108 2519 194 2576 prope
210 2519 359 2574 erumpens
374 2503 445 2559 nulla
460 2503 549 2561 urtica
570 2504 688 2563 liliorum
713 2509 828 2582 gratiam
848 2526 911 2566 con·
963 2509 1063 2565 latione
1084 2513 1112 2564 et
1135 2514 1303 2563 sacramenta
1325 2504 1425 2560 veritas
1445 2502 1560 2574 figurata
1580 2499 1764 2564 commendet,

109 2592 207 2659 tristet,
218 2591 266 2647 ubi
278 2600 439 2648 vernantem
455 2608 545 2650 rosam
558 2595 690 2666 asperitas
701 2596 841 2667 spinarum
855 2614 910 2654 11011
965 2607 992 2654 et
1012 2613 1067 2652 non
1086 2611 1181 2669 parum
1211 2594 1306 2667 gratim
1335 2593 1423 2647 trabat
1451 2590 1511 2661 ipsa
1537 2589 1637 2645 veritas
1665 2586 1765 2643 talibus

109 2681 201 2747 violet,
216 2680 263 2735 ubi
277 2681 359 2736 arbor
377 2681 450 2736 nulla
465 2687 506 2737 est
525 2682 602 2752 cujus
617 2683 652 2738 sit
680 2683 842 2742 interdictus
866 2704 912 2744 ac·
966 2684 1043 2758 quasi
1057 2683 1133 2740 cellis
1148 2698 1287 2754 expressa.
1303 2680 1418 2750 Quando
1433 2679 1481 2734 tibi
1496 2678 1524 2732 iu
1543 2677 1659 2750 quodam
1674 2675 1765 2732 cordis

109 2785 214 2827 cessus.
236 2769 345 2825 Veniiu
360 2769 474 2826 bortum
498 2786 603 2839 meam,
620 2787 699 2828 soror
716 2788 779 2829 men
799 2791 911 2846 sponsu.
966 2772 1018 2828 mei
1044 2781 1160 2839 cratere,
1176 2770 1230 2828 vini
1247 2777 1274 2824 et
1298 2767 1461 2824 lactisiliam
1488 2773 1584 2838 potero
1600 2771 1766 2835 tempemtu·

112 2857 212 2916 11011111
221 2857 466 2929 myrrltemmcom
473 2860 718 2917 cumnromntidus
725 2863 912 2920 01011111111110
967 2860 1178 2917 remmiscere?
1194 2860 1320 2915 Raraest
1340 2858 1456 2913 mixtura
1480 2857 1547 2923 brec,
1565 2861 1594 2909 ut
1613 2853 1659 2925 qui
1673 2860 1766 2908 mente

111 2946 175 3021 quia
193 2961 248 3002 non
263 2945 340 3001 metit
355 2945 407 3000 nisi
422 2947 495 3019 quod
515 2963 595 3003 suum
614 2958 667 3015 est,
684 2949 734 3004 nisi
758 2951 831 3023 quod
854 2952 913 3024 ipse
968 2947 1075 3006 excedit
1102 2946 1166 3014 Deo,
1191 2945 1298 3001 sobrius
1331 2961 1390 3002 esse
1424 2944 1519 3010 discat,
1545 2948 1575 2997 ut
1600 2940 1653 2996 alta
1677 2941 1768 2997 sciens

111 3033 322 3109 praeseminavit.
340 3035 409 3091 Vere
424 3052 519 3093 servus
540 3036 584 3093 ille
607 3036 694 3093 malus
709 3046 736 3094 et
758 3039 848 3111 piger,
868 3042 914 3113 qui
930 2990 951 3068 c
968 3035 1120 3093 consentiat
1136 3033 1299 3102 humilibus;
1316 3032 1443 3106 parvulus
1458 3032 1514 3103 frat,
1531 3031 1577 3103 qui
1591 3030 1695 3102 puriori
1709 3029 1768 3087 iue-

112 3123 230 3198 pigritiae
248 3140 304 3179 suae
328 3137 438 3179 causam
468 3123 495 3180 in
520 3125 660 3181 domiuum
688 3126 913 3199 interpretatione
969 3125 1073 3181 briatur
1087 3123 1235 3179 intellectu.

113 3212 234 3284 maligna
248 3212 413 3268 transfudit:
436 3214 497 3272 Scio
526 3217 592 3290 quic
612 3215 692 3274 borao
710 3222 845 3274 caeterea
874 3236 913 3286 es,
1005 3218 1031 3270 i·
1048 3213 1169 3282 Quantus
1193 3211 1279 3277 fatus,
1296 3225 1376 3280 ‘tumn
1405 3212 1514 3281 lsstlfssss
1539 3222 1620 3280 quam
1647 3208 1719 3263 ”bel
1733 3206 1769 3262 “d

116 3301 916 3375 tollensqeodcooperuistietmetecselrinonterminasti
971 3303 1080 3359 cmleste
1101 3302 1141 3356 his
1165 3301 1262 3356 diebus
1285 3307 1326 3356 est
1346 3298 1493 3353 translatus
1506 3296 1669 3364 convivium,
1687 3296 1769 3351 dom-

114 3390 626 3464 (11011111111111111111001301111
650 3394 845 3466 qtrodomirms
861 3412 915 3453 uon
972 3409 1036 3446 num
1059 3390 1260 3447 liievallcnsem
1285 3387 1346 3443 dico
1361 3384 1486 3442 abbatem
1516 3386 1564 3457 (Β),
1589 3385 1666 3454 cujus
1691 3382 1771 3439 nobis

117 3477 220 3535 invenit
233 3476 306 3554 quod
325 3487 440 3536 meteret
455 3498 462 3538 2
485 3487 512 3537 et
526 3496 591 3538 rere
606 3481 705 3554 malus,
722 3485 778 3556 qui,
799 3485 915 3558 diligen·
972 3482 1035 3535 dum
1051 3480 1137 3536 lecum
1153 3479 1235 3534 istum
1246 3483 1406 3545 tractamus,
1417 3474 1557 3529 nuntiatus
1572 3480 1613 3531 est
1627 3473 1769 3532 transitus.

117 3568 182 3623 tiam
197 3567 325 3624 metentis
348 3567 450 3624 domiui
478 3568 505 3623 in
529 3569 658 3627 duritiam
682 3589 811 3644 perverso
835 3591 917 3630 sensu
972 3569 1085 3624 Videtur
1116 3567 1182 3622 mihi
1211 3565 1238 3620 in
1266 3565 1320 3631 iilo,
1350 3565 1415 3619 dum
1448 3562 1569 3618 sublatus
1598 3569 1648 3627 est,
1675 3563 1772 3617 hortus

119 3656 261 3722 convertit,
282 3655 448 3712 infructuose
471 3658 545 3728 qnod
567 3669 712 3731 acceperat
738 3678 861 3735 servans,
891 3669 919 3719 et
974 3666 1066 3713 noster
1081 3673 1142 3713 esse
1158 3657 1286 3721 nudatus,
1311 3662 1337 3709 et
1361 3652 1493 3726 grandem
1515 3651 1640 3724 agricolae
1653 3652 1713 3706 Deo
1728 3666 1772 3707 re·

34 3787 47 3805 .
119 3744 251 3817 injuriose
266 3744 300 3798 de
314 3744 387 3799 bono
401 3744 511 3801 domino
527 3746 658 3803 sentiens.
682 3748 742 3804 Nou
767 3751 845 3807 metit
867 3753 919 3808 Do-
975 3748 1097 3820 signasse
1113 3744 1270 3802 fasciculum
1286 3743 1414 3816 myri-bae.
1432 3741 1528 3798 Nullus
1543 3740 1643 3796 talisin
1658 3738 1772 3795 alveari·

120 3834 210 3890 minus
232 3833 312 3888 lesus
330 3831 383 3886 nisi
407 3833 480 3905 quod
503 3833 656 3902 seminavit,
682 3853 736 3893 uon
760 3839 837 3895 metit
867 3840 919 3895 nisi
976 3839 1026 3895 bus
1044 3837 1143 3893 nostris
1158 3836 1270 3891 relictus
1284 3843 1325 3890 est
1340 3833 1425 3890 favus.
1444 3834 1594 3905 Utrumque
1608 3833 1635 3886 iu
1650 3830 1697 3886 illo
1712 3846 1773 3887 cer-

121 3940 210 3979 suum.
237 3920 316 3992 Quod
340 3919 464 3977 inimicus
493 3921 573 3978 bomo
602 3927 802 3997 superseminat
832 3929 921 3986 tritico
976 3935 1124 3994 nereerat,
1146 3931 1174 3981 et
1202 3923 1287 3979 tuellis
1315 3923 1415 3987 favum,
1432 3930 1458 3978 et
1482 3923 1600 3993 myrrhae
1616 3919 1773 3977 fasciculum

121 4028 182 4077 suo,
197 4024 253 4065 nou
268 4008 346 4064 metit
359 4008 435 4079 illud,
455 4012 504 4067 sed
532 4011 622 4068 mittet
635 4013 757 4087 Angelos
776 4017 821 4088 qui
846 4018 921 4073 colli·
977 4034 1037 4075 cum
1052 4015 1219 4072 aromatibus
1233 4013 1321 4069 bonis.
1339 4012 1405 4081 Quis
1425 4011 1471 4068 illo
1486 4013 1529 4067 vel
1544 4011 1597 4069 rita
1613 4011 1714 4083 purior,
1729 4010 1774 4068 vel

123 4107 189 4174 gant
202 4097 314 4163 aizama,
331 4105 358 4154 et
372 4097 472 4155 faciant
484 4099 627 4158 fasciculos
641 4103 675 4157 ad
695 4106 921 4176 comburendam,
977 4106 1100 4162 doctrina
1114 4101 1298 4175 prudentiori
1313 4100 1379 4170 Quis
1397 4101 1485 4172 magis
1498 4101 1545 4156 illo
1560 4100 1601 4156 vel
1617 4107 1736 4173 aegrotus
1746 4099 1774 4154 in

124 4187 172 4262 qui
184 4186 314 4260 colligant
327 4185 362 4243 de
378 4203 463 4263 regno
478 4190 538 4258 eius
556 4191 647 4246 omnia
665 4193 794 4250 scandala
809 4196 921 4267 (lfctttt.
978 4210 1069 4261 carne,
1087 4194 1130 4249 vel
1145 4192 1235 4249 alacer
1249 4192 1276 4246 in
1292 4190 1411 4263 spiritu‘.t
1431 4191 1528 4247 Sermo
1543 4190 1613 4261 eJus,
1634 4188 1712 4262 quasi
1725 4204 1774 4245 ee·

124 4293 187 4348 11111,
207 4279 299 4346 2130,
322 4277 424 4349 31-42).
441 4279 513 4351 Ergo
534 4278 611 4351 prius
625 4297 741 4353 regnum
756 4300 834 4339 suum
859 4302 923 4356 pur·
940 4323 962 4400 n
980 4301 1051 4352 reus,
1068 4282 1192 4338 melleam
1211 4281 1368 4337 effundebat
1389 4279 1539 4336 scientiam.
1555 4279 1642 4335 Carne
1665 4278 1775 4352 laugui-

124 4375 171 4440 gat
184 4382 201 4421 a
215 4365 360 4429 scandalis,
383 4382 480 4442 agmm
497 4384 576 4424 suum
600 4385 617 4424 a
632 4370 750 4438 zizaniis,
768 4379 795 4427 et
816 4374 923 4429 bortum
980 4376 1041 4443 dus,
1056 4373 1143 4448 magia
1159 4380 1249 4428 umen
1264 4371 1336 4427 intus
1351 4369 1379 4425 in
1403 4369 1499 4441 spiritu
1514 4368 1667 4425 caelestium
1681 4382 1776 4423 amore

125 4456 253 4513 suamab
276 4454 363 4511 inutili
378 4455 514 4530 germine,
531 4466 559 4514 ut
574 4459 683 4515 nonnisi
697 4476 776 4516 suum
793 4469 877 4518 metat
897 4472 925 4521 et
981 4462 1136 4537 languebat.
1152 4462 1289 4531 Myrrhata
1313 4475 1406 4523 carue,
1424 4467 1516 4514 mente
1540 4455 1697 4524 aromatica,
1713 4470 1776 4511 cre·

123 4545 245 4619 ⁰⁰ffifffli·
981 4551 1098 4608 mationa
1118 4548 1256 4617 continua,
1272 4547 1403 4603 indefessi
1425 4546 1527 4604 amoris
1550 4544 1718 4603 odoriferum
1734 4544 1778 4598 in-

161 4638 187 4689 3.
205 4633 328 4690 simodo
343 4634 433 4690 veniat
446 4636 536 4706 lesus,
561 4646 639 4693 sonet
653 4653 705 4695 vox
725 4640 825 4713 angeli,
847 4642 925 4697 terri·
980 4656 1092 4698 censum
1106 4637 1250 4695 offerebat.
1262 4637 1382 4707 Corpore
1396 4636 1533 4692 desiccato
1548 4643 1576 4690 et
1585 4635 1672 4700 arido,
1683 4632 1777 4688 anima

85 4750 90 4757 ·
126 4720 217 4777 biliter
231 4720 336 4776 intonet
350 4721 495 4779 novissima
510 4725 585 4795 tuba,
601 4726 768 4796 producatur
780 4729 923 4800 judicium,
981 4733 1041 4801 ujus
1054 4729 1123 4784 sicut
1136 4726 1216 4798 adipe
1231 4734 1258 4782 et
1281 4725 1446 4799 pinguedine
1472 4725 1645 4797 repiebatur:
1662 4722 1725 4778 ideo
1739 4721 1778 4775 la·

126 4809 198 4883 ignis
212 4808 240 4865 in
254 4817 402 4881 conspectu
414 4812 474 4882 ejus
490 4813 659 4880 exardescat,
671 4816 818 4874 advocetur
826 4819 925 4876 coelum
981 4819 1032 4874 biis
1044 4815 1229 4874 exsultationis
1243 4814 1362 4870 laudabit
1376 4814 1522 4870 Dominum
1538 4829 1648 4883 sempor
1660 4827 1692 4866 os
1707 4813 1777 4881 ejas,

125 4900 278 4966 desursum,
295 4906 322 4955 et
337 4908 410 4955 terra
425 4899 581 4959 discernere
598 4904 727 4978 populum
738 4923 816 4964 suum
838 4909 924 4980 (Psoi.
982 4909 1057 4964 favus
1084 4904 1216 4961 distillans
1238 4903 1310 4959 labia
1334 4903 1427 4975 ipsius.
1445 4903 1514 4958 Nam
1535 4910 1606 4958 totus
1628 4914 1780 4957 conversus

126 4992 249 5059 ss11232
267 4987 304 5057 l),
321 4989 412 5059 eiiam
429 4990 486 5047 baec
506 4991 596 5046 omnia
611 4993 701 5052 subito
715 5012 765 5054 ros
788 5014 928 5069 praeoccu-
981 4998 1008 5051 in
1032 4993 1113 5058 labia,
1139 4991 1262 5048 modesto
1281 4992 1365 5060 vultu,
1388 5000 1415 5048 et
1439 4992 1522 5048 totius
1546 4989 1670 5062 corporis
1684 4987 1780 5043 babitu

127 5086 207 5150 pent3
223 5079 258 5134 de
269 5076 374 5133 meritis
388 5079 579 5152 vestrisquam
595 5084 725 5141 teneretis
739 5086 927 5143 sententiam?
982 5081 1136 5156 tranquillo,
1153 5096 1264 5138 serenos
1285 5081 1367 5136 animi
1392 5081 1525 5153 prodebat
1544 5078 1669 5136 affectus.
1691 5079 1780 5134 Sansu

128 5166 180 5222 Ubi
195 5174 287 5224 vestro
302 5166 400 5223 essetis
419 5168 569 5226 collocandi
582 5171 684 5241 judicio
698 5173 713 5227 i
727 5174 800 5231 iuter
818 5184 927 5233 sanctos
982 5172 1143 5246 perspicuus
1157 5178 1227 5231 erat,
1243 5185 1368 5226 sermone
1384 5184 1438 5224 non
1453 5184 1587 5241 praeceps.
1597 5164 1721 5222 llodeste
1736 5178 1781 5220 ro-

165 5293 206 5366 (3)
224 5293 372 5351 aelredum
395 5293 522 5352 abbatem
545 5297 742 5356 liieralleusem
765 5299 792 5355 in
821 5302 914 5358 101111
981 5307 1059 5356 110110
1085 5297 1119 5354 ad
1143 5297 1285 5370 epistolam
1329 5296 1425 5352 rimam
1448 5294 1475 5349 S.
1500 5291 1647 5371 bernardi..
1670 5288 1783 5370 aelredi

127 5378 181 5444 (110
195 5363 262 5420 ⁰biit
275 5381 347 5420 anuo
362 5366 449 5422 aetatis
462 5383 519 5424 sue
533 5369 769 5443 quinquagesimo,
780 5372 831 5426 sub
857 5318 928 5429 rien!
980 5387 1064 5443 opera
1078 5370 1162 5427 babes
1175 5369 1203 5424 in
1217 5313 1383 5450 11111101ἳο01
1399 5367 1445 5423 SS.
1461 5366 1581 5429 Patmm,
1597 5370 1624 5418 et
1640 5377 1668 5416 m
1684 5359 1783 5416 Bibbo·

129 5448 185 5491 nco
201 5435 233 5506 ll,
258 5451 323 5509 rege
346 5437 506 5508 nngtomm
528 5454 600 5496 anno
627 5440 733 5499 Domini
758 5445 838 5498 1166.
859 5442 927 5504 Vide
981 5443 1060 5499 theca
1072 5442 1179 5498 Petrum
1194 5440 1428 5506 cisterciensium,
1447 5443 1519 5494 tomo
1533 5434 1578 5490 lll.
