3706 5962
153 217 207 304 ae
766 236 1187 302 rnuauncumnrrconun
1746 239 1800 298 rer

154 367 253 427 ceritas
267 363 453 437 confessionis,
469 362 617 421 secundum
638 363 737 423 ionnat
753 364 856 436 iustitia
870 370 989 457 recten
1005 363 1125 421 moribus
1138 365 1194 422 suis
1217 363 1397 440 pugnaverint
1416 371 1510 420 eontra
1528 376 1582 417 me.
1607 360 1708 418 Contra
1733 377 1803 434 quos

151 454 321 513 intentionis.
335 453 413 511 Unde
427 451 515 511 dicit:
1003 468 1064 509 oum
1083 468 1232 526 pugnarem
1256 452 1406 526 arguendo,
1430 449 1610 516 obsecrando,
1621 449 1800 524 increpando,

188 548 234 601 2⁰.
248 544 328 602 Siout
343 542 526 601 tabernaculo
538 542 634 609 Cadur,
645 542 673 598 id
684 549 735 608 est,
748 543 877 600 tenebrae.
889 541 950 597 Nou
1004 540 1799 611 rosunummecmtodeminvinensuuoeunur,1,a):

153 648 211 688 surn
226 631 405 688 tabernacula
423 630 520 701 cedar,
540 631 588 687 sed
606 632 679 687 sicut
701 629 882 688 tabernacula
899 630 950 685 Ce-
1003 632 1031 688 id
1058 639 1110 698 εει,
1138 630 1244 704 seipsos
1271 630 1463 688 commiserunt
1495 626 1562 683 mibi
1592 627 1800 693 custodiendum

153 721 224 777 dur:
240 726 265 775 et
279 719 302 774 si
316 718 354 775 lui
368 719 582 788 tabernaculum,
602 718 645 775 vel
660 717 729 774 sicut
742 715 950 774 tabernaculum
1003 719 1048 774 atii
1070 734 1121 791 per
1134 718 1334 777 contentionem
1348 726 1376 775 et
1389 716 1528 787 invidiam,
1540 723 1570 772 ut
1579 716 1648 773 sicut
1657 716 1721 773 dicit
1730 718 1803 789 Apo

153 808 251 876 Cedar,
275 808 303 864 id
323 815 365 864 est
389 808 516 864 habitatio
540 807 728 876 tenebrarum,
746 805 950 863 tabernaculum
1004 808 1099 879 stolus,
1125 808 1290 866 suscitarent
1313 821 1466 879 pressuram
1491 804 1708 889 tribulationibus
1732 806 1802 862 meis

153 898 201 967 lui,
221 913 276 955 non
295 898 391 953 domus
407 896 575 953 mansionis:
592 895 690 953 luimus
708 894 781 954 enim
805 893 951 967 aliquando
1003 896 1137 971 (Plritipp.
1155 912 1174 962 r,
1196 897 1257 967 l'l);
1271 894 1317 950 alii
1331 910 1382 967 per
1396 894 1493 950 bonam
1522 892 1696 949 voluntatem.
1717 895 1801 952 lineo

152 988 284 1055 tenebrae,
304 1002 376 1042 nuuc
394 992 486 1041 autam
505 985 549 1040 lux
568 984 595 1040 in
613 983 743 1042 Domino.
764 983 843 1041 Sicut
864 982 950 1058 peltes
1003 985 1118 1042 Domini
1134 983 1262 1052 sabaotb,
1278 983 1375 1040 domm
1391 983 1535 1041 laruatust
1551 981 1628 1053 (lsai.
1651 996 1679 1047 r,
1695 981 1738 1053 7);
1760 982 1800 1037 vi-

153 1076 318 1134 Sutomonis.
339 1073 405 1131 Viro
424 1072 507 1140 enim,
526 1074 583 1144 jam
602 1087 658 1130 non
675 1088 738 1146 ego,
758 1071 823 1128 vivit
836 1086 902 1128 vero
923 1071 950 1126 in
1004 1074 1047 1139 tis,
1068 1074 1205 1140 Christum
1223 1072 1326 1145 palmes
1348 1072 1506 1144 productus,
1531 1077 1659 1142 peccator
1680 1084 1799 1127 conver-

152 1179 197 1219 me
216 1162 353 1228 Christum
373 1161 400 1216 id
420 1168 471 1227 est,
492 1160 656 1232 praeteritam
675 1158 846 1231 nigredinem
860 1174 950 1215 meam
1004 1176 1065 1231 sus,·
1078 1160 1193 1229 tructus,
1213 1159 1316 1217 tructus
1330 1159 1405 1232 digni
1423 1157 1600 1231 poenitentiae.
1623 1158 1723 1214 Contra
1747 1158 1800 1215 hos

153 1251 220 1323 tegit
235 1249 303 1307 fides
317 1249 426 1306 Christi.
446 1248 513 1318 Quae
532 1250 603 1305 bene
621 1247 721 1305 dicitur
739 1246 817 1319 pellis
830 1245 950 1302 Salomo-

153 1340 205 1409 nis,
222 1340 284 1413 quia
307 1338 388 1395 ducta
409 1338 443 1394 de
467 1346 555 1395 morte
578 1338 688 1404 Christi,
713 1352 817 1408 nosque
833 1335 949 1393 mortifi-

152 1444 230 1495 cans,
245 1426 419 1483 tabernaculo
434 1427 532 1493 cedar,
544 1426 572 1481 iul
587 1434 629 1482 eat
643 1424 795 1482 tenebrosae
805 1423 948 1481 couscien-

1003 1249 1067 1305 dum
1090 1264 1191 1322 pugno,
1218 1256 1245 1306 et
1268 1248 1441 1322 postmodum
1463 1245 1649 1305 custodiendis
1677 1246 1798 1323 invigilo,

1003 1337 1070 1395 dum
1084 1337 1154 1394 siout
1170 1337 1254 1394 Jacob
1272 1335 1377 1393 allicior
1393 1342 1459 1392 aestu
1473 1351 1522 1407 per
1536 1334 1618 1400 diem
1633 1340 1661 1390 ot
1675 1350 1725 1407 per
1738 1349 1800 1391 noe

1003 1433 1058 1482 tem
1073 1426 1145 1501 gelu,
1161 1439 1216 1482 non
1230 1434 1273 1482 est
1286 1425 1382 1481 mirum
1398 1424 1421 1480 si
1440 1422 1604 1480 decoloravit
1616 1437 1661 1479 me
1674 1421 1725 1479 sol.
1744 1422 1798 1478 Sed

153 1517 207 1583 tiae,
222 1516 396 1589 superducta,
418 1515 529 1587 dignam
538 1514 600 1571 lacit
623 1513 792 1570 mansionem
814 1527 881 1568 vero
895 1513 948 1568 Sa·
1002 1529 1064 1570 cum
1078 1520 1169 1570 custos
1187 1512 1276 1585 posita
1290 1513 1317 1568 in
1332 1511 1430 1578 vineis,
1450 1510 1545 1568 laboro
1559 1510 1588 1567 in
1602 1509 1707 1577 alienis,
1721 1512 1799 1569 otne-

153 1602 267 1663 lomoni.
289 1606 398 1661 Poterat
416 1603 489 1661 enim
510 1604 602 1660 dicere
624 1603 710 1659 lluter
727 1600 835 1659 Domini
856 1601 948 1665 llaria
1002 1619 1050 1659 um
1059 1619 1151 1660 meum
1160 1618 1217 1660 non
1227 1599 1375 1659 custodiat.
1387 1599 1498 1656 Custodi
1507 1607 1613 1666 eam,tn
1622 1597 1669 1673 qui
1678 1598 1799 1656 custodis

152 1693 315 1751 udmntibus
329 1694 364 1749 de
379 1709 408 1748 se
429 1691 535 1747 liliabus
555 1691 726 1748 Jerusalem:
742 1690 826 1764 Nigra
841 1705 900 1744 surn
915 1703 948 1744 aa
965 1682 988 1761 Β
1003 1689 1096 1757 lsrael,
1121 1697 1236 1763 propter
1258 1705 1340 1764 quern
1364 1688 1472 1763 neglexi
1493 1703 1565 1755 cem,
1585 1696 1698 1761 propter
1715 1703 1798 1761 quern

155 1791 251 1839 natura
269 1782 347 1847 Adae,
366 1778 415 1836 sed
436 1778 555 1835 formosa
574 1794 607 1835 ex
627 1778 690 1845 lide,
712 1777 740 1832 id
760 1783 812 1844 εει,
828 1792 862 1832 ex
878 1775 948 1847 pelle
1002 1778 1158 1836 decolorata
1176 1795 1246 1834 sum.
1270 1778 1304 1834 Et
1323 1786 1353 1833 ut
1376 1778 1459 1834 sciam
1483 1776 1548 1851 quid
1572 1776 1687 1834 debeam
1710 1777 1799 1833 vinee

154 1867 317 1926 Salomonis.
344 1867 432 1923 Aliter
453 1866 488 1922 ad
509 1865 631 1931 easdem,
647 1865 746 1921 ridens
769 1865 804 1920 ab
813 1862 949 1934 aliquibus
1001 1883 1081 1938 muae,
1098 1866 1395 1940 quidnlienae21ndica
1409 1862 1798 1938 minnoqnemdmfiuans.

155 1974 184 2014 se
196 1954 333 2013 contemni
347 1962 460 2027 propter
473 1953 661 2021 sobrietatem,
680 1968 732 2025 qua
747 1952 874 2008 omuibus
887 1965 948 2006 orn·
1000 1972 1047 2012 mu
1057 1972 1131 2019 meu,
1141 1957 1174 2011 in
1183 1954 1313 2022 meridie,
1325 1954 1352 2011 id
1364 1957 1406 2012 est
1415 1955 1443 2010 iu
1459 1952 1566 2010 fervore
1580 1952 1689 2009 malitiae
1702 1959 1796 2021 tante,

155 2045 200 2100 aia
214 2044 283 2102 lacta
305 2050 365 2101 erat
387 2049 418 2099 ut
439 2058 536 2099 omnas
560 2039 754 2098 lucrifaceret:
774 2040 858 2113 Nigra
877 2056 947 2107 sum,
1001 2044 1028 2100 in
1048 2060 1102 2118 quo
1121 2045 1202 2101 etiam
1221 2043 1267 2100 tilii
1285 2043 1379 2100 matris
1402 2059 1470 2100 meae
1493 2049 1684 2116 pugnaverunt
1702 2048 1797 2100 contra

155 2132 252 2207 inquit,
269 2133 396 2189 exteriori
415 2133 465 2189 lrac
476 2130 672 2201 humiliatione,
693 2131 742 2186 sed
753 2130 870 2186 formosa
885 2129 949 2200 pul·
1001 2149 1057 2201 me,
1074 2134 1120 2190 nbi
1139 2134 1235 2190 cubem
1256 2132 1423 2190 intendendo
1441 2130 1518 2201 rnllri,
1533 2131 1580 2187 ubi
1594 2144 1703 2202 pascam
1719 2143 1796 2187 com-

156 2221 308 2279 chritudine
322 2219 489 2278 intentionis.
507 2220 603 2276 Omnis
616 2219 686 2275 enim
701 2219 787 2293 gioria
803 2218 863 2275 iiliae
876 2218 948 2290 regis
1001 2223 1100 2281 missus
1115 2223 1190 2280 mihi.
1202 2222 1280 2293 Quod
1290 2230 1380 2279 eutem
1392 2221 1467 2294 dicit,
1477 2222 1529 2277 hoc
1544 2229 1595 2277 εει.
1607 2220 1701 2278 induco
1712 2220 1795 2286 mibi,

157 2311 191 2367 ud
207 2305 289 2367 illiue.
306 2310 387 2369 Sictti
402 2311 586 2368 tabernacula
604 2308 694 2366 Cadur
705 2306 784 2380 nigla
798 2323 857 2363 sum
872 2314 947 2363 exie·
1000 2312 1047 2370 ubi
1061 2313 1177 2369 cubante
1191 2328 1245 2383 me,
1261 2312 1346 2368 cubas
1360 2326 1478 2382 mecum,
1492 2318 1520 2366 οι
1528 2317 1657 2382 pascente
1672 2324 1715 2366 me
1731 2323 1796 2381 pas.

158 2400 225 2466 rius,
240 2399 374 2483 sedimus
389 2401 488 2455 decora
502 2396 583 2469 pelle,
600 2412 656 2452 nou
670 2411 743 2464 mea,
758 2396 805 2453 sed
826 2394 949 2452 Salomo-
1001 2400 1040 2457 cis
1050 2416 1167 2471 raecum,
1178 2408 1208 2457 ut
1218 2400 1282 2456 nibil
1297 2407 1453 2465 contremo,
1467 2399 1509 2456 rel
1524 2398 1584 2455 siue
1597 2404 1636 2469 te,
1647 2398 1696 2455 sed
1706 2397 1797 2455 omnia

159 2488 215 2544 nia.
239 2487 328 2545 ubter
344 2487 379 2543 ad
397 2485 612 2544 adolescentulas
626 2484 677 2542 sibi
696 2484 873 2554 exsultantes,
893 2498 948 2539 non
1002 2488 1096 2545 faciam
1111 2497 1211 2554 tecum,
1223 2497 1252 2545 et
1265 2496 1295 2545 tu
1308 2503 1425 2544 mecum.
1435 2490 1493 2545 Hoc
1502 2492 1545 2544 est
1554 2486 1637 2562 igitur
1647 2486 1720 2559 quod
1733 2502 1797 2558 pre·

155 2576 332 2634 insultantes:
349 2575 429 2644 Quia,
445 2572 542 2648 inquit,
559 2573 699 2631 exsultatis
717 2573 745 2629 in
764 2589 819 2639 me,
840 2579 868 2630 et
885 2578 949 2645 post
1002 2587 1087 2644 eatur,
1097 2584 1128 2633 ut
1135 2578 1202 2633 sciat
1211 2577 1275 2651 quid
1287 2576 1428 2649 etquando
1438 2575 1500 2645 sibi,
1512 2575 1576 2648 quid
1588 2574 1730 2647 etqnaudo
1739 2574 1797 2631 aliis

154 2682 199 2722 me
222 2665 339 2732 curritis,
360 2680 395 2720 ne
414 2663 559 2720 attendatis
576 2662 650 2734 quod
669 2662 747 2737 nigra
767 2679 838 2728 sum,
857 2661 885 2716 id
905 2671 948 2719 est
1001 2665 1110 2722 debeat.
1127 2664 1229 2721 Aliter:
1251 2664 1378 2720 meridies
1399 2672 1442 2720 εει
1456 2663 1545 2720 servor
1558 2663 1677 2735 malitie,
1693 2664 1797 2720 daemo·

153 2753 245 2810 sobria
255 2753 333 2809 vobis
344 2770 351 2805 ε
363 2751 406 2808 vel
421 2752 498 2824 nigra
513 2767 583 2819 snm,
595 2751 622 2806 in
633 2751 784 2807 bumilitate
795 2758 823 2805 et
833 2767 947 2823 pressu·
1001 2755 1075 2810 nium
1090 2753 1281 2819 meridianum,
1298 2753 1407 2826 quando
1418 2754 1530 2825 angelus
1539 2760 1641 2809 satanae
1651 2751 1797 2828 transfigu-

155 2842 192 2898 ris
204 2842 308 2908 mundi,
334 2840 397 2913 quia
407 2839 528 2895 formosa
543 2854 602 2894 sum
612 2841 640 2894 in
659 2838 744 2895 oculis
758 2839 862 2910 sponsi,
878 2842 948 2912 quia
1002 2853 1043 2900 rat
1053 2862 1083 2900 εε
1097 2843 1125 2899 in
1135 2842 1262 2915 angelum
1277 2841 1355 2900 lucis.
1367 2843 1399 2898 lu
1414 2858 1496 2916 quem
1507 2858 1542 2899 ue
1555 2840 1683 2908 incidam,
1700 2840 1798 2899 Indica

154 2930 321 2989 decoloravit
344 2946 389 2987 me
408 2928 458 2984 roi.
474 2928 503 2984 ln
522 2937 584 2984 cute
603 2927 724 3000 corporis
737 2927 813 2984 color
824 2935 946 3001 apparet.
1001 2934 1072 2991 mitti
1085 2932 1135 2990 nbi
1146 2935 1248 3007 pascis,
1265 2932 1315 2989 ubi
1323 2932 1406 2989 cubus
1417 2933 1449 2987 in
1462 2931 1743 3002 rnertdie(duutic.1,
1757 2934 1796 3003 u).

153 3017 272 3075 Intentio
289 3033 396 3090 sponsae
415 3018 484 3073 cutis
501 3024 554 3084 εει,
574 3015 649 3073 color
667 3017 747 3074 actio.
768 2980 984 3075 lternloraturc
1002 3021 1103 3078 Aliter:
1119 3019 1242 3091 Quatnor
1256 3029 1318 3076 sunt
1337 3019 1405 3091 dies,
1431 3020 1485 3076 duo
1509 3020 1583 3091 boui,
1604 3026 1633 3076 et
1652 3021 1705 3076 duo
1724 3019 1798 3091 mali,

154 3120 223 3182 crgo
237 3105 317 3173 cutis,
332 3121 393 3162 cum
407 3121 472 3162 eura
483 3104 600 3177 proximi
615 3104 794 3162 intentionem
810 3107 844 3162 ad
859 3107 946 3163 Deum
1000 3110 1034 3165 de
1048 3108 1145 3181 quibus
1157 3108 1221 3166 dicit
1239 3107 1377 3165 Psalmus:
1399 3109 1520 3182 Vespera,
1537 3111 1566 3164 et
1581 3123 1672 3176 muna,
1689 3110 1718 3165 et
1736 3123 1798 3164 nsc-

154 3195 277 3252 obsuscat
292 3194 444 3252 actionibus
456 3193 523 3250 suis.
540 3194 748 3267 totitemque,
767 3194 866 3267 inquit,
882 3212 947 3254 con·
999 3196 1073 3254 ridie
1083 3197 1205 3256 narrato
1220 3201 1249 3255 et
1264 3195 1442 3254 annuntiabo
1457 3198 1544 3266 (Paul.
1556 3212 1614 3264 arv,
1626 3198 1681 3268 te).
1693 3194 1799 3253 Primus

153 3283 278 3342 adnare
292 3299 337 3341 me
350 3285 423 3358 guod
436 3290 516 3355 {uma
530 3299 605 3350 sunt,
619 3285 687 3356 quio
706 3283 756 3350 sol,
772 3283 800 3338 id
814 3291 857 3339 est
870 3298 947 3340 amor
1000 3286 1059 3343 dies
1072 3286 1166 3359 incipit
1179 3302 1196 3341 a
1208 3303 1298 3356 mane,
1315 3294 1343 3342 ει
1357 3285 1456 3341 desinit
1470 3285 1496 3340 iu
1510 3300 1654 3357 vesperam
1668 3284 1757 3340 nortis
1770 3295 1798 3340 et

153 3371 214 3440 Dei,
230 3389 276 3431 me
290 3371 458 3430 decoloravit
474 3372 946 3444 (Contio.t,3·5)‚quimeoccnpa-
999 3374 1095 3431 mortis
1115 3384 1234 3443 aeternae,
1259 3374 1305 3447 qui
1331 3380 1372 3429 εει
1396 3372 1510 3446 angelus
1535 3372 1631 3429 malus.
1655 3373 1798 3430 Secundus

154 3461 271 3518 tionibus
284 3469 383 3518 restrae
396 3460 513 3518 actionis
531 3459 694 3536 denigravit.
708 3460 763 3517 Sed
778 3461 849 3533 quod
865 3462 948 3519 deco·
999 3464 1095 3536 incipit
1108 3480 1124 3519 a
1137 3479 1218 3520 mane
1232 3462 1404 3529 conditionis,
1420 3470 1448 3518 ει
1461 3461 1584 3534 procedit
1602 3463 1628 3516 in
1657 3460 1797 3518 meridiem

152 3549 255 3607 loratur
268 3563 284 3605 a
297 3549 366 3617 sole,
383 3550 436 3606 cito
451 3549 522 3606 redit
534 3548 568 3604 ad
583 3549 702 3606 colorem
723 3550 888 3615 naturalem
908 3550 947 3607 sic
1000 3562 1027 3609 et
1049 3552 1181 3610 terrorem
1201 3551 1387 3625 perfectionis,
1405 3566 1456 3608 nec
1470 3551 1534 3606 iude
1554 3558 1698 3607 moventur
1711 3549 1798 3623 pedes

153 3646 181 3693 ει
196 3652 249 3712 ego
261 3637 296 3691 ad
312 3637 449 3709 propriam
469 3635 674 3692 formositatem.
694 3636 749 3693 Sed
771 3637 841 3693 cutis
860 3637 945 3695 deco-
1000 3642 1072 3712 ejus,
1087 3641 1133 3714 quui
1152 3651 1194 3698 est
1213 3639 1328 3714 angelus
1352 3639 1449 3697 bouus.
1472 3638 1579 3696 Tertius
1597 3639 1691 3711 incipit
1710 3655 1727 3696 a
1746 3653 1796 3694 re-

153 3723 239 3780 lorata
257 3732 309 3788 εει,
325 3740 379 3779 non
393 3732 484 3779 autem
499 3738 532 3778 os
543 3724 666 3786 interius.
682 3740 737 3795 qno
752 3740 854 3797 sponso
875 3726 945 3782 assi·
1000 3744 1080 3800 spere
1095 3729 1210 3801 peccati,
1227 3737 1255 3784 et
1268 3727 1393 3800 procedit
1407 3726 1433 3782 in
1450 3735 1559 3783 noctem
1576 3736 1687 3783 aeternae
1700 3724 1795 3800 perdi·

153 3812 207 3870 due
221 3819 309 3879 muto,
329 3812 389 3868 lion
403 3815 445 3871 cst
459 3811 632 3869 occultatum
642 3828 671 3869 os
681 3829 775 3870 meum
789 3830 807 3870 a
823 3818 859 3881 te,
875 3815 948 3888 qaod
1002 3817 1092 3883 tionis,
1108 3817 1231 3889 quisunt
1250 3814 1369 3888 reprobi.
1383 3816 1504 3884 Quartus
1522 3816 1581 3873 dies
1599 3822 1641 3871 est
1659 3813 1718 3872 dies
1737 3815 1795 3871 Do-

152 3901 247 3971 sccisti
262 3902 294 3956 in
308 3902 419 3957 occutto
433 3900 521 3970 (Prot.
532 3913 669 3967 cxxxrur,
686 3901 747 3971 l5):
763 3900 790 3957 id
805 3909 857 3974 est,
871 3918 949 3960 amor
1001 3905 1068 3960 mini
1083 3905 1169 3961 nostri
1183 3905 1249 3961 lesu
1267 3903 1376 3971 Christi,
1395 3904 1440 3978 qui
1452 3904 1545 3976 incipit
1564 3919 1580 3958 a
1595 3919 1712 3976 vespere
1732 3903 1795 3959 sab·

153 3988 243 4046 cordis
260 3988 376 4046 interior
390 3987 490 4044 nullam
506 3988 606 4057 pabtur
619 3988 768 4048 laesionem.
1002 3993 1067 4062 bati,
1084 3993 1236 4050 allucescit
1261 3992 1391 4064 inprims
1417 3992 1536 4059 sabbati;
1557 3992 1651 4059 idest,
1670 3992 1764 4065 incipit
1782 4007 1798 4047 a

189 4075 274 4135 ΜΛ
286 4082 330 4134 at.
346 4076 413 4134 Filii
428 4078 530 4133 neutris
545 4092 615 4133 mea
627 4083 829 4151 pugnaverunt
847 4085 948 4138 contra
1002 4097 1118 4153 vespere
1132 4081 1236 4153 peccati
1251 4081 1347 4147 nostri,
1368 4088 1396 4137 et
1415 4080 1576 4137 brevissimo
1597 4080 1700 4137 timoris
1722 4079 1797 4152 quasi

152 4168 328 4241 meteuntie.
338 4183 356 4236 t,
367 4168 405 4239 5).
416 4162 722 4237 lleulquantamutalio!
734 4168 947 4239 quaepauloaate
1003 4172 1089 4228 noetis
1103 4170 1191 4243 spatio
1205 4169 1359 4240 interjecto,
1375 4169 1501 4241 perducit
1514 4168 1584 4225 filios
1593 4168 1706 4225 lueisad
1718 4183 1797 4224 mane

153 4256 181 4312 in
200 4265 308 4313 secreto
323 4255 368 4312 illo
383 4253 458 4328 pacis
472 4253 523 4310 Dei
538 4269 599 4326 quae
609 4261 755 4324 exsuperat
765 4269 874 4312 ornnem
884 4273 947 4313 sen·
1003 4260 1074 4334 spei,
1090 4270 1118 4316 et
1130 4258 1196 4316 inde
1218 4260 1252 4315 ad
1271 4258 1412 4315 meridiem
1428 4257 1606 4330 perfeetionis
1622 4257 1754 4329 angelicae
1769 4264 1797 4312 et

153 4360 223 4417 sum,
241 4344 451 4417 jucundabatur,
468 4359 540 4399 nunc
558 4342 630 4398 lnter
650 4341 722 4397 rixas
741 4343 880 4402 bominum
899 4362 947 4404 ca·
1002 4349 1125 4407 amoris:
1146 4364 1198 4406 nec
1216 4347 1281 4404 inde
1301 4363 1349 4404 eos
1367 4346 1438 4403 ultra
1454 4347 1556 4419 patitur
1575 4345 1705 4403 amoveri.
1725 4345 1793 4401 Pre-

152 4433 269 4490 lumnias
282 4435 392 4506 patitur.
409 4432 463 4488 llas
482 4431 654 4504 praelatorum
669 4430 862 4490 fluctuationes
877 4449 946 4492 oon-

152 4523 277 4580 slderaus
288 4520 373 4579 David
386 4520 530 4593 inspiritu,
545 4521 599 4589 Qui
608 4520 791 4586 descendant,
803 4520 901 4594 inquit,
919 4523 947 4579 in

153 4628 233 4669 mure
247 4612 348 4678 saeeuii,
368 4612 401 4665 iu
411 4611 540 4674 nuribus,
554 4608 581 4663 id
597 4615 639 4664 est
652 4609 679 4664 in
695 4608 828 4683 regimine
849 4611 947 4669 Eccle-

153 4698 264 4769 siarum,
275 4699 415 4769 sustentes
429 4697 624 4771 operationem
633 4701 664 4754 in
682 4702 763 4771 aquis
772 4699 882 4772 mollin
893 4701 948 4774 ipsi

152 4784 946 4860 uiderantoperultomini‚etrnirobilioejuainprosundo.

154 4874 947 4948 lliait‚etatetitspirituaprucetloe‚etcauttutisuntflu-

153 4967 291 5039 ctusejus.
303 4963 434 5020 Ascendit
445 4963 852 5036 usqmaucoetunetuescenutr
862 4983 947 5039 usque

154 5055 190 5112 ud
203 5055 322 5128 abyssos,
333 5051 434 5109 unimu
448 5067 546 5108 eorum
555 5054 586 5109 in
597 5052 683 5108 mutis
696 5051 865 5111 tabescebat.
882 5058 947 5112 Tur·

153 5141 659 5207 butisuntetmotisuntsicutebrius,
667 5144 793 5199 utomnis
805 5144 947 5216 supientia

153 5249 249 5291 eorum
264 5235 399 5292 deuorato
413 5234 465 5288 est.
481 5230 549 5286 Filii
558 5233 661 5287 enutris
670 5237 947 5307 meoepugnuterunt

153 5325 255 5377 contro
266 5337 309 5377 mc
322 5319 408 5393 (Prot.
424 5332 479 5383 cvr,
495 5319 601 5391 aaut).
616 5319 675 5375 Non
691 5327 734 5376 est
748 5320 845 5376 mirum
861 5321 945 5378 side-

152 5406 282 5464 colorarit
295 5424 339 5464 me
352 5406 404 5474 sol,
419 5421 482 5463 cum
495 5407 587 5479 gravis
601 5406 635 5465 sit
649 5424 741 5484 pugna
754 5424 835 5482 quam
846 5410 945 5481 patior,

154 5510 214 5556 cum
239 5494 323 5553 otiam
344 5494 392 5552 dlii
414 5490 510 5551 matris
529 5510 608 5565 mee,
624 5494 672 5552 tilii
695 5496 835 5573 Ecclesia,
855 5501 945 5571 pravis

1002 4446 1079 4495 catur
1099 4438 1192 4509 itaque
1215 4451 1314 4508 sponsa
1332 4453 1394 4493 sum
1413 4451 1495 4508 quern
1514 4433 1602 4507 diligit
1616 4434 1705 4490 anima
1724 4434 1796 4505 eius,

1002 4542 1057 4583 nou
1072 4541 1147 4592 caro,
1166 4525 1193 4581 id
1209 4535 1262 4590 est.
1282 4540 1364 4596 quem
1379 4523 1553 4595 spiritualiter
1562 4522 1661 4598 diligit,
1671 4531 1702 4578 ut
1712 4531 1796 4595 ponat

1002 4631 1062 4673 earn
1074 4615 1102 4671 in
1115 4613 1229 4670 meridie
1243 4611 1418 4685 perfectiouis
1432 4611 1571 4683 angelice,
1588 4619 1618 4667 ut
1631 4612 1747 4668 liberata
1763 4611 1798 4664 ab

1002 4704 1127 4761 omnibus
1157 4702 1318 4776 ignorantiae
1341 4700 1472 4768 tenebris,
1496 4700 1555 4757 siue
1578 4700 1632 4757 nlla
1655 4698 1799 4757 contradi-

1002 4793 1092 4851 ctione
1112 4789 1287 4847 dubitatiouis
1303 4789 1396 4845 ridere
1411 4789 1523 4861 incipiat
1536 4788 1669 4863 quidquid
1687 4787 1740 4844 sibi
1755 4787 1797 4845 vel

1002 4882 1080 4956 gregi
1099 4879 1244 4951 expediat:
1261 4894 1295 4934 ne
1310 4877 1398 4951 posita
1413 4878 1441 4934 in
1454 4878 1560 4935 incerto
1574 4878 1674 4951 quietis
1690 4877 1734 4934 vel
1755 4876 1797 4932 la-

1002 4972 1087 5035 boris,
1104 4967 1215 5039 incipiat
1234 4968 1325 5040 vagari
1339 4976 1401 5039 post
1421 4983 1521 5041 greges
1539 4967 1673 5024 sodalium
1687 4966 1795 5039 sponsi,

1002 5059 1029 5115 id
1045 5065 1096 5127 est,
1113 5074 1143 5113 εε
1158 5058 1183 5112 ει
1199 5054 1395 5126 parificantium
1411 5057 1454 5112 sel
1469 5073 1518 5113 sua
1532 5057 1726 5129 querentium.

1037 5150 1082 5203 ιι.
1099 5148 1164 5203 Ροει
1183 5162 1285 5219 meges.
1302 5144 1353 5215 Qui
1368 5146 1440 5201 enim
1451 5144 1486 5202 de
1498 5145 1666 5217 perfectione
1676 5145 1800 5203 εεήιειίε

1002 5234 1058 5290 abit
1071 5235 1098 5289 in
1113 5234 1221 5290 devium
1236 5233 1348 5299 erroris,
1364 5248 1416 5289 ucc
1428 5249 1489 5289 cum
1501 5234 1632 5307 gregibus
1641 5233 1798 5290 errantibus

1001 5324 1083 5391 radit,
1104 5323 1152 5380 sed
1172 5329 1233 5394 post
1247 5337 1361 5394 gregem
1384 5321 1447 5393 quia
1466 5323 1508 5378 bis
1529 5323 1657 5379 omnibus
1674 5322 1800 5378 deterior

1001 5414 1146 5469 iuvenitur.
1162 5411 1218 5470 Sed
1237 5427 1292 5467 non
1317 5417 1358 5466 est
1380 5411 1610 5482 pretereundum,
1633 5410 1706 5485 quod
1731 5426 1800 5487 grex

1001 5502 1109 5561 Domini
1124 5500 1209 5558 tribus
1221 5499 1311 5558 modis
1333 5499 1453 5571 pascitur
1471 5517 1487 5557 a
1502 5500 1677 5575 pastoribua3
1702 5516 1798 5558 crem-
