3706 5962
97 144 165 207 toea
582 138 591 153 ·
769 127 861 189 vinu
879 126 1040 189 nstrum.

651 277 756 373 inest
777 276 819 337 DE
836 277 1033 339 Nllitltllti
1053 275 1178 338 DOMINI.

129 412 217 473 8⁰11
231 410 412 470 letabundus
722 402 784 458 Puri
797 401 894 460 forme.
1249 399 1278 457 Si
1291 414 1345 457 uon
1361 399 1547 472 sumentibus,
1602 397 1617 420 ⁶

93 503 218 564 Exsultet
231 500 318 558 fidelis
329 501 438 568 chorus,
691 491 788 565 Neque
802 492 876 549 sidus
888 489 975 558 radio,
1213 487 1314 547 Credet
1325 489 1368 548 nel
1390 487 1551 563 gentilibus,

166 589 292 648 Alleluia.
652 589 748 659 Neque
760 585 844 641 lister
858 579 937 649 Filio,
1215 574 1355 649 Sibyllinis
1367 576 1503 636 versibus.

131 683 233 754 Regem
249 693 343 752 regum
725 673 767 728 Pit
780 674 917 739 corrupte.
1286 663 1348 720 llaee
1363 664 1502 738 predicta.

96 772 206 827 lntectae
220 766 340 840 profudit
353 767 462 834 therus3
654 761 757 820 Cedrus
770 759 825 816 elte
839 756 933 813 Libani
1250 749 1355 824 luielr‘x,
1368 769 1497 827 propera,

170 860 225 914 Res
239 856 378 912 mirande.
654 850 844 908 Conlormstur
854 847 983 919 hyssopo,
1215 840 1302 897 Crede
1315 842 1356 898 vel
1366 848 1480 916 vetem

133 944 255 1020 Angelus
269 942 376 1001 consilii
724 937 802 995 Velle
820 945 923 1003 nostru,
1163 1010 1166 1015 .
1216 928 1272 986 Gur
1284 928 1469 1002 damnaberis,

98 1034 184 1092 Natus
197 1040 238 1089 est
251 1031 285 1087 de
300 1030 419 1103 Virgine,
691 1026 812 1083 Verbum
826 1038 874 1080 eus
888 1020 1020 1079 Altissimi
1287 1014 1363 1074 Gens
1376 1018 1499 1076 miseret

169 1121 216 1177 Sel
234 1119 268 1175 dc
286 1116 373 1174 stelle.
656 1113 800 1189 corporari
818 1126 929 1185 pessum
942 1118 984 1169 est
1252 1103 1340 1174 Quem
1353 1108 1433 1165 decet
1445 1107 1545 1176 litters,

134 1208 319 1266 Solemusum
334 1203 468 1275 nesciens,
728 1205 943 1276 Cernesumpte.
1215 1192 1314 1250 Netum
1327 1196 1470 1254 considere

99 1297 184 1357 Stella
196 1311 306 1369 semper
319 1292 442 1360 rutilans,
692 1291 774 1350 lsaies
789 1291 898 1358 cecinit,
1217 1280 1309 1354 lpsum
1324 1298 1358 1341 en
1372 1285 1467 1361 gennit

172 1387 285 1456 Semper
300 1384 381 1452 claro,
658 1382 802 1455 synagoge
815 1377 938 1436 meminit
1278 1372 1421 1449 Puerpers.

135 1475 210 1533 Sicut
227 1472 303 1530 sidus
316 1468 432 1540 redium,
656 1470 801 1543 Nunquam
819 1478 910 1525 tumen
923 1464 1022 1523 desinit
1252 1467 1349 1524 dunen.

99 1564 205 1623 Profert
219 1563 304 1633 Virgo
318 1557 413 1615 Filium
728 1559 796 1616 Esse
808 1572 888 1614 caeen.

615 1885 915 1994 RHYTHMI
942 1888 1224 1996 VETERES

734 2062 782 2120 DE
806 2061 886 2122 vila
904 2061 1116 2122 llONdSTlCd.

109 2221 220 2280 Ferme.
236 2217 408 2279 Bibliotheca
421 2215 521 2273 medie
535 2216 563 2272 el
582 2212 691 2284 infimae
707 2213 874 2283 latinitatis,
888 2212 927 2286 ed¹
940 2213 1040 2270 calcem
1061 2213 1127 2271 tomi
1138 2214 1185 2270 lll.
1198 2243 1235 2256 -
1250 2214 1280 2269 ln
1294 2211 1432 2272 codicibus
1448 2211 1591 2271 nonnullis
1608 2212 1748 2271 Quando

827 2338 1005 2411 tribuuntur.)

768 2474 1079 2507 μήθ’-

132 2630 219 2689 904
233 2631 257 2690 ².
281 2630 310 2687 Si
332 2629 373 2688 uis
395 2644 456 2687 esse
483 2625 627 2697 eoeucbits,
655 2621 743 2696 Supra
762 2623 874 2681 medum
888 2625 1041 2699 epulentur.
1214 2625 1244 2681 lu
1257 2625 1312 2684 vite
1324 2623 1486 2685 mortalium.

97 2720 184 2789 liujus
197 2719 258 2778 aitte
271 2717 355 2775 vitem
367 2716 432 2784 vite,
657 2713 742 2785 lutus,
757 2711 822 2770 loris
836 2724 1015 2786 exeaeeuutur,
1255 2717 1406 2775 Hsncvitse
1418 2714 1615 2789 captiuitatem,

96 2808 133 2864 tlt
145 2808 183 2864 sis
197 2822 227 2863 re
241 2821 290 2880 pro
305 2806 424 2864 nemine.
656 2801 730 2858 Pleni
745 2801 823 2858 meis
837 2803 968 2861 muribus.
1216 2811 1245 2867 si
1258 2815 1410 2866 manentem
1421 2805 1556 2864 civissem

95 2896 161 2953 'luae
171 2895 269 2952 nentis
281 2895 378 2952 sordes
394 2891 507 2961 munde,
691 2889 733 2948 lle
748 2890 834 2948 selme
848 2892 997 2949 animarum
1215 2899 1267 2955 llic
1279 2897 1417 2964 heberent,
1430 2894 1600 2968 plangerem.

96 2982 473 3053 utatneuslsusjncnnae
657 2978 856 3048 Rerusserme‚
872 2979 1063 3039 sedterrarum
1216 2989 1336 3046 flaeeeet
1349 2984 1429 3058 plene
1443 2983 1547 3054 edim,

95 3071 127 3127 ln
141 3079 256 3142 utreque
275 3070 396 3127 bomine.
657 3065 813 3136 Amplitudo
827 3068 966 3139 quaritur.
1218 3078 1248 3133 ln
1261 3091 1314 3148 que
1328 3073 1477 3130 nesciretur
1488 3070 1602 3137 ueritus,

131 3159 214 3216 Solus
227 3159 301 3214 Deus
315 3156 455 3231 diligetur,
657 3149 710 3220 Qui
723 3167 787 3210 vero
800 3154 961 3225 pluspetest
974 3155 1064 3228 ditari,
1218 3162 1304 3219 Hiesi
1321 3174 1429 3233 semper
1442 3159 1572 3218 viserem

96 3246 144 3304 Cui
158 3247 222 3302 selir
237 3247 401 3319 elinquetur,
660 3238 706 3296 Vei
720 3238 749 3296 in
762 3239 845 3297 eitum
859 3243 1010 3317 sublimari,
1255 3250 1314 3306 lleu
1330 3247 1338 3304 i
1353 3247 1424 3305 beut
1450 3248 1532 3303 bomo
1555 3257 1607 3300 cur
1632 3250 1754 3309 mestun

97 3335 193 3395 Omnis
217 3350 267 3391 sus
281 3345 308 3391 et
322 3333 419 3407 glorie.
658 3326 708 3384 Hic
721 3328 818 3385 beatus
831 3329 942 3388 dicitur·
1219 3340 1287 3398 Cum
1301 3335 1425 3395 tetmulis
1437 3333 1609 3407 inquinatum

96 3424 198 3492 Honor,
215 3436 300 3483 nutus
313 3431 340 3479 et
355 3431 472 3496 potestus
695 3416 810 3474 Euodus
829 3418 911 3475 linem
921 3420 979 3490 jem
993 3420 1119 3485 minetur,
1219 3427 1297 3496 Velit,
1312 3427 1390 3497 nolit,
1406 3422 1531 3484 meritur.

98 3514 154 3586 lpsi
167 3513 212 3582 sit,
227 3527 307 3584 culus
319 3512 447 3583 melesius
659 3503 760 3574 Quitot
774 3504 850 3563 malis
864 3507 1031 3581 inquinetur,
1219 3515 1297 3587 Quod
1316 3521 1357 3574 est
1370 3514 1481 3581 benum,
1493 3513 1547 3571 hcc
1561 3512 1664 3581 vitsre,

98 3602 205 3674 lieplet,
220 3602 290 3674 regit
304 3601 407 3659 emnia.
660 3594 740 3666 Quod
754 3598 879 3668 praedixit
893 3598 1024 3656 Veritus:
1221 3603 1354 3676 llelquod
1365 3601 1477 3675 mulum,
1491 3602 1656 3659 becumene

134 3693 193 3747 Ncn
213 3697 255 3746 est
270 3698 346 3746 tuum
360 3688 488 3747 honorari
661 3681 785 3742 Cbsrites
796 3687 855 3755 jem
866 3688 1030 3762 reirigescit,
1222 3692 1268 3750 Vir
1285 3690 1389 3763 infelix,
1403 3690 1521 3763 agitne

100 3780 174 3838 Velle
190 3780 337 3850 nomque}
352 3778 466 3850 landari,
662 3770 878 3832 Οηιιιίεειηοῑιιε
890 3776 1060 3847 obmutescit,
1257 3778 1326 3838 Hinc
1340 3780 1489 3850 nennium
1501 3779 1599 3836 mirari

103 3870 170 3925 Cum
184 3885 223 3924 ers
238 3868 300 3925 vitre
314 3868 421 3924 misere
662 3860 789 3918 Abundat
806 3861 943 3936 impietus.
1222 3869 1319 3940 Debet,
1333 3869 1357 3925 si
1370 3868 1413 3925 hic
1426 3868 1560 3925 consulari

103 3956 240 4026 Quidquid
257 3957 299 4011 hic
314 3957 423 4012 honeris
437 3963 539 4027 cupies,
698 3948 797 4007 Peleus
809 3951 876 4009 ridet
890 3954 1074 4028 impetentem,
1222 3956 1319 4015 Omnis
1330 3958 1419 4029 justus
1428 3957 1531 4014 renuit.

104 4045 163 4100 Nisi
177 4053 263 4099 nomm
276 4044 397 4100 nomino
412 4050 498 4116 eptas,
663 4034 710 4092 Sic
724 4046 828 4096 cnutus
841 4039 1022 4117 innocentem,
1225 4049 1282 4104 lmc
1296 4047 1364 4104 setis
1377 4054 1419 4105 est
1432 4047 1579 4117 dolendus,

105 4130 200 4188 perdis
214 4141 288 4186 uuum
302 4129 400 4190 vivere,
665 4124 828 4185 Adolescens
842 4140 968 4189 veterem.
1225 4135 1278 4206 Qut
1294 4150 1351 4193 non
1365 4136 1496 4192 muudum
1509 4138 1623 4211 respuit.

143 4220 204 4275 Non
218 4228 270 4276 nm
286 4218 365 4276 iseile
383 4222 513 4292 honores,
667 4212 715 4271 Vir
729 4217 813 4288 speri
827 4221 1024 4293 supplantatur,
1261 4225 1357 4282 luhcc
1368 4231 1471 4282 tautum
1484 4229 1645 4285 consoletur

108 4307 138 4364 Si
151 4306 282 4364 sentirent
296 4319 323 4363 et
340 4307 458 4378 labores,
667 4304 739 4361 Petri
752 4321 822 4377 puer
834 4310 1001 4383 adversatur,
1226 4317 1298 4375 Vere
1312 4323 1433 4390 sanctus,
1452 4323 1480 4372 et
1492 4314 1600 4389 beetur,

108 4395 276 4453 dilectorem
290 4396 390 4452 clerici.
668 4392 752 4451 Diues
765 4396 868 4467 spernit
882 4413 1037 4473 pauperem.
1226 4401 1296 4471 Quis
1313 4404 1429 4463 mundus
1440 4406 1562 4463 transiet.

111 4485 210 4543 Valens
224 4500 348 4557 preesse,
363 4500 420 4541 nen
433 4483 562 4556 prodesse
706 4482 818 4540 Seuetns
832 4487 855 4542 is
869 4487 949 4546 hodie
963 4498 1081 4562 putetur,
1228 4493 1267 4550 De
1282 4493 1411 4555 luccen
1426 4492 1487 4553 iletc
1500 4494 1608 4570 muudi,

111 4575 202 4630 Perdit
217 4573 274 4645 ipse
288 4590 367 4629 suum
381 4590 453 4645 esse,
669 4570 723 4642 Qui
737 4588 809 4630 nune
821 4574 1073 4652 minusinquinetur
1227 4580 1320 4655 Deque
1332 4582 1452 4657 peccetis
1465 4599 1483 4643 e
1496 4582 1645 4657 immundi,

114 4663 198 4719 Poene
211 4663 311 4735 dignus
324 4662 436 4735 duplici.
671 4661 747 4717 liniis
758 4668 785 4719 et
797 4663 965 4723 criminibus.
1227 4670 1351 4740 Quorum
1365 4673 1442 4729 dulor
1456 4674 1555 4735 ueniet,

147 4749 191 4807 Ad
205 4752 321 4819 hencres
336 4761 398 4809 sunt
411 4750 507 4824 parad,
671 4748 797 4807 Formam
812 4751 875 4809 vite
889 4755 913 4810 si
927 4757 1051 4831 requiris,
1263 4763 1305 4817 dd
1319 4768 1346 4818 te
1358 4778 1427 4836 erqo
1439 4775 1584 4838 reuertere,

113 4839 155 4895 Ad
174 4840 279 4898 labores
293 4849 356 4898 sunt
369 4840 479 4915 ingrati,
671 4838 731 4896 Non
744 4840 813 4899 benc
821 4858 926 4915 quaerts
936 4845 994 4916 jem
1007 4846 1037 4905 in
1051 4848 1129 4921 viris,
1228 4848 1343 4907 senon
1356 4859 1384 4909 te
1399 4852 1551 4911 desciscens
1564 4859 1680 4929 misere,

110 4931 172 4987 lum
187 4930 379 5002 juvenescam
393 4932 512 4989 seuleus.
673 4927 768 4987 sedin
782 4932 974 4992 voluminibus.
1229 4940 1443 5014 dmsisieetus,
1459 4944 1612 5006 scandere.

111 5019 209 5078 Totum
224 5020 453 5095 daturdiquitsti,
705 5018 786 5076 Periit
800 5021 844 5079 lex
858 5039 874 5079 ι
890 5026 1040 5100 secerdote,
1229 5028 1368 5086 Denssibi
1384 5031 1540 5091 tesimilem

111 5109 159 5169 llis
169 5111 270 5169 uestris
284 5110 465 5187 temporibus.
671 5108 785 5165 Pereunt
797 5109 911 5169 uirtutes
924 5121 998 5186 tote,
1229 5119 1313 5188 Fecit,
1332 5119 1381 5176 sed
1395 5121 1596 5183 indissimilem

145 5197 191 5258 sio
205 5211 232 5259 ee
248 5204 304 5262 vita
317 5201 446 5261 laieorum
671 5197 696 5253 d
713 5211 777 5255 sene
790 5200 944 5262 consilium.
1229 5209 1268 5266 'Pe
1280 5207 1355 5279 iscis,
1369 5224 1476 5285 sugens
1487 5214 1604 5273 scelere.

109 5288 499 5366 Perumdillertsporcerum
671 5284 1065 5367 llultoshubemuedcctores,
1264 5298 1384 5360 Consors
1399 5303 1736 5383 quoudsmeuqelorum,

110 5376 364 5442 Consuetudinibus.
671 5381 992 5460 Peucissimosiectores,
1229 5391 1330 5468 sepem
1344 5393 1632 5473 teuesJ'umenterum,
