3706 5962
173 205 227 284 aab
824 213 1018 276 annnnnrn
1035 214 1171 275 sanaris
1770 221 1830 283 ero

171 352 278 418 citatis,
293 347 495 421 percusserunt
508 357 564 411 me,
575 345 604 399 et
614 342 897 398 manummerias.
912 338 972 407 Quo
987 357 1011 436 fl
1028 341 1110 397 moda
1128 341 1285 414 expressius
1305 338 1413 412 loquar.
1432 339 1501 397 Novi
1526 340 1590 413 qnid
1614 342 1648 397 sit
1666 344 1719 401 hoc
1743 345 1825 416 pallio

76 434 81 445 '
171 439 233 513 quis
246 435 394 510 perfectior
416 439 468 497 est,
484 432 645 489 vulneratur
659 429 773 500 facilius,
789 437 817 486 et
837 437 916 486 tener
930 430 971 485 af·
1026 430 1123 503 premi,
1140 446 1220 504 quam
1235 435 1359 487 arentem
1373 428 1485 485 sortitus
1499 445 1560 485 sum
1574 438 1685 500 terram,
1703 441 1730 490 et
1744 432 1824 490 ficul-

175 528 263 586 fectus
278 527 426 584 verborum
441 519 521 577 citius
531 519 614 576 sentit
624 517 895 575 aculeosofelicem
909 519 970 574 ani-
1025 535 1104 576 neam
1128 519 1258 576 sterilem.
1273 520 1332 574 lam
1357 519 1433 575 multi
1457 519 1543 590 elapsi
1564 530 1628 577 sunt
1651 523 1726 590 anni,
1749 525 1824 595 qnod

56 641 70 667 ο
172 633 257 684 mum,
276 613 311 668 ad
335 627 417 686 quem
436 617 492 664 tam
516 607 643 663 sublimia
666 606 861 663 exhortationis
881 607 971 677 jacula
1024 609 1113 675 venio,
1130 612 1214 666 immo
1228 616 1296 677 asto,
1313 623 1440 680 quaerens
1448 607 1566 665 fructum
1580 609 1608 664 in
1619 626 1662 676 ea,
1674 620 1701 668 et
1712 628 1767 669 non
1784 615 1826 668 in·

170 705 294 769 veniunt,
325 716 408 775 quem
432 697 574 755 inveniunt
600 697 657 753 suis
675 704 767 768 aptum
795 695 969 765 vulneribus3
1023 698 1114 752 venio.
1130 697 1243 767 Quoties
1257 712 1322 769 spes
1335 703 1442 753 nostras
1451 697 1542 767 elusit,
1554 706 1582 753 et
1592 696 1686 755 fefellit
1696 715 1821 773 operam,

175 791 284 865 quaudo
302 805 357 846 non
372 789 475 844 abeunt
490 792 653 855 retrorsum,
665 784 821 840 auditorum
835 785 878 840 vel
893 783 968 839 duri·
1023 785 1254 856 exspectationem
1276 794 1397 841 nostram
1413 785 1575 842 frustravit?
1593 787 1658 844 fure
1673 805 1821 847 onerosum

180 882 215 948 ia,
231 878 274 935 vel
284 875 437 943 stoliditate
461 873 585 945 repulsat
603 873 664 928 Non
678 881 741 929 sunt
753 872 853 942 passim
871 873 968 943 hujus·
1022 874 1074 930 boc
1092 875 1202 947 pallium
1215 876 1276 931 dico
1301 882 1329 931 et
1343 891 1376 932 eo
1391 875 1479 946 magis
1492 890 1649 945 onerosum,
1663 881 1822 951 quominus

171 969 246 1024 modi
259 967 349 1039 jacula
358 965 509 1031 fundenda,
526 978 577 1020 nec
592 962 621 1017 in
634 963 709 1018 omni
718 961 902 1029 multitudine,
919 961 968 1017 sed
1022 963 1096 1019 utile.
1108 964 1176 1020 Nam
1186 980 1270 1021 onera
1280 962 1577 1020 sollicitudinisleviora
1590 977 1666 1036 sant,
1677 984 1739 1039 quae
1754 985 1821 1041 pro·

171 1065 275 1114 tantum
290 1055 337 1110 ubi
352 1052 457 1110 idoneae
472 1061 580 1108 mentes
594 1052 743 1107 creduntur
757 1050 884 1122 inveniri,
900 1065 968 1122 quas
1021 1059 1151 1109 ventunm
1174 1053 1247 1110 levat
1261 1054 1381 1109 ubertas.
1399 1053 1446 1109 Vae
1465 1052 1540 1119 mihi,
1557 1055 1630 1126 quod
1656 1055 1820 1115 invenerunt

172 1154 227 1201 tam
242 1142 380 1201 excellens
403 1139 527 1196 doctrina
542 1155 597 1196 non
617 1138 741 1213 effugiat.
757 1136 840 1206 Quasi
859 1137 968 1212 fulgura
1021 1157 1064 1197 me
1087 1142 1216 1198 custodes
1233 1140 1357 1208 civitatis,
1373 1142 1445 1213 quod
1458 1139 1560 1214 aliquid
1582 1142 1610 1198 in
1635 1159 1678 1201 me
1703 1146 1749 1201 tali
1775 1147 1819 1202 di·

171 1243 234 1289 sunt
261 1235 321 1288 baec
345 1250 352 1286 ε
382 1245 488 1286 summa
511 1227 622 1296 feriunt,
651 1227 786 1282 submissa
813 1225 966 1298 effugiunt3
1019 1244 1104 1300 gnum
1118 1245 1203 1286 onere
1217 1244 1248 1286 se
1266 1229 1403 1287 invenisse
1423 1228 1603 1300 putaverunt!
1621 1232 1820 1290 Percussernnt

170 1338 277 1379 summa
291 1320 442 1389 inveniunt,
458 1332 566 1374 summa
579 1316 690 1377 feriunt.
1020 1335 1075 1388 me,
1099 1319 1310 1376 vulneraverunt
1331 1335 1384 1383 me,
1402 1317 1522 1374 tulerunt
1539 1318 1650 1391 pallium
1673 1333 1819 1390 meamet

208 1409 294 1469 ¹58
303 1414 330 1467 a.
346 1409 411 1466 ldeo
425 1407 491 1464 dicit
502 1424 509 1462 :
521 1410 748 1464 invenerantme
762 1406 890 1462 custodes
899 1404 968 1462 civi·
1020 1406 1107 1479 plagis
1130 1407 1263 1478 impositis
1286 1407 1412 1463 abierunt
1429 1406 1559 1463 semivivo
1577 1423 1622 1465 me
1641 1409 1748 1471 relicta.
1762 1412 1819 1468 Tu·

170 1501 252 1570 tatia,
261 1502 463 1574 percusserant
472 1498 759 1565 me,vulraeravcmrrt
768 1511 822 1565 me,
834 1496 966 1551 tauram
1019 1495 1111 1551 lerunt
1124 1494 1236 1567 pallium
1249 1511 1351 1560 meum,
1368 1492 1483 1565 pallium
1501 1494 1690 1566 simplicitatis,
1707 1498 1819 1569 pallium

167 1589 292 1666 pallium
302 1584 675 1657 meum.Tulemntpa1tium
691 1600 745 1656 quo
758 1583 895 1640 involutus
907 1590 966 1639 erat
1019 1583 1096 1651 lucis,
1113 1584 1238 1640 amictum
1262 1583 1372 1652 laetitia,
1397 1582 1519 1639 ardentis
1541 1584 1734 1641 vestimentum
1746 1588 1818 1643 affe-

167 1677 314 1750 poenaliter
327 1675 423 1741 Adam,
440 1673 541 1744 prioris
556 1671 737 1743 simplicitatis
751 1670 898 1743 splendore
918 1686 966 1725 nu·
1019 1680 1086 1729 ctus.
1111 1672 1225 1742 Quoties
1250 1673 1372 1731 solebam
1397 1671 1554 1742 huiusmodi
1575 1672 1665 1746 palliis
1690 1681 1762 1731 totus
1777 1675 1818 1732 in·

168 1769 248 1821 datus
264 1781 269 1819 :
287 1764 407 1820 tulerunt
422 1760 647 1833 imaginationum
662 1760 844 1831 operimenta,
866 1758 965 1831 quibus
980 1759 1003 1837 Β
1018 1760 1097 1828 volvi,
1114 1761 1200 1818 foveri
1215 1763 1241 1817 in
1258 1758 1385 1819 croceis?
1399 1761 1480 1818 Nunc
1490 1767 1580 1816 autem
1592 1767 1648 1818 tota
1662 1761 1707 1817 die
1722 1772 1817 1821 mente

167 1854 368 1926 impediebatur
388 1850 566 1916 intrinsecus;
582 1849 695 1920 pallium
717 1847 864 1921 figurarum
886 1848 963 1906 vela·
1017 1850 1166 1923 amplector
1180 1856 1208 1906 et
1222 1866 1304 1907 verso
1318 1865 1380 1924 quae
1392 1849 1493 1905 Paulus
1512 1849 1694 1907 arbitratnrnt
1708 1857 1816 1909 sterco-

166 1959 230 1999 men
240 1939 520 2008 tulerunt,veritatem
530 1937 689 1993 intulerunt.
700 1937 839 2004 Revelato,
851 1936 961 2004 nudata,
1017 1952 1058 1993 ra.
1080 1938 1144 1994 llaec
1157 1938 1257 2008 dulcia,
1283 1941 1340 1995 baec
1355 1938 1475 2014 gloriosa
1497 1938 1563 1993 mihi
1582 1938 1663 2012 pallia
1684 1939 1816 2012 tulerunt,

166 2031 282 2104 simplex
296 2031 399 2088 veritas
412 2028 500 2102 gignit
522 2027 660 2085 fervorem
678 2026 791 2081 amoris.
807 2026 880 2092 idco,
896 2026 964 2096 filice
1017 2041 1134 2085 onerosa
1157 2025 1330 2098 induerunt.⁴
1344 2025 1459 2098 Quando
1488 2026 1547 2083 haec
1566 2027 1693 2085 tollentur
1714 2046 1730 2085 a
1749 2030 1817 2086 me?

166 2121 333 2186 Jerusalem,
354 2120 488 2177 nuntiate
506 2117 608 2174 dilecto
629 2115 696 2189 quia
716 2130 811 2172 amore
832 2117 960 2187 bagaco.
1017 2116 1126 2185 quando
1152 2115 1295 2188 projiciam
1318 2117 1387 2183 haec,
1412 2116 1434 2172 si
1454 2124 1545 2173 tamen
1570 2116 1706 2189 projicere
1732 2118 1816 2175 licet?

165 2209 293 2281 Quandiu
307 2223 362 2265 non
376 2207 476 2279 placet,
493 2220 549 2261 non
568 2203 639 2274 rapit
662 2200 803 2269 affectum,
823 2216 878 2257 non
898 2218 961 2258 suc·
1016 2203 1090 2260 Felix
1105 2203 1174 2272 dies,
1190 2221 1244 2278 quo
1259 2205 1310 2261 hoc
1324 2217 1422 2262 exutus
1436 2213 1462 2261 et
1479 2206 1623 2278 expeditus
1636 2207 1726 2279 pallio,
1741 2208 1815 2264 libe-

164 2298 257 2355 cendit
271 2303 415 2370 perspecta
440 2293 542 2351 veritas
559 2307 566 2345 :
591 2289 789 2364 quantumlibet
802 2289 909 2346 sincere
931 2305 962 2347 se
1016 2293 1090 2350 riorc
1108 2310 1157 2350 vos
1180 2295 1214 2350 ad
1230 2293 1474 2369 congretulandum
1488 2297 1554 2350 mihi
1568 2295 1688 2353 invitabo
1702 2295 1813 2365 affectu,

162 2387 217 2443 frui
231 2387 292 2458 quis
311 2392 387 2458 putet
402 2391 513 2455 aspectu
530 2380 725 2456 intelligentiae,
747 2379 870 2436 velamen
892 2380 962 2450 pati-
1016 2379 1078 2437 filiae
1091 2381 1258 2452 Jerusalem;
1279 2399 1342 2439 cum
1359 2398 1418 2450 vos,
1436 2398 1498 2456 que
1519 2383 1586 2438 nitril
1609 2383 1675 2440 estis
1694 2392 1815 2456 experte

163 2483 216 2546 tur,
232 2474 433 2547 operimentum
448 2469 626 2543 lippitudinis,
647 2468 821 2524 obductionis
839 2466 959 2539 pallium.
1016 2472 1170 2543 hujusmodi
1184 2472 1265 2546 quale
1280 2488 1353 2529 nunc
1372 2472 1497 2545 deploro,
1512 2488 1563 2546 pro
1579 2479 1708 2531 renovato
1721 2473 1751 2530 in
1763 2491 1812 2532 vo-

162 2564 230 2621 Cum
248 2572 340 2620 autam
354 2562 474 2617 ablatum
493 2559 546 2615 hoc
568 2557 695 2614 velamen
710 2555 803 2623 fuerit,
818 2564 881 2611 tunc
895 2555 962 2611 ruti·
1015 2561 1058 2617 bis
1072 2561 1173 2635 amoris
1187 2563 1320 2636 tanguore
1339 2563 1441 2636 gratias
1455 2562 1590 2621 referetis.
1607 2563 1689 2620 lliser
1703 2563 1813 2637 quidem

162 2655 200 2709 lat
213 2653 325 2717 veritas,
351 2659 416 2705 tnnc
437 2648 576 2715 scintillat,
600 2650 629 2704 et
650 2645 792 2702 succendit
816 2660 958 2711 amorem
1014 2651 1116 2725 estqui
1138 2651 1293 2722 hujusmodi
1311 2650 1394 2724 pallio
1415 2651 1556 2723 spoliatus,
1573 2668 1693 2710 moerore
1711 2660 1740 2709 et
1753 2669 1813 2710 mo·

160 2750 225 2796 tunc
239 2740 308 2795 alios
320 2737 356 2793 ad
369 2733 627 2810 congratulandum,
647 2733 694 2805 qui
709 2735 761 2789 ¹¹0⁰
779 2733 890 2804 patitur,
906 2747 959 2803 po·
1014 2739 1092 2797 lestia
1107 2740 1231 2811 tabescit,
1248 2755 1304 2796 non
1318 2739 1431 2812 languet
1445 2757 1549 2797 amore.
1565 2739 1633 2811 Qum
1642 2756 1744 2814 sponsa
1759 2752 1811 2812 ast,

160 2829 221 2885 terit
236 2828 362 2892 invitare,
379 2825 475 2882 dicens
492 2840 498 2878 :
517 2822 657 2880 Nuntiate
671 2821 774 2878 dilecto
788 2824 961 2894 puicamore
1013 2829 1054 2884 sic
1077 2828 1193 2900 spoliata
1207 2828 1251 2886 vel
1275 2827 1366 2885 officio
1385 2829 1583 2903 sollicitudinis,
1604 2830 1647 2889 vel
1671 2848 1732 2900 usu,
1755 2849 1812 2889 non

159 2918 290 2990 languco.
308 2916 404 2972 Videte
421 2912 553 2979 Judaeami
570 2910 690 2984 quandiu
715 2911 766 2966 sub
781 2910 851 2986 tegis
866 2909 958 2982 operi-
1012 2916 1123 2974 fastidio
1138 2917 1263 2990 languet,
1280 2917 1329 2973 sed
1342 2917 1442 2974 amoris
1456 2918 1556 2977 studio.
1581 2919 1647 2975 ldeo
1670 2919 1730 2994 ipsa
1743 2920 1812 2976 alias

160 3015 252 3062 mento
271 3005 372 3061 latebat
395 3003 505 3070 veritas,
526 3000 648 3073 qnandiu
662 3000 792 3056 caecitatis
814 3001 873 3071 ipsa
887 3001 957 3057 tole·
1012 3006 1046 3061 ad
1060 3007 1288 3080 congaudendum
1309 3006 1361 3063 sibi
1384 3015 1413 3064 et
1434 3007 1537 3079 gratias
1555 3011 1691 3081 agendum
1711 3009 1812 3067 dilecto

159 3095 237 3150 rabat
251 3094 376 3151 velamen
388 3112 395 3147 ε
409 3099 484 3146 metu
499 3090 635 3160 torpebat,
652 3088 852 3162 aflecturigido
861 3089 899 3144 nil
908 3104 957 3161 po-
1012 3103 1116 3152 exorat,

157 3193 228 3241 terat
242 3185 320 3240 dulce
335 3180 448 3249 sentire,
473 3196 524 3236 nec
543 3177 680 3236 vulnerari
694 3177 785 3250 jaculo
808 3178 954 3234 charitatis.
974 3149 995 3227 e
1046 3187 1074 3241 7.
1088 3182 1213 3240 Ecclesia
1231 3184 1369 3257 primitiva
1383 3202 1446 3241 curn
1460 3194 1601 3259 ,quereret
1623 3186 1759 3244 Christum
1783 3189 1811 3244 in

157 3274 226 3330 Cum
247 3282 339 3331 autem
358 3286 492 3328 conversa
510 3269 545 3324 ad
563 3268 709 3325 Dominum
722 3267 849 3325 velamen
869 3268 955 3340 depo·
1009 3272 1114 3342 Judaea,
1130 3272 1268 3345 repulsam
1283 3290 1375 3347 passa,
1390 3290 1445 3331 non
1459 3275 1571 3332 invento
1586 3274 1612 3330 ei
1629 3274 1690 3332 loco
1709 3276 1739 3331 in
1759 3277 1809 3346 eis,

156 3365 219 3432 suit,
236 3379 299 3420 cum
313 3362 434 3418 ablatum
449 3362 501 3416 boc
521 3358 560 3413 illi
578 3357 689 3430 pallium
711 3366 778 3424 erat,
795 3367 859 3413 tunc
873 3358 956 3429 coepit
1010 3375 1065 3416 non
1079 3360 1190 3418 invento
1205 3361 1242 3416 ibi
1265 3363 1343 3428 lesu,
1359 3362 1482 3420 transivit
1494 3361 1528 3418 ad
1541 3364 1646 3419 (lentes
1661 3380 1667 3417 :
1684 3364 1811 3436 quaesivit

154 3452 281 3525 gloriosas
295 3453 377 3523 bujus
391 3447 574 3507 confessionis
588 3448 703 3505 verbnm
718 3462 852 3519 usurpare
879 3466 884 3504 :
907 3447 956 3503 Fi·
1009 3447 1102 3518 ineis,
1117 3449 1234 3519 vocarit,
1250 3456 1277 3505 et
1300 3450 1328 3504 in
1348 3449 1439 3505 multis
1457 3466 1512 3506 non
1530 3450 1644 3518 invenit,
1657 3466 1712 3508 non
1727 3468 1809 3509 acce·

157 3537 815 3609 tiorerasatem,nunttatartitectoquiaamore
827 3537 954 3608 langueo.
1009 3536 1049 3608 pit
1063 3553 1233 3608 responsum,
1253 3536 1333 3595 157
1353 3537 1405 3593 nisi
1423 3539 1520 3595 mortis
1535 3555 1706 3612 responsum.
1727 3534 1808 3599 Deni-

155 3629 232 3685 'l'unc
242 3629 358 3700 gloriata
371 3628 406 3682 de
420 3640 498 3684 novae
511 3633 540 3682 et
554 3625 672 3680 insolitae
695 3624 848 3681 dulcedinis
862 3632 952 3697 gustu,
1009 3642 1063 3700 que
1081 3627 1278 3701 aprincipibus
1293 3628 1374 3699 hujus
1388 3628 1492 3699 mnndi,
1508 3629 1586 3700 quasi
1600 3629 1758 3687 custodibus
1768 3631 1808 3687 ci-

154 3717 224 3773 filiss
237 3717 387 3773 Jerusalem
411 3713 447 3771 ad
460 3715 562 3787 gratias
577 3712 716 3785 agendum
734 3713 839 3782 invitat,
855 3721 883 3771 et
905 3729 955 3770 sao
1008 3714 1108 3784 vitatis,
1138 3716 1276 3788 quomodo
1299 3716 1445 3786 vulnerati,
1470 3717 1577 3790 spoliati
1599 3718 1687 3786 bonis,
1709 3718 1807 3776 laniati

154 3806 245 3880 gentis
266 3813 409 3862 consortes
433 3803 557 3874 exemplo
582 3801 717 3877 sollicitat.
740 3801 812 3857 dudi
835 3802 954 3875 denique
1008 3819 1133 3877 corpore,
1150 3805 1240 3861 carnis
1255 3820 1312 3862 suae
1330 3805 1405 3862 exuti
1420 3805 1503 3878 pallio
1525 3805 1554 3862 in
1568 3805 1652 3862 initiis
1670 3818 1807 3881 martyres

154 3895 220 3968 quid
234 3895 279 3949 tali
290 3893 481 3950 sollicitatione
492 3899 647 3964 provocatae
662 3891 864 3963 respondeant:
880 3893 953 3961 Quc-
1008 3894 1113 3950 nostrii
1129 3895 1204 3950 later
1217 3902 1292 3951 tanta
1305 3903 1333 3952 et
1343 3902 1383 3951 tot
1392 3894 1502 3951 flunnna
1512 3902 1540 3952 et
1553 3895 1677 3969 gurgites
1684 3903 1808 3954 tormen·

156 3984 192 4039 tia
215 3987 259 4039 est
282 3983 402 4039 dilectus
424 3981 513 4038 tuos?
532 3985 559 4035 et
579 3995 737 4052 pararemus
759 3996 824 4036 eum
848 3985 951 4038 tecum.
1008 3991 1096 4040 torum
1114 4000 1170 4041 non
1191 3991 1232 4040 est
1251 3983 1278 4038 in
1293 3983 1333 4041 eis
1352 3984 1486 4040 exstincta
1503 3984 1633 4056 charitas,
1648 3984 1699 4042 sed
1718 3987 1807 4061 magis

155 4071 239 4128 Vides
248 4071 386 4143 quomodo
394 4070 546 4145 participes
556 4068 707 4140 fideibuJus
715 4076 743 4124 et
753 4068 883 4125 doctrinae
893 4069 952 4126 fieri
1007 4080 1155 4143 augmento
1182 4073 1300 4143 quodam
1329 4072 1496 4143 languebant
1518 4073 1632 4130 amoris.
1651 4074 1805 4131 facundum

154 4169 252 4236 gerant
262 4161 288 4215 in
298 4161 379 4219 votis.
387 4161 463 4217 Doce
474 4159 562 4233 qualis
572 4167 615 4215 est
625 4158 741 4215 dilectus
756 4166 828 4228 tuus,
839 4166 867 4216 et
876 4174 952 4231 quae-
1006 4160 1087 4233 plane
1101 4161 1218 4231 ridetur,
1235 4178 1269 4218 ex
1284 4160 1413 4233 prasenti
1434 4161 1578 4218 occasione
1592 4163 1681 4231 verbi,
1695 4171 1804 4236 marty-

154 4265 247 4306 remus
260 4266 323 4305 eum
338 4257 439 4306 tecum.
456 4249 509 4305 Fac
523 4264 574 4304 nos
588 4254 671 4303 mntae
691 4256 833 4304 consortes
846 4249 950 4320 gratiae,
1006 4266 1065 4306 rum
1080 4251 1151 4306 inter
1165 4258 1205 4306 tot
1229 4251 1401 4307 vexationum
1416 4258 1444 4306 at
1457 4252 1552 4308 mortis
1566 4267 1668 4327 genera
1687 4254 1805 4311 abarita-

154 4349 184 4396 ut
198 4339 339 4414 quaerendi
363 4339 454 4396 studio
475 4337 578 4394 amoris
595 4336 759 4409 incipiamus
779 4336 880 4394 aflectu
894 4337 951 4393 lan·
1006 4347 1062 4397 tem
1076 4340 1239 4397 indefessam
1252 4338 1374 4396 recolere
1386 4359 1393 4406 ;
1405 4340 1541 4411 quomodo
1555 4340 1697 4413 passiones
1703 4358 1804 4417 corpo·

153 4447 249 4506 guere.
279 4427 400 4486 Sufficiat
424 4426 654 4501 interpretatione
674 4426 787 4498 mystica
812 4427 871 4483 baec
888 4443 951 4498 per·
1005 4429 1044 4484 ris
1055 4429 1180 4501 passione
1196 4428 1346 4485 intrinseca
1361 4429 1551 4501 temperabant
1570 4431 1680 4486 amoris.
1698 4430 1768 4488 Noni
1782 4435 1803 4488 si

153 4519 294 4575 strinxisse
309 4518 437 4576 breviter.
967 4515 1042 4618 uad
1055 4516 1115 4575 illos
1135 4518 1207 4573 franc
1229 4517 1318 4573 lorum
1334 4516 1447 4584 referas,
1468 4533 1522 4574 non
1543 4524 1586 4574 eat
1607 4519 1739 4590 querela,
1754 4522 1804 4576 sed

188 4611 216 4665 o.
231 4609 291 4663 lam
319 4607 354 4662 ad
373 4607 401 4662 id
421 4609 577 4672 redeamus,
600 4607 677 4676 cujus
699 4622 733 4661 ex
756 4605 900 4662 occasione
924 4604 955 4669 in¹
1006 4606 1100 4682 gloriar
1114 4622 1166 4664 vox
1179 4607 1238 4671 ista,
1255 4622 1307 4679 qua
1322 4606 1415 4661 dicunt
1432 4621 1439 4659 τ
1456 4607 1726 4676 Percusstruntme,
1741 4609 1804 4666 cuf-

153 4697 225 4752 bunc
239 4712 335 4752 sumus
347 4696 438 4753 locum
452 4696 567 4768 delapsi,
584 4695 649 4751 dum
665 4694 747 4750 ablati
760 4695 836 4767 pallii
847 4693 952 4751 utilita—
1005 4700 1247 4765 conversoriae,
1269 4697 1400 4752 tolerunt
1422 4697 1546 4767 pallium
1565 4712 1659 4754 maura
1672 4695 1803 4754 custodes

152 4796 208 4843 tem
223 4784 409 4858 exposuimus.
424 4784 495 4840 Nam
508 4784 573 4839 inde
587 4791 631 4840 est
641 4792 750 4857 sumpta
758 4784 868 4841 occasio
878 4784 951 4857 quod
1004 4802 1161 4842 marorum.
1177 4786 1216 4840 Eo
1235 4784 1316 4840 modo
1330 4799 1381 4839 nos
1394 4792 1503 4855 oportet
1525 4799 1580 4841 non
1593 4800 1667 4857 aegre
1683 4784 1755 4843 ferre
1779 4789 1801 4841 si

150 4876 204 4932 ait:
222 4873 489 4946 fulerurrtpatficm
500 4889 604 4929 meurs.
616 4873 773 4928 llaereamus
786 4873 950 4944 adbncpau·
1004 4875 1113 4946 quando
1132 4888 1182 4930 nos
1203 4872 1321 4944 spoliant
1345 4874 1387 4929 vel
1404 4874 1527 4930 molestae
1545 4873 1744 4941 sollicitudinis,
1760 4875 1803 4931 rel

150 4965 205 5021 lum
222 4966 273 5021 hoc
297 4964 326 5018 in
344 4962 415 5032 loco,
431 4962 599 5034 explicemus
613 4963 665 5019 hoc
684 4962 806 5034 pallium.
832 4961 894 5017 Non
909 4967 951 5017 est
1004 4979 1060 5019 non
1074 4963 1154 5017 bonae
1167 4969 1214 5017 aut
1232 4960 1392 5032 periculosa
1406 4961 1529 5032 actionis,
1541 4977 1597 5036 quo
1610 4964 1704 5019 stricte
1714 4962 1801 5020 invol-

149 5056 223 5110 enim
247 5051 361 5126 simplex
389 5051 512 5124 pallium,
536 5067 591 5124 quo
615 5051 697 5107 etiam
721 5059 824 5106 sancte
843 5057 951 5105 mentes
1003 5051 1099 5117 vimm,
1114 5049 1207 5121 pallio,
1230 5050 1358 5107 custodes
1383 5066 1531 5107 murorum.
1556 5052 1626 5108 lacit
1649 5051 1724 5108 Elias
1741 5051 1801 5122 pal·

146 5144 333 5200 involvuntur.
347 5143 395 5198 [ist
408 5143 482 5197 euim
498 5141 606 5214 diplois,
619 5139 646 5196 id
657 5148 697 5197 est
708 5139 808 5211 duplex
824 5138 947 5211 pallium,
1001 5138 1067 5196 bum
1082 5139 1146 5195 dum
1165 5149 1308 5211 raperetur
1325 5140 1375 5212 (fi'
1395 5142 1458 5212 fleg.
1480 5155 1512 5208 n,
1524 5143 1568 5210 13)
1584 5159 1590 5194 :
1607 5139 1675 5212 fugit
1697 5139 1801 5212 Josepb

149 5231 266 5288 fortasse
281 5241 309 5289 et
324 5233 434 5305 triplex,
449 5239 477 5288 et
492 5230 670 5305 quadruplex.
686 5231 759 5300 Quot
768 5229 846 5286 vobis
855 5228 949 5301 pallio-
1002 5230 1067 5286 dum
1085 5235 1224 5285 teneretur
1245 5229 1327 5300 (Gen.
1343 5244 1435 5296 xxxix,
1451 5229 1519 5302 m:
1538 5243 1640 5301 sponsa
1661 5227 1721 5284 tulit
1736 5228 1801 5284 dum

147 5336 210 5376 rum
224 5336 329 5393 genera
353 5323 565 5394 proposuimus?
591 5323 690 5376 Annon
710 5319 800 5375 adbuc
813 5333 897 5389 grave
920 5327 948 5376 et
1002 5319 1151 5377 tolleretur.
1181 5317 1288 5391 Speculi
1316 5329 1344 5374 et
1372 5318 1497 5393 imaginis
1526 5318 1653 5375 velamen
1683 5316 1800 5388 projecit

147 5423 294 5466 onerosum
308 5410 374 5465 satis
388 5419 432 5467 est
454 5409 567 5482 pallium
579 5409 733 5465 animarum
747 5424 823 5474 cura,
849 5415 876 5464 et
899 5408 946 5463 ad·
999 5410 1074 5465 litias
1101 5417 1193 5481 raptas
1218 5407 1253 5462 ad
1277 5407 1387 5464 faciem.
1416 5406 1509 5464 llundi
1535 5413 1697 5462 ornamenta
1726 5405 1800 5463 velut

146 5498 513 5555 ministrandaenecessitatis
527 5497 824 5568 sollicitudotl’ropria
838 5496 944 5554 incom·
999 5514 1098 5573 magna
1119 5512 1205 5554 onera
1218 5497 1288 5568 fagit
1306 5496 1407 5567 loseph
1423 5495 1547 5552 madens
1568 5495 1699 5552 fomitem.
1718 5492 1800 5551 Solli-
