3706 5962
139 169 217 244 ,aaa
929 174 1041 236 onaan
1754 161 1812 223 896

198 297 224 349 8.
241 294 366 366 Sequitur
382 311 389 351 τ
405 299 460 355 liae
474 302 571 355 aotam
594 314 675 356 nemo
689 301 955 360 seivitda'scamben·
974 317 997 396 Α
1014 301 1048 357 rit
1064 315 1142 371 :quae
1154 316 1203 355 nee
1217 299 1297 355 debet
1311 297 1391 355 scribi
1417 297 1474 351 sine
1502 294 1638 365 lacrymis,
1668 306 1720 348 nec
1750 286 1814 347 sine

164 382 280 440 tiumad
293 384 728 456 qataatcerttatoaiaamentm
737 392 956 465 patebantpuia
1012 388 1210 461 lacrymislegi.
1227 387 1350 443 Christus
1359 385 1394 441 de
1409 384 1528 453 proxima
1544 382 1680 455 passione,
1697 380 1755 435 imo
1777 381 1811 434 de

164 473 267 529 locales
278 471 404 541 habehat,
414 477 485 546 qaod
496 476 603 534 diceret
617 479 643 532 ei
652 481 733 537 lesus
743 499 752 536 :
763 484 829 537 Eme
845 499 878 539 ea
896 500 958 554 qaam
1012 482 1132 553 proxima
1146 484 1243 542 morte,
1259 491 1337 545 quam
1359 490 1409 546 pro
1437 473 1524 528 salute
1553 472 1643 526 mundi
1670 468 1813 526 exsolvere

162 562 437 633 opasrentaaltraa
447 566 521 621 diem
532 569 703 638 factitarunt
713 571 958 644 ateqenisaiiqaid
1011 569 1192 639 disposuerat,
1208 564 1307 636 gaudet
1322 570 1350 618 et
1365 561 1503 631 tripudiat,
1519 559 1624 614 laetatur
1638 568 1665 613 et
1680 558 1810 622 exsultat,

162 649 254 706 daret.
269 651 383 708 Loculcs
398 653 468 708 enim
485 655 608 721 habebat,
625 657 650 710 in
678 659 775 730 quihus
790 660 880 716 oblata
900 677 957 715 ser·
1011 665 1038 714 et
1051 657 1088 712 ait
1103 674 1109 713 :
1126 658 1206 711 Noae
1220 653 1395 721 clarificatus
1409 655 1451 706 est
1466 651 1556 706 Filias
1568 649 1703 706 leontinis.
1718 647 1741 703 Ο
1756 649 1811 702 Dn-

164 738 294 794 labantur
307 754 418 793 suorum
436 741 651 813 necessitatibus,
676 756 702 801 et
726 747 785 802 aliis
812 748 957 822 indigenti·
1013 742 1218 808 mineJesu,hli
1237 740 1364 804 hominis,
1382 739 1417 793 iili
1443 739 1532 793 hlariae
1560 737 1683 810 virginis,
1714 735 1812 790 claris·

163 827 223 881 bns.
240 827 269 881 ln
290 842 344 898 quo
368 828 448 883 datur
471 831 557 886 torma
576 833 705 889 Ecclesiae
719 837 842 891 servandi
863 853 957 892 neces·
1012 834 1088 902 sime,
1104 832 1265 894 dulcissime,
1282 827 1491 899 speciosissime,
1517 827 1573 881 vita
1596 833 1763 882 senemrnm,
1783 831 1811 877 et

164 915 245 982 sama,
260 932 320 986 quae
329 917 438 981 jubetur
453 932 507 972 non
527 921 647 994 cogitare
660 923 694 978 de
709 926 838 991 crastino,
859 941 892 980 ne
909 941 958 996 pro
1012 921 1127 976 dulcedo
1141 919 1320 992 Angelorum,
1338 914 1475 987 quomodo
1485 912 1657 986 glorificaris,
1669 914 1810 984 quomodo

164 1004 276 1060 terrenis
303 1005 417 1069 sertiat3
446 1009 486 1061 vel
503 1024 552 1079 pro
576 1010 672 1067 timore
697 1012 795 1082 inopiae
826 1014 958 1081 justitiam
1013 1006 1301 1064 clarificaristnonne
1325 1003 1371 1058 tibi
1405 1004 1493 1058 adhuc
1524 1001 1668 1057 imminent
1696 997 1811 1056 vincula

163 1093 280 1147 deserat.
293 1094 362 1150 Cam
372 1095 422 1149 ille
432 1098 583 1167 accepisset
591 1099 755 1164 buccellam,
766 1103 854 1158 cocinit
865 1105 958 1159 conti·
1013 1098 1126 1152 verbera
1139 1094 1305 1157 carnificum,
1315 1092 1462 1163 opprobria
1476 1089 1626 1157 hominum,
1644 1097 1672 1143 et
1691 1087 1810 1158 abjectio

162 1196 230 1238 nae.
247 1180 311 1237 Erat
333 1191 423 1237 autem
441 1199 495 1239 nox
507 1186 615 1255 quaudo
636 1186 716 1242 exirit
736 1187 808 1243 iilius
833 1191 960 1244 tenebra·
1016 1185 1102 1254 plebis
1119 1200 1126 1251 3
1142 1188 1230 1253 sputa,
1241 1180 1318 1248 olavi,
1334 1179 1452 1250 colaphi,
1467 1179 1561 1247 spinea
1576 1193 1688 1240 corona,
1704 1176 1809 1232 arundo

163 1284 222 1322 rurn
240 1311 247 1335 ,
264 1268 366 1325 indens
380 1287 463 1340 opera
476 1275 665 1331 tenebrarum.
681 1276 737 1330 Nos
753 1275 835 1345 igitur
850 1277 895 1348 qui
910 1295 958 1332 su·
1014 1287 1063 1342 pro
1078 1280 1194 1342 sceptro,
1210 1286 1286 1336 crux,
1301 1269 1422 1324 lancea?
1440 1266 1483 1321 An
1501 1265 1596 1323 vinciri
1609 1262 1700 1322 θθθ
1724 1265 1809 1318 mani-

164 1373 224 1411 mus
238 1356 362 1428 discipuli
376 1359 484 1427 Christi,
496 1360 636 1418 videamus
650 1380 684 1418 ne
699 1380 796 1435 panem
820 1366 960 1423 intinctum
1016 1364 1065 1415 bus
1079 1377 1094 1414 a
1108 1367 1194 1430 mago,
1214 1368 1239 1413 et
1254 1357 1373 1412 vinctum
1388 1356 1419 1409 ad
1429 1355 1549 1426 judicem
1565 1354 1673 1419 adduci,
1697 1362 1725 1409 et
1749 1362 1810 1408 ιειι-

163 1444 350 1511 comedamus;
367 1447 524 1520 religionem
553 1466 634 1520 quarn
657 1457 778 1507 tenemus
806 1453 833 1506 in
861 1461 957 1522 veste,
1015 1449 1240 1521 quamlatronem
1255 1446 1287 1500 ad
1317 1443 1462 1500 ludibrium
1490 1443 1564 1516 poni,
1589 1450 1630 1497 εει
1649 1440 1809 1498 clarificatio

162 1548 301 1589 servemus
329 1533 356 1589 in
384 1546 488 1607 mente3
512 1547 540 1593 et
558 1540 724 1595 sanctitatem
747 1557 827 1613 quam
849 1542 956 1599 habitus
1013 1544 1059 1592 tua
1073 1537 1087 1590 l
1101 1551 1134 1589 an
1149 1535 1291 1589 ascendere
1307 1533 1393 1589 crucis
1416 1530 1574 1603 patibulum,
1598 1540 1625 1584 et
1652 1536 1709 1584 ιεει
1733 1528 1810 1584 triste

163 1621 389 1692 exteriorpalliat,
405 1622 477 1679 intus
493 1625 600 1681 animus
616 1636 705 1683 teneat
720 1644 726 1683 :
743 1644 776 1682 ue
790 1629 817 1683 iu
829 1631 895 1684 hora
905 1646 955 1684 uc·
1014 1622 1257 1693 ferresupplieium
1271 1627 1285 1679 ‘l
1300 1623 1380 1676 Estne
1408 1619 1498 1675 laetitia
1516 1631 1571 1685 tua,
1587 1625 1664 1674 estne
1678 1618 1811 1687 gaudium

163 1708 385 1765 ctisexcamusa
408 1711 522 1769 Domino
537 1715 670 1785 reprobati
685 1715 714 1768 in
737 1725 861 1786 stagnum
889 1717 960 1792 ignis
1015 1728 1090 1767 tuum
1103 1711 1181 1782 moli,
1198 1712 1300 1765 scilieet
1315 1725 1364 1781 pro
1378 1701 1464 1765 salute
1474 1707 1582 1780 generis
1592 1705 1810 1773 humani‘lQuid

163 1802 189 1849 et
205 1795 352 1865 sulphuris,
364 1813 425 1853 cum
444 1797 760 1858 diabolocoucremaudi.
778 1804 818 1858 llli
843 1819 893 1876 pro
916 1807 958 1861 vi·
1013 1803 1046 1855 ad
1061 1802 1119 1855 haec
1134 1799 1255 1854 dicemus
1269 1800 1283 1854 ι
1297 1799 1363 1871 quid
1379 1797 1614 1868 respondebimus,
1624 1794 1722 1852 iratres
1736 1793 1811 1850 mcii

164 1883 237 1937 ribus
259 1883 449 1951 inhaereamus,
471 1887 534 1958 quia
557 1888 659 1943 bonum
682 1899 724 1945 est
747 1891 785 1946 illi
808 1893 958 1950 adlraerere.
1013 1888 1125 1944 Hieron
1140 1888 1221 1942 debet
1244 1887 1333 1955 silere,
1358 1886 1482 1955 lacrymae
1506 1885 1617 1942 dicere:
1645 1883 1692 1939 hie
1719 1898 1811 1938 sermo

162 1970 310 2027 Adhaereat
334 1973 393 2040 tibi,
416 1975 547 2043 Domine,
564 1978 857 2045 animamea31tatibi
873 1983 961 2038 adhae-
1014 1986 1111 2044 tacere,
1127 1984 1154 2031 et
1168 1975 1247 2030 iletus
1262 1974 1390 2031 clamare.
1408 1973 1530 2029 Christus
1551 1973 1625 2027 Deus
1641 1979 1738 2028 noster
1762 1985 1811 2042 pro

163 2066 230 2125 reat,
247 2068 304 2116 uta
318 2070 343 2117 te
357 2078 415 2117 eam
441 2066 565 2120 recedere
588 2083 722 2138 uunquam
737 2069 886 2139 permittas,
912 2071 958 2127 sed
1013 2063 1107 2132 nihilo,
1124 2065 1178 2119 imo
1191 2080 1239 2134 pro
1249 2064 1348 2136 gaudio
1374 2071 1490 2119 mertem
1513 2061 1636 2127 ducebat,
1652 2076 1704 2131 per
1730 2076 1812 2132 quarn

162 2147 245 2212 adte,
261 2164 385 2220 quapro
413 2159 438 2206 te
454 2155 547 2225 gemit,
564 2171 645 2224 quarn
674 2156 754 2212 citius
767 2159 960 2215 consolandam
1014 2168 1094 2211 nasa
1112 2161 1198 2209 morte
1212 2161 1343 2223 perpetua
1358 2152 1460 2208 liberat.
1480 2152 1512 2205 Et
1522 2150 1586 2206 licet
1601 2160 1655 2205 tam
1677 2151 1730 2206 cito
1747 2164 1811 2205 mo·

163 2236 314 2305 perducas:
334 2239 376 2295 eui
391 2249 434 2295 εει
449 2242 572 2299 honoret
585 2244 674 2316 gloria
688 2245 716 2300 iu
732 2247 830 2302 saeaula
844 2250 960 2304 saeculo-
1014 2242 1124 2311 citurus,
1137 2251 1226 2298 amen
1241 2256 1271 2296 se
1286 2241 1374 2311 ipsum
1403 2239 1577 2296 clarificatum
1603 2237 1721 2302 dicebat,
1746 2237 1813 2308 quia

163 2340 233 2379 “¹¹¹¹-
248 2328 334 2384 ΑΜ
1013 2329 1127 2387 tuncsic
1146 2329 1284 2402 patiendo,
1300 2329 1354 2384 imo
1378 2329 1416 2385 sie
1444 2329 1585 2385 moriendo
1614 2328 1736 2384 membra
1750 2342 1809 2393 sua,

461 2434 577 2495 SERMO
605 2438 650 2493 tv,
1013 2420 1108 2476 fideles
1120 2434 1185 2475 suos
1200 2419 1370 2476 clarificabat.

310 2525 343 2578 ln
355 2540 426 2579 vert·
438 2527 522 2580 31=33
538 2543 600 2600 cap·
612 2542 665 2583 utu
678 2530 809 2585 loannis·
1048 2546 1072 2600 3.
1090 2543 1113 2598 0
1128 2544 1197 2599 bono
1215 2544 1356 2609 monache,
1372 2557 1388 2597 o
1412 2544 1483 2597 bone
1504 2539 1661 2608 christiane,
1689 2542 1810 2612 recogita

200 2632 224 2682 t.
238 2627 356 2684 Verbum
371 2630 420 2685 Dei
448 2633 675 2704 quantoamplius
697 2634 881 2689 ruminatnrin
895 2652 954 2702 ore,
1011 2645 1096 2687 annos
1111 2639 1279 2700 tuospravos
1292 2631 1320 2687 iu
1341 2630 1519 2685 amaritudine
1539 2631 1637 2685 animae
1663 2639 1727 2685 tuae.
1754 2629 1810 2685 sta-

164 2724 236 2770 tanto
254 2716 359 2772 dulcius
374 2720 560 2789 saperedebet
584 2721 611 2776 in
626 2724 716 2777 eorde.
734 2724 768 2777 Et
782 2723 855 2778 verbi
875 2724 960 2781 divini
1015 2728 1060 2776 tue
1074 2719 1211 2775 Christum
1225 2718 1431 2776 sicerucitixum
1445 2720 1479 2774 ab
1503 2735 1558 2774 uuo
1591 2720 1675 2773 latere
1696 2727 1753 2790 tuo,
1784 2728 1810 2774 et

162 2819 239 2858 mens
255 2803 374 2861 delibuta
388 2822 483 2877 sapore
498 2822 528 2863 se
543 2807 813 2879 ingeritalabastrum
829 2812 996 2927 unguentic
1015 2814 1061 2863 tua
1080 2817 1188 2878 peccata
1208 2810 1242 2864 ab
1272 2807 1377 2865 altero:
1402 2813 1428 2863 et
1452 2808 1520 2863 inter
1543 2808 1601 2862 haec
1622 2807 1729 2877 positus
1751 2808 1810 2864 rite

163 2890 333 2962 cupientibus
356 2895 553 2964 aperire:nee
582 2897 738 2953 thesaauum
761 2899 955 2956 diutiuscelari
1012 2897 1075 2968 quid
1096 2914 1169 2967 agas.
1186 2895 1712 2968 Contemplarehgnum.contemplare
1727 2897 1809 2951 Chri-

164 2980 272 3050 patitur‚
286 2983 333 3053 qui
348 2983 460 3055 suscipit
483 2985 679 3041 incrementum
703 2988 766 3043 dum
788 3007 804 3043 a
831 2989 955 3060 pluribus
1010 2995 1080 3040 sium
1096 2985 1242 3040 Dominum
1259 2995 1345 3053 tuum,
1362 2985 1438 3042 sicin
1452 3000 1533 3041 cilice
1548 2988 1705 3053 extensum,
1719 3001 1769 3056 pro
1785 2994 1809 3040 ie

162 3076 299 3138 erogatur.
324 3070 401 3127 Unde
429 3087 484 3128 non
513 3072 645 3131 immerito
674 3074 827 3133 divinorum
853 3077 955 3134 fructus
1010 3076 1064 3125 itm
1081 3070 1163 3142 impie
1193 3087 1315 3142 passum.
1342 3071 1489 3128 Considera
1515 3071 1698 3142 turpitudines
1722 3073 1810 3127 carnia

162 3156 344 3225 eloquiorum,
364 3175 432 3230 quos
450 3160 484 3219 de
499 3163 619 3233 pomario
636 3164 741 3220 Domini
757 3164 817 3235 ipso
834 3168 954 3239 sumpsi·
1010 3168 1073 3225 tuoe,
1088 3175 1187 3230 pravas
1200 3158 1358 3215 affectiones
1380 3159 1476 3215 animae
1503 3168 1566 3216 tuae.
1594 3159 1689 3216 Funde
1718 3160 1809 3232 lacry-

161 3261 221 3301 mus
235 3246 375 3318 largiente,
395 3265 451 3321 prae
465 3251 629 3308 suavitatum
641 3254 725 3309 odore
747 3255 872 3311 manibus
887 3271 946 3326 por·
1009 3263 1066 3302 mas
1093 3248 1127 3301 ad
1144 3248 1307 3305 crucifixum
1324 3249 1481 3305 :tesalvare
1505 3256 1614 3319 paratus
1626 3257 1678 3312 est,
1690 3248 1741 3320 qui
1757 3266 1807 3321 pro

161 3342 217 3391 aare
243 3336 406 3410 quicumque
433 3340 564 3411 gestierit,
581 3340 618 3396 1111
646 3341 741 3415 largiri
764 3343 953 3414 gaudebimus,
1009 3345 1034 3392 te
1049 3336 1112 3393 talia
1124 3353 1221 3410 passus
1235 3346 1286 3393 est.
1304 3339 1384 3395 Naana
1403 3339 1579 3408 clarificatas
1598 3342 1639 3393 εει
1656 3336 1748 3393 litias
1763 3340 1808 3393 ho·

162 3423 215 3480 Sed
229 3439 297 3497 rogo
311 3441 400 3481 meum
414 3426 554 3494 lectorem,
569 3446 604 3485 ne
625 3430 687 3485 illos
713 3431 747 3486 ab
763 3432 899 3488 amoribus
913 3434 953 3488 sui
1008 3425 1108 3482 minis.
1123 3426 1156 3481 Et
1172 3427 1248 3491 bene,
1261 3427 1349 3482 Filias
1366 3426 1499 3496 beminis,
1515 3432 1542 3480 0²
1552 3440 1617 3493 ¹¹0⁰,
1635 3425 1782 3480 ”Ominum
1799 3442 1807 3476 ²

160 3513 252 3570 cordis
264 3513 381 3584 abjiciat.
398 3516 466 3571 Nam
476 3518 543 3575 odor
562 3518 625 3575 hiae
648 3518 824 3576 suavissimus
838 3529 953 3588 emanat,

160 3601 208 3671 qui
232 3602 315 3658 corde
343 3605 474 3660 contritos
488 3612 575 3672 sanat,
601 3612 629 3661 et
650 3609 794 3663 vulnerum
815 3609 955 3665 cicatrices

161 3688 320 3745 consolidat.
332 3690 408 3746 Odor
423 3692 472 3747 iste
485 3693 606 3748 omnium
622 3694 787 3751 suavitatum
803 3696 829 3752 in
844 3713 873 3751 se
887 3713 954 3752 eon-

161 3776 225 3832 tinet
253 3778 447 3848 monarchiam,
473 3780 537 3852 quia
565 3795 672 3835 omnem
701 3783 812 3839 balsami
841 3785 954 3841 odorem

161 3864 276 3936 excedit,
292 3872 319 3920 et
340 3867 471 3939 quidquid
485 3868 512 3923 in
527 3869 659 3924 odoribus
685 3871 847 3928 continetur.
881 3875 956 3931 llune

161 3959 263 4008 tantum
283 3965 316 4008 ac
330 3953 409 4008 talem
425 3955 549 4019 odorem,
561 3953 583 4009 si
593 3963 649 4011 toto
664 3957 756 4014 cordis
771 3959 874 4018 attactu
890 3965 956 4018 odo·

161 4054 223 4096 rare
246 4053 298 4094 nou
322 4039 446 4107 desieris,
465 4042 493 4098 ia
518 4050 648 4101 aeternum
672 4049 766 4119 procul
794 4050 876 4106 dubio
902 4068 955 4108 non

161 4126 264 4201 peribis
276 4129 404 4202 quoniam
423 4139 464 4187 εει
487 4132 649 4190 resurreetio
664 4136 769 4195 etrite,
792 4140 844 4207 Qui
867 4142 956 4198 credit

1009 3515 1071 3583 quia
1086 3515 1144 3570 sine
1163 3515 1232 3572 virili
1248 3516 1349 3571 semiue
1368 3515 1401 3571 de
1417 3531 1485 3587 pura
1507 3521 1534 3569 ot
1558 3514 1723 3568 intemerata
1748 3514 1809 3566 Vir·

1009 3603 1071 3674 gine
1081 3614 1174 3675 natus,
1189 3606 1223 3660 de
1239 3605 1317 3659 Patre
1332 3603 1390 3660 sinc
1405 3612 1489 3658 matre
1500 3602 1528 3657 in
1542 3602 1619 3660 eoelis
1633 3609 1676 3659 εει
1685 3602 1806 3676 genitus.

1010 3692 1096 3762 Cujus
1113 3699 1199 3748 mater
1213 3700 1254 3747 est
1268 3692 1356 3765 virgo,
1372 3694 1451 3763 cujus
1466 3701 1540 3762 pater
1555 3691 1683 3747 feminam
1712 3694 1806 3748 nescit.

1010 3779 1072 3845 Iste,
1089 3778 1208 3850 iuquam,
1220 3781 1305 3836 Filius
1315 3781 1432 3835 hominis
1458 3780 1549 3846 valde=
1561 3779 1729 3836 clarificatus
1758 3787 1806 3848 εει,

1010 3868 1073 3938 quia
1087 3867 1216 3940 quidquid
1230 3869 1312 3924 Filius
1327 3869 1377 3924 Dei
1391 3869 1484 3924 habuit
1500 3885 1548 3938 per
1564 3876 1701 3937 naturam,
1728 3868 1808 3923 Filius

1008 3955 1125 4012 hominis
1139 3959 1218 4013 habet
1243 3974 1293 4030 per
1320 3958 1445 4030 gratiam.
1461 3958 1491 4012 ln
1506 3956 1558 4013 isto
1582 3957 1651 4013 Filio
1680 3961 1806 4025 hominis,

1012 4045 1102 4100 llariae
1113 4046 1216 4102 scilicet
1234 4047 1364 4120 Virginis,
1380 4046 1539 4104 clarificatus
1554 4056 1593 4102 est
1609 4047 1697 4103 Deus.
1713 4049 1742 4103 ln
1757 4063 1806 4118 quo

1012 4143 1052 4189 est
1066 4133 1230 4192 clarificatus
1243 4137 1257 4191 ι
1272 4138 1300 4190 ln
1311 4135 1395 4190 salute
1409 4135 1610 4209 languidorum,
1626 4135 1654 4189 in
1670 4135 1806 4192 illumiua-

161 4217 194 4272 in
203 4232 278 4290 eom,
288 4219 404 4276 etiamsi
411 4226 543 4277 mortuos
553 4224 736 4291 faerit,aioat
747 4227 890 4297 (loanni,
902 4233 958 4298 25),
976 4215 999 4292 ss
1016 4223 1086 4279 lione
1103 4239 1248 4287 caecorum,
1269 4223 1296 4280 in
1316 4224 1512 4280 resurrectione
1541 4233 1729 4292 mortuorum,
1744 4238 1768 4278 rt
1782 4224 1807 4278 iu

161 4305 234 4363 Odor
248 4308 299 4364 iste
314 4308 437 4366 omnium
469 4311 584 4368 odorum
601 4312 720 4370 suavitas
735 4315 867 4372 Dominus
882 4319 959 4374 lesus
1014 4313 1139 4370 omnibus
1165 4313 1291 4386 operibus
1311 4312 1367 4367 suis
1396 4311 1483 4368 Patris
1504 4312 1545 4367 sui
1572 4329 1685 4384 semper
1714 4313 1807 4370 iaciens

161 4403 226 4452 est:
246 4395 314 4454 odor
337 4397 434 4463 bonus,
450 4399 518 4456 odor
546 4400 734 4474 suauissimus,
751 4404 871 4461 melleet
893 4406 960 4462 lacte
1016 4404 1188 4458 voluntatem.
1205 4403 1237 4456 Et
1252 4405 1323 4458 Deus
1347 4401 1501 4458 clarificavit
1514 4417 1574 4456 eum
1606 4403 1633 4456 in
1649 4404 1806 4475 semetipso,

161 4485 276 4555 dulcior,
291 4496 400 4543 nectare
414 4488 533 4556 suavior,
547 4491 659 4558 genimis
674 4500 700 4547 et
723 4508 790 4548 auro
805 4494 956 4561 pretiosior.

162 4573 291 4651 lsteodor
300 4585 340 4630 est
354 4576 467 4632 verbum
492 4577 566 4643 illud,
589 4578 686 4651 dequo
700 4581 816 4638 locuturi
840 4599 956 4639 sumus:

162 4661 280 4716 Verbum
295 4664 367 4734 quod
381 4680 443 4720 earo
458 4665 558 4720 lactum
573 4676 625 4734 est,
642 4677 667 4723 ot
686 4670 815 4726 habitavit
831 4672 856 4725 in
881 4672 959 4730 nobis

163 4747 256 4818 (ioan.
266 4765 286 4815 r,
298 4751 353 4816 lt).
370 4754 392 4807 h
407 4753 489 4808 verbo
503 4753 555 4809 isto
571 4769 677 4826 semper
692 4759 773 4812 verba
790 4776 847 4814 mea
860 4775 959 4830 proce·

162 4838 242 4907 dant,
258 4845 285 4893 et
299 4837 364 4894 nibil
383 4840 454 4895 aliud
469 4856 551 4912 quam
574 4841 662 4914 ipsum
686 4847 790 4900 valeant
802 4848 859 4916 jam
879 4864 958 4904 reso-

162 4943 237 4996 nare,
254 4927 399 4984 Dominum
415 4928 518 4985 seilicet
531 4930 633 4999 lesura,
658 4934 704 5002 qui
718 4933 751 4989 de
766 4950 795 4989 se
810 4937 869 5006 ipso
884 4936 923 4991 ait
951 4951 956 4990 ε

162 5017 242 5072 Noae
251 5016 427 5086 clarificatas
441 5021 482 5072 est
496 5017 588 5074 Filias
597 5018 732 5077 bominis.

199 5109 225 5160 2.
236 5105 357 5162 Exeunte
366 5106 379 5160 J
383 5107 444 5170 uda,
455 5120 505 5177 pro
517 5120 571 5177 qno
582 5105 696 5177 dixerat,
710 5110 770 5164 Non
781 5111 847 5165 estis
858 5112 959 5167 mandi

162 5206 268 5262 omnes,
285 5201 473 5250 remanserunt
487 5193 539 5249 soli
555 5193 658 5260 mundi,
675 5210 736 5252 cum
752 5211 802 5251 suo
818 5198 960 5253 mundato-

163 5296 206 5352 re,
218 5281 246 5337 in
260 5299 314 5354 quo
329 5283 449 5356 signatur
463 5282 620 5340 clarificatio
639 5282 748 5352 Christi,
764 5285 792 5340 iu
809 5301 863 5357 qua
878 5302 959 5356 sepa-

164 5371 228 5423 ratis
242 5373 320 5426 malis
342 5374 463 5429 manebit
488 5373 515 5429 in
542 5373 692 5430 eternitate
706 5390 766 5432 cum
793 5376 958 5432 sanctiatur

169 5463 221 5511 εει.
237 5458 290 5514 Sed
305 5461 385 5515 aliam
399 5462 597 5533 expositionem
606 5463 648 5519 hie
663 5480 739 5520 aanor
753 5464 853 5521 Christi
870 5465 961 5536 requi·

1013 4491 1076 4560 quia
1090 4507 1159 4546 unus
1173 4492 1244 4546 Deus
1258 4507 1319 4547 cum
1334 4492 1413 4545 Patre
1429 4508 1436 4555 3
1455 4506 1506 4544 rana
1520 4489 1660 4556 diuinitas,
1689 4509 1743 4550 unt
1755 4506 1807 4547 ma·

1011 4589 1096 4650 Jeslas
1112 4601 1118 4637 z
1136 4591 1161 4635 rt
1181 4584 1238 4637 haec
1250 4581 1402 4637 clarificatae
1414 4587 1454 4636 est
1470 4581 1503 4635 ab
1522 4591 1631 4636 aeterno.
1651 4581 1731 4638 lianc
1756 4582 1806 4639 cta·

1015 4668 1189 4726 ritioationem
1209 4669 1290 4724 morti
1310 4669 1541 4738 appropinquans,
1559 4670 1713 4725 seeundum
1740 4669 1805 4740 quad

1015 4759 1105 4827 homo,
1122 4758 1206 4813 alico
1221 4759 1300 4812 Patre
1316 4756 1366 4811 sibi
1382 4756 1439 4810 dari
1453 4757 1616 4827 postulabo,
1651 4774 1716 4815 curn
1740 4759 1807 4813 diac-

1015 4847 1058 4899 bat
1070 4864 1076 4897 :
1088 4849 1184 4912 Pater,
1195 4847 1375 4916 clarificante
1385 4845 1461 4916 apud
1473 4848 1666 4918 temetipsum,
1679 4849 1808 4904 claritate

1014 4951 1099 5005 paam
1118 4934 1204 4991 habui
1219 4937 1390 5007 priusquam
1400 4932 1524 4990 creandus
1537 4935 1619 5003 fieret
1635 4936 1731 5004 (loon.
1742 4951 1807 5000 urar,

1014 5024 1052 5091 5).
1063 5022 1214 5078 Claritatem
1231 5039 1347 5094 namque
1360 5037 1441 5095 quam
1452 5023 1731 5082 habebatseeuodum
1741 5021 1807 5093 gurrod

1016 5112 1096 5176 Deus,
1111 5113 1217 5167 volebat
1235 5112 1492 5168 hahereseeuudum
1506 5113 1578 5183 quod
1593 5111 1679 5167 homo
1695 5134 1703 5183 3
1720 5123 1750 5168 ut
1764 5114 1809 5166 hn-

1016 5217 1092 5254 mana
1121 5211 1215 5256 natura
1239 5201 1326 5256 Verbo
1360 5200 1443 5269 cunita,
1468 5215 1528 5272 quae
1565 5207 1629 5255 tunc
1660 5218 1718 5257 erar
1752 5216 1809 5274 pns-

1015 5291 1142 5347 sibilisct
1157 5291 1290 5358 mortalis,
1320 5292 1374 5346 olto
1409 5288 1482 5345 heret
1506 5288 1685 5360 impassibilis
1712 5300 1740 5348 et
1763 5291 1808 5345 irn-

1015 5380 1159 5436 mortalis:
1188 5391 1214 5435 et
1242 5381 1295 5436 hoc
1322 5378 1456 5449 estquod
1480 5378 1587 5443 dicitur,
1615 5381 1650 5434 tet
1679 5383 1813 5438 condano

1017 5470 1185 5539 atamfiwba'l
1201 5485 1276 5526 earn.
