<?xml version="1.0" encoding="UTF-8"?>
<!DOCTYPE html PUBLIC "-//W3C//DTD XHTML 1.0 Transitional//EN"
    "http://www.w3.org/TR/xhtml1/DTD/xhtml1-transitional.dtd">
<html xmlns="http://www.w3.org/1999/xhtml" xml:lang="en" lang="en">
 <head>
  <title>
</title>
<meta http-equiv="Content-Type" content="text/html;charset=utf-8" />
  <meta name='ocr-system' content='tesseract 3.04.00' />
  <meta name='ocr-capabilities' content='ocr_page ocr_carea ocr_par ocr_line ocrx_word'/>
</head>
<body>
  <div class='ocr_page' id='page_1' title='image "./patrologiaecurs00unkngoog/patrologiaecurs00unkngoog_0452.png"; bbox 0 0 3706 5962; ppageno 0'>
   <div class='ocr_carea' id='block_1_1' title="bbox 157 172 1809 276">
    <p class='ocr_par' dir='ltr' id='par_1_1' title="bbox 157 172 1809 276">
     <span class='ocr_line' id='line_1_1' title="bbox 157 172 1809 276; baseline -0.002 -12"><span class='ocrx_word' id='word_1_1' title='bbox 157 214 207 276; x_wconf 74' lang='lat' dir='ltr'><strong>eor</strong></span> <span class='ocrx_word' id='word_1_2' title='bbox 921 200 1033 264; x_wconf 84' lang='lat' dir='ltr'><strong>ceusu</strong></span> <span class='ocrx_word' id='word_1_3' title='bbox 1099 172 1102 185; x_wconf 76' lang='grc'><em>’</em></span> <span class='ocrx_word' id='word_1_4' title='bbox 1752 211 1809 272; x_wconf 71' lang='lat' dir='ltr'><strong>em</strong></span> 
     </span>
    </p>
   </div>
   <div class='ocr_carea' id='block_1_2' title="bbox 154 329 1813 2531">
    <p class='ocr_par' dir='ltr' id='par_1_2' title="bbox 156 329 1809 422">
     <span class='ocr_line' id='line_1_2' title="bbox 156 329 1809 422; baseline 0 -27"><span class='ocrx_word' id='word_1_5' title='bbox 156 336 204 395; x_wconf 88' lang='lat' dir='ltr'><strong>tibi</strong></span> <span class='ocrx_word' id='word_1_6' title='bbox 222 335 379 394; x_wconf 84' lang='lat' dir='ltr'><strong>redditurus</strong></span> <span class='ocrx_word' id='word_1_7' title='bbox 406 340 447 390; x_wconf 85' lang='lat' dir='ltr'><strong>est</strong></span> <span class='ocrx_word' id='word_1_8' title='bbox 464 333 613 392; x_wconf 81' lang='lat' dir='ltr'><strong>mercedem</strong></span> <span class='ocrx_word' id='word_1_9' title='bbox 641 342 779 390; x_wconf 81' lang='lat' dir='ltr'><strong>atomum.</strong></span> <span class='ocrx_word' id='word_1_10' title='bbox 803 331 949 404; x_wconf 85' lang='lat' dir='ltr'><strong>Sequitur:</strong></span> <span class='ocrx_word' id='word_1_11' title='bbox 970 343 1071 422; x_wconf 57' lang='lat' dir='ltr'><strong>fleam</strong></span> <span class='ocrx_word' id='word_1_12' title='bbox 1093 329 1231 403; x_wconf 81' lang='lat' dir='ltr'><strong>diligebat,</strong></span> <span class='ocrx_word' id='word_1_13' title='bbox 1255 345 1335 402; x_wconf 86' lang='lat' dir='ltr'><strong>quem</strong></span> <span class='ocrx_word' id='word_1_14' title='bbox 1359 338 1434 388; x_wconf 90' lang='lat' dir='ltr'><strong>tanto</strong></span> <span class='ocrx_word' id='word_1_15' title='bbox 1458 332 1562 390; x_wconf 87' lang='lat' dir='ltr'><strong>bonore</strong></span> <span class='ocrx_word' id='word_1_16' title='bbox 1585 335 1809 396; x_wconf 88' lang='lat' dir='ltr'><strong>sublimabat.0</strong></span> 
     </span>
    </p>

    <p class='ocr_par' dir='ltr' id='par_1_3' title="bbox 154 420 1813 2531">
     <span class='ocr_line' id='line_1_3' title="bbox 192 420 1807 504; baseline 0.001 -22"><span class='ocrx_word' id='word_1_17' title='bbox 192 428 298 484; x_wconf 62' lang='lat' dir='ltr'><strong>adum</strong></span> <span class='ocrx_word' id='word_1_18' title='bbox 310 424 587 488; x_wconf 78' lang='lat' dir='ltr'><strong>lacdlcistctlcaus,</strong></span> <span class='ocrx_word' id='word_1_19' title='bbox 601 423 732 481; x_wconf 74' lang='lat' dir='ltr'><strong>turbatur</strong></span> <span class='ocrx_word' id='word_1_20' title='bbox 746 421 950 492; x_wconf 57' lang='lat' dir='ltr'><strong>crispinium</strong></span> <span class='ocrx_word' id='word_1_21' title='bbox 1003 421 1175 504; x_wconf 81' lang='lat' dir='ltr'><strong>quambene</strong></span> <span class='ocrx_word' id='word_1_22' title='bbox 1200 421 1364 495; x_wconf 76' lang='lat' dir='ltr'>quiescebat,</span> <span class='ocrx_word' id='word_1_23' title='bbox 1393 420 1440 490; x_wconf 91' lang='lat' dir='ltr'><strong>qui</strong></span> <span class='ocrx_word' id='word_1_24' title='bbox 1468 437 1552 493; x_wconf 89' lang='lat' dir='ltr'><strong>supra</strong></span> <span class='ocrx_word' id='word_1_25' title='bbox 1581 431 1678 494; x_wconf 86' lang='lat' dir='ltr'><strong>pectus</strong></span> <span class='ocrx_word' id='word_1_26' title='bbox 1706 425 1807 484; x_wconf 83' lang='lat' dir='ltr'><strong>Christi</strong></span> 
     </span>
     <span class='ocr_line' id='line_1_4' title="bbox 154 508 1807 592; baseline -0.004 -20"><span class='ocrx_word' id='word_1_27' title='bbox 154 508 869 590; x_wconf 72' lang='lat' dir='ltr'><strong>protestaturescetdtetc:smen‚umendarnole,</strong></span> <span class='ocrx_word' id='word_1_28' title='bbox 882 510 950 582; x_wconf 82' lang='lat' dir='ltr'><strong>quio</strong></span> <span class='ocrx_word' id='word_1_29' title='bbox 1004 513 1176 592; x_wconf 72' lang='lat' dir='ltr'>quiescebat!</span> <span class='ocrx_word' id='word_1_30' title='bbox 1197 511 1221 568; x_wconf 92' lang='lat'>0</span> <span class='ocrx_word' id='word_1_31' title='bbox 1241 512 1317 566; x_wconf 84' lang='lat' dir='ltr'><strong>beate</strong></span> <span class='ocrx_word' id='word_1_32' title='bbox 1339 510 1462 581; x_wconf 84' lang='lat' dir='ltr'><strong>apostole</strong></span> <span class='ocrx_word' id='word_1_33' title='bbox 1492 510 1553 581; x_wconf 84' lang='lat' dir='ltr'><strong>Dei,</strong></span> <span class='ocrx_word' id='word_1_34' title='bbox 1579 511 1713 586; x_wconf 71' lang='lat' dir='ltr'><strong>discipule</strong></span> <span class='ocrx_word' id='word_1_35' title='bbox 1739 515 1807 573; x_wconf 75' lang='lat' dir='ltr'><strong>lesu</strong></span> 
     </span>
     <span class='ocr_line' id='line_1_5' title="bbox 156 596 1806 671; baseline -0.009 -8"><span class='ocrx_word' id='word_1_36' title='bbox 156 622 232 663; x_wconf 81' lang='lat' dir='ltr'><strong>anus</strong></span> <span class='ocrx_word' id='word_1_37' title='bbox 245 621 283 662; x_wconf 76' lang='lat' dir='ltr'><strong>aa</strong></span> <span class='ocrx_word' id='word_1_38' title='bbox 296 603 370 660; x_wconf 84' lang='lat' dir='ltr'><strong>uobis</strong></span> <span class='ocrx_word' id='word_1_39' title='bbox 384 617 429 658; x_wconf 83' lang='lat' dir='ltr'><strong>mc</strong></span> <span class='ocrx_word' id='word_1_40' title='bbox 445 599 548 655; x_wconf 84' lang='lat' dir='ltr'><strong>tradat.</strong></span> <span class='ocrx_word' id='word_1_41' title='bbox 564 599 698 654; x_wconf 76' lang='lat' dir='ltr'>Turbatus</span> <span class='ocrx_word' id='word_1_42' title='bbox 720 596 799 654; x_wconf 86' lang='lat' dir='ltr'><strong>lesus</strong></span> <span class='ocrx_word' id='word_1_43' title='bbox 812 613 845 654; x_wconf 87' lang='lat' dir='ltr'><strong>ex</strong></span> <span class='ocrx_word' id='word_1_44' title='bbox 859 605 952 654; x_wconf 88' lang='lat' dir='ltr'><strong>nostra</strong></span> <span class='ocrx_word' id='word_1_45' title='bbox 1004 604 1113 671; x_wconf 80' lang='lat' dir='ltr'><strong>christi,</strong></span> <span class='ocrx_word' id='word_1_46' title='bbox 1128 604 1245 658; x_wconf 85' lang='lat' dir='ltr'><strong>loannes</strong></span> <span class='ocrx_word' id='word_1_47' title='bbox 1266 600 1356 669; x_wconf 86' lang='lat' dir='ltr'><strong>beate,</strong></span> <span class='ocrx_word' id='word_1_48' title='bbox 1372 598 1475 654; x_wconf 87' lang='lat' dir='ltr'><strong>utinam</strong></span> <span class='ocrx_word' id='word_1_49' title='bbox 1494 616 1614 657; x_wconf 72' lang='lat' dir='ltr'><strong>mererer</strong></span> <span class='ocrx_word' id='word_1_50' title='bbox 1641 602 1715 658; x_wconf 69' lang='lat' dir='ltr'><strong>iltius</strong></span> <span class='ocrx_word' id='word_1_51' title='bbox 1740 603 1806 662; x_wconf 71' lang='lat' dir='ltr'><strong>dut.</strong></span> 
     </span>
     <span class='ocr_line' id='line_1_6' title="bbox 157 685 1806 763; baseline 0.002 -17"><span class='ocrx_word' id='word_1_52' title='bbox 157 692 321 757; x_wconf 87' lang='lat' dir='ltr'><strong>infirmitate,</strong></span> <span class='ocrx_word' id='word_1_53' title='bbox 341 705 395 746; x_wconf 93' lang='lat' dir='ltr'><strong>non</strong></span> <span class='ocrx_word' id='word_1_54' title='bbox 410 704 443 744; x_wconf 85' lang='lat' dir='ltr'><strong>ex</strong></span> <span class='ocrx_word' id='word_1_55' title='bbox 457 704 507 743; x_wconf 92' lang='lat' dir='ltr'><strong>sua</strong></span> <span class='ocrx_word' id='word_1_56' title='bbox 520 693 672 759; x_wconf 73' lang='lat' dir='ltr'><strong>potestate:</strong></span> <span class='ocrx_word' id='word_1_57' title='bbox 690 694 782 742; x_wconf 87' lang='lat' dir='ltr'><strong>nostra</strong></span> <span class='ocrx_word' id='word_1_58' title='bbox 808 685 952 741; x_wconf 82' lang='lat' dir='ltr'><strong>infirmitas</strong></span> <span class='ocrx_word' id='word_1_59' title='bbox 1005 696 1129 753; x_wconf 85' lang='lat' dir='ltr'><strong>cissimos</strong></span> <span class='ocrx_word' id='word_1_60' title='bbox 1144 691 1225 763; x_wconf 87' lang='lat' dir='ltr'><strong>pedes</strong></span> <span class='ocrx_word' id='word_1_61' title='bbox 1239 688 1387 744; x_wconf 86' lang='lat' dir='ltr'><strong>osculando</strong></span> <span class='ocrx_word' id='word_1_62' title='bbox 1413 687 1539 760; x_wconf 80' lang='lat' dir='ltr'>lacrymis</span> <span class='ocrx_word' id='word_1_63' title='bbox 1564 690 1665 762; x_wconf 79' lang='lat' dir='ltr'><strong>rigare,</strong></span> <span class='ocrx_word' id='word_1_64' title='bbox 1682 694 1709 746; x_wconf 92' lang='lat' dir='ltr'><strong>in</strong></span> <span class='ocrx_word' id='word_1_65' title='bbox 1723 695 1806 763; x_wconf 80' lang='lat' dir='ltr'><strong>cujus</strong></span> 
     </span>
     <span class='ocr_line' id='line_1_7' title="bbox 157 774 1805 858; baseline -0.002 -18"><span class='ocrx_word' id='word_1_66' title='bbox 157 782 186 837; x_wconf 88' lang='lat' dir='ltr'><strong>itt</strong></span> <span class='ocrx_word' id='word_1_67' title='bbox 199 796 231 836; x_wconf 81' lang='lat' dir='ltr'><strong>eo</strong></span> <span class='ocrx_word' id='word_1_68' title='bbox 249 781 360 835; x_wconf 68' lang='lat' dir='ltr'><strong>turbata</strong></span> <span class='ocrx_word' id='word_1_69' title='bbox 381 787 432 842; x_wconf 76' lang='lat' dir='ltr'><strong>est,</strong></span> <span class='ocrx_word' id='word_1_70' title='bbox 448 793 503 832; x_wconf 81' lang='lat' dir='ltr'><strong>non</strong></span> <span class='ocrx_word' id='word_1_71' title='bbox 527 791 576 831; x_wconf 70' lang='lat'><strong>⁸¹1³</strong></span> <span class='ocrx_word' id='word_1_72' title='bbox 590 785 723 846; x_wconf 64' lang='lat' dir='ltr'><strong>uolt-⁸¹³⁸,</strong></span> <span class='ocrx_word' id='word_1_73' title='bbox 745 774 861 831; x_wconf 83' lang='lat' dir='ltr'><strong>sicutet</strong></span> <span class='ocrx_word' id='word_1_74' title='bbox 888 790 952 830; x_wconf 66' lang='lat' dir='ltr'><strong>velt</strong></span> <span class='ocrx_word' id='word_1_75' title='bbox 1005 792 1114 858; x_wconf 80' lang='lat' dir='ltr'><strong>pectore</strong></span> <span class='ocrx_word' id='word_1_76' title='bbox 1136 789 1164 836; x_wconf 90' lang='lat' dir='ltr'><strong>tu</strong></span> <span class='ocrx_word' id='word_1_77' title='bbox 1179 775 1300 833; x_wconf 88' lang='lat' dir='ltr'><strong>meruisti</strong></span> <span class='ocrx_word' id='word_1_78' title='bbox 1322 774 1460 832; x_wconf 81' lang='lat' dir='ltr'><strong>dormiret</strong></span> <span class='ocrx_word' id='word_1_79' title='bbox 1478 779 1585 833; x_wconf 87' lang='lat' dir='ltr'><strong>Utinam</strong></span> <span class='ocrx_word' id='word_1_80' title='bbox 1609 778 1710 836; x_wconf 84' lang='lat' dir='ltr'><strong>taciem</strong></span> <span class='ocrx_word' id='word_1_81' title='bbox 1729 781 1805 837; x_wconf 83' lang='lat' dir='ltr'><strong>illius</strong></span> 
     </span>
     <span class='ocr_line' id='line_1_8' title="bbox 158 863 1805 945; baseline -0.004 -21"><span class='ocrx_word' id='word_1_82' title='bbox 158 885 238 943; x_wconf 86' lang='lat' dir='ltr'><strong>passa</strong></span> <span class='ocrx_word' id='word_1_83' title='bbox 253 887 260 922; x_wconf 78' lang='grc' dir='ltr'><strong>ι</strong></span> <span class='ocrx_word' id='word_1_84' title='bbox 276 865 428 924; x_wconf 76' lang='lat' dir='ltr'><strong>voluntarie</strong></span> <span class='ocrx_word' id='word_1_85' title='bbox 445 864 543 934; x_wconf 87' lang='lat' dir='ltr'><strong>accipit</strong></span> <span class='ocrx_word' id='word_1_86' title='bbox 563 863 754 929; x_wconf 85' lang='lat' dir='ltr'><strong>turbationem,</strong></span> <span class='ocrx_word' id='word_1_87' title='bbox 771 878 806 917; x_wconf 90' lang='lat' dir='ltr'><strong>ne</strong></span> <span class='ocrx_word' id='word_1_88' title='bbox 825 865 950 933; x_wconf 78' lang='lat' dir='ltr'>desperet</span> <span class='ocrx_word' id='word_1_89' title='bbox 1005 874 1114 945; x_wconf 75' lang='lat' dir='ltr'><strong>alonge</strong></span> <span class='ocrx_word' id='word_1_90' title='bbox 1132 868 1228 924; x_wconf 88' lang='lat' dir='ltr'><strong>saltem</strong></span> <span class='ocrx_word' id='word_1_91' title='bbox 1244 880 1352 938; x_wconf 87' lang='lat' dir='ltr'><strong>possem</strong></span> <span class='ocrx_word' id='word_1_92' title='bbox 1365 866 1551 934; x_wconf 83' lang='lat' dir='ltr'><strong>contemplari,</strong></span> <span class='ocrx_word' id='word_1_93' title='bbox 1569 867 1596 922; x_wconf 92' lang='lat' dir='ltr'><strong>in</strong></span> <span class='ocrx_word' id='word_1_94' title='bbox 1612 870 1690 938; x_wconf 82' lang='lat' dir='ltr'><strong>cujus</strong></span> <span class='ocrx_word' id='word_1_95' title='bbox 1704 880 1805 941; x_wconf 70' lang='lat' dir='ltr'><strong>pecco.</strong></span> 
     </span>
     <span class='ocr_line' id='line_1_9' title="bbox 158 951 1807 1024; baseline -0.002 -4"><span class='ocrx_word' id='word_1_96' title='bbox 158 973 252 1014; x_wconf 77' lang='lat' dir='ltr'><strong>8etvu⁸</strong></span> <span class='ocrx_word' id='word_1_97' title='bbox 273 955 435 1013; x_wconf 64' lang='lat' dir='ltr'><strong>netttslltle</strong></span> <span class='ocrx_word' id='word_1_98' title='bbox 450 952 582 1009; x_wconf 88' lang='lat' dir='ltr'><strong>turbatus.</strong></span> <span class='ocrx_word' id='word_1_99' title='bbox 598 951 651 1020; x_wconf 69' lang='lat' dir='ltr'><strong>Qui</strong></span> <span class='ocrx_word' id='word_1_100' title='bbox 666 952 788 1007; x_wconf 59' lang='lat' dir='ltr'><strong>“libitus</strong></span> <span class='ocrx_word' id='word_1_101' title='bbox 827 951 949 1024; x_wconf 62' lang='lat' dir='ltr'><strong>spriritus</strong></span> <span class='ocrx_word' id='word_1_102' title='bbox 1005 977 1034 1016; x_wconf 91' lang='lat' dir='ltr'><strong>rc</strong></span> <span class='ocrx_word' id='word_1_103' title='bbox 1059 968 1114 1016; x_wconf 84' lang='lat' dir='ltr'><strong>tarn</strong></span> <span class='ocrx_word' id='word_1_104' title='bbox 1135 956 1249 1012; x_wconf 90' lang='lat' dir='ltr'><strong>dulciter</strong></span> <span class='ocrx_word' id='word_1_105' title='bbox 1270 954 1389 1010; x_wconf 85' lang='lat' dir='ltr'><strong>dormire</strong></span> <span class='ocrx_word' id='word_1_106' title='bbox 1409 953 1534 1010; x_wconf 88' lang='lat' dir='ltr'><strong>meruisti</strong></span> <span class='ocrx_word' id='word_1_107' title='bbox 1549 955 1555 1009; x_wconf 91' lang='lat' dir='ltr'><strong>l</strong></span> <span class='ocrx_word' id='word_1_108' title='bbox 1572 955 1618 1013; x_wconf 84' lang='lat' dir='ltr'><strong>liic</strong></span> <span class='ocrx_word' id='word_1_109' title='bbox 1634 958 1708 1013; x_wconf 85' lang='lat' dir='ltr'><strong>anim</strong></span> <span class='ocrx_word' id='word_1_110' title='bbox 1723 959 1758 1015; x_wconf 91' lang='lat' dir='ltr'><strong>de</strong></span> <span class='ocrx_word' id='word_1_111' title='bbox 1774 976 1807 1016; x_wconf 85' lang='lat' dir='ltr'><strong>se</strong></span> 
     </span>
     <span class='ocr_line' id='line_1_10' title="bbox 158 1040 1806 1121; baseline 0 -19"><span class='ocrx_word' id='word_1_112' title='bbox 158 1044 291 1121; x_wconf 78' lang='lat' dir='ltr'><strong>significat</strong></span> <span class='ocrx_word' id='word_1_113' title='bbox 304 1042 501 1115; x_wconf 89' lang='lat' dir='ltr'><strong>perturbandos</strong></span> <span class='ocrx_word' id='word_1_114' title='bbox 516 1041 670 1114; x_wconf 87' lang='lat' dir='ltr'><strong>spirituales</strong></span> <span class='ocrx_word' id='word_1_115' title='bbox 683 1057 715 1098; x_wconf 87' lang='lat' dir='ltr'><strong>etr</strong></span> <span class='ocrx_word' id='word_1_116' title='bbox 731 1042 870 1101; x_wconf 75' lang='lat' dir='ltr'><strong>charitate.</strong></span> <span class='ocrx_word' id='word_1_117' title='bbox 887 1054 949 1095; x_wconf 91' lang='lat' dir='ltr'><strong>cum</strong></span> <span class='ocrx_word' id='word_1_118' title='bbox 1005 1048 1082 1121; x_wconf 71' lang='lat' dir='ltr'><strong>quaet</strong></span> <span class='ocrx_word' id='word_1_119' title='bbox 1106 1046 1140 1102; x_wconf 79' lang='lat' dir='ltr'><strong>de</strong></span> <span class='ocrx_word' id='word_1_120' title='bbox 1154 1043 1207 1099; x_wconf 87' lang='lat' dir='ltr'><strong>olio</strong></span> <span class='ocrx_word' id='word_1_121' title='bbox 1235 1040 1309 1107; x_wconf 91' lang='lat' dir='ltr'><strong>dicit,</strong></span> <span class='ocrx_word' id='word_1_122' title='bbox 1338 1052 1477 1098; x_wconf 85' lang='lat' dir='ltr'><strong>utrarum</strong></span> <span class='ocrx_word' id='word_1_123' title='bbox 1506 1054 1644 1116; x_wconf 79' lang='lat' dir='ltr'><strong>gestarum</strong></span> <span class='ocrx_word' id='word_1_124' title='bbox 1673 1047 1806 1120; x_wconf 80' lang='lat' dir='ltr'><strong>scriptor,</strong></span> 
     </span>
     <span class='ocr_line' id='line_1_11' title="bbox 158 1127 1811 1208; baseline -0.002 -12"><span class='ocrx_word' id='word_1_125' title='bbox 158 1150 261 1208; x_wconf 66' lang='lat' dir='ltr'><strong>urgent</strong></span> <span class='ocrx_word' id='word_1_126' title='bbox 286 1131 495 1196; x_wconf 65' lang='lat' dir='ltr'><strong>cuumzizanio</strong></span> <span class='ocrx_word' id='word_1_127' title='bbox 517 1130 635 1186; x_wconf 63' lang='grc' dir='ltr'>ἃίῑὶῑίὓῦ</span> <span class='ocrx_word' id='word_1_128' title='bbox 652 1137 713 1185; x_wconf 67' lang='lat'><strong>³⁰²⁰</strong></span> <span class='ocrx_word' id='word_1_129' title='bbox 736 1145 855 1185; x_wconf 68' lang='lat' dir='ltr'><strong>mttseffl</strong></span> <span class='ocrx_word' id='word_1_130' title='bbox 878 1127 950 1199; x_wconf 64' lang='lat' dir='ltr'><strong>‘Otii</strong></span> <span class='ocrx_word' id='word_1_131' title='bbox 1006 1155 1059 1194; x_wconf 92' lang='lat' dir='ltr'><strong>non</strong></span> <span class='ocrx_word' id='word_1_132' title='bbox 1075 1136 1117 1192; x_wconf 86' lang='lat' dir='ltr'><strong>sui</strong></span> <span class='ocrx_word' id='word_1_133' title='bbox 1136 1134 1260 1191; x_wconf 86' lang='lat' dir='ltr'><strong>videatur</strong></span> <span class='ocrx_word' id='word_1_134' title='bbox 1283 1131 1444 1202; x_wconf 82' lang='lat' dir='ltr'><strong>praedicator·</strong></span> <span class='ocrx_word' id='word_1_135' title='bbox 1472 1149 1544 1188; x_wconf 85' lang='lat' dir='ltr'><strong>esse.</strong></span> <span class='ocrx_word' id='word_1_136' title='bbox 1569 1136 1619 1190; x_wconf 81' lang='lat' dir='ltr'><strong>Per</strong></span> <span class='ocrx_word' id='word_1_137' title='bbox 1634 1136 1725 1191; x_wconf 75' lang='lat' dir='ltr'><strong>sinun</strong></span> <span class='ocrx_word' id='word_1_138' title='bbox 1750 1138 1811 1193; x_wconf 81' lang='lat' dir='ltr'><strong>sive</strong></span> 
     </span>
     <span class='ocr_line' id='line_1_12' title="bbox 159 1218 1811 1300; baseline -0.008 -5"><span class='ocrx_word' id='word_1_139' title='bbox 159 1238 296 1296; x_wconf 65' lang='lat' dir='ltr'><strong>separare,</strong></span> <span class='ocrx_word' id='word_1_140' title='bbox 310 1221 336 1276; x_wconf 67' lang='lat' dir='ltr'><strong>id</strong></span> <span class='ocrx_word' id='word_1_141' title='bbox 351 1228 393 1276; x_wconf 65' lang='lat'><strong>⁰⁸²</strong></span> <span class='ocrx_word' id='word_1_142' title='bbox 412 1226 473 1276; x_wconf 56' lang='lat' dir='ltr'><strong>³¹¹oe</strong></span> <span class='ocrx_word' id='word_1_143' title='bbox 487 1219 559 1274; x_wconf 60' lang='lat' dir='ltr'><strong>ditm</strong></span> <span class='ocrx_word' id='word_1_144' title='bbox 571 1218 666 1289; x_wconf 63' lang='lat' dir='ltr'><strong>illdi‘li</strong></span> <span class='ocrx_word' id='word_1_145' title='bbox 680 1218 753 1290; x_wconf 59' lang='lat' dir='ltr'><strong>⁰⁰8st</strong></span> <span class='ocrx_word' id='word_1_146' title='bbox 767 1218 951 1275; x_wconf 66' lang='lat' dir='ltr'><strong>0¹⁰⁰fflffllllll·</strong></span> <span class='ocrx_word' id='word_1_147' title='bbox 1007 1233 1102 1300; x_wconf 87' lang='lat' dir='ltr'><strong>pectus</strong></span> <span class='ocrx_word' id='word_1_148' title='bbox 1120 1221 1320 1297; x_wconf 84' lang='lat' dir='ltr'><strong>significabatur</strong></span> <span class='ocrx_word' id='word_1_149' title='bbox 1344 1220 1409 1275; x_wconf 93' lang='lat' dir='ltr'><strong>illud</strong></span> <span class='ocrx_word' id='word_1_150' title='bbox 1437 1234 1581 1289; x_wconf 73' lang='lat' dir='ltr'><strong>socruum,</strong></span> <span class='ocrx_word' id='word_1_151' title='bbox 1602 1226 1638 1280; x_wconf 86' lang='lat' dir='ltr'><strong>de</strong></span> <span class='ocrx_word' id='word_1_152' title='bbox 1661 1242 1717 1299; x_wconf 89' lang='lat' dir='ltr'><strong>quo</strong></span> <span class='ocrx_word' id='word_1_153' title='bbox 1742 1227 1811 1283; x_wconf 83' lang='lat' dir='ltr'><strong>bibit</strong></span> 
     </span>
     <span class='ocr_line' id='line_1_13' title="bbox 159 1304 1811 1382; baseline 0.001 -14"><span class='ocrx_word' id='word_1_154' title='bbox 159 1328 232 1368; x_wconf 83' lang='lat' dir='ltr'><strong>aare.</strong></span> <span class='ocrx_word' id='word_1_155' title='bbox 245 1310 298 1366; x_wconf 89' lang='lat' dir='ltr'><strong>Sed</strong></span> <span class='ocrx_word' id='word_1_156' title='bbox 312 1309 462 1366; x_wconf 62' lang='lat' dir='ltr'><strong>noandum</strong></span> <span class='ocrx_word' id='word_1_157' title='bbox 481 1306 605 1380; x_wconf 86' lang='lat' dir='ltr'><strong>estquod</strong></span> <span class='ocrx_word' id='word_1_158' title='bbox 621 1314 683 1362; x_wconf 81' lang='lat' dir='ltr'><strong>stunt</strong></span> <span class='ocrx_word' id='word_1_159' title='bbox 697 1304 950 1377; x_wconf 81' lang='lat' dir='ltr'><strong>duaeperturbatio·</strong></span> <span class='ocrx_word' id='word_1_160' title='bbox 1006 1312 1133 1368; x_wconf 88' lang='lat' dir='ltr'><strong>divinitas</strong></span> <span class='ocrx_word' id='word_1_161' title='bbox 1160 1314 1366 1366; x_wconf 86' lang='lat' dir='ltr'><strong>sacramentum.</strong></span> <span class='ocrx_word' id='word_1_162' title='bbox 1397 1309 1474 1364; x_wconf 84' lang='lat' dir='ltr'><strong>Hunc</strong></span> <span class='ocrx_word' id='word_1_163' title='bbox 1502 1309 1632 1382; x_wconf 80' lang='lat' dir='ltr'><strong>diligebat</strong></span> <span class='ocrx_word' id='word_1_164' title='bbox 1676 1315 1811 1370; x_wconf 83' lang='lat' dir='ltr'><strong>loannem</strong></span> 
     </span>
     <span class='ocr_line' id='line_1_14' title="bbox 159 1393 1812 1476; baseline 0.001 -21"><span class='ocrx_word' id='word_1_165' title='bbox 159 1416 208 1456; x_wconf 85' lang='lat' dir='ltr'><strong>nes</strong></span> <span class='ocrx_word' id='word_1_166' title='bbox 229 1418 235 1457; x_wconf 93' lang='lat'>:</span> <span class='ocrx_word' id='word_1_167' title='bbox 256 1398 365 1466; x_wconf 86' lang='lat' dir='ltr'><strong>scilicet,</strong></span> <span class='ocrx_word' id='word_1_168' title='bbox 393 1396 507 1455; x_wconf 82' lang='lat' dir='ltr'><strong>turbatio</strong></span> <span class='ocrx_word' id='word_1_169' title='bbox 530 1398 649 1453; x_wconf 81' lang='lat' dir='ltr'><strong>caruis:</strong></span> <span class='ocrx_word' id='word_1_170' title='bbox 678 1395 795 1451; x_wconf 83' lang='lat' dir='ltr'><strong>turbatio</strong></span> <span class='ocrx_word' id='word_1_171' title='bbox 830 1393 950 1464; x_wconf 74' lang='lat' dir='ltr'><strong>spiritus·</strong></span> <span class='ocrx_word' id='word_1_172' title='bbox 1007 1416 1060 1457; x_wconf 92' lang='lat' dir='ltr'><strong>non</strong></span> <span class='ocrx_word' id='word_1_173' title='bbox 1084 1401 1144 1472; x_wconf 89' lang='lat' dir='ltr'><strong>plus</strong></span> <span class='ocrx_word' id='word_1_174' title='bbox 1168 1396 1306 1463; x_wconf 85' lang='lat' dir='ltr'><strong>omnibus,</strong></span> <span class='ocrx_word' id='word_1_175' title='bbox 1331 1397 1379 1453; x_wconf 87' lang='lat' dir='ltr'><strong>sed</strong></span> <span class='ocrx_word' id='word_1_176' title='bbox 1407 1397 1576 1465; x_wconf 81' lang='lat' dir='ltr'><strong>familiarius,</strong></span> <span class='ocrx_word' id='word_1_177' title='bbox 1604 1411 1633 1455; x_wconf 92' lang='lat' dir='ltr'><strong>ut</strong></span> <span class='ocrx_word' id='word_1_178' title='bbox 1649 1418 1699 1472; x_wconf 87' lang='lat' dir='ltr'><strong>per</strong></span> <span class='ocrx_word' id='word_1_179' title='bbox 1715 1418 1812 1476; x_wconf 84' lang='lat' dir='ltr'><strong>paoem</strong></span> 
     </span>
     <span class='ocr_line' id='line_1_15' title="bbox 159 1481 1813 1556; baseline -0.005 -12"><span class='ocrx_word' id='word_1_180' title='bbox 159 1487 289 1545; x_wconf 79' lang='lat' dir='ltr'><strong>Turbatio</strong></span> <span class='ocrx_word' id='word_1_181' title='bbox 302 1487 389 1542; x_wconf 89' lang='lat' dir='ltr'><strong>carnis</strong></span> <span class='ocrx_word' id='word_1_182' title='bbox 403 1492 445 1544; x_wconf 89' lang='lat' dir='ltr'><strong>est</strong></span> <span class='ocrx_word' id='word_1_183' title='bbox 473 1486 563 1556; x_wconf 82' lang='lat' dir='ltr'><strong>passio</strong></span> <span class='ocrx_word' id='word_1_184' title='bbox 576 1485 665 1541; x_wconf 87' lang='lat' dir='ltr'><strong>carnis</strong></span> <span class='ocrx_word' id='word_1_185' title='bbox 680 1501 689 1552; x_wconf 70' lang='grc' dir='ltr'><strong>ς</strong></span> <span class='ocrx_word' id='word_1_186' title='bbox 705 1483 821 1539; x_wconf 86' lang='lat' dir='ltr'><strong>turbatio</strong></span> <span class='ocrx_word' id='word_1_187' title='bbox 840 1481 953 1553; x_wconf 90' lang='lat' dir='ltr'><strong>spiritus</strong></span> <span class='ocrx_word' id='word_1_188' title='bbox 1006 1489 1093 1545; x_wconf 71' lang='lat' dir='ltr'><strong>exires</strong></span> <span class='ocrx_word' id='word_1_189' title='bbox 1106 1488 1140 1544; x_wconf 85' lang='lat' dir='ltr'><strong>do</strong></span> <span class='ocrx_word' id='word_1_190' title='bbox 1155 1485 1219 1554; x_wconf 88' lang='lat' dir='ltr'><strong>vita,</strong></span> <span class='ocrx_word' id='word_1_191' title='bbox 1232 1501 1287 1542; x_wconf 90' lang='lat' dir='ltr'><strong>non</strong></span> <span class='ocrx_word' id='word_1_192' title='bbox 1302 1501 1351 1556; x_wconf 89' lang='lat' dir='ltr'><strong>per</strong></span> <span class='ocrx_word' id='word_1_193' title='bbox 1374 1485 1539 1556; x_wconf 87' lang='lat' dir='ltr'><strong>passionem.</strong></span> <span class='ocrx_word' id='word_1_194' title='bbox 1569 1488 1639 1544; x_wconf 72' lang='lat' dir='ltr'><strong>Huic</strong></span> <span class='ocrx_word' id='word_1_195' title='bbox 1662 1490 1755 1546; x_wconf 66' lang='lat' dir='ltr'><strong>innuis</strong></span> <span class='ocrx_word' id='word_1_196' title='bbox 1767 1491 1813 1547; x_wconf 68' lang='lat' dir='ltr'><strong>st.</strong></span> 
     </span>
     <span class='ocr_line' id='line_1_16' title="bbox 159 1572 1812 1692; baseline 0.001 -58"><span class='ocrx_word' id='word_1_197' title='bbox 159 1584 200 1634; x_wconf 89' lang='lat' dir='ltr'><strong>ast</strong></span> <span class='ocrx_word' id='word_1_198' title='bbox 226 1577 315 1645; x_wconf 89' lang='lat' dir='ltr'><strong>timor,</strong></span> <span class='ocrx_word' id='word_1_199' title='bbox 330 1575 452 1632; x_wconf 84' lang='lat' dir='ltr'><strong>anxiatos</strong></span> <span class='ocrx_word' id='word_1_200' title='bbox 466 1584 493 1633; x_wconf 87' lang='lat' dir='ltr'><strong>et</strong></span> <span class='ocrx_word' id='word_1_201' title='bbox 507 1575 615 1631; x_wconf 86' lang='lat' dir='ltr'><strong>similia.</strong></span> <span class='ocrx_word' id='word_1_202' title='bbox 632 1574 692 1629; x_wconf 91' lang='lat' dir='ltr'><strong>Non</strong></span> <span class='ocrx_word' id='word_1_203' title='bbox 707 1588 797 1643; x_wconf 89' lang='lat' dir='ltr'><strong>carne,</strong></span> <span class='ocrx_word' id='word_1_204' title='bbox 812 1572 860 1627; x_wconf 89' lang='lat' dir='ltr'><strong>scd</strong></span> <span class='ocrx_word' id='word_1_205' title='bbox 875 1573 952 1644; x_wconf 89' lang='lat' dir='ltr'><strong>spiri·</strong></span> <span class='ocrx_word' id='word_1_206' title='bbox 971 1593 1071 1692; x_wconf 80' lang='lat' dir='ltr'><strong>Brnttn</strong></span> <span class='ocrx_word' id='word_1_207' title='bbox 1086 1579 1178 1633; x_wconf 84' lang='lat' dir='ltr'><strong>Petrus</strong></span> <span class='ocrx_word' id='word_1_208' title='bbox 1188 1577 1216 1632; x_wconf 90' lang='lat' dir='ltr'><strong>et</strong></span> <span class='ocrx_word' id='word_1_209' title='bbox 1230 1574 1313 1630; x_wconf 84' lang='lat' dir='ltr'><strong>dixit:</strong></span> <span class='ocrx_word' id='word_1_210' title='bbox 1332 1575 1397 1645; x_wconf 82' lang='lat' dir='ltr'><strong>Quis</strong></span> <span class='ocrx_word' id='word_1_211' title='bbox 1410 1580 1455 1632; x_wconf 83' lang='lat' dir='ltr'><strong>cst</strong></span> <span class='ocrx_word' id='word_1_212' title='bbox 1479 1574 1512 1633; x_wconf 81' lang='lat' dir='ltr'><strong>cla</strong></span> <span class='ocrx_word' id='word_1_213' title='bbox 1523 1593 1574 1649; x_wconf 81' lang='lat' dir='ltr'><strong>quo</strong></span> <span class='ocrx_word' id='word_1_214' title='bbox 1590 1577 1812 1636; x_wconf 67' lang='lat' dir='ltr'><strong>unstradam</strong></span> 
     </span>
     <span class='ocr_line' id='line_1_17' title="bbox 158 1661 1811 1741; baseline 0.002 -20"><span class='ocrx_word' id='word_1_215' title='bbox 158 1666 320 1722; x_wconf 86' lang='lat' dir='ltr'><strong>toturbator</strong></span> <span class='ocrx_word' id='word_1_216' title='bbox 335 1664 466 1720; x_wconf 80' lang='lat' dir='ltr'><strong>Dominus</strong></span> <span class='ocrx_word' id='word_1_217' title='bbox 480 1679 541 1720; x_wconf 90' lang='lat' dir='ltr'><strong>curn</strong></span> <span class='ocrx_word' id='word_1_218' title='bbox 556 1662 678 1717; x_wconf 88' lang='lat' dir='ltr'><strong>dicturus</strong></span> <span class='ocrx_word' id='word_1_219' title='bbox 700 1669 795 1717; x_wconf 81' lang='lat' dir='ltr'><strong>essct:</strong></span> <span class='ocrx_word' id='word_1_220' title='bbox 821 1661 952 1719; x_wconf 77' lang='lat' dir='ltr'><strong>uaccae</strong></span> <span class='ocrx_word' id='word_1_221' title='bbox 1007 1670 1098 1722; x_wconf 86' lang='lat' dir='ltr'><strong>autem</strong></span> <span class='ocrx_word' id='word_1_222' title='bbox 1125 1665 1226 1735; x_wconf 77' lang='lat' dir='ltr'><strong>Petrus,</strong></span> <span class='ocrx_word' id='word_1_223' title='bbox 1252 1663 1326 1734; x_wconf 90' lang='lat' dir='ltr'><strong>quod</strong></span> <span class='ocrx_word' id='word_1_224' title='bbox 1359 1662 1482 1719; x_wconf 84' lang='lat' dir='ltr'><strong>Christus</strong></span> <span class='ocrx_word' id='word_1_225' title='bbox 1513 1666 1631 1735; x_wconf 88' lang='lat' dir='ltr'><strong>quodam</strong></span> <span class='ocrx_word' id='word_1_226' title='bbox 1661 1666 1811 1741; x_wconf 74' lang='lat' dir='ltr'><strong>privilegio</strong></span> 
     </span>
     <span class='ocr_line' id='line_1_18' title="bbox 159 1748 1808 1824; baseline 0.001 -14"><span class='ocrx_word' id='word_1_227' title='bbox 159 1754 233 1810; x_wconf 84' lang='lat' dir='ltr'><strong>uobis</strong></span> <span class='ocrx_word' id='word_1_228' title='bbox 259 1768 305 1809; x_wconf 85' lang='lat' dir='ltr'><strong>mc</strong></span> <span class='ocrx_word' id='word_1_229' title='bbox 321 1753 415 1809; x_wconf 81' lang='lat' dir='ltr'><strong>trudat</strong></span> <span class='ocrx_word' id='word_1_230' title='bbox 430 1768 437 1805; x_wconf 80' lang='lat' dir='ltr'><strong><em>z</em></strong></span> <span class='ocrx_word' id='word_1_231' title='bbox 453 1767 507 1804; x_wconf 92' lang='lat' dir='ltr'><strong>nnn</strong></span> <span class='ocrx_word' id='word_1_232' title='bbox 533 1749 606 1821; x_wconf 88' lang='lat' dir='ltr'><strong>quod</strong></span> <span class='ocrx_word' id='word_1_233' title='bbox 627 1761 692 1806; x_wconf 87' lang='lat' dir='ltr'><strong>tuuc</strong></span> <span class='ocrx_word' id='word_1_234' title='bbox 717 1749 835 1819; x_wconf 88' lang='lat' dir='ltr'><strong>primunr</strong></span> <span class='ocrx_word' id='word_1_235' title='bbox 863 1748 953 1805; x_wconf 90' lang='lat' dir='ltr'><strong>subito</strong></span> <span class='ocrx_word' id='word_1_236' title='bbox 1007 1753 1108 1810; x_wconf 89' lang='lat' dir='ltr'><strong>amoris</strong></span> <span class='ocrx_word' id='word_1_237' title='bbox 1121 1754 1252 1809; x_wconf 83' lang='lat' dir='ltr'><strong>loannem</strong></span> <span class='ocrx_word' id='word_1_238' title='bbox 1275 1751 1413 1824; x_wconf 75' lang='lat' dir='ltr'><strong>diligebat,</strong></span> <span class='ocrx_word' id='word_1_239' title='bbox 1429 1769 1480 1809; x_wconf 91' lang='lat' dir='ltr'><strong>nec</strong></span> <span class='ocrx_word' id='word_1_240' title='bbox 1493 1753 1517 1809; x_wconf 90' lang='lat' dir='ltr'><strong>ci</strong></span> <span class='ocrx_word' id='word_1_241' title='bbox 1533 1754 1633 1811; x_wconf 86' lang='lat' dir='ltr'><strong>celarat</strong></span> <span class='ocrx_word' id='word_1_242' title='bbox 1658 1771 1718 1811; x_wconf 84' lang='lat' dir='ltr'><strong>suae</strong></span> <span class='ocrx_word' id='word_1_243' title='bbox 1731 1755 1808 1812; x_wconf 84' lang='lat' dir='ltr'><strong>diri-</strong></span> 
     </span>
     <span class='ocr_line' id='line_1_19' title="bbox 159 1835 1803 1914; baseline 0.001 -16"><span class='ocrx_word' id='word_1_244' title='bbox 159 1839 330 1912; x_wconf 76' lang='lat' dir='ltr'><strong>cognoverit,</strong></span> <span class='ocrx_word' id='word_1_245' title='bbox 358 1846 384 1895; x_wconf 89' lang='lat' dir='ltr'><strong>et</strong></span> <span class='ocrx_word' id='word_1_246' title='bbox 412 1837 584 1908; x_wconf 88' lang='lat' dir='ltr'><strong>repentinum</strong></span> <span class='ocrx_word' id='word_1_247' title='bbox 603 1835 704 1891; x_wconf 78' lang='lat' dir='ltr'><strong>malum</strong></span> <span class='ocrx_word' id='word_1_248' title='bbox 732 1851 794 1890; x_wconf 77' lang='lat' dir='ltr'><strong>eum</strong></span> <span class='ocrx_word' id='word_1_249' title='bbox 819 1837 951 1892; x_wconf 69' lang='lat' dir='ltr'><strong>turbave—</strong></span> <span class='ocrx_word' id='word_1_250' title='bbox 1008 1842 1125 1900; x_wconf 87' lang='lat' dir='ltr'><strong>vinitatis</strong></span> <span class='ocrx_word' id='word_1_251' title='bbox 1149 1848 1304 1898; x_wconf 87' lang='lat' dir='ltr'><strong>secretum:</strong></span> <span class='ocrx_word' id='word_1_252' title='bbox 1319 1840 1407 1897; x_wconf 89' lang='lat' dir='ltr'><strong>innuit</strong></span> <span class='ocrx_word' id='word_1_253' title='bbox 1428 1840 1490 1898; x_wconf 89' lang='lat' dir='ltr'><strong>ideo</strong></span> <span class='ocrx_word' id='word_1_254' title='bbox 1504 1845 1529 1896; x_wconf 89' lang='lat' dir='ltr'><strong>ei</strong></span> <span class='ocrx_word' id='word_1_255' title='bbox 1548 1842 1655 1914; x_wconf 85' lang='lat' dir='ltr'><strong>Petrus,</strong></span> <span class='ocrx_word' id='word_1_256' title='bbox 1668 1852 1700 1900; x_wconf 91' lang='lat' dir='ltr'><strong>ut</strong></span> <span class='ocrx_word' id='word_1_257' title='bbox 1714 1843 1803 1901; x_wconf 88' lang='lat' dir='ltr'><strong>inter-</strong></span> 
     </span>
     <span class='ocr_line' id='line_1_20' title="bbox 158 1924 1805 2004; baseline 0.005 -25"><span class='ocrx_word' id='word_1_258' title='bbox 158 1928 216 1996; x_wconf 82' lang='lat' dir='ltr'><strong>rit‚·</strong></span> <span class='ocrx_word' id='word_1_259' title='bbox 242 1927 289 1983; x_wconf 85' lang='lat' dir='ltr'><strong>sed</strong></span> <span class='ocrx_word' id='word_1_260' title='bbox 311 1928 375 1999; x_wconf 90' lang='lat' dir='ltr'><strong>quia</strong></span> <span class='ocrx_word' id='word_1_261' title='bbox 408 1929 465 1996; x_wconf 81' lang='lat' dir='ltr'><strong>jem</strong></span> <span class='ocrx_word' id='word_1_262' title='bbox 497 1940 558 1981; x_wconf 77' lang='lat' dir='ltr'><strong>eum</strong></span> <span class='ocrx_word' id='word_1_263' title='bbox 583 1924 670 1979; x_wconf 84' lang='lat' dir='ltr'><strong>tuerat</strong></span> <span class='ocrx_word' id='word_1_264' title='bbox 705 1939 893 1996; x_wconf 65' lang='grc' dir='ltr'><strong>θῐΡῐθῦὃῑῑΓῦθ,</strong></span> <span class='ocrx_word' id='word_1_265' title='bbox 924 1931 953 1978; x_wconf 75' lang='lat' dir='ltr'><strong>Ul</strong></span> <span class='ocrx_word' id='word_1_266' title='bbox 1006 1931 1283 2004; x_wconf 62' lang='lat' dir='ltr'><strong>supersternens</strong></span> <span class='ocrx_word' id='word_1_267' title='bbox 1306 1928 1805 2001; x_wconf 74' lang='lat' dir='ltr'><strong>estttuqnncunrecubnissetsu·</strong></span> 
     </span>
     <span class='ocr_line' id='line_1_21' title="bbox 160 2012 1806 2093; baseline -0.002 -13"><span class='ocrx_word' id='word_1_268' title='bbox 160 2032 214 2073; x_wconf 85' lang='lat' dir='ltr'><strong>nou</strong></span> <span class='ocrx_word' id='word_1_269' title='bbox 238 2016 346 2081; x_wconf 74' lang='lat' dir='ltr'><strong>lateutr</strong></span> <span class='ocrx_word' id='word_1_270' title='bbox 366 2024 392 2070; x_wconf 79' lang='lat' dir='ltr'><strong>et</strong></span> <span class='ocrx_word' id='word_1_271' title='bbox 406 2015 452 2070; x_wconf 83' lang='lat' dir='ltr'><strong>ille</strong></span> <span class='ocrx_word' id='word_1_272' title='bbox 475 2023 533 2070; x_wconf 77' lang='lat' dir='ltr'><strong>erar</strong></span> <span class='ocrx_word' id='word_1_273' title='bbox 552 2012 684 2078; x_wconf 73' lang='lat' dir='ltr'><strong>exiturus,</strong></span> <span class='ocrx_word' id='word_1_274' title='bbox 713 2019 740 2068; x_wconf 83' lang='lat' dir='ltr'><strong>et</strong></span> <span class='ocrx_word' id='word_1_275' title='bbox 767 2013 875 2071; x_wconf 78' lang='lat' dir='ltr'><strong>tunsos</strong></span> <span class='ocrx_word' id='word_1_276' title='bbox 901 2012 950 2068; x_wconf 86' lang='lat' dir='ltr'><strong>ad·</strong></span> <span class='ocrx_word' id='word_1_277' title='bbox 1006 2020 1238 2093; x_wconf 68' lang='lat' dir='ltr'><strong>prapnrnstesn,</strong></span> <span class='ocrx_word' id='word_1_278' title='bbox 1251 2016 1335 2077; x_wconf 76' lang='lat' dir='ltr'><strong>dixit:</strong></span> <span class='ocrx_word' id='word_1_279' title='bbox 1349 2019 1477 2085; x_wconf 69' lang='lat' dir='ltr'><strong>nostine,</strong></span> <span class='ocrx_word' id='word_1_280' title='bbox 1490 2019 1630 2092; x_wconf 73' lang='lat' dir='ltr'><strong>quaeror</strong></span> <span class='ocrx_word' id='word_1_281' title='bbox 1646 2020 1681 2076; x_wconf 83' lang='lat' dir='ltr'><strong>ut</strong></span> <span class='ocrx_word' id='word_1_282' title='bbox 1704 2021 1806 2078; x_wconf 80' lang='lat' dir='ltr'><strong>merito</strong></span> 
     </span>
     <span class='ocr_line' id='line_1_22' title="bbox 159 2099 1804 2181; baseline -0.001 -14"><span class='ocrx_word' id='word_1_283' title='bbox 159 2105 304 2168; x_wconf 66' lang='lat' dir='ltr'><strong>ducturum</strong></span> <span class='ocrx_word' id='word_1_284' title='bbox 320 2103 436 2159; x_wconf 87' lang='lat' dir='ltr'><strong>turbavit</strong></span> <span class='ocrx_word' id='word_1_285' title='bbox 450 2118 512 2158; x_wconf 71' lang='lat' dir='ltr'><strong>tum</strong></span> <span class='ocrx_word' id='word_1_286' title='bbox 527 2101 680 2172; x_wconf 70' lang='lat' dir='ltr'><strong>pr⁰¹im11m</strong></span> <span class='ocrx_word' id='word_1_287' title='bbox 695 2100 843 2170; x_wconf 67' lang='lat' dir='ltr'><strong>periculum</strong></span> <span class='ocrx_word' id='word_1_288' title='bbox 857 2099 950 2172; x_wconf 75' lang='lat' dir='ltr'><strong>plodi-</strong></span> <span class='ocrx_word' id='word_1_289' title='bbox 1006 2111 1040 2166; x_wconf 91' lang='lat' dir='ltr'><strong>de</strong></span> <span class='ocrx_word' id='word_1_290' title='bbox 1060 2108 1193 2179; x_wconf 76' lang='lat' dir='ltr'><strong>proditore</strong></span> <span class='ocrx_word' id='word_1_291' title='bbox 1210 2122 1259 2163; x_wconf 91' lang='lat' dir='ltr'><strong>suo</strong></span> <span class='ocrx_word' id='word_1_292' title='bbox 1274 2108 1434 2177; x_wconf 78' lang='lat' dir='ltr'><strong>magistrum</strong></span> <span class='ocrx_word' id='word_1_293' title='bbox 1449 2106 1618 2181; x_wconf 77' lang='lat' dir='ltr'><strong>interrogare</strong></span> <span class='ocrx_word' id='word_1_294' title='bbox 1632 2124 1687 2164; x_wconf 88' lang='lat' dir='ltr'><strong>uon</strong></span> <span class='ocrx_word' id='word_1_295' title='bbox 1702 2109 1804 2174; x_wconf 86' lang='lat' dir='ltr'><strong>timuit,</strong></span> 
     </span>
     <span class='ocr_line' id='line_1_23' title="bbox 160 2188 1806 2269; baseline -0.004 -10"><span class='ocrx_word' id='word_1_296' title='bbox 160 2193 236 2259; x_wconf 59' lang='lat' dir='ltr'><strong>‘Otito</strong></span> <span class='ocrx_word' id='word_1_297' title='bbox 250 2192 318 2248; x_wconf 66' lang='lat' dir='ltr'><strong>titul</strong></span> <span class='ocrx_word' id='word_1_298' title='bbox 332 2191 456 2263; x_wconf 63' lang='lat' dir='ltr'><strong>superius</strong></span> <span class='ocrx_word' id='word_1_299' title='bbox 477 2190 577 2247; x_wconf 64' lang='lat' dir='ltr'><strong>&lt;litium</strong></span> <span class='ocrx_word' id='word_1_300' title='bbox 595 2195 648 2258; x_wconf 68' lang='lat'><strong>0⁵2.</strong></span> <span class='ocrx_word' id='word_1_301' title='bbox 671 2189 789 2244; x_wconf 59' lang='lat' dir='ltr'><strong>turbavit</strong></span> <span class='ocrx_word' id='word_1_302' title='bbox 813 2204 874 2244; x_wconf 73' lang='lat' dir='ltr'><strong>eum</strong></span> <span class='ocrx_word' id='word_1_303' title='bbox 898 2188 952 2243; x_wconf 75' lang='lat' dir='ltr'><strong>im·</strong></span> <span class='ocrx_word' id='word_1_304' title='bbox 1005 2199 1048 2252; x_wconf 88' lang='lat' dir='ltr'><strong>cui</strong></span> <span class='ocrx_word' id='word_1_305' title='bbox 1059 2198 1117 2267; x_wconf 73' lang='lat' dir='ltr'><strong>iam</strong></span> <span class='ocrx_word' id='word_1_306' title='bbox 1136 2196 1163 2251; x_wconf 94' lang='lat' dir='ltr'><strong>in</strong></span> <span class='ocrx_word' id='word_1_307' title='bbox 1178 2195 1238 2251; x_wconf 89' lang='lat' dir='ltr'><strong>sinu</strong></span> <span class='ocrx_word' id='word_1_308' title='bbox 1252 2194 1414 2259; x_wconf 85' lang='lat' dir='ltr'><strong>Divinitatis,</strong></span> <span class='ocrx_word' id='word_1_309' title='bbox 1430 2194 1549 2251; x_wconf 90' lang='lat' dir='ltr'><strong>veritatis</strong></span> <span class='ocrx_word' id='word_1_310' title='bbox 1562 2196 1695 2269; x_wconf 77' lang='lat' dir='ltr'><strong>magister</strong></span> <span class='ocrx_word' id='word_1_311' title='bbox 1711 2195 1806 2253; x_wconf 82' lang='lat' dir='ltr'><strong>rimari</strong></span> 
     </span>
     <span class='ocr_line' id='line_1_24' title="bbox 159 2279 1805 2360; baseline 0.004 -24"><span class='ocrx_word' id='word_1_312' title='bbox 159 2281 265 2337; x_wconf 85' lang='lat' dir='ltr'><strong>minens</strong></span> <span class='ocrx_word' id='word_1_313' title='bbox 278 2281 378 2354; x_wconf 89' lang='lat' dir='ltr'><strong>passio,</strong></span> <span class='ocrx_word' id='word_1_314' title='bbox 394 2282 462 2336; x_wconf 85' lang='lat' dir='ltr'><strong>sicut</strong></span> <span class='ocrx_word' id='word_1_315' title='bbox 476 2279 588 2334; x_wconf 87' lang='lat' dir='ltr'><strong>interius</strong></span> <span class='ocrx_word' id='word_1_316' title='bbox 612 2279 712 2335; x_wconf 89' lang='lat' dir='ltr'><strong>dicitur</strong></span> <span class='ocrx_word' id='word_1_317' title='bbox 727 2296 734 2333; x_wconf 91' lang='lat'><strong>:</strong></span> <span class='ocrx_word' id='word_1_318' title='bbox 752 2279 832 2335; x_wconf 85' lang='lat' dir='ltr'><strong>Nunc</strong></span> <span class='ocrx_word' id='word_1_319' title='bbox 851 2281 951 2335; x_wconf 84' lang='lat' dir='ltr'><strong>animo</strong></span> <span class='ocrx_word' id='word_1_320' title='bbox 1006 2296 1110 2344; x_wconf 76' lang='lat' dir='ltr'><strong>secreta</strong></span> <span class='ocrx_word' id='word_1_321' title='bbox 1122 2286 1246 2358; x_wconf 89' lang='lat' dir='ltr'><strong>polorum</strong></span> <span class='ocrx_word' id='word_1_322' title='bbox 1261 2283 1430 2339; x_wconf 88' lang='lat' dir='ltr'><strong>monstravit.</strong></span> <span class='ocrx_word' id='word_1_323' title='bbox 1448 2284 1480 2338; x_wconf 86' lang='lat' dir='ltr'><strong>Et</strong></span> <span class='ocrx_word' id='word_1_324' title='bbox 1492 2283 1576 2340; x_wconf 91' lang='lat' dir='ltr'><strong>dicit:</strong></span> <span class='ocrx_word' id='word_1_325' title='bbox 1592 2287 1725 2357; x_wconf 81' lang='lat' dir='ltr'><strong>Domine,</strong></span> <span class='ocrx_word' id='word_1_326' title='bbox 1743 2288 1805 2360; x_wconf 80' lang='lat' dir='ltr'><strong>ouis</strong></span> 
     </span>
     <span class='ocr_line' id='line_1_25' title="bbox 158 2365 1805 2447; baseline -0.004 -10"><span class='ocrx_word' id='word_1_327' title='bbox 158 2370 345 2427; x_wconf 64' lang='lat' dir='ltr'><strong>willibalt</strong></span> <span class='ocrx_word' id='word_1_328' title='bbox 356 2367 623 2443; x_wconf 62' lang='lat' dir='ltr'><strong>ttlttldtlffldifflm</strong></span> <span class='ocrx_word' id='word_1_329' title='bbox 633 2365 746 2437; x_wconf 65' lang='lat' dir='ltr'><strong>moon.</strong></span> <span class='ocrx_word' id='word_1_330' title='bbox 758 2381 805 2436; x_wconf 73' lang='lat'><strong>¹¹¹2</strong></span> <span class='ocrx_word' id='word_1_331' title='bbox 821 2368 879 2440; x_wconf 69' lang='lat'><strong>27·)</strong></span> <span class='ocrx_word' id='word_1_332' title='bbox 890 2366 953 2423; x_wconf 67' lang='lat' dir='ltr'><strong>flaet</strong></span> <span class='ocrx_word' id='word_1_333' title='bbox 1006 2375 1071 2433; x_wconf 85' lang='lat' dir='ltr'><strong>cst?</strong></span> <span class='ocrx_word' id='word_1_334' title='bbox 1084 2375 1144 2446; x_wconf 87' lang='lat' dir='ltr'><strong>quis</strong></span> <span class='ocrx_word' id='word_1_335' title='bbox 1159 2383 1197 2429; x_wconf 80' lang='lat' dir='ltr'><strong>est</strong></span> <span class='ocrx_word' id='word_1_336' title='bbox 1213 2373 1257 2429; x_wconf 88' lang='lat' dir='ltr'><strong>ille</strong></span> <span class='ocrx_word' id='word_1_337' title='bbox 1273 2371 1365 2428; x_wconf 81' lang='lat' dir='ltr'><strong>infelix</strong></span> <span class='ocrx_word' id='word_1_338' title='bbox 1376 2371 1461 2444; x_wconf 79' lang='lat' dir='ltr'><strong>iquis</strong></span> <span class='ocrx_word' id='word_1_339' title='bbox 1471 2381 1513 2428; x_wconf 86' lang='lat' dir='ltr'><strong>est</strong></span> <span class='ocrx_word' id='word_1_340' title='bbox 1527 2371 1573 2428; x_wconf 88' lang='lat' dir='ltr'><strong>ille</strong></span> <span class='ocrx_word' id='word_1_341' title='bbox 1588 2374 1805 2447; x_wconf 77' lang='lat' dir='ltr'><strong>nequamiquis</strong></span> 
     </span>
     <span class='ocr_line' id='line_1_26' title="bbox 159 2455 1804 2531; baseline -0.001 -12"><span class='ocrx_word' id='word_1_342' title='bbox 159 2460 227 2516; x_wconf 81' lang='lat' dir='ltr'><strong>dixit</strong></span> <span class='ocrx_word' id='word_1_343' title='bbox 245 2458 479 2531; x_wconf 78' lang='lat' dir='ltr'><strong>appropinquante</strong></span> <span class='ocrx_word' id='word_1_344' title='bbox 502 2458 569 2513; x_wconf 82' lang='lat' dir='ltr'><strong>hora</strong></span> <span class='ocrx_word' id='word_1_345' title='bbox 587 2455 729 2526; x_wconf 76' lang='lat' dir='ltr'><strong>passionis.</strong></span> <span class='ocrx_word' id='word_1_346' title='bbox 754 2456 887 2511; x_wconf 80' lang='lat' dir='ltr'><strong>Turbatus</strong></span> <span class='ocrx_word' id='word_1_347' title='bbox 912 2463 954 2512; x_wconf 83' lang='lat' dir='ltr'><strong>est</strong></span> <span class='ocrx_word' id='word_1_348' title='bbox 1007 2472 1047 2519; x_wconf 85' lang='lat' dir='ltr'><strong>est</strong></span> <span class='ocrx_word' id='word_1_349' title='bbox 1062 2462 1109 2519; x_wconf 84' lang='lat' dir='ltr'><strong>ille</strong></span> <span class='ocrx_word' id='word_1_350' title='bbox 1125 2461 1309 2518; x_wconf 77' lang='lat' dir='ltr'><strong>maledictus?</strong></span> <span class='ocrx_word' id='word_1_351' title='bbox 1323 2460 1383 2531; x_wconf 83' lang='lat' dir='ltr'><strong>quis</strong></span> <span class='ocrx_word' id='word_1_352' title='bbox 1404 2467 1446 2517; x_wconf 84' lang='lat' dir='ltr'><strong>ost</strong></span> <span class='ocrx_word' id='word_1_353' title='bbox 1473 2461 1584 2516; x_wconf 82' lang='lat' dir='ltr'><strong>traditor</strong></span> <span class='ocrx_word' id='word_1_354' title='bbox 1613 2464 1703 2518; x_wconf 76' lang='lat' dir='ltr'><strong>tuost</strong></span> <span class='ocrx_word' id='word_1_355' title='bbox 1732 2463 1804 2519; x_wconf 81' lang='lat' dir='ltr'><strong>utun</strong></span> 
     </span>
    </p>
   </div>
   <div class='ocr_carea' id='block_1_3' title="bbox 52 2545 1806 2624">
    <p class='ocr_par' dir='ltr' id='par_1_4' title="bbox 52 2545 1806 2624">
     <span class='ocr_line' id='line_1_27' title="bbox 52 2545 1806 2624; baseline 0.002 -20"><span class='ocrx_word' id='word_1_356' title='bbox 52 2549 60 2563; x_wconf 87' lang='grc'><em>“</em></span> <span class='ocrx_word' id='word_1_357' title='bbox 160 2548 292 2605; x_wconf 86' lang='lat' dir='ltr'><strong>Dominus</strong></span> <span class='ocrx_word' id='word_1_358' title='bbox 306 2547 501 2616; x_wconf 86' lang='lat' dir='ltr'><strong>lesusspiritu,</strong></span> <span class='ocrx_word' id='word_1_359' title='bbox 515 2552 542 2601; x_wconf 89' lang='lat' dir='ltr'><strong>et</strong></span> <span class='ocrx_word' id='word_1_360' title='bbox 564 2551 729 2616; x_wconf 87' lang='lat' dir='ltr'><strong>protestatus</strong></span> <span class='ocrx_word' id='word_1_361' title='bbox 750 2554 792 2601; x_wconf 87' lang='lat' dir='ltr'><strong>est</strong></span> <span class='ocrx_word' id='word_1_362' title='bbox 814 2545 884 2619; x_wconf 86' lang='lat' dir='ltr'><strong>quod</strong></span> <span class='ocrx_word' id='word_1_363' title='bbox 905 2560 952 2601; x_wconf 91' lang='lat' dir='ltr'><strong>oc·</strong></span> <span class='ocrx_word' id='word_1_364' title='bbox 1008 2550 1157 2624; x_wconf 74' lang='lat' dir='ltr'><strong>mihirogo</strong></span> <span class='ocrx_word' id='word_1_365' title='bbox 1173 2567 1206 2607; x_wconf 91' lang='lat' dir='ltr'><strong>ue</strong></span> <span class='ocrx_word' id='word_1_366' title='bbox 1227 2550 1311 2614; x_wconf 88' lang='lat' dir='ltr'><strong>celes,</strong></span> <span class='ocrx_word' id='word_1_367' title='bbox 1340 2550 1383 2604; x_wconf 89' lang='lat' dir='ltr'><strong>cui</strong></span> <span class='ocrx_word' id='word_1_368' title='bbox 1411 2556 1464 2603; x_wconf 80' lang='lat' dir='ltr'><strong>tuae</strong></span> <span class='ocrx_word' id='word_1_369' title='bbox 1483 2547 1629 2604; x_wconf 86' lang='lat' dir='ltr'><strong>divinitatis</strong></span> <span class='ocrx_word' id='word_1_370' title='bbox 1657 2562 1806 2607; x_wconf 85' lang='lat' dir='ltr'><strong>secretact</strong></span> 
     </span>
    </p>
   </div>
   <div class='ocr_carea' id='block_1_4' title="bbox 160 2622 1837 5549">
    <p class='ocr_par' dir='ltr' id='par_1_5' title="bbox 160 2622 1837 5549">
     <span class='ocr_line' id='line_1_28' title="bbox 160 2622 1805 2712; baseline 0.002 -20"><span class='ocrx_word' id='word_1_371' title='bbox 160 2622 260 2694; x_wconf 87' lang='lat' dir='ltr'><strong>cultum</strong></span> <span class='ocrx_word' id='word_1_372' title='bbox 274 2636 361 2693; x_wconf 85' lang='lat' dir='ltr'><strong>iuerat</strong></span> <span class='ocrx_word' id='word_1_373' title='bbox 371 2635 474 2693; x_wconf 85' lang='lat' dir='ltr'><strong>etdixit</strong></span> <span class='ocrx_word' id='word_1_374' title='bbox 489 2635 606 2705; x_wconf 63' lang='lat' dir='ltr'><strong>:tnnc</strong></span> <span class='ocrx_word' id='word_1_375' title='bbox 617 2650 701 2690; x_wconf 82' lang='lat' dir='ltr'><strong>amec</strong></span> <span class='ocrx_word' id='word_1_376' title='bbox 711 2635 773 2691; x_wconf 88' lang='lat' dir='ltr'><strong>dico</strong></span> <span class='ocrx_word' id='word_1_377' title='bbox 792 2634 875 2700; x_wconf 84' lang='lat' dir='ltr'><strong>vobis,</strong></span> <span class='ocrx_word' id='word_1_378' title='bbox 888 2635 955 2707; x_wconf 80' lang='lat' dir='ltr'><strong>quia</strong></span> <span class='ocrx_word' id='word_1_379' title='bbox 1008 2640 1135 2712; x_wconf 82' lang='lat' dir='ltr'><strong>dignatus</strong></span> <span class='ocrx_word' id='word_1_380' title='bbox 1150 2638 1281 2695; x_wconf 86' lang='lat' dir='ltr'><strong>revelare.</strong></span> <span class='ocrx_word' id='word_1_381' title='bbox 1310 2636 1360 2692; x_wconf 83' lang='lat' dir='ltr'><strong>Cui</strong></span> <span class='ocrx_word' id='word_1_382' title='bbox 1375 2637 1507 2693; x_wconf 85' lang='lat' dir='ltr'><strong>Dominus</strong></span> <span class='ocrx_word' id='word_1_383' title='bbox 1524 2655 1530 2692; x_wconf 77' lang='grc' dir='ltr'><strong>ε</strong></span> <span class='ocrx_word' id='word_1_384' title='bbox 1547 2638 1597 2695; x_wconf 86' lang='lat' dir='ltr'><strong>llic</strong></span> <span class='ocrx_word' id='word_1_385' title='bbox 1612 2641 1666 2703; x_wconf 84' lang='lat' dir='ltr'><strong>cst,</strong></span> <span class='ocrx_word' id='word_1_386' title='bbox 1682 2643 1731 2696; x_wconf 85' lang='lat' dir='ltr'><strong>cui</strong></span> <span class='ocrx_word' id='word_1_387' title='bbox 1756 2654 1805 2711; x_wconf 71' lang='lat' dir='ltr'><strong>cco</strong></span> 
     </span>
     <span class='ocr_line' id='line_1_29' title="bbox 161 2721 1805 2801; baseline -0.001 -16"><span class='ocrx_word' id='word_1_388' title='bbox 161 2743 235 2785; x_wconf 81' lang='lat' dir='ltr'><strong>unua</strong></span> <span class='ocrx_word' id='word_1_389' title='bbox 257 2743 293 2784; x_wconf 80' lang='lat' dir='ltr'><strong>aar</strong></span> <span class='ocrx_word' id='word_1_390' title='bbox 306 2725 380 2783; x_wconf 82' lang='lat' dir='ltr'><strong>volis</strong></span> <span class='ocrx_word' id='word_1_391' title='bbox 408 2725 502 2783; x_wconf 82' lang='lat' dir='ltr'><strong>tradet</strong></span> <span class='ocrx_word' id='word_1_392' title='bbox 524 2742 577 2782; x_wconf 85' lang='lat' dir='ltr'><strong>mc.</strong></span> <span class='ocrx_word' id='word_1_393' title='bbox 597 2727 635 2779; x_wconf 85' lang='lat' dir='ltr'><strong>ilc</strong></span> <span class='ocrx_word' id='word_1_394' title='bbox 650 2723 672 2778; x_wconf 88' lang='lat' dir='ltr'><strong>si</strong></span> <span class='ocrx_word' id='word_1_395' title='bbox 686 2721 787 2779; x_wconf 88' lang='lat' dir='ltr'><strong>diceret</strong></span> <span class='ocrx_word' id='word_1_396' title='bbox 803 2740 809 2780; x_wconf 93' lang='lat'>:</span> <span class='ocrx_word' id='word_1_397' title='bbox 827 2725 900 2780; x_wconf 86' lang='lat' dir='ltr'><strong>Unus</strong></span> <span class='ocrx_word' id='word_1_398' title='bbox 920 2738 952 2778; x_wconf 89' lang='lat' dir='ltr'><strong>ex</strong></span> <span class='ocrx_word' id='word_1_399' title='bbox 1009 2727 1805 2801; x_wconf 65' lang='lat' dir='ltr'><strong>intirtctamponamporrascroditcurrictinnbscipo·</strong></span> 
     </span>
     <span class='ocr_line' id='line_1_30' title="bbox 162 2812 1805 2884; baseline -0.005 -1"><span class='ocrx_word' id='word_1_400' title='bbox 162 2815 439 2883; x_wconf 62' lang='lat' dir='ltr'><strong>l0bi⁸0¹i¹lll1¹⁸0⁵ls</strong></span> <span class='ocrx_word' id='word_1_401' title='bbox 457 2820 483 2869; x_wconf 68' lang='grc' dir='ltr'><strong>θῑ</strong></span> <span class='ocrx_word' id='word_1_402' title='bbox 498 2814 636 2869; x_wconf 69' lang='lat' dir='ltr'><strong>lffldelmt</strong></span> <span class='ocrx_word' id='word_1_403' title='bbox 648 2827 734 2878; x_wconf 67' lang='lat' dir='ltr'><strong>timus</strong></span> <span class='ocrx_word' id='word_1_404' title='bbox 752 2828 785 2868; x_wconf 61' lang='grc' dir='ltr'><strong>ΒΧ</strong></span> <span class='ocrx_word' id='word_1_405' title='bbox 799 2812 890 2877; x_wconf 71' lang='lat' dir='ltr'><strong>vobit.</strong></span> <span class='ocrx_word' id='word_1_406' title='bbox 905 2814 951 2866; x_wconf 89' lang='lat' dir='ltr'><strong>sed</strong></span> <span class='ocrx_word' id='word_1_407' title='bbox 1008 2833 1083 2884; x_wconf 77' lang='lat' dir='ltr'><strong>ncne,</strong></span> <span class='ocrx_word' id='word_1_408' title='bbox 1099 2817 1174 2874; x_wconf 81' lang='lat' dir='ltr'><strong>dedit</strong></span> <span class='ocrx_word' id='word_1_409' title='bbox 1189 2816 1268 2874; x_wconf 78' lang='lat' dir='ltr'><strong>lucta</strong></span> <span class='ocrx_word' id='word_1_410' title='bbox 1286 2816 1408 2874; x_wconf 82' lang='lat' dir='ltr'><strong>Simonis</strong></span> <span class='ocrx_word' id='word_1_411' title='bbox 1424 2816 1575 2872; x_wconf 80' lang='lat' dir='ltr'><strong>iscariotis.</strong></span> <span class='ocrx_word' id='word_1_412' title='bbox 1594 2815 1676 2872; x_wconf 88' lang='lat' dir='ltr'><strong>Panis</strong></span> <span class='ocrx_word' id='word_1_413' title='bbox 1685 2815 1805 2874; x_wconf 88' lang='lat' dir='ltr'><strong>intinctio</strong></span> 
     </span>
     <span class='ocr_line' id='line_1_31' title="bbox 162 2882 1806 2980; baseline 0 -20"><span class='ocrx_word' id='word_1_414' title='bbox 162 2921 217 2963; x_wconf 94' lang='lat' dir='ltr'><strong>non</strong></span> <span class='ocrx_word' id='word_1_415' title='bbox 243 2905 351 2961; x_wconf 85' lang='lat' dir='ltr'><strong>vinculo</strong></span> <span class='ocrx_word' id='word_1_416' title='bbox 378 2904 518 2959; x_wconf 89' lang='lat' dir='ltr'><strong>charitatis</strong></span> <span class='ocrx_word' id='word_1_417' title='bbox 540 2903 640 2969; x_wconf 89' lang='lat' dir='ltr'><strong>unitus,</strong></span> <span class='ocrx_word' id='word_1_418' title='bbox 661 2909 766 2958; x_wconf 88' lang='lat' dir='ltr'><strong>astrue</strong></span> <span class='ocrx_word' id='word_1_419' title='bbox 791 2901 951 2958; x_wconf 86' lang='lat' dir='ltr'><strong>traditurus.</strong></span> <span class='ocrx_word' id='word_1_420' title='bbox 968 2882 990 2960; x_wconf 70' lang='grc' dir='ltr'><strong><em>Β</em></strong></span> <span class='ocrx_word' id='word_1_421' title='bbox 1006 2905 1140 2980; x_wconf 76' lang='lat' dir='ltr'><strong>significat</strong></span> <span class='ocrx_word' id='word_1_422' title='bbox 1163 2904 1299 2961; x_wconf 84' lang='lat' dir='ltr'><strong>fictionem</strong></span> <span class='ocrx_word' id='word_1_423' title='bbox 1324 2903 1410 2968; x_wconf 82' lang='lat' dir='ltr'><strong>tude,</strong></span> <span class='ocrx_word' id='word_1_424' title='bbox 1442 2903 1489 2973; x_wconf 83' lang='lat' dir='ltr'><strong>qui</strong></span> <span class='ocrx_word' id='word_1_425' title='bbox 1512 2902 1591 2960; x_wconf 88' lang='lat' dir='ltr'><strong>lictus</strong></span> <span class='ocrx_word' id='word_1_426' title='bbox 1614 2904 1806 2962; x_wconf 85' lang='lat' dir='ltr'><strong>amicusrenit</strong></span> 
     </span>
     <span class='ocr_line' id='line_1_32' title="bbox 162 2988 1807 3064; baseline -0.003 -13"><span class='ocrx_word' id='word_1_427' title='bbox 162 2992 333 3062; x_wconf 70' lang='lat' dir='ltr'><strong>aspiciebant</strong></span> <span class='ocrx_word' id='word_1_428' title='bbox 348 3006 414 3064; x_wconf 76' lang='lat' dir='ltr'><strong>ergo</strong></span> <span class='ocrx_word' id='word_1_429' title='bbox 423 2989 550 3061; x_wconf 90' lang='lat' dir='ltr'><strong>discipuli</strong></span> <span class='ocrx_word' id='word_1_430' title='bbox 563 2991 597 3047; x_wconf 84' lang='lat' dir='ltr'><strong>ad</strong></span> <span class='ocrx_word' id='word_1_431' title='bbox 609 2990 735 3055; x_wconf 86' lang='lat' dir='ltr'><strong>invicem,</strong></span> <span class='ocrx_word' id='word_1_432' title='bbox 750 2990 905 3046; x_wconf 83' lang='lat' dir='ltr'><strong>haesitantes</strong></span> <span class='ocrx_word' id='word_1_433' title='bbox 921 2990 954 3043; x_wconf 91' lang='lat' dir='ltr'><strong>de</strong></span> <span class='ocrx_word' id='word_1_434' title='bbox 1007 2995 1040 3050; x_wconf 91' lang='lat' dir='ltr'><strong>ad</strong></span> <span class='ocrx_word' id='word_1_435' title='bbox 1055 3010 1169 3050; x_wconf 81' lang='lat' dir='ltr'><strong>cranam.</strong></span> <span class='ocrx_word' id='word_1_436' title='bbox 1192 2988 1259 3063; x_wconf 78' lang='lat' dir='ltr'><strong>Quae</strong></span> <span class='ocrx_word' id='word_1_437' title='bbox 1273 2992 1344 3048; x_wconf 87' lang='lat' dir='ltr'><strong>euim</strong></span> <span class='ocrx_word' id='word_1_438' title='bbox 1364 2991 1516 3064; x_wconf 59' lang='lat' dir='ltr'><strong>tiufintnlur,</strong></span> <span class='ocrx_word' id='word_1_439' title='bbox 1532 3009 1585 3048; x_wconf 93' lang='lat' dir='ltr'><strong>nun</strong></span> <span class='ocrx_word' id='word_1_440' title='bbox 1602 2994 1736 3050; x_wconf 87' lang='lat' dir='ltr'><strong>mundant</strong></span> <span class='ocrx_word' id='word_1_441' title='bbox 1759 2992 1807 3049; x_wconf 82' lang='lat' dir='ltr'><strong>sed</strong></span> 
     </span>
     <span class='ocr_line' id='line_1_33' title="bbox 161 3079 1138 3155; baseline -0.001 -18"><span class='ocrx_word' id='word_1_442' title='bbox 161 3096 217 3155; x_wconf 87' lang='lat' dir='ltr'><strong>quo</strong></span> <span class='ocrx_word' id='word_1_443' title='bbox 229 3081 339 3138; x_wconf 88' lang='lat' dir='ltr'><strong>diceret.</strong></span> <span class='ocrx_word' id='word_1_444' title='bbox 359 3082 417 3135; x_wconf 91' lang='lat' dir='ltr'><strong>Non</strong></span> <span class='ocrx_word' id='word_1_445' title='bbox 430 3080 543 3135; x_wconf 86' lang='lat' dir='ltr'><strong>minima</strong></span> <span class='ocrx_word' id='word_1_446' title='bbox 558 3079 686 3146; x_wconf 89' lang='lat' dir='ltr'><strong>turbatio,</strong></span> <span class='ocrx_word' id='word_1_447' title='bbox 698 3079 779 3134; x_wconf 89' lang='lat' dir='ltr'><strong>timor</strong></span> <span class='ocrx_word' id='word_1_448' title='bbox 792 3088 820 3136; x_wconf 88' lang='lat' dir='ltr'><strong>et</strong></span> <span class='ocrx_word' id='word_1_449' title='bbox 834 3079 955 3136; x_wconf 82' lang='lat' dir='ltr'><strong>anxietas</strong></span> <span class='ocrx_word' id='word_1_450' title='bbox 1007 3080 1138 3138; x_wconf 87' lang='lat' dir='ltr'><strong>inficiunt.</strong></span> 
     </span>
     <span class='ocr_line' id='line_1_34' title="bbox 162 3166 1809 3242; baseline 0.001 -17"><span class='ocrx_word' id='word_1_451' title='bbox 162 3170 345 3239; x_wconf 87' lang='lat' dir='ltr'><strong>apostolorum</strong></span> <span class='ocrx_word' id='word_1_452' title='bbox 358 3177 476 3224; x_wconf 88' lang='lat' dir='ltr'><strong>mentem</strong></span> <span class='ocrx_word' id='word_1_453' title='bbox 492 3168 616 3224; x_wconf 82' lang='lat' dir='ltr'><strong>vexabat.</strong></span> <span class='ocrx_word' id='word_1_454' title='bbox 646 3168 727 3223; x_wconf 86' lang='lat' dir='ltr'><strong>Putas</strong></span> <span class='ocrx_word' id='word_1_455' title='bbox 749 3166 885 3238; x_wconf 89' lang='lat' dir='ltr'><strong>quomodo</strong></span> <span class='ocrx_word' id='word_1_456' title='bbox 906 3168 957 3222; x_wconf 85' lang='lat' dir='ltr'><strong>Pc-</strong></span> <span class='ocrx_word' id='word_1_457' title='bbox 1043 3173 1070 3225; x_wconf 81' lang='grc'><strong>5.</strong></span> <span class='ocrx_word' id='word_1_458' title='bbox 1091 3168 1143 3224; x_wconf 87' lang='lat' dir='ltr'><strong>Sed</strong></span> <span class='ocrx_word' id='word_1_459' title='bbox 1163 3167 1224 3238; x_wconf 90' lang='lat' dir='ltr'><strong>quis</strong></span> <span class='ocrx_word' id='word_1_460' title='bbox 1248 3167 1325 3237; x_wconf 89' lang='lat' dir='ltr'><strong>panis</strong></span> <span class='ocrx_word' id='word_1_461' title='bbox 1337 3167 1388 3223; x_wconf 87' lang='lat' dir='ltr'><strong>iste</strong></span> <span class='ocrx_word' id='word_1_462' title='bbox 1406 3167 1486 3224; x_wconf 82' lang='lat' dir='ltr'><strong>tuerit</strong></span> <span class='ocrx_word' id='word_1_463' title='bbox 1500 3183 1582 3239; x_wconf 86' lang='lat' dir='ltr'><strong>quem</strong></span> <span class='ocrx_word' id='word_1_464' title='bbox 1597 3168 1680 3224; x_wconf 81' lang='lat' dir='ltr'><strong>ludas</strong></span> <span class='ocrx_word' id='word_1_465' title='bbox 1704 3170 1809 3242; x_wconf 81' lang='lat' dir='ltr'><strong>accepit</strong></span> 
     </span>
     <span class='ocr_line' id='line_1_35' title="bbox 163 3254 1808 3331; baseline 0.002 -18"><span class='ocrx_word' id='word_1_466' title='bbox 163 3269 221 3314; x_wconf 91' lang='lat' dir='ltr'><strong>trus</strong></span> <span class='ocrx_word' id='word_1_467' title='bbox 234 3269 260 3316; x_wconf 87' lang='lat' dir='ltr'><strong>et</strong></span> <span class='ocrx_word' id='word_1_468' title='bbox 275 3258 358 3314; x_wconf 78' lang='lat' dir='ltr'><strong>suncti</strong></span> <span class='ocrx_word' id='word_1_469' title='bbox 372 3257 488 3331; x_wconf 89' lang='lat' dir='ltr'><strong>apostoli</strong></span> <span class='ocrx_word' id='word_1_470' title='bbox 503 3257 619 3313; x_wconf 88' lang='lat' dir='ltr'><strong>latebras</strong></span> <span class='ocrx_word' id='word_1_471' title='bbox 641 3255 739 3312; x_wconf 87' lang='lat' dir='ltr'><strong>mentis</strong></span> <span class='ocrx_word' id='word_1_472' title='bbox 762 3254 911 3321; x_wconf 89' lang='lat' dir='ltr'><strong>intrabant,</strong></span> <span class='ocrx_word' id='word_1_473' title='bbox 927 3263 956 3311; x_wconf 91' lang='lat' dir='ltr'><strong>ut</strong></span> <span class='ocrx_word' id='word_1_474' title='bbox 1008 3258 1169 3322; x_wconf 89' lang='lat' dir='ltr'><strong>intinctum;</strong></span> <span class='ocrx_word' id='word_1_475' title='bbox 1186 3256 1209 3311; x_wconf 88' lang='lat' dir='ltr'><strong>si</strong></span> <span class='ocrx_word' id='word_1_476' title='bbox 1222 3256 1353 3314; x_wconf 91' lang='lat' dir='ltr'><strong>Dominus</strong></span> <span class='ocrx_word' id='word_1_477' title='bbox 1377 3256 1493 3325; x_wconf 83' lang='lat' dir='ltr'><strong>dederit,</strong></span> <span class='ocrx_word' id='word_1_478' title='bbox 1515 3256 1644 3314; x_wconf 89' lang='lat' dir='ltr'><strong>lectorem</strong></span> <span class='ocrx_word' id='word_1_479' title='bbox 1664 3262 1808 3326; x_wconf 66' lang='lat' dir='ltr'><strong>maurnai</strong></span> 
     </span>
     <span class='ocr_line' id='line_1_36' title="bbox 163 3340 1837 3421; baseline 0.002 -18"><span class='ocrx_word' id='word_1_480' title='bbox 163 3347 186 3403; x_wconf 89' lang='lat' dir='ltr'><strong>si</strong></span> <span class='ocrx_word' id='word_1_481' title='bbox 201 3347 228 3403; x_wconf 91' lang='lat' dir='ltr'><strong>in</strong></span> <span class='ocrx_word' id='word_1_482' title='bbox 241 3358 379 3405; x_wconf 76' lang='lat' dir='ltr'><strong>sudorem</strong></span> <span class='ocrx_word' id='word_1_483' title='bbox 398 3347 460 3403; x_wconf 85' lang='lat' dir='ltr'><strong>vitae</strong></span> <span class='ocrx_word' id='word_1_484' title='bbox 473 3346 567 3404; x_wconf 86' lang='lat' dir='ltr'><strong>saltem</strong></span> <span class='ocrx_word' id='word_1_485' title='bbox 582 3346 608 3401; x_wconf 91' lang='lat' dir='ltr'><strong>iu</strong></span> <span class='ocrx_word' id='word_1_486' title='bbox 623 3346 788 3419; x_wconf 76' lang='lat' dir='ltr'><strong>cogitatione</strong></span> <span class='ocrx_word' id='word_1_487' title='bbox 802 3345 905 3416; x_wconf 88' lang='lat' dir='ltr'><strong>aliquid</strong></span> <span class='ocrx_word' id='word_1_488' title='bbox 921 3346 956 3399; x_wconf 78' lang='lat' dir='ltr'><strong>si·</strong></span> <span class='ocrx_word' id='word_1_489' title='bbox 1009 3348 1102 3404; x_wconf 87' lang='lat' dir='ltr'><strong>audire</strong></span> <span class='ocrx_word' id='word_1_490' title='bbox 1123 3347 1288 3421; x_wconf 75' lang='lat' dir='ltr'><strong>dignabitur,</strong></span> <span class='ocrx_word' id='word_1_491' title='bbox 1313 3362 1366 3403; x_wconf 91' lang='lat' dir='ltr'><strong>non</strong></span> <span class='ocrx_word' id='word_1_492' title='bbox 1382 3346 1532 3419; x_wconf 76' lang='lat' dir='ltr'><strong>relinquam</strong></span> <span class='ocrx_word' id='word_1_493' title='bbox 1559 3362 1735 3419; x_wconf 88' lang='lat' dir='ltr'><strong>suspensum.</strong></span> <span class='ocrx_word' id='word_1_494' title='bbox 1757 3349 1808 3406; x_wconf 83' lang='lat' dir='ltr'><strong>Sed</strong></span> <span class='ocrx_word' id='word_1_495' title='bbox 1833 3340 1837 3345; x_wconf 65' lang='grc'>’</span> 
     </span>
     <span class='ocr_line' id='line_1_37' title="bbox 163 3434 1808 3512; baseline 0.001 -20"><span class='ocrx_word' id='word_1_496' title='bbox 163 3437 275 3493; x_wconf 83' lang='lat' dir='ltr'><strong>niatrunt</strong></span> <span class='ocrx_word' id='word_1_497' title='bbox 289 3441 439 3510; x_wconf 88' lang='lat' dir='ltr'><strong>putassent,</strong></span> <span class='ocrx_word' id='word_1_498' title='bbox 458 3452 512 3494; x_wconf 90' lang='lat' dir='ltr'><strong>non</strong></span> <span class='ocrx_word' id='word_1_499' title='bbox 527 3451 621 3507; x_wconf 87' lang='lat' dir='ltr'><strong>parum</strong></span> <span class='ocrx_word' id='word_1_500' title='bbox 649 3442 725 3491; x_wconf 89' lang='lat' dir='ltr'><strong>erant</strong></span> <span class='ocrx_word' id='word_1_501' title='bbox 751 3434 848 3490; x_wconf 89' lang='lat' dir='ltr'><strong>turbati</strong></span> <span class='ocrx_word' id='word_1_502' title='bbox 863 3435 877 3488; x_wconf 78' lang='lat' dir='ltr'><strong>i</strong></span> <span class='ocrx_word' id='word_1_503' title='bbox 892 3448 955 3488; x_wconf 88' lang='lat' dir='ltr'><strong>nam</strong></span> <span class='ocrx_word' id='word_1_504' title='bbox 1008 3439 1125 3512; x_wconf 87' lang='lat' dir='ltr'><strong>primum</strong></span> <span class='ocrx_word' id='word_1_505' title='bbox 1140 3437 1279 3494; x_wconf 85' lang='lat' dir='ltr'><strong>sciendum</strong></span> <span class='ocrx_word' id='word_1_506' title='bbox 1294 3445 1344 3503; x_wconf 86' lang='lat' dir='ltr'><strong>est,</strong></span> <span class='ocrx_word' id='word_1_507' title='bbox 1359 3435 1432 3509; x_wconf 87' lang='lat' dir='ltr'><strong>quud</strong></span> <span class='ocrx_word' id='word_1_508' title='bbox 1452 3435 1530 3506; x_wconf 88' lang='lat' dir='ltr'><strong>panis</strong></span> <span class='ocrx_word' id='word_1_509' title='bbox 1558 3436 1744 3508; x_wconf 90' lang='lat' dir='ltr'><strong>multipliciter</strong></span> <span class='ocrx_word' id='word_1_510' title='bbox 1758 3453 1808 3494; x_wconf 88' lang='lat' dir='ltr'><strong>ac·</strong></span> 
     </span>
     <span class='ocr_line' id='line_1_38' title="bbox 164 3520 1807 3600; baseline 0.001 -18"><span class='ocrx_word' id='word_1_511' title='bbox 164 3528 252 3599; x_wconf 88' lang='lat' dir='ltr'><strong>pallor</strong></span> <span class='ocrx_word' id='word_1_512' title='bbox 265 3528 311 3600; x_wconf 89' lang='lat' dir='ltr'><strong>qui</strong></span> <span class='ocrx_word' id='word_1_513' title='bbox 326 3535 383 3584; x_wconf 88' lang='lat' dir='ltr'><strong>erat</strong></span> <span class='ocrx_word' id='word_1_514' title='bbox 402 3527 431 3583; x_wconf 89' lang='lat' dir='ltr'><strong>in</strong></span> <span class='ocrx_word' id='word_1_515' title='bbox 451 3526 531 3592; x_wconf 87' lang='lat' dir='ltr'><strong>tacia,</strong></span> <span class='ocrx_word' id='word_1_516' title='bbox 547 3526 703 3582; x_wconf 81' lang='lat' dir='ltr'><strong>declarabat</strong></span> <span class='ocrx_word' id='word_1_517' title='bbox 717 3525 838 3581; x_wconf 82' lang='lat' dir='ltr'><strong>dolorem</strong></span> <span class='ocrx_word' id='word_1_518' title='bbox 854 3523 901 3596; x_wconf 88' lang='lat' dir='ltr'><strong>qui</strong></span> <span class='ocrx_word' id='word_1_519' title='bbox 915 3520 956 3577; x_wconf 90' lang='lat' dir='ltr'><strong>vi·</strong></span> <span class='ocrx_word' id='word_1_520' title='bbox 1009 3526 1106 3597; x_wconf 89' lang='lat' dir='ltr'><strong>cipitur</strong></span> <span class='ocrx_word' id='word_1_521' title='bbox 1121 3524 1150 3580; x_wconf 93' lang='lat' dir='ltr'><strong>in</strong></span> <span class='ocrx_word' id='word_1_522' title='bbox 1163 3539 1240 3580; x_wconf 89' lang='lat' dir='ltr'><strong>sacra</strong></span> <span class='ocrx_word' id='word_1_523' title='bbox 1256 3523 1404 3595; x_wconf 88' lang='lat' dir='ltr'><strong>Scriptura.</strong></span> <span class='ocrx_word' id='word_1_524' title='bbox 1420 3524 1473 3578; x_wconf 85' lang='lat' dir='ltr'><strong>Per</strong></span> <span class='ocrx_word' id='word_1_525' title='bbox 1486 3538 1584 3595; x_wconf 89' lang='lat' dir='ltr'><strong>panem</strong></span> <span class='ocrx_word' id='word_1_526' title='bbox 1605 3524 1751 3596; x_wconf 86' lang='lat' dir='ltr'><strong>aliquando</strong></span> <span class='ocrx_word' id='word_1_527' title='bbox 1764 3527 1807 3583; x_wconf 91' lang='lat' dir='ltr'><strong>in·</strong></span> 
     </span>
     <span class='ocr_line' id='line_1_39' title="bbox 164 3611 1808 3690; baseline 0 -19"><span class='ocrx_word' id='word_1_528' title='bbox 164 3617 244 3690; x_wconf 67' lang='lat' dir='ltr'><strong>gebat</strong></span> <span class='ocrx_word' id='word_1_529' title='bbox 257 3617 285 3672; x_wconf 92' lang='lat' dir='ltr'><strong>in</strong></span> <span class='ocrx_word' id='word_1_530' title='bbox 298 3624 399 3673; x_wconf 87' lang='lat' dir='ltr'><strong>mento.</strong></span> <span class='ocrx_word' id='word_1_531' title='bbox 415 3618 448 3672; x_wconf 81' lang='lat' dir='ltr'><strong>tt</strong></span> <span class='ocrx_word' id='word_1_532' title='bbox 460 3614 498 3670; x_wconf 91' lang='lat' dir='ltr'><strong>nil</strong></span> <span class='ocrx_word' id='word_1_533' title='bbox 513 3615 617 3670; x_wconf 89' lang='lat' dir='ltr'><strong>doloris</strong></span> <span class='ocrx_word' id='word_1_534' title='bbox 631 3615 755 3686; x_wconf 78' lang='lat' dir='ltr'><strong>gerebat,</strong></span> <span class='ocrx_word' id='word_1_535' title='bbox 779 3612 826 3684; x_wconf 84' lang='lat' dir='ltr'><strong>qui</strong></span> <span class='ocrx_word' id='word_1_536' title='bbox 840 3619 956 3668; x_wconf 73' lang='lat' dir='ltr'><strong>astutun</strong></span> <span class='ocrx_word' id='word_1_537' title='bbox 1010 3614 1142 3686; x_wconf 75' lang='lat' dir='ltr'><strong>telligitur</strong></span> <span class='ocrx_word' id='word_1_538' title='bbox 1156 3613 1296 3677; x_wconf 88' lang='lat' dir='ltr'><strong>Dominus,</strong></span> <span class='ocrx_word' id='word_1_539' title='bbox 1316 3612 1461 3684; x_wconf 79' lang='lat' dir='ltr'><strong>aliquando</strong></span> <span class='ocrx_word' id='word_1_540' title='bbox 1480 3611 1565 3684; x_wconf 75' lang='lat' dir='ltr'><strong>gratia</strong></span> <span class='ocrx_word' id='word_1_541' title='bbox 1579 3612 1741 3685; x_wconf 85' lang='lat' dir='ltr'><strong>spiritualis,</strong></span> <span class='ocrx_word' id='word_1_542' title='bbox 1756 3616 1808 3672; x_wconf 89' lang='lat' dir='ltr'><strong>ali-</strong></span> 
     </span>
     <span class='ocr_line' id='line_1_40' title="bbox 164 3699 1809 3777; baseline 0.001 -19"><span class='ocrx_word' id='word_1_543' title='bbox 164 3703 258 3758; x_wconf 87' lang='lat' dir='ltr'><strong>rabido</strong></span> <span class='ocrx_word' id='word_1_544' title='bbox 274 3703 399 3772; x_wconf 86' lang='lat' dir='ltr'><strong>portabat</strong></span> <span class='ocrx_word' id='word_1_545' title='bbox 411 3704 462 3757; x_wconf 91' lang='lat' dir='ltr'><strong>sub</strong></span> <span class='ocrx_word' id='word_1_546' title='bbox 488 3707 597 3772; x_wconf 88' lang='lat' dir='ltr'><strong>pectore</strong></span> <span class='ocrx_word' id='word_1_547' title='bbox 611 3702 736 3772; x_wconf 85' lang='lat' dir='ltr'><strong>vulpem:</strong></span> <span class='ocrx_word' id='word_1_548' title='bbox 753 3714 808 3756; x_wconf 91' lang='lat' dir='ltr'><strong>uon</strong></span> <span class='ocrx_word' id='word_1_549' title='bbox 830 3707 888 3755; x_wconf 86' lang='lat' dir='ltr'><strong>erat</strong></span> <span class='ocrx_word' id='word_1_550' title='bbox 908 3699 959 3754; x_wconf 91' lang='lat' dir='ltr'><strong>do-</strong></span> <span class='ocrx_word' id='word_1_551' title='bbox 1010 3702 1117 3777; x_wconf 86' lang='lat' dir='ltr'><strong>quando</strong></span> <span class='ocrx_word' id='word_1_552' title='bbox 1132 3701 1247 3757; x_wconf 89' lang='lat' dir='ltr'><strong>eruditio</strong></span> <span class='ocrx_word' id='word_1_553' title='bbox 1270 3700 1370 3757; x_wconf 78' lang='lat' dir='ltr'><strong>diune</strong></span> <span class='ocrx_word' id='word_1_554' title='bbox 1393 3701 1533 3771; x_wconf 85' lang='lat' dir='ltr'><strong>doctrinae,</strong></span> <span class='ocrx_word' id='word_1_555' title='bbox 1550 3700 1702 3772; x_wconf 82' lang='lat' dir='ltr'><strong>aliquando</strong></span> <span class='ocrx_word' id='word_1_556' title='bbox 1718 3704 1809 3759; x_wconf 72' lang='lat' dir='ltr'><strong>bara-</strong></span> 
     </span>
     <span class='ocr_line' id='line_1_41' title="bbox 165 3786 1806 3863; baseline 0.001 -18"><span class='ocrx_word' id='word_1_557' title='bbox 165 3792 236 3863; x_wconf 88' lang='lat' dir='ltr'><strong>lens,</strong></span> <span class='ocrx_word' id='word_1_558' title='bbox 251 3790 296 3846; x_wconf 94' lang='lat' dir='ltr'><strong>cui</strong></span> <span class='ocrx_word' id='word_1_559' title='bbox 309 3790 408 3858; x_wconf 68' lang='lat' dir='ltr'><strong>inserts</strong></span> <span class='ocrx_word' id='word_1_560' title='bbox 421 3789 500 3846; x_wconf 90' lang='lat' dir='ltr'><strong>dolor</strong></span> <span class='ocrx_word' id='word_1_561' title='bbox 510 3789 597 3844; x_wconf 87' lang='lat' dir='ltr'><strong>inesse</strong></span> <span class='ocrx_word' id='word_1_562' title='bbox 610 3790 738 3844; x_wconf 87' lang='lat' dir='ltr'><strong>debebat.</strong></span> <span class='ocrx_word' id='word_1_563' title='bbox 1011 3792 1124 3847; x_wconf 84' lang='lat' dir='ltr'><strong>tinorum</strong></span> <span class='ocrx_word' id='word_1_564' title='bbox 1143 3786 1307 3858; x_wconf 73' lang='lat' dir='ltr'><strong>pradicatio,</strong></span> <span class='ocrx_word' id='word_1_565' title='bbox 1325 3786 1468 3858; x_wconf 89' lang='lat' dir='ltr'><strong>aliquando</strong></span> <span class='ocrx_word' id='word_1_566' title='bbox 1491 3786 1641 3843; x_wconf 86' lang='lat' dir='ltr'><strong>subsidium</strong></span> <span class='ocrx_word' id='word_1_567' title='bbox 1663 3788 1727 3847; x_wconf 76' lang='lat' dir='ltr'><strong>vite</strong></span> <span class='ocrx_word' id='word_1_568' title='bbox 1742 3805 1806 3861; x_wconf 79' lang='lat' dir='ltr'><strong>prrs-</strong></span> 
     </span>
     <span class='ocr_line' id='line_1_42' title="bbox 202 3875 1807 3947; baseline -0.001 -12"><span class='ocrx_word' id='word_1_569' title='bbox 202 3880 268 3936; x_wconf 90' lang='lat' dir='ltr'><strong>t.0</strong></span> <span class='ocrx_word' id='word_1_570' title='bbox 291 3878 396 3934; x_wconf 84' lang='lat' dir='ltr'><strong>bonitas</strong></span> <span class='ocrx_word' id='word_1_571' title='bbox 424 3876 660 3947; x_wconf 85' lang='lat' dir='ltr'><strong>Redempturislo</strong></span> <span class='ocrx_word' id='word_1_572' title='bbox 688 3876 773 3947; x_wconf 88' lang='lat' dir='ltr'><strong>pietas</strong></span> <span class='ocrx_word' id='word_1_573' title='bbox 800 3875 958 3934; x_wconf 82' lang='lat' dir='ltr'><strong>Creatorisl</strong></span> <span class='ocrx_word' id='word_1_574' title='bbox 1011 3877 1105 3943; x_wconf 88' lang='lat' dir='ltr'><strong>sentis,</strong></span> <span class='ocrx_word' id='word_1_575' title='bbox 1121 3875 1269 3947; x_wconf 81' lang='lat' dir='ltr'><strong>aliquando</strong></span> <span class='ocrx_word' id='word_1_576' title='bbox 1290 3875 1446 3945; x_wconf 75' lang='lat' dir='ltr'><strong>iucunditas</strong></span> <span class='ocrx_word' id='word_1_577' title='bbox 1470 3878 1595 3933; x_wconf 86' lang='lat' dir='ltr'><strong>bumanae</strong></span> <span class='ocrx_word' id='word_1_578' title='bbox 1610 3877 1807 3937; x_wconf 84' lang='lat' dir='ltr'><strong>delectationis.</strong></span> 
     </span>
     <span class='ocr_line' id='line_1_43' title="bbox 166 3963 1808 4041; baseline 0.002 -20"><span class='ocrx_word' id='word_1_579' title='bbox 166 3966 373 4023; x_wconf 88' lang='lat' dir='ltr'><strong>neminemvult</strong></span> <span class='ocrx_word' id='word_1_580' title='bbox 389 3967 489 4038; x_wconf 83' lang='lat' dir='ltr'><strong>perire,</strong></span> <span class='ocrx_word' id='word_1_581' title='bbox 505 3965 730 4021; x_wconf 85' lang='lat' dir='ltr'><strong>scdomnesiicri</strong></span> <span class='ocrx_word' id='word_1_582' title='bbox 757 3966 865 4023; x_wconf 70' lang='lat' dir='ltr'><strong>mltos:</strong></span> <span class='ocrx_word' id='word_1_583' title='bbox 895 3982 959 4032; x_wconf 83' lang='lat' dir='ltr'><strong>spe·</strong></span> <span class='ocrx_word' id='word_1_584' title='bbox 1016 3965 1144 4021; x_wconf 86' lang='lat' dir='ltr'><strong>Dominus</strong></span> <span class='ocrx_word' id='word_1_585' title='bbox 1160 3963 1360 4035; x_wconf 86' lang='lat' dir='ltr'><strong>diciturpanis,</strong></span> <span class='ocrx_word' id='word_1_586' title='bbox 1377 3964 1445 4020; x_wconf 90' lang='lat' dir='ltr'><strong>sicut</strong></span> <span class='ocrx_word' id='word_1_587' title='bbox 1461 3965 1518 4035; x_wconf 82' lang='lat' dir='ltr'><strong>ipse</strong></span> <span class='ocrx_word' id='word_1_588' title='bbox 1534 3965 1589 4021; x_wconf 88' lang='lat' dir='ltr'><strong>ait:</strong></span> <span class='ocrx_word' id='word_1_589' title='bbox 1606 3969 1741 4039; x_wconf 66' lang='lat' dir='ltr'><strong>Densum</strong></span> <span class='ocrx_word' id='word_1_590' title='bbox 1755 3986 1808 4041; x_wconf 83' lang='lat' dir='ltr'><strong>po·</strong></span> 
     </span>
     <span class='ocr_line' id='line_1_44' title="bbox 167 4052 1808 4128; baseline 0.002 -19"><span class='ocrx_word' id='word_1_591' title='bbox 167 4056 270 4112; x_wconf 87' lang='lat' dir='ltr'><strong>cialiter</strong></span> <span class='ocrx_word' id='word_1_592' title='bbox 284 4070 337 4111; x_wconf 91' lang='lat' dir='ltr'><strong>non</strong></span> <span class='ocrx_word' id='word_1_593' title='bbox 351 4055 475 4128; x_wconf 76' lang='lat' dir='ltr'><strong>designat</strong></span> <span class='ocrx_word' id='word_1_594' title='bbox 487 4054 645 4110; x_wconf 85' lang='lat' dir='ltr'><strong>traditorem</strong></span> <span class='ocrx_word' id='word_1_595' title='bbox 664 4070 755 4122; x_wconf 81' lang='lat' dir='ltr'><strong>suurn,</strong></span> <span class='ocrx_word' id='word_1_596' title='bbox 775 4070 809 4109; x_wconf 90' lang='lat' dir='ltr'><strong>ne</strong></span> <span class='ocrx_word' id='word_1_597' title='bbox 823 4055 900 4111; x_wconf 87' lang='lat' dir='ltr'><strong>fieret</strong></span> <span class='ocrx_word' id='word_1_598' title='bbox 914 4058 961 4109; x_wconf 89' lang='lat' dir='ltr'><strong>im·</strong></span> <span class='ocrx_word' id='word_1_599' title='bbox 1015 4058 1059 4112; x_wconf 84' lang='lat' dir='ltr'><strong>rtis</strong></span> <span class='ocrx_word' id='word_1_600' title='bbox 1074 4056 1160 4123; x_wconf 84' lang='lat' dir='ltr'><strong>uiuus,</strong></span> <span class='ocrx_word' id='word_1_601' title='bbox 1177 4052 1269 4126; x_wconf 75' lang='lat' dir='ltr'><strong>quide</strong></span> <span class='ocrx_word' id='word_1_602' title='bbox 1286 4056 1353 4110; x_wconf 85' lang='lat' dir='ltr'><strong>coeto</strong></span> <span class='ocrx_word' id='word_1_603' title='bbox 1368 4054 1533 4123; x_wconf 75' lang='lat' dir='ltr'><strong>descendit!</strong></span> <span class='ocrx_word' id='word_1_604' title='bbox 1545 4057 1626 4113; x_wconf 78' lang='lat' dir='ltr'><strong>loon.</strong></span> <span class='ocrx_word' id='word_1_605' title='bbox 1643 4073 1680 4124; x_wconf 81' lang='lat' dir='ltr'><strong>vr,</strong></span> <span class='ocrx_word' id='word_1_606' title='bbox 1698 4057 1755 4128; x_wconf 80' lang='lat' dir='ltr'><strong>bl).</strong></span> <span class='ocrx_word' id='word_1_607' title='bbox 1780 4055 1808 4112; x_wconf 90' lang='lat' dir='ltr'><strong>Si</strong></span> 
     </span>
     <span class='ocr_line' id='line_1_45' title="bbox 167 4141 1808 4231; baseline 0.002 -31"><span class='ocrx_word' id='word_1_608' title='bbox 167 4144 311 4220; x_wconf 88' lang='lat' dir='ltr'><strong>pudentior</strong></span> <span class='ocrx_word' id='word_1_609' title='bbox 323 4145 367 4202; x_wconf 81' lang='lat' dir='ltr'><strong>vel</strong></span> <span class='ocrx_word' id='word_1_610' title='bbox 382 4144 590 4201; x_wconf 86' lang='lat' dir='ltr'><strong>inverecundior</strong></span> <span class='ocrx_word' id='word_1_611' title='bbox 607 4142 747 4200; x_wconf 82' lang='lat' dir='ltr'><strong>manifeste</strong></span> <span class='ocrx_word' id='word_1_612' title='bbox 761 4144 957 4214; x_wconf 84' lang='lat' dir='ltr'><strong>deprehensus.</strong></span> <span class='ocrx_word' id='word_1_613' title='bbox 980 4141 1139 4231; x_wconf 69' lang='lat' dir='ltr'><strong>uvolumus</strong></span> <span class='ocrx_word' id='word_1_614' title='bbox 1153 4141 1244 4198; x_wconf 85' lang='lat' dir='ltr'><strong>dicere</strong></span> <span class='ocrx_word' id='word_1_615' title='bbox 1253 4142 1323 4213; x_wconf 88' lang='lat' dir='ltr'><strong>quod</strong></span> <span class='ocrx_word' id='word_1_616' title='bbox 1340 4142 1474 4198; x_wconf 87' lang='lat' dir='ltr'><strong>Dominus</strong></span> <span class='ocrx_word' id='word_1_617' title='bbox 1487 4141 1537 4197; x_wconf 85' lang='lat' dir='ltr'><strong>tuit</strong></span> <span class='ocrx_word' id='word_1_618' title='bbox 1551 4142 1599 4200; x_wconf 86' lang='lat' dir='ltr'><strong>ille</strong></span> <span class='ocrx_word' id='word_1_619' title='bbox 1624 4146 1713 4215; x_wconf 89' lang='lat' dir='ltr'><strong>panis,</strong></span> <span class='ocrx_word' id='word_1_620' title='bbox 1728 4162 1808 4219; x_wconf 85' lang='lat' dir='ltr'><strong>quera</strong></span> 
     </span>
     <span class='ocr_line' id='line_1_46' title="bbox 167 4229 1811 4311; baseline -0.001 -20"><span class='ocrx_word' id='word_1_621' title='bbox 167 4234 318 4291; x_wconf 75' lang='lat' dir='ltr'><strong>Manifestat</strong></span> <span class='ocrx_word' id='word_1_622' title='bbox 331 4251 396 4311; x_wconf 75' lang='lat' dir='ltr'><strong>argo</strong></span> <span class='ocrx_word' id='word_1_623' title='bbox 418 4235 533 4304; x_wconf 85' lang='lat' dir='ltr'><strong>crimen,</strong></span> <span class='ocrx_word' id='word_1_624' title='bbox 550 4242 576 4289; x_wconf 87' lang='lat' dir='ltr'><strong>et</strong></span> <span class='ocrx_word' id='word_1_625' title='bbox 599 4233 646 4290; x_wconf 90' lang='lat' dir='ltr'><strong>dat</strong></span> <span class='ocrx_word' id='word_1_626' title='bbox 667 4235 754 4290; x_wconf 90' lang='lat' dir='ltr'><strong>locum</strong></span> <span class='ocrx_word' id='word_1_627' title='bbox 783 4233 958 4304; x_wconf 78' lang='lat' dir='ltr'><strong>prenitentiae,</strong></span> <span class='ocrx_word' id='word_1_628' title='bbox 1015 4231 1126 4288; x_wconf 85' lang='lat' dir='ltr'><strong>traditor</strong></span> <span class='ocrx_word' id='word_1_629' title='bbox 1143 4230 1249 4304; x_wconf 82' lang='lat' dir='ltr'><strong>accepit</strong></span> <span class='ocrx_word' id='word_1_630' title='bbox 1268 4229 1421 4303; x_wconf 85' lang='lat' dir='ltr'><strong>intinctum,</strong></span> <span class='ocrx_word' id='word_1_631' title='bbox 1437 4246 1492 4286; x_wconf 89' lang='lat' dir='ltr'><strong>non</strong></span> <span class='ocrx_word' id='word_1_632' title='bbox 1516 4232 1696 4306; x_wconf 84' lang='lat' dir='ltr'><strong>relinquimus</strong></span> <span class='ocrx_word' id='word_1_633' title='bbox 1720 4234 1811 4290; x_wconf 87' lang='lat' dir='ltr'><strong>trami-</strong></span> 
     </span>
     <span class='ocr_line' id='line_1_47' title="bbox 167 4319 1809 4397; baseline -0.001 -16"><span class='ocrx_word' id='word_1_634' title='bbox 167 4332 197 4381; x_wconf 93' lang='lat' dir='ltr'><strong>ut</strong></span> <span class='ocrx_word' id='word_1_635' title='bbox 210 4325 330 4395; x_wconf 90' lang='lat' dir='ltr'><strong>proditor</strong></span> <span class='ocrx_word' id='word_1_636' title='bbox 352 4324 448 4382; x_wconf 84' lang='lat' dir='ltr'><strong>videus</strong></span> <span class='ocrx_word' id='word_1_637' title='bbox 466 4340 495 4381; x_wconf 86' lang='lat' dir='ltr'><strong>se</strong></span> <span class='ocrx_word' id='word_1_638' title='bbox 510 4325 661 4380; x_wconf 86' lang='lat' dir='ltr'><strong>lateranen</strong></span> <span class='ocrx_word' id='word_1_639' title='bbox 676 4339 765 4394; x_wconf 86' lang='lat' dir='ltr'><strong>posse.</strong></span> <span class='ocrx_word' id='word_1_640' title='bbox 783 4329 845 4393; x_wconf 71' lang='lat' dir='ltr'><strong>apat</strong></span> <span class='ocrx_word' id='word_1_641' title='bbox 869 4322 960 4395; x_wconf 87' lang='lat' dir='ltr'><strong>poeni-</strong></span> <span class='ocrx_word' id='word_1_642' title='bbox 1013 4329 1068 4377; x_wconf 87' lang='lat' dir='ltr'><strong>tem</strong></span> <span class='ocrx_word' id='word_1_643' title='bbox 1083 4321 1215 4378; x_wconf 81' lang='lat' dir='ltr'><strong>veritatis.</strong></span> <span class='ocrx_word' id='word_1_644' title='bbox 1229 4319 1313 4379; x_wconf 83' lang='lat' dir='ltr'><strong>ludas</strong></span> <span class='ocrx_word' id='word_1_645' title='bbox 1331 4320 1415 4395; x_wconf 72' lang='lat' dir='ltr'><strong>igitur</strong></span> <span class='ocrx_word' id='word_1_646' title='bbox 1426 4336 1524 4393; x_wconf 89' lang='lat' dir='ltr'><strong>panem</strong></span> <span class='ocrx_word' id='word_1_647' title='bbox 1539 4321 1681 4380; x_wconf 74' lang='lat' dir='ltr'><strong>inductum</strong></span> <span class='ocrx_word' id='word_1_648' title='bbox 1696 4321 1809 4397; x_wconf 57' lang='lat' dir='ltr'><strong>ademit,</strong></span> 
     </span>
     <span class='ocr_line' id='line_1_48' title="bbox 169 4410 1809 4485; baseline -0.002 -13"><span class='ocrx_word' id='word_1_649' title='bbox 169 4417 290 4472; x_wconf 85' lang='lat' dir='ltr'><strong>tentiam.</strong></span> <span class='ocrx_word' id='word_1_650' title='bbox 305 4414 359 4470; x_wconf 86' lang='lat' dir='ltr'><strong>Sed</strong></span> <span class='ocrx_word' id='word_1_651' title='bbox 372 4414 470 4470; x_wconf 78' lang='lat' dir='ltr'><strong>vieille</strong></span> <span class='ocrx_word' id='word_1_652' title='bbox 484 4413 654 4485; x_wconf 89' lang='lat' dir='ltr'><strong>perditionis,</strong></span> <span class='ocrx_word' id='word_1_653' title='bbox 683 4414 781 4469; x_wconf 88' lang='lat' dir='ltr'><strong>nullius</strong></span> <span class='ocrx_word' id='word_1_654' title='bbox 796 4413 961 4484; x_wconf 72' lang='lat' dir='ltr'><strong>poenitentiae</strong></span> <span class='ocrx_word' id='word_1_655' title='bbox 1013 4410 1325 4483; x_wconf 84' lang='lat' dir='ltr'><strong>quiuDominumlcsum</strong></span> <span class='ocrx_word' id='word_1_656' title='bbox 1341 4416 1444 4467; x_wconf 84' lang='lat' dir='ltr'><strong>tantum</strong></span> <span class='ocrx_word' id='word_1_657' title='bbox 1459 4411 1597 4467; x_wconf 87' lang='lat' dir='ltr'><strong>bominem</strong></span> <span class='ocrx_word' id='word_1_658' title='bbox 1613 4420 1640 4468; x_wconf 89' lang='lat' dir='ltr'><strong>at</strong></span> <span class='ocrx_word' id='word_1_659' title='bbox 1654 4429 1709 4470; x_wconf 91' lang='lat' dir='ltr'><strong>uon</strong></span> <span class='ocrx_word' id='word_1_660' title='bbox 1724 4414 1809 4470; x_wconf 89' lang='lat' dir='ltr'><strong>Deuot</strong></span> 
     </span>
     <span class='ocr_line' id='line_1_49' title="bbox 169 4498 1808 4576; baseline -0.001 -16"><span class='ocrx_word' id='word_1_661' title='bbox 169 4505 288 4561; x_wconf 87' lang='lat' dir='ltr'><strong>lamenta</strong></span> <span class='ocrx_word' id='word_1_662' title='bbox 301 4503 463 4576; x_wconf 84' lang='lat' dir='ltr'><strong>suscipiens,</strong></span> <span class='ocrx_word' id='word_1_663' title='bbox 478 4503 549 4571; x_wconf 87' lang='lat' dir='ltr'><strong>talis,</strong></span> <span class='ocrx_word' id='word_1_664' title='bbox 565 4504 607 4559; x_wconf 88' lang='lat' dir='ltr'><strong>vel</strong></span> <span class='ocrx_word' id='word_1_665' title='bbox 626 4504 705 4575; x_wconf 80' lang='lat' dir='ltr'><strong>pejor</strong></span> <span class='ocrx_word' id='word_1_666' title='bbox 719 4503 859 4568; x_wconf 87' lang='lat' dir='ltr'><strong>remansit,</strong></span> <span class='ocrx_word' id='word_1_667' title='bbox 873 4500 961 4574; x_wconf 83' lang='lat' dir='ltr'><strong>qualis</strong></span> <span class='ocrx_word' id='word_1_668' title='bbox 1015 4498 1124 4568; x_wconf 87' lang='lat' dir='ltr'><strong>ptttavit.</strong></span> <span class='ocrx_word' id='word_1_669' title='bbox 1141 4499 1290 4557; x_wconf 83' lang='lat' dir='ltr'><strong>Buccellam</strong></span> <span class='ocrx_word' id='word_1_670' title='bbox 1305 4498 1512 4566; x_wconf 84' lang='lat' dir='ltr'><strong>intinctam,ch</strong></span> <span class='ocrx_word' id='word_1_671' title='bbox 1536 4516 1632 4572; x_wconf 85' lang='lat' dir='ltr'><strong>panem</strong></span> <span class='ocrx_word' id='word_1_672' title='bbox 1657 4503 1808 4560; x_wconf 84' lang='lat' dir='ltr'><strong>subcineri-</strong></span> 
     </span>
     <span class='ocr_line' id='line_1_50' title="bbox 163 4587 1810 4660; baseline -0.001 -11"><span class='ocrx_word' id='word_1_673' title='bbox 163 4594 253 4649; x_wconf 83' lang='lat' dir='ltr'><strong>iuerat</strong></span> <span class='ocrx_word' id='word_1_674' title='bbox 268 4592 352 4660; x_wconf 86' lang='lat' dir='ltr'><strong>prius,</strong></span> <span class='ocrx_word' id='word_1_675' title='bbox 368 4594 503 4647; x_wconf 84' lang='lat' dir='ltr'><strong>transiens</strong></span> <span class='ocrx_word' id='word_1_676' title='bbox 518 4591 687 4649; x_wconf 78' lang='lat' dir='ltr'><strong>ineffectum</strong></span> <span class='ocrx_word' id='word_1_677' title='bbox 712 4591 813 4648; x_wconf 90' lang='lat' dir='ltr'><strong>cordis.</strong></span> <span class='ocrx_word' id='word_1_678' title='bbox 828 4592 870 4648; x_wconf 88' lang='lat' dir='ltr'><strong>illi</strong></span> <span class='ocrx_word' id='word_1_679' title='bbox 895 4605 960 4648; x_wconf 87' lang='lat' dir='ltr'><strong>vern</strong></span> <span class='ocrx_word' id='word_1_680' title='bbox 1013 4587 1085 4643; x_wconf 90' lang='lat' dir='ltr'><strong>cium</strong></span> <span class='ocrx_word' id='word_1_681' title='bbox 1100 4587 1240 4644; x_wconf 88' lang='lat' dir='ltr'><strong>intinctum</strong></span> <span class='ocrx_word' id='word_1_682' title='bbox 1264 4588 1390 4655; x_wconf 86' lang='lat' dir='ltr'><strong>comedit,</strong></span> <span class='ocrx_word' id='word_1_683' title='bbox 1410 4588 1472 4660; x_wconf 89' lang='lat' dir='ltr'><strong>quia</strong></span> <span class='ocrx_word' id='word_1_684' title='bbox 1487 4590 1538 4646; x_wconf 88' lang='lat' dir='ltr'><strong>etsi</strong></span> <span class='ocrx_word' id='word_1_685' title='bbox 1563 4589 1709 4647; x_wconf 83' lang='lat' dir='ltr'><strong>Dominum</strong></span> <span class='ocrx_word' id='word_1_686' title='bbox 1725 4591 1810 4648; x_wconf 87' lang='lat' dir='ltr'><strong>mori·</strong></span> 
     </span>
     <span class='ocr_line' id='line_1_51' title="bbox 163 4677 1811 4752; baseline 0 -17"><span class='ocrx_word' id='word_1_687' title='bbox 163 4695 278 4751; x_wconf 82' lang='lat' dir='ltr'><strong>quorum</strong></span> <span class='ocrx_word' id='word_1_688' title='bbox 292 4681 519 4752; x_wconf 79' lang='lat' dir='ltr'><strong>ingensprocella</strong></span> <span class='ocrx_word' id='word_1_689' title='bbox 533 4681 637 4736; x_wconf 89' lang='lat' dir='ltr'><strong>doloris</strong></span> <span class='ocrx_word' id='word_1_690' title='bbox 659 4682 741 4736; x_wconf 88' lang='lat' dir='ltr'><strong>corda</strong></span> <span class='ocrx_word' id='word_1_691' title='bbox 770 4680 902 4746; x_wconf 90' lang='lat' dir='ltr'><strong>turbabat,</strong></span> <span class='ocrx_word' id='word_1_692' title='bbox 925 4677 960 4735; x_wconf 91' lang='lat' dir='ltr'><strong>ad</strong></span> <span class='ocrx_word' id='word_1_693' title='bbox 1014 4682 1114 4744; x_wconf 85' lang='lat' dir='ltr'><strong>turum,</strong></span> <span class='ocrx_word' id='word_1_694' title='bbox 1131 4685 1221 4734; x_wconf 89' lang='lat' dir='ltr'><strong>tamen</strong></span> <span class='ocrx_word' id='word_1_695' title='bbox 1235 4686 1449 4734; x_wconf 85' lang='lat' dir='ltr'><strong>resurrecturum</strong></span> <span class='ocrx_word' id='word_1_696' title='bbox 1464 4693 1519 4735; x_wconf 92' lang='lat' dir='ltr'><strong>non</strong></span> <span class='ocrx_word' id='word_1_697' title='bbox 1535 4678 1727 4737; x_wconf 83' lang='lat' dir='ltr'><strong>credidit.1stc</strong></span> <span class='ocrx_word' id='word_1_698' title='bbox 1748 4681 1811 4735; x_wconf 83' lang='lat' dir='ltr'><strong>bea-</strong></span> 
     </span>
     <span class='ocr_line' id='line_1_52' title="bbox 162 4766 1812 4838; baseline 0.002 -16"><span class='ocrx_word' id='word_1_699' title='bbox 162 4766 278 4823; x_wconf 84' lang='lat' dir='ltr'><strong>ioricam</strong></span> <span class='ocrx_word' id='word_1_700' title='bbox 302 4767 475 4837; x_wconf 86' lang='lat' dir='ltr'><strong>aspiciebant,</strong></span> <span class='ocrx_word' id='word_1_701' title='bbox 504 4768 658 4824; x_wconf 84' lang='lat' dir='ltr'><strong>dubitantes</strong></span> <span class='ocrx_word' id='word_1_702' title='bbox 679 4768 713 4823; x_wconf 88' lang='lat' dir='ltr'><strong>do</strong></span> <span class='ocrx_word' id='word_1_703' title='bbox 744 4783 800 4838; x_wconf 82' lang='lat' dir='ltr'><strong>qun</strong></span> <span class='ocrx_word' id='word_1_704' title='bbox 835 4768 959 4830; x_wconf 71' lang='lat' dir='ltr'><strong>dicernit</strong></span> <span class='ocrx_word' id='word_1_705' title='bbox 1015 4767 1135 4822; x_wconf 89' lang='lat' dir='ltr'><strong>tissimus</strong></span> <span class='ocrx_word' id='word_1_706' title='bbox 1157 4766 1235 4838; x_wconf 87' lang='lat' dir='ltr'><strong>panis</strong></span> <span class='ocrx_word' id='word_1_707' title='bbox 1251 4766 1300 4822; x_wconf 83' lang='lat' dir='ltr'><strong>tuit</strong></span> <span class='ocrx_word' id='word_1_708' title='bbox 1322 4767 1460 4832; x_wconf 88' lang='lat' dir='ltr'><strong>intinctus,</strong></span> <span class='ocrx_word' id='word_1_709' title='bbox 1488 4783 1551 4823; x_wconf 91' lang='lat' dir='ltr'><strong>cum</strong></span> <span class='ocrx_word' id='word_1_710' title='bbox 1577 4768 1662 4838; x_wconf 80' lang='lat' dir='ltr'><strong>pedes</strong></span> <span class='ocrx_word' id='word_1_711' title='bbox 1677 4769 1704 4825; x_wconf 91' lang='lat' dir='ltr'><strong>in</strong></span> <span class='ocrx_word' id='word_1_712' title='bbox 1733 4784 1812 4826; x_wconf 81' lang='lat' dir='ltr'><strong>croac</strong></span> 
     </span>
     <span class='ocr_line' id='line_1_53' title="bbox 163 4854 1813 4930; baseline 0 -18"><span class='ocrx_word' id='word_1_713' title='bbox 163 4858 227 4930; x_wconf 87' lang='lat' dir='ltr'><strong>quia</strong></span> <span class='ocrx_word' id='word_1_714' title='bbox 250 4856 373 4914; x_wconf 85' lang='lat' dir='ltr'><strong>etsinota</strong></span> <span class='ocrx_word' id='word_1_715' title='bbox 386 4856 436 4913; x_wconf 88' lang='lat' dir='ltr'><strong>init</strong></span> <span class='ocrx_word' id='word_1_716' title='bbox 455 4859 553 4928; x_wconf 86' lang='lat' dir='ltr'><strong>cuique</strong></span> <span class='ocrx_word' id='word_1_717' title='bbox 576 4856 744 4913; x_wconf 84' lang='lat' dir='ltr'><strong>conscientia</strong></span> <span class='ocrx_word' id='word_1_718' title='bbox 765 4873 824 4922; x_wconf 79' lang='lat' dir='ltr'><strong>stre,</strong></span> <span class='ocrx_word' id='word_1_719' title='bbox 852 4858 961 4914; x_wconf 86' lang='lat' dir='ltr'><strong>alterius</strong></span> <span class='ocrx_word' id='word_1_720' title='bbox 1013 4872 1065 4927; x_wconf 93' lang='lat' dir='ltr'><strong>pro</strong></span> <span class='ocrx_word' id='word_1_721' title='bbox 1084 4863 1174 4911; x_wconf 87' lang='lat' dir='ltr'><strong>nostra</strong></span> <span class='ocrx_word' id='word_1_722' title='bbox 1193 4855 1280 4911; x_wconf 87' lang='lat' dir='ltr'><strong>salute</strong></span> <span class='ocrx_word' id='word_1_723' title='bbox 1296 4855 1409 4911; x_wconf 81' lang='lat' dir='ltr'><strong>fuissent</strong></span> <span class='ocrx_word' id='word_1_724' title='bbox 1427 4854 1485 4919; x_wconf 87' lang='lat' dir='ltr'><strong>titi,</strong></span> <span class='ocrx_word' id='word_1_725' title='bbox 1505 4857 1582 4912; x_wconf 84' lang='lat' dir='ltr'><strong>visus</strong></span> <span class='ocrx_word' id='word_1_726' title='bbox 1595 4863 1701 4913; x_wconf 78' lang='lat' dir='ltr'><strong>estnon</strong></span> <span class='ocrx_word' id='word_1_727' title='bbox 1716 4859 1813 4915; x_wconf 72' lang='lat' dir='ltr'><strong>habea</strong></span> 
     </span>
     <span class='ocr_line' id='line_1_54' title="bbox 162 4943 1815 5023; baseline 0.002 -22"><span class='ocrx_word' id='word_1_728' title='bbox 162 4953 254 5001; x_wconf 83' lang='lat' dir='ltr'><strong>tamon</strong></span> <span class='ocrx_word' id='word_1_729' title='bbox 277 4953 336 5001; x_wconf 89' lang='lat' dir='ltr'><strong>erat</strong></span> <span class='ocrx_word' id='word_1_730' title='bbox 355 4944 458 5016; x_wconf 83' lang='lat' dir='ltr'><strong>ignota.</strong></span> <span class='ocrx_word' id='word_1_731' title='bbox 476 4944 542 5000; x_wconf 84' lang='lat' dir='ltr'><strong>Erat</strong></span> <span class='ocrx_word' id='word_1_732' title='bbox 568 4957 636 5014; x_wconf 69' lang='lat' dir='ltr'><strong>ergo</strong></span> <span class='ocrx_word' id='word_1_733' title='bbox 655 4944 814 5000; x_wconf 79' lang='lat' dir='ltr'><strong>recumbens</strong></span> <span class='ocrx_word' id='word_1_734' title='bbox 834 4961 902 5001; x_wconf 92' lang='lat' dir='ltr'><strong>unus</strong></span> <span class='ocrx_word' id='word_1_735' title='bbox 929 4962 961 5000; x_wconf 87' lang='lat' dir='ltr'><strong>rx</strong></span> <span class='ocrx_word' id='word_1_736' title='bbox 1014 4945 1134 5018; x_wconf 85' lang='lat' dir='ltr'><strong>speciem</strong></span> <span class='ocrx_word' id='word_1_737' title='bbox 1148 4959 1198 5000; x_wconf 88' lang='lat' dir='ltr'><strong>nac</strong></span> <span class='ocrx_word' id='word_1_738' title='bbox 1224 4944 1357 5002; x_wconf 85' lang='lat' dir='ltr'><strong>decorem.</strong></span> <span class='ocrx_word' id='word_1_739' title='bbox 1374 4944 1449 5000; x_wconf 84' lang='lat' dir='ltr'><strong>Hunc</strong></span> <span class='ocrx_word' id='word_1_740' title='bbox 1471 4943 1558 5002; x_wconf 77' lang='lat' dir='ltr'><strong>iudei</strong></span> <span class='ocrx_word' id='word_1_741' title='bbox 1572 4945 1616 5018; x_wconf 85' lang='lat' dir='ltr'><strong>qui</strong></span> <span class='ocrx_word' id='word_1_742' title='bbox 1641 4961 1692 5018; x_wconf 88' lang='lat' dir='ltr'><strong>prr</strong></span> <span class='ocrx_word' id='word_1_743' title='bbox 1718 4948 1815 5023; x_wconf 73' lang='lat' dir='ltr'><strong>ludam</strong></span> 
     </span>
     <span class='ocr_line' id='line_1_55' title="bbox 162 5032 1812 5106; baseline -0.001 -13"><span class='ocrx_word' id='word_1_744' title='bbox 162 5034 304 5106; x_wconf 87' lang='lat' dir='ltr'><strong>discipulis</strong></span> <span class='ocrx_word' id='word_1_745' title='bbox 319 5035 380 5104; x_wconf 85' lang='lat' dir='ltr'><strong>ejus</strong></span> <span class='ocrx_word' id='word_1_746' title='bbox 393 5033 420 5088; x_wconf 92' lang='lat' dir='ltr'><strong>in</strong></span> <span class='ocrx_word' id='word_1_747' title='bbox 436 5034 497 5088; x_wconf 90' lang='lat' dir='ltr'><strong>sinu</strong></span> <span class='ocrx_word' id='word_1_748' title='bbox 512 5034 586 5099; x_wconf 84' lang='lat' dir='ltr'><strong>lesu,</strong></span> <span class='ocrx_word' id='word_1_749' title='bbox 605 5047 685 5104; x_wconf 81' lang='lat' dir='ltr'><strong>quent</strong></span> <span class='ocrx_word' id='word_1_750' title='bbox 717 5032 846 5105; x_wconf 77' lang='lat' dir='ltr'><strong>diligebat</strong></span> <span class='ocrx_word' id='word_1_751' title='bbox 870 5036 960 5090; x_wconf 86' lang='lat' dir='ltr'><strong>lesus.</strong></span> <span class='ocrx_word' id='word_1_752' title='bbox 1015 5032 1210 5105; x_wconf 72' lang='lat' dir='ltr'><strong>significantur,</strong></span> <span class='ocrx_word' id='word_1_753' title='bbox 1226 5049 1323 5104; x_wconf 89' lang='lat' dir='ltr'><strong>panem</strong></span> <span class='ocrx_word' id='word_1_754' title='bbox 1338 5033 1479 5089; x_wconf 88' lang='lat' dir='ltr'><strong>intinctum</strong></span> <span class='ocrx_word' id='word_1_755' title='bbox 1489 5033 1648 5096; x_wconf 83' lang='lat' dir='ltr'><strong>comedunt,</strong></span> <span class='ocrx_word' id='word_1_756' title='bbox 1660 5035 1727 5106; x_wconf 84' lang='lat' dir='ltr'><strong>quia</strong></span> <span class='ocrx_word' id='word_1_757' title='bbox 1736 5035 1812 5093; x_wconf 85' lang='lat' dir='ltr'><strong>Citri-</strong></span> 
     </span>
     <span class='ocr_line' id='line_1_56' title="bbox 161 5120 1814 5197; baseline -0.002 -14"><span class='ocrx_word' id='word_1_758' title='bbox 161 5124 247 5193; x_wconf 67' lang='lat' dir='ltr'><strong>retis,</strong></span> <span class='ocrx_word' id='word_1_759' title='bbox 264 5123 387 5197; x_wconf 83' lang='lat' dir='ltr'><strong>iuquam,</strong></span> <span class='ocrx_word' id='word_1_760' title='bbox 404 5122 554 5195; x_wconf 83' lang='lat' dir='ltr'><strong>discipulus</strong></span> <span class='ocrx_word' id='word_1_761' title='bbox 566 5122 623 5189; x_wconf 89' lang='lat' dir='ltr'><strong>ille,</strong></span> <span class='ocrx_word' id='word_1_762' title='bbox 636 5121 680 5177; x_wconf 91' lang='lat' dir='ltr'><strong>cui</strong></span> <span class='ocrx_word' id='word_1_763' title='bbox 696 5122 735 5176; x_wconf 90' lang='lat' dir='ltr'><strong>sic</strong></span> <span class='ocrx_word' id='word_1_764' title='bbox 746 5128 804 5175; x_wconf 85' lang='lat' dir='ltr'><strong>erat</strong></span> <span class='ocrx_word' id='word_1_765' title='bbox 822 5120 963 5179; x_wconf 82' lang='lat' dir='ltr'><strong>familiaris</strong></span> <span class='ocrx_word' id='word_1_766' title='bbox 1015 5133 1083 5180; x_wconf 90' lang='lat' dir='ltr'><strong>stum</strong></span> <span class='ocrx_word' id='word_1_767' title='bbox 1097 5122 1190 5178; x_wconf 82' lang='lat' dir='ltr'><strong>lesum</strong></span> <span class='ocrx_word' id='word_1_768' title='bbox 1204 5136 1257 5177; x_wconf 91' lang='lat' dir='ltr'><strong>non</strong></span> <span class='ocrx_word' id='word_1_769' title='bbox 1280 5122 1376 5188; x_wconf 88' lang='lat' dir='ltr'><strong>Deum,</strong></span> <span class='ocrx_word' id='word_1_770' title='bbox 1394 5122 1441 5175; x_wconf 87' lang='lat' dir='ltr'><strong>sed</strong></span> <span class='ocrx_word' id='word_1_771' title='bbox 1458 5137 1553 5190; x_wconf 91' lang='lat' dir='ltr'><strong>purum</strong></span> <span class='ocrx_word' id='word_1_772' title='bbox 1576 5121 1716 5179; x_wconf 87' lang='lat' dir='ltr'><strong>bominem</strong></span> <span class='ocrx_word' id='word_1_773' title='bbox 1733 5124 1814 5181; x_wconf 81' lang='lat' dir='ltr'><strong>inissa</strong></span> 
     </span>
     <span class='ocr_line' id='line_1_57' title="bbox 162 5209 1817 5286; baseline -0.002 -15"><span class='ocrx_word' id='word_1_774' title='bbox 162 5215 340 5280; x_wconf 82' lang='lat' dir='ltr'><strong>auctorritae,</strong></span> <span class='ocrx_word' id='word_1_775' title='bbox 363 5210 452 5271; x_wconf 71' lang='lat' dir='ltr'><strong>DDD</strong></span> <span class='ocrx_word' id='word_1_776' title='bbox 467 5228 528 5286; x_wconf 83' lang='lat' dir='ltr'><strong>quae</strong></span> <span class='ocrx_word' id='word_1_777' title='bbox 543 5227 615 5268; x_wconf 90' lang='lat' dir='ltr'><strong>nunc</strong></span> <span class='ocrx_word' id='word_1_778' title='bbox 628 5220 682 5279; x_wconf 89' lang='lat' dir='ltr'><strong>est,</strong></span> <span class='ocrx_word' id='word_1_779' title='bbox 697 5219 724 5269; x_wconf 90' lang='lat' dir='ltr'><strong>et</strong></span> <span class='ocrx_word' id='word_1_780' title='bbox 737 5211 852 5269; x_wconf 83' lang='lat' dir='ltr'><strong>tuturae:</strong></span> <span class='ocrx_word' id='word_1_781' title='bbox 877 5212 960 5269; x_wconf 90' lang='lat' dir='ltr'><strong>nimis</strong></span> <span class='ocrx_word' id='word_1_782' title='bbox 1015 5213 1146 5270; x_wconf 84' lang='lat' dir='ltr'><strong>creduut:</strong></span> <span class='ocrx_word' id='word_1_783' title='bbox 1167 5220 1194 5267; x_wconf 92' lang='lat' dir='ltr'><strong>et</strong></span> <span class='ocrx_word' id='word_1_784' title='bbox 1208 5218 1319 5266; x_wconf 89' lang='lat' dir='ltr'><strong>mortem</strong></span> <span class='ocrx_word' id='word_1_785' title='bbox 1340 5209 1412 5266; x_wconf 89' lang='lat' dir='ltr'><strong>illius</strong></span> <span class='ocrx_word' id='word_1_786' title='bbox 1435 5210 1594 5277; x_wconf 75' lang='lat' dir='ltr'><strong>concedunt,</strong></span> <span class='ocrx_word' id='word_1_787' title='bbox 1618 5212 1666 5267; x_wconf 85' lang='lat' dir='ltr'><strong>scd</strong></span> <span class='ocrx_word' id='word_1_788' title='bbox 1693 5229 1817 5272; x_wconf 66' lang='lat' dir='ltr'><strong>resurre-</strong></span> 
     </span>
     <span class='ocr_line' id='line_1_58' title="bbox 162 5298 1814 5374; baseline 0.001 -17"><span class='ocrx_word' id='word_1_789' title='bbox 162 5303 311 5360; x_wconf 86' lang='lat' dir='ltr'><strong>bonoratus</strong></span> <span class='ocrx_word' id='word_1_790' title='bbox 326 5311 367 5360; x_wconf 87' lang='lat' dir='ltr'><strong>est</strong></span> <span class='ocrx_word' id='word_1_791' title='bbox 381 5303 529 5373; x_wconf 87' lang='lat' dir='ltr'><strong>discipulus</strong></span> <span class='ocrx_word' id='word_1_792' title='bbox 542 5303 599 5368; x_wconf 85' lang='lat' dir='ltr'><strong>itte,</strong></span> <span class='ocrx_word' id='word_1_793' title='bbox 615 5303 661 5374; x_wconf 86' lang='lat' dir='ltr'><strong>‹pxi</strong></span> <span class='ocrx_word' id='word_1_794' title='bbox 675 5302 717 5358; x_wconf 86' lang='lat' dir='ltr'><strong>sui</strong></span> <span class='ocrx_word' id='word_1_795' title='bbox 745 5301 841 5373; x_wconf 87' lang='lat' dir='ltr'><strong>capitis</strong></span> <span class='ocrx_word' id='word_1_796' title='bbox 864 5302 960 5358; x_wconf 89' lang='lat' dir='ltr'><strong>habuit</strong></span> <span class='ocrx_word' id='word_1_797' title='bbox 1015 5302 1131 5359; x_wconf 84' lang='lat' dir='ltr'><strong>ctionem</strong></span> <span class='ocrx_word' id='word_1_798' title='bbox 1158 5299 1245 5356; x_wconf 85' lang='lat' dir='ltr'><strong>adhuc</strong></span> <span class='ocrx_word' id='word_1_799' title='bbox 1275 5315 1329 5355; x_wconf 90' lang='lat' dir='ltr'><strong>non</strong></span> <span class='ocrx_word' id='word_1_800' title='bbox 1353 5298 1508 5356; x_wconf 89' lang='lat' dir='ltr'><strong>admittunt.</strong></span> <span class='ocrx_word' id='word_1_801' title='bbox 1541 5300 1642 5356; x_wconf 86' lang='lat' dir='ltr'><strong>Panem</strong></span> <span class='ocrx_word' id='word_1_802' title='bbox 1670 5301 1814 5360; x_wconf 78' lang='lat' dir='ltr'><strong>intinctam</strong></span> 
     </span>
     <span class='ocr_line' id='line_1_59' title="bbox 163 5388 1817 5463; baseline 0.005 -20"><span class='ocrx_word' id='word_1_803' title='bbox 163 5390 367 5448; x_wconf 86' lang='lat' dir='ltr'><strong>reclinatorium</strong></span> <span class='ocrx_word' id='word_1_804' title='bbox 387 5391 605 5449; x_wconf 78' lang='lat' dir='ltr'><strong>tumvanarabile</strong></span> <span class='ocrx_word' id='word_1_805' title='bbox 630 5403 735 5461; x_wconf 84' lang='lat' dir='ltr'><strong>pectus,</strong></span> <span class='ocrx_word' id='word_1_806' title='bbox 755 5391 856 5447; x_wconf 88' lang='lat' dir='ltr'><strong>scilicet</strong></span> <span class='ocrx_word' id='word_1_807' title='bbox 884 5392 959 5455; x_wconf 84' lang='lat' dir='ltr'><strong>lesu,</strong></span> <span class='ocrx_word' id='word_1_808' title='bbox 1016 5390 1099 5458; x_wconf 89' lang='lat' dir='ltr'><strong>rodit,</strong></span> <span class='ocrx_word' id='word_1_809' title='bbox 1133 5390 1179 5463; x_wconf 84' lang='lat' dir='ltr'><strong>qui</strong></span> <span class='ocrx_word' id='word_1_810' title='bbox 1210 5388 1309 5445; x_wconf 77' lang='lat' dir='ltr'><strong>Filium</strong></span> <span class='ocrx_word' id='word_1_811' title='bbox 1343 5388 1463 5462; x_wconf 78' lang='lat' dir='ltr'><strong>Virginis</strong></span> <span class='ocrx_word' id='word_1_812' title='bbox 1494 5397 1555 5445; x_wconf 89' lang='lat' dir='ltr'><strong>anta</strong></span> <span class='ocrx_word' id='word_1_813' title='bbox 1588 5391 1681 5447; x_wconf 86' lang='lat' dir='ltr'><strong>omnia</strong></span> <span class='ocrx_word' id='word_1_814' title='bbox 1714 5394 1817 5451; x_wconf 66' lang='lat' dir='ltr'><strong>meula</strong></span> 
     </span>
     <span class='ocr_line' id='line_1_60' title="bbox 166 5476 1821 5549; baseline 0.005 -16"><span class='ocrx_word' id='word_1_815' title='bbox 166 5477 233 5533; x_wconf 78' lang='lat' dir='ltr'><strong>lesu</strong></span> <span class='ocrx_word' id='word_1_816' title='bbox 251 5479 350 5535; x_wconf 77' lang='lat' dir='ltr'><strong>Christi</strong></span> <span class='ocrx_word' id='word_1_817' title='bbox 360 5481 489 5537; x_wconf 87' lang='lat' dir='ltr'><strong>creatoris</strong></span> <span class='ocrx_word' id='word_1_818' title='bbox 501 5488 670 5537; x_wconf 88' lang='lat' dir='ltr'><strong>cunctorum.</strong></span> <span class='ocrx_word' id='word_1_819' title='bbox 680 5483 759 5536; x_wconf 85' lang='lat' dir='ltr'><strong>lesus</strong></span> <span class='ocrx_word' id='word_1_820' title='bbox 778 5488 868 5539; x_wconf 86' lang='lat' dir='ltr'><strong>autem</strong></span> <span class='ocrx_word' id='word_1_821' title='bbox 882 5480 963 5536; x_wconf 83' lang='lat' dir='ltr'><strong>valde</strong></span> <span class='ocrx_word' id='word_1_822' title='bbox 1016 5478 1103 5537; x_wconf 83' lang='lat' dir='ltr'><strong>tuisse</strong></span> <span class='ocrx_word' id='word_1_823' title='bbox 1130 5476 1298 5535; x_wconf 84' lang='lat' dir='ltr'><strong>contradicit.</strong></span> <span class='ocrx_word' id='word_1_824' title='bbox 1329 5476 1369 5534; x_wconf 82' lang='lat' dir='ltr'><strong>db</strong></span> <span class='ocrx_word' id='word_1_825' title='bbox 1398 5477 1448 5533; x_wconf 88' lang='lat' dir='ltr'><strong>illo</strong></span> <span class='ocrx_word' id='word_1_826' title='bbox 1481 5477 1560 5549; x_wconf 84' lang='lat' dir='ltr'><strong>panis</strong></span> <span class='ocrx_word' id='word_1_827' title='bbox 1587 5478 1719 5538; x_wconf 63' lang='lat' dir='ltr'><strong>indueus</strong></span> <span class='ocrx_word' id='word_1_828' title='bbox 1745 5483 1821 5541; x_wconf 90' lang='lat' dir='ltr'><strong>rodi·</strong></span> 
     </span>
    </p>
   </div>
   <div class='ocr_carea' id='block_1_5' title="bbox 0 0 1871 5962">
    <p class='ocr_par' dir='ltr' id='par_1_6' title="bbox 0 0 1871 5962">
     <span class='ocr_line' id='line_1_61' title="bbox 0 0 1871 5962; baseline 0 0"><span class='ocrx_word' id='word_1_829' title='bbox 0 0 1871 5962; x_wconf 95' lang='lat' dir='ltr'><strong> </strong></span> 
     </span>
    </p>
   </div>
  </div>
 </body>
</html>
