3706 5962
97 159 172 222 1203
639 207 644 214 -
675 165 773 228 ttsttt
792 165 834 227 ott
853 163 941 226 DDDD
960 158 1046 222 BENE
1065 156 1211 221 vttittttit.
1691 161 1747 226 titt

100 289 297 364 contempsisti,
314 299 340 346 ct
363 290 436 363 quod
459 291 570 348 domum
592 292 675 365 patris
697 295 736 351 tui
755 291 900 365 reliquisti,
916 307 940 387 p
955 288 1060 348 credite
1073 290 1104 344 in
1118 287 1211 356 illum,
1223 293 1320 345 elnon
1333 286 1515 363 eeaeuobilur
1527 303 1642 347 merces
1653 296 1749 351 vestre.

101 386 128 435 et
140 379 213 450 quod
227 377 327 435 ancille
350 379 401 435 Dei
418 395 477 436 esse
495 381 616 450 voluisti,
634 389 660 439 et
679 383 751 455 quod
765 382 791 438 iu
806 395 899 437 mone·
958 378 1752 450 OuitimetisDominum,diiipiteilium,etiliuminobun·

99 466 184 523 sterio
197 467 301 524 servire
315 469 372 525 Deo
394 469 545 538 decrevisti,
563 480 590 527 et
611 472 684 544 qnod
704 472 771 528 iuter
786 470 898 526 ancillas
953 472 1002 524 tur
1016 467 1099 524 cordo
1112 472 1215 525 vestro.
1229 468 1284 536 Qui
1299 457 1403 524 timent
1419 469 1584 535 Dominum,
1597 484 1659 527 non
1674 478 1752 528 erum

101 554 149 613 Dei
163 556 255 614 vivere
270 572 341 614 nunc
355 558 495 630 devovisti,
512 560 602 616 omniu
616 563 687 616 bona
700 560 759 618 heco
773 577 821 632 per
834 576 897 634 grc-
949 554 1093 614 increduli
1105 557 1185 613 uerbo
1198 559 1268 628 eius,
1280 559 1309 610 ct
1323 557 1373 628 qui
1386 557 1512 628 diiipuut
1524 558 1632 622 ilium,
1648 575 1754 617 consen

101 644 164 701 tium
180 645 229 701 Dei
244 655 427 716 provenerunt
440 647 499 702 tibi.
514 649 583 704 Num
597 658 625 705 et
636 650 708 722 quod
723 649 854 723 virgeus,
871 657 898 704 et
949 645 1127 700 nabuntut'es
1137 644 1226 701 iilius.
1241 646 1294 713 Qui
1304 644 1408 700 timent
1416 647 1584 710 Dominum,
1601 645 1754 720 inquirunt

100 734 175 806 quod
188 735 306 803 prudeus
327 742 354 790 ει
380 735 489 806 sapiens
505 752 544 806 es,
568 753 620 794 uou
647 747 752 809 perte,
778 738 825 793 sed
847 751 896 808 per
949 733 1655 806 quebenepiacitasuntilli,etpuidiiipantillum
1665 738 1753 808 repie-

99 823 212 897 grctiam
226 823 276 878 Dei
291 839 330 879 es.
949 821 1059 879 buntur
1070 823 1128 893 iope
1142 824 1214 893 ejus.
1233 822 1285 890 Qui
1300 821 1404 879 timent
1413 822 1584 892 Dominum,
1596 824 1754 896 prebebunt

133 917 160 969 b.
177 913 392 986 (iuterrogatio.)
406 914 456 971 Dic
470 913 545 982 milri,
556 930 657 988 quaeso,
671 915 755 972 irater
768 915 815 987 mi,
829 914 895 987 quid
948 911 1033 967 corda
1047 907 1134 967 819
1148 927 1210 975 sua,
1227 913 1255 965 et
1269 912 1301 967 in
1316 915 1467 982 conspeetu
1486 910 1571 967 iliius
1587 915 1754 982 sanctifico·

98 1003 226 1073 estquod
241 1003 267 1057 in
283 1018 358 1058 suere
380 1002 517 1073 Scriptura
534 1002 641 1075 legitur,
658 1005 721 1076 quie
735 1018 815 1059 nemo
829 1018 894 1057 suu·
948 999 1020 1056 bunt
1030 1003 1226 1056 animassuos.
1238 1001 1292 1069 Qui
1302 1002 1755 1072 timentDominum,custotit'rtnt

98 1099 166 1156 ctus,
182 1105 262 1146 nemo
288 1092 386 1157 bouus,
411 1105 490 1147 nemo
511 1093 609 1164 justus,
629 1092 681 1147 uisi
705 1093 778 1148 solus
801 1092 894 1148 Densi
947 1088 1755 1164 mundatoejus,etpotientiomiubebuntuspueodins·

97 1179 189 1249 (liare.
206 1195 233 1244 x,
251 1177 308 1251 tt.)
327 1179 514 1251 (Responsio.)
538 1180 623 1237 Soror
641 1180 746 1249 dilecte,
767 1182 837 1237 sieut
851 1180 895 1234 di·
944 1179 1102 1251 peciiortem
1113 1178 1202 1247 ipsius
1216 1176 1315 1249 (Decii.
1334 1179 1583 1249 ιι,·ι-ιο,18-2ι).
1604 1181 1691 1237 Deuii
1706 1185 1756 1240 De·

97 1268 177 1335 citur,
193 1268 228 1324 itu
244 1275 286 1322 est
309 1284 383 1324 vere.
408 1267 486 1324 Solus
505 1269 579 1326 Deus
593 1279 636 1325 est
655 1271 754 1335 bouus,
779 1277 806 1325 et
829 1285 894 1325 seu·
946 1267 1021 1324 mini
1031 1267 1254 1338 supertimentes
1264 1283 1303 1333 se,
1311 1271 1340 1324 et
1348 1267 1408 1339 ipse
1421 1270 1565 1339 eopneseit
1578 1271 1682 1325 omnis
1701 1287 1758 1343 ope·

96 1364 165 1424 ctus,
182 1364 261 1430 atque
280 1357 380 1426 justus,
396 1357 460 1427 quia
475 1373 523 1429 per
544 1372 575 1413 se
589 1369 630 1414 εει
644 1359 733 1415 bouus
748 1375 755 1412 :
772 1358 894 1415 homiues
946 1371 981 1411 ra
995 1370 1094 1412 eorum
1108 1354 1207 1424 (Decii.
1218 1370 1265 1420 xv,
1281 1355 1337 1427 ib).
1356 1356 1568 1413 consummatio
1583 1360 1697 1414 αιτιοι-ιε
1710 1361 1756 1417 Dei

94 1460 160 1503 vero
176 1451 239 1501 snut
254 1445 329 1515 boui,
346 1461 399 1501 uon
415 1462 518 1519 perse,
538 1446 587 1502 sed
602 1464 650 1518 per
663 1448 749 1503 Deum
767 1467 773 1504 :
790 1455 817 1502 et
832 1446 893 1504 ideo
947 1446 1139 1517 estsapientt'a
1149 1442 1245 1514 (Decii.
1256 1459 1313 1513 xxt,
1327 1443 1380 1515 13).
1395 1445 1515 1501 iumenti
1526 1447 1691 1503 Dominum
1701 1464 1755 1504 non

95 1535 169 1592 solus
182 1536 256 1590 Deus
269 1545 309 1592 εει
321 1536 421 1603 bouus,
436 1534 498 1609 quie
516 1553 565 1608 per
584 1552 613 1592 se
632 1545 673 1591 est
688 1537 784 1592 bonus.
800 1536 892 1592 liotui·
948 1538 1099 1592 occurrent
1112 1534 1200 1598 mala,
1212 1533 1259 1589 sed
1272 1534 1304 1588 in
1314 1536 1472 1591 tertiatione
1481 1537 1557 1591 Deus
1570 1534 1710 1592 liber-obit
1725 1539 1757 1593 tt·

94 1639 145 1680 nes
159 1639 224 1680 vero
240 1635 303 1681 suut
316 1625 392 1689 boni,
413 1632 439 1681 ει
457 1627 535 1694 justi,
552 1633 578 1680 et
601 1625 699 1690 suncti,
722 1640 776 1682 nou
791 1640 837 1695 per
853 1641 892 1692 sc,
910 1583 933 1661 Β
949 1625 1008 1680 ium
1023 1641 1041 1679 a
1054 1623 1130 1679 malo
1149 1624 1246 1692 (Decii.
1262 1638 1358 1688 xxxttt,
1375 1622 1412 1696 i).
1434 1625 1561 1697 Spiritus
1583 1626 1756 1684 timentium

95 1712 141 1767 sed
156 1728 205 1782 ρετ
221 1712 334 1785 gratiam
349 1711 409 1769 Dei.
426 1711 505 1780 Quod
521 1712 590 1767 bene
605 1712 633 1767 iu
649 1712 765 1769 Cautieis
779 1711 895 1768 cantico·
948 1714 1035 1769 Deum
1048 1714 1220 1784 requiretur,
1236 1716 1264 1767 et
1277 1712 1310 1767 in
1324 1714 1497 1784 respectione
1512 1713 1601 1769 iliius
1614 1714 1757 1772 benedice-

95 1816 157 1856 rem
179 1814 296 1870 spousus
319 1799 456 1866 Ecclesiae,
480 1801 582 1856 scilieet
605 1801 739 1866 Christus,
761 1800 896 1872 designat,
952 1804 1002 1857 tur
1014 1800 1111 1871 (Decii.
1128 1815 1221 1868 xxxvi,
1238 1799 1293 1871 ιι).
1313 1801 1404 1857 limet
1417 1802 1532 1858 Domini
1547 1805 1596 1858 est
1611 1805 1694 1859 sicut
1704 1820 1757 1875 pu·

93 1888 185 1945 diceus
197 1907 204 1948 :
216 1889 270 1960 Dpo
280 1890 330 1957 tlos
339 1891 474 1962 eampi,et
485 1890 580 1945 lilium
589 1889 762 1945 convallium
772 1890 895 1961 (cantic.
949 1889 1083 1955 radisus;
1098 1889 1255 1946 benedictio
1277 1893 1305 1946 et
1324 1891 1415 1946 omnis
1428 1890 1520 1962 pluria
1542 1893 1660 1964 operiet
1673 1895 1757 1950 ittam

96 1991 127 2046 tt,
146 1977 192 2049 l);
217 1977 280 2048 quie
303 1976 416 2032 odorem
440 1976 547 2032 virtutis
570 1992 638 2033 meae
661 1993 710 2049 per
738 1978 896 2034 uuiversum
950 1978 1099 2050 (Declixt,
1113 1977 1281 2047 28).Beatus
1292 1978 1609 2035 eircuidonatumest
1624 1981 1757 2037 timorem

95 2065 226 2121 mnndum
241 2064 375 2120 ditinndo.
391 2068 461 2138 Epo,
476 2065 573 2137 inquit,
590 2082 650 2120 sum
671 2068 723 2135 ilos
741 2067 843 2139 campi,
868 2072 896 2124 et
949 2068 1063 2124 Domini
1082 2067 1181 2123 bebere
1196 2066 1294 2138 (Decii.
1310 2082 1370 2130 xxv,
1389 2067 1443 2139 lb).
1470 2068 1566 2125 limet·
1576 2071 1699 2125 Domini
1717 2075 1758 2128 esi

97 2155 193 2211 litium
208 2155 380 2215 convallium
396 2173 405 2210 :
419 2155 446 2209 id
460 2164 511 2226 est,
522 2154 581 2226 Ego
596 2171 654 2210 sum
670 2154 894 2225 sanctitusbeni·
949 2156 1068 2212 initium
1082 2155 1241 2212 dilectionis
1252 2158 1313 2228 ejus
1327 2154 1424 2227 (Decii.
1438 2171 1458 2221 r,
1475 2159 1521 2225 lb,
1531 2164 1560 2210 et
1576 2159 1664 2214 Pron.
1680 2174 1702 2227 t,
1717 2158 1755 2228 t).

96 2251 137 2300 tus
151 2253 178 2301 et
191 2243 296 2314 justitia
310 2258 404 2299 eorum
419 2245 464 2315 qui
479 2260 543 2301 cum
561 2244 711 2301 humilitate
725 2244 753 2299 iu
772 2261 815 2300 me
829 2260 895 2301 con·
985 2248 1010 2297 8.
1027 2243 1050 2300 0
1064 2258 1144 2299 soror
1156 2243 1263 2309 dilectu,
1279 2245 1353 2299 nulls
1367 2258 1412 2299 res
1426 2259 1475 2300 uos
1492 2245 1533 2301 sic
1546 2245 1585 2299 ab
1599 2246 1679 2301 omui
1697 2263 1757 2317 pec-

94 2331 183 2389 tidnnt
197 2351 204 2387 :
219 2331 282 2404 quia
297 2333 385 2389 unlius
403 2347 497 2388 eorum
514 2333 616 2404 poterit
636 2349 697 2389 esse
710 2342 828 2402 sanetus,
845 2349 894 2389 uee
948 2340 1009 2388 ecto
1025 2332 1142 2388 custodit
1161 2332 1303 2401 immunes,
1319 2332 1389 2388 siem
1403 2332 1483 2388 timor
1502 2332 1618 2401 inierui,
1634 2344 1664 2389 et
1679 2351 1757 2391 emor

94 2422 183 2477 bouus
197 2421 255 2477 siue
272 2437 325 2494 me,
350 2421 419 2477 sicut
442 2420 497 2478 dixi
517 2421 544 2476 in
564 2421 721 2493 Evuugelio,
742 2422 893 2491 Quintius
947 2420 1008 2475 Dei.
1027 2420 1112 2476 Deum
1137 2421 1230 2476 timere
1252 2428 1293 2478 est
1317 2421 1389 2476 uuile
1412 2421 1481 2476 maie
1505 2421 1607 2487 iacere,
1632 2432 1661 2479 et
1681 2426 1756 2480 nulle

96 2528 141 2570 nte
155 2511 232 2567 nibil
245 2512 365 2585 potestis
378 2512 471 2578 secere
485 2511 576 2582 (loon.
588 2527 632 2580 xv,
644 2510 682 2584 ιι).
695 2511 749 2584 Epo
764 2527 827 2567 tum
843 2512 894 2580 sios
947 2510 1017 2564 bonu
1032 2526 1092 2578 quae
1114 2511 1236 2567 iseisudu
1264 2517 1326 2566 suut
1348 2512 1498 2581 preterire.
1523 2511 1621 2567 Timor
1644 2515 1754 2569 Domini

97 2599 203 2674 campi,
215 2604 243 2658 et
254 2600 348 2656 tilium
358 2600 541 2658 convallium.
553 2599 626 2655 Sient
636 2599 707 2655 euim
718 2615 829 2671 campus
844 2599 893 2656 tio·
946 2608 987 2655 est
1002 2598 1062 2654 tons
1076 2599 1225 2672 sapientiae.
1245 2600 1367 2656 Timenti
1384 2602 1539 2657 Dominum
1558 2602 1632 2660 bene
1644 2606 1707 2660 crit
1720 2607 1754 2660 in

96 2687 173 2744 ribus
195 2687 343 2744 adornatur
369 2696 396 2742 et
419 2697 524 2754 verunt,
548 2687 585 2743 itu
607 2694 679 2744 totus
705 2689 821 2743 muudus
840 2686 892 2744 ilde
946 2690 1081 2746 extremis
1093 2697 1120 2745 et
1134 2689 1332 2746 indicmortis
1346 2705 1406 2746 suoe
1420 2690 1601 2748 bmetteetur
1613 2691 1717 2761 (Secti.
1731 2709 1750 2764 r,

97 2775 232 2833 Christiet
246 2774 742 2848 notitiadecorutnrdipotioseampi,
755 2774 892 2833 etlilium
947 2777 1003 2849 tt).
1034 2776 1117 2832 Soror
1142 2778 1318 2847 venerabilis,
1345 2779 1445 2834 bouum
1471 2788 1513 2834 est
1539 2779 1620 2836 nobis
1647 2782 1751 2837 timere

96 2865 281 2931 convallium,
292 2864 355 2937 quie
369 2863 586 2921 illishomiuibns
600 2865 716 2936 emplius
731 2879 817 2920 mecm
832 2880 893 2936 grt-
909 2861 931 2940 c
947 2867 1045 2932 Deum,
1060 2865 1106 2938 qui
1131 2866 1211 2921 timor
1225 2866 1333 2923 Domini
1355 2866 1465 2937 expellit
1487 2875 1633 2939 peecatum.
1650 2869 1753 2925 Timor

98 2954 159 3011 tiam
175 2955 259 3020 dono,
271 2954 317 3025 qui
332 2969 387 3010 nou
402 2953 428 3009 iu
444 2969 494 3010 suu
509 2953 638 3024 bonitate,
653 2969 704 3010 uec
719 2952 745 3008 in
765 2953 822 3010 suis
837 2969 893 3010 me·
948 2954 1055 3011 Domini
1083 2969 1190 3025 semper
1212 2956 1347 3011 emendet.
1371 2955 1463 3011 Timor
1484 2955 1590 3010 Domini
1618 2956 1750 3026 reprimit

96 3041 159 3097 ritis
172 3040 321 3105 confidunt,
332 3042 380 3096 sed
395 3041 422 3096 iu
437 3057 492 3097 me.
509 3042 592 3097 Soror
602 3040 777 3106 venerabilis,
790 3041 850 3097 ideo
865 3050 893 3096 te
949 3043 1054 3100 vitium.
1079 3044 1171 3098 Timor
1194 3042 1302 3098 Domini
1329 3052 1440 3099 centum
1456 3042 1514 3097 lucit
1537 3042 1680 3098 homiuem
1706 3051 1752 3099 ut-

97 3143 206 3197 moueo,
226 3136 257 3184 ut
280 3127 347 3184 nihil
372 3129 426 3183 tuis
450 3128 553 3184 meritis
577 3128 721 3196 attribues,
738 3128 805 3183 nihil
820 3130 853 3185 de
868 3138 893 3185 ιε
947 3147 998 3204 que
1015 3130 1155 3185 sollicitum
1181 3149 1188 3187 :
1205 3131 1251 3186 ubi
1266 3146 1331 3186 vero
1347 3132 1428 3189 timor
1441 3145 1492 3186 nou
1505 3136 1556 3195 εει,
1571 3131 1612 3185 ibi
1626 3131 1750 3202 perditio

97 3233 257 3289 praesumus.
286 3217 317 3272 iu
341 3216 440 3273 virtute
464 3226 508 3273 tua
531 3217 596 3273 uiiril
621 3232 715 3289 pones,
738 3217 765 3274 iu
787 3219 893 3274 viribus
947 3218 1110 3275 estuuimae.
1136 3219 1188 3275 Ubi
1213 3219 1292 3275 timor
1315 3235 1370 3276 uou
1391 3229 1442 3290 εει,
1468 3219 1505 3274 ibi
1520 3219 1668 3275 dissolutio
1687 3221 1752 3277 vitm

97 3307 150 3363 tuis
165 3322 219 3363 nnn
234 3305 365 3371 couiides,
383 3306 410 3361 iu
434 3314 479 3362 tus
497 3304 608 3362 seducis
627 3306 752 3363 iidueiam
772 3322 825 3363 uon
842 3308 893 3362 lra-
948 3316 989 3363 est
1005 3324 1010 3364 :
1028 3309 1074 3363 ubi
1089 3309 1169 3364 timer
1182 3321 1236 3363 uon
1260 3316 1311 3376 est,
1327 3309 1365 3364 ibi
1378 3314 1420 3364 est
1439 3307 1606 3362 abundantia
1620 3319 1752 3380 pereute-

96 3396 170 3452 beus.
193 3394 289 3452 Omnis
311 3394 402 3451 divino
424 3395 497 3451 dono
520 3402 547 3451 et
569 3394 668 3453 diviuae
690 3394 785 3467 gestire
808 3397 894 3451 useri—
948 3413 1021 3452 rum.
1037 3397 1132 3471 Igitur,
1157 3397 1272 3453 honesta
1298 3396 1385 3468 virgo,
1403 3397 1530 3453 timeret
1550 3412 1615 3466 ερεε
1640 3413 1753 3469 semper

97 3486 141 3541 he.
159 3483 329 3541 {nomnibus
348 3484 476 3556 operibns
496 3483 548 3539 tuis
567 3484 625 3541 Deo
647 3485 748 3555 gratius
763 3485 843 3541 reier.
864 3487 895 3540 iu
950 3484 1002 3540 sint
1016 3486 1043 3540 in
1057 3487 1140 3541 corde
1155 3493 1202 3540 tuo
1219 3503 1226 3539 ε
1242 3485 1342 3556 pariter
1363 3484 1417 3539 sint
1439 3485 1465 3538 iu
1490 3493 1518 3539 te
1542 3485 1664 3541 timeret
1678 3487 1751 3541 lidu-

97 3573 224 3631 omuibus
238 3573 390 3632 actionibus
404 3574 457 3629 tnis
477 3573 533 3629 Deo
547 3572 648 3648 gratiss
667 3573 761 3629 redde.
776 3575 806 3629 iu
822 3572 895 3630 omui
949 3573 1000 3630 eiu.
1017 3574 1086 3644 Spes
1107 3582 1134 3629 et
1158 3581 1245 3629 metus
1268 3574 1367 3644 pariter
1393 3582 1569 3645 perseverent
1593 3574 1619 3628 in
1645 3582 1681 3632 ιε.
1708 3576 1751 3631 Sic

98 3664 304 3720 couversatione
318 3671 362 3719 tun
376 3662 433 3719 Deo
456 3663 559 3734 gratius
582 3662 708 3733 repende.
729 3662 895 3719 Contideutiu
950 3678 1030 3732 spere
1057 3663 1085 3718 iu
1112 3661 1299 3720 misericordia
1318 3662 1376 3730 Dei,
1402 3670 1431 3716 ut
1453 3663 1550 3718 timeus
1581 3664 1642 3732 eius
1665 3663 1749 3733 justi-

98 3761 143 3807 tuu
156 3765 265 3822 semper
278 3751 313 3807 sit
334 3751 362 3806 iu
384 3752 502 3819 Christo,
526 3751 571 3824 qui
595 3761 621 3807 te
636 3751 736 3807 creavit
749 3767 782 3808 ex
799 3751 893 3807 nihilo.
948 3751 1024 3810 tiam.

349 3838 395 3894 tv.
409 3840 449 3895 De
466 3842 566 3897 timore
583 3840 643 3896 Dei.
985 3844 1012 3896 9.
1028 3840 1081 3895 Sed
1109 3847 1207 3905 tamen,
1231 3855 1310 3896 soror
1337 3840 1402 3897 milri
1430 3840 1458 3895 iu
1486 3838 1599 3896 Christo
1614 3839 1746 3904 emtitiiis,

135 3931 163 3983 7.
179 3927 262 3983 Soror
276 3928 445 3991 charissima,
462 3928 523 3981 endi
539 3943 599 3996 quae
615 3927 685 3991 dico,
701 3943 762 3998 quee
776 3943 892 4000 mnne03
949 3929 1012 3987 volo
1031 3937 1057 3985 ιε
1072 3930 1142 3986 scire
1161 3936 1280 4002 quatuor
1292 3944 1354 3985 esse
1369 3930 1494 3996 timores3
1510 3928 1641 3987 uidelicet
1654 3930 1750 3985 hume·

100 4014 220 4073 uuscnltn
234 4030 295 4086 quae
319 4014 427 4085 loquor.
450 4015 538 4070 Deum
565 4017 630 4069 time
652 4030 735 4084 super
756 4018 855 4083 omniu,
869 4025 895 4073 et
950 4034 1025 4085 uum,
1042 4018 1175 4087 servilem,
1202 4018 1339 4085 initialem,
1367 4025 1395 4074 ει
1420 4024 1531 4074 rustum.
1555 4018 1700 4075 iiumuuus
1715 4018 1753 4074 ti-

101 4102 227 4160 mundule
246 4101 306 4176 ejus
329 4117 437 4174 semper
456 4102 581 4172 observa,
597 4101 661 4174 quia
675 4118 737 4162 eece
750 4106 825 4160 oculi
839 4107 895 4163 De·
913 4138 936 4215 n
953 4120 1012 4162 mor
1027 4115 1078 4172 est,
1093 4114 1124 4162 ut
1145 4107 1182 4160 eit
1205 4107 1393 4172 Cassiodorus,
1415 4106 1522 4179 qnando
1544 4106 1680 4163 timemus
1700 4105 1754 4178 peti

100 4192 897 4267 minisupertimenteseum‚etineisquisperunisuper
953 4194 1073 4267 pericula
1091 4195 1189 4260 curnis,
1211 4196 1251 4252 tel
1280 4196 1394 4265 perdere
1418 4196 1488 4250 botta
1511 4195 1621 4264 mundi,
1642 4204 1757 4268 propter

102 4283 296 4341 misericordia
320 4284 382 4356 ejus
403 4280 491 4352 (Ptol.
517 4297 583 4349 xxtt,
608 4284 665 4352 itii.
692 4283 723 4338 Et
747 4283 895 4339 Salomon:
951 4284 1023 4357 quod
1040 4299 1193 4355 pectumus.
1209 4284 1259 4341 liic
1282 4285 1434 4341 mundanus
1452 4285 1532 4340 timor
1545 4284 1640 4339 tucius
1655 4291 1709 4353 est,
1729 4295 1756 4340 et

23 4411 26 4428 .
104 4376 179 4431 lime
193 4375 355 4441 Dominum,
372 4376 400 4429 ει
416 4371 625 4430 recedenmolo
635 4374 725 4441 (Prov.
737 4387 780 4440 tut,
791 4371 830 4443 7).
846 4374 899 4443 Qui
952 4373 1080 4444 inprime
1104 4376 1190 4443 gradu
1213 4390 1274 4429 eum
1299 4373 1399 4430 mundo
1422 4373 1575 4438 descritnrt
1592 4388 1678 4444 quem
1697 4374 1755 4431 Do-

103 4461 187 4519 timet
200 4461 360 4528 Dominum,
371 4461 450 4517 nibil
464 4460 583 4533 nepiipit
595 4460 692 4532 (Decii.
709 4477 753 4528 xv,
765 4462 799 4529 l).
812 4460 898 4516 Elium
949 4463 1041 4517 miuus
1055 4462 1181 4535 prohibet
1195 4462 1222 4517 in
1237 4463 1394 4536 Evangelio,
1410 4461 1502 4519 diceus
1518 4479 1525 4518 ε
1540 4462 1637 4519 Nolite
1653 4465 1757 4518 timere

19 4604 24 4614 ,
101 4549 211 4620 quidum
225 4549 341 4620 Supieus
354 4550 413 4605 uit:
435 4551 526 4607 Timor
537 4550 659 4616 Domini,
674 4551 775 4623 pierio,
790 4551 897 4623 plotio·
951 4553 1059 4623 eosqui
1073 4551 1206 4608 occidunt
1218 4567 1318 4622 eorpus
1332 4551 1442 4623 (iiattb.
1460 4567 1486 4618 x,
1502 4548 1566 4623 28),
1576 4556 1630 4606 ειε.
1649 4551 1757 4607 Socru-

104 4640 154 4708 iio,
170 4643 197 4694 el
218 4639 332 4704 letitia,
349 4641 379 4695 et
397 4654 501 4697 corona
521 4639 717 4696 executionis.
738 4640 829 4695 iimor
842 4641 897 4697 Do·
951 4640 1003 4696 dus
1022 4641 1102 4695 timor
1123 4648 1163 4695 est
1187 4640 1301 4709 servilis,
1326 4648 1357 4696 ut
1384 4640 1421 4696 uit
1441 4640 1537 4695 beatus
1563 4638 1755 4710 Augustinus,

103 4728 177 4784 mini
191 4725 292 4783 ditabit
312 4744 369 4794 cor,
381 4731 409 4784 et
429 4727 506 4784 dabit
520 4727 654 4799 poudt'um
671 4733 700 4784 et
718 4728 851 4784 letitiam
866 4731 898 4785 in
951 4743 1011 4784 cutm
1036 4729 1134 4784 timore
1156 4731 1287 4801 gehenuae
1309 4729 1391 4785 home
1414 4726 1517 4784 recedit
1538 4742 1554 4782 c
1577 4737 1709 4798 peccato,
1730 4737 1759 4786 ct

106 4817 279 4890 lonpituditte
292 4815 402 4873 dierum
414 4837 423 4874 :
437 4833 505 4872 nam
520 4817 570 4888 qui
583 4816 644 4872 sine
658 4814 761 4873 timore
775 4823 825 4883 est,
840 4834 897 4873 non
951 4818 1039 4873 omniu
1062 4817 1132 4874 bonu
1154 4833 1214 4889 quae
1237 4818 1312 4887 lucit,
1337 4834 1392 4875 nou
1414 4827 1525 4891 ρτοριετ
1542 4817 1601 4885 Dei,
1620 4818 1672 4874 sed
1688 4834 1759 4891 pro·

101 4908 210 4977 poterit
224 4905 391 4977 justificari.
412 4905 505 4961 Timor
518 4904 633 4961 Domini
651 4908 693 4960 est
711 4905 854 4976 sapientia
869 4909 897 4963 ct
950 4915 1011 4978 pter
1024 4905 1147 4962 timorem
1167 4906 1264 4962 interni
1290 4908 1365 4975 iacit,
1386 4907 1436 4963 ille
1450 4906 1526 4979 quusi
1546 4921 1645 4963 servus
1666 4907 1757 4978 timet,

103 4995 266 5067 disciplina.
283 4997 342 5052 lion
357 4997 396 5051 sis
409 4994 617 5052 increduiusin
628 4993 730 5050 timore
744 4993 803 5059 Dei,
819 4998 848 5051 et
861 5012 898 5052 ne
950 4995 995 5066 qui
1017 4995 1117 5050 bouum
1145 4992 1218 5067 quod
1245 4995 1312 5052 iacit
1339 5010 1393 5051 uon
1422 4996 1516 5050 timore
1536 4994 1684 5050 emittendi
1702 4997 1759 5053 bo·

102 5086 248 5145 oecmsetu's
258 5085 295 5141 ad
303 5085 388 5141 iilum
398 5083 507 5156 duplici
517 5083 598 5142 eorde
607 5083 703 5152 (Decii.
715 5098 737 5148 r,
750 5085 894 5152 tt,ti,ttt‚
949 5097 1013 5137 unm
1040 5083 1113 5153 qnod
1141 5097 1195 5138 uon
1223 5092 1306 5150 emet,
1322 5083 1369 5138 sed
1391 5083 1487 5139 timore
1509 5081 1634 5153 patiendi
1651 5083 1759 5140 mulum

102 5178 146 5244 et,
163 5178 207 5241 36,
223 5174 279 5249 st).
295 5177 433 5232 limentes
447 5173 609 5244 Dominum,
624 5173 762 5229 sustinete
772 5173 831 5243 ejus
841 5174 896 5228 mi·
949 5172 1020 5240 qnod
1036 5170 1174 5242 tormidet,
1190 5170 1264 5228 iacit.
1290 5171 1336 5228 iile
1357 5187 1412 5228 non
1428 5171 1504 5226 timet
1517 5171 1634 5240 perdere
1649 5174 1762 5245 ampie-

99 5266 254 5321 rieordiam
268 5269 296 5321 et
309 5281 347 5323 ne
356 5263 514 5336 deflectatis
531 5262 565 5320 ab
580 5263 641 5333 iilo,
652 5277 688 5319 ne
702 5259 824 5317 cadatis.
842 5260 895 5330 Qui
948 5277 999 5315 xus
1013 5261 1186 5331 pulchemimi
1210 5261 1314 5333 sponsi,
1338 5262 1387 5318 sed
1412 5261 1486 5318 timet
1515 5275 1550 5315 ue
1573 5259 1705 5316 mittetur
1730 5265 1759 5319 iu

101 5352 209 5410 timetis
220 5349 894 5422 Dominum,arediteinilium,utinebleetatione
947 5364 1043 5421 poeuus
1056 5350 1165 5409 iulerui.
1189 5351 1228 5407 De
1251 5352 1304 5408 itoc
1325 5350 1418 5407 servili
1442 5349 1540 5406 timore
1554 5347 1593 5405 uit
1621 5348 1759 5409 Penius:

98 5441 282 5503 ueniotuobit
306 5443 507 5505 misericordia.
532 5444 587 5513 Qui
606 5442 714 5501 timetis
727 5441 892 5509 Dominum,
947 5439 1008 5498 idon
1017 5441 1094 5498 enim
1103 5441 1249 5514 normulis
1257 5441 1395 5514 spiritum
1405 5439 1760 5503 servitutititerttmt’nti·
