3706 5962
544 197 802 337 mimarus‘os'
816 197 1015 299 oaaarraru.
1357 311 1362 319 ,
1494 304 1500 315 ,
1548 196 1603 313 aaa

76 363 166 421 nistre
181 362 351 436 suspiciones
369 376 425 420 nou
440 361 551 430 foedeut,
560 362 626 434 qnia
640 373 693 417 nou
705 374 751 419 oo·
770 376 794 463 Ι
810 361 916 420 dilexit
926 362 1072 434 aoslllom.
1083 376 1142 429 ιιιι,
1154 361 1210 435 37).
1222 362 1339 420 Securus
1350 364 1418 422 iuter
1425 366 1604 426 frendentium

76 453 161 510 tluru:
182 469 265 524 quam
281 451 366 508 aliena
381 450 451 508 m'ala
461 467 514 508 nou
528 449 673 515 laetificant,
689 450 754 522 quia
808 454 930 526 undique
944 452 1063 508 hostium
1078 450 1241 524 fulgurantes
1256 453 1347 510 lrastas
1361 462 1389 509 et
1409 457 1606 516 circumuolau-

76 543 127 599 tdet
141 558 223 612 super
239 540 379 612 iniquitate
396 556 403 593 :
418 555 496 610 quam
518 554 626 596 errores
638 553 692 594 nun
706 553 755 594 cae·
811 547 849 603 tio
862 541 975 615 spicula,
990 557 1052 596 cum
1075 539 1204 596 charitate
1226 541 1335 610 dormit,
1356 559 1416 614 quae
1431 545 1489 600 sola
1509 559 1605 617 potans

76 630 114 686 ria
129 629 283 702 congaudet
302 627 410 684 veritati
428 645 434 684 :
451 642 532 699 quam
554 626 756 698 persecutiones
809 645 851 693 est
860 632 944 705 ignite
953 627 1112 701 nequissimi
1124 627 1176 684 tela
1189 630 1482 704 exstinguerelliphes.
1494 651 1536 702 vr,
1548 637 1605 710 16).

76 729 165 793 teum,
177 717 337 789 q⁰i³⁰¹111¹i³
352 717 465 774 Slfftllss
482 732 563 788 (illm
577 714 688 785 Perfidia
702 729 757 769 1¹0n
811 723 916 793 Quippe
925 726 1101 794 peccatorum
1115 716 1315 775 multitudinem
1329 721 1419 791 operit
1434 722 1461 793 (l
1475 725 1552 780 Patr.
1566 739 1605 794 ιι,

76 807 163 880 ¹quia
187 808 277 863 omnia
295 806 380 862 credit
397 823 404 860 ε
419 820 499 877 quum
521 802 673 875 desperatio
702 818 758 859 non
814 794 871 881 18),
890 817 918 865 et
935 805 1111 864 tentationum
1133 805 1234 860 muscis
1248 807 1415 875 praevalebit.
1437 810 1566 866 Praevalet
1581 823 1608 866 et

77 904 96 962 l,
115 895 179 968 quia
192 897 282 951 omnia
297 901 406 966 sperat:
424 909 507 966 quam
526 892 622 948 mortis
647 906 758 962 separa·
812 897 922 969 subjicit
932 896 1008 951 illum
1022 894 1175 950 Jebusarum
1190 894 1334 966 populum,
1351 907 1521 967 caeterosque
1534 901 1608 956 Cha-

78 984 225 1049 iutercidit,
235 985 298 1054 quia
314 998 366 1039 nou
382 982 482 1039 excidit
499 983 523 1052 (l
540 983 601 1040 Cor.
613 996 674 1047 xus,
688 981 756 1049 1-8).
812 985 941 1042 nauitidae
953 981 1038 1057 prolis
1048 983 1148 1036 servire
1164 980 1228 1036 lacit
1238 981 1264 1037 in
1275 982 1477 1055 tributoweut.
1490 1004 1538 1055 xx,
1553 989 1606 1061 11).

76 1072 111 1128 rid
123 1072 223 1127 mirum
243 1071 266 1125 si
282 1078 370 1127 morte
385 1086 441 1128 non
455 1070 581 1142 vincitur,
599 1085 660 1142 quae
681 1067 758 1124 sortis
814 1074 846 1129 lit
864 1073 891 1128 in
905 1071 1016 1127 materia
1038 1071 1195 1127 exercendae
1213 1071 1330 1140 virtutis,
1358 1076 1469 1145 majoris
1489 1076 1610 1147 prolecto

76 1176 135 1218 nors
146 1162 266 1229 (Cautic.
282 1175 344 1228 ιιιι,
358 1159 397 1227 6),
409 1160 466 1216 imo
479 1158 575 1216 sortior
589 1167 687 1227 morte,
699 1171 760 1229 quae
814 1162 943 1234 potentie
956 1167 1008 1225 est,
1023 1168 1141 1216 erectum
1155 1159 1263 1215 hostem
1277 1160 1406 1233 dejicere,
1417 1180 1499 1236 quam
1513 1180 1611 1221 conau-

76 1265 178 1323 quoque
192 1257 307 1305 mortem
334 1248 403 1305 mori
422 1248 510 1320 coegit
532 1248 560 1303 in
587 1253 676 1302 morte
706 1247 760 1302 lle·
815 1259 868 1307 tem
887 1247 1046 1321 reprimere.
1066 1247 1214 1304 charitatis
1228 1249 1431 1321 propriumest,
1449 1254 1612 1310 tentationes

76 1335 661 1408 rls‘l0iusuperabilisvirtuscharitaslquae
671 1333 760 1407 ipsum
815 1355 871 1394 non
886 1336 1029 1410 perimere,
1048 1351 1084 1391 ne
1106 1335 1249 1408 insurgant
1264 1353 1273 1396 ε
1288 1341 1336 1392 sed
1357 1354 1419 1395 cum
1434 1342 1611 1411 surrexerint,

91 1425 305 1496 insuperabilem
320 1424 464 1492 superasti,
479 1431 506 1481 ct
521 1423 565 1481 cui
588 1425 681 1479 omnia
695 1421 762 1478 sub·
816 1437 935 1484 sternere
961 1432 993 1481 ut
1016 1438 1069 1480 nou
1093 1425 1356 1498 procedent.1taque
1378 1443 1434 1483 non
1457 1438 1511 1484 tam
1526 1432 1612 1487 virtus

77 1524 134 1585 unt,
155 1513 281 1570 omnibus
304 1512 503 1583 quodammodo
519 1511 680 1581 srrhjecisti:
697 1511 763 1566 dum
817 1524 923 1588 potens,
949 1529 1032 1586 quam
1050 1512 1180 1569 virtutum
1212 1515 1334 1583 potentia
1362 1515 1478 1573 dicenda
1504 1527 1556 1587 est,
1580 1535 1613 1577 eo

76 1616 160 1659 uuorc
175 1603 256 1670 Deus,
277 1599 425 1657 humiliavit
438 1600 625 1672 semetipsum,
648 1599 763 1656 sormam
817 1604 889 1677 quod
908 1602 943 1659 ab
956 1602 1002 1659 illa
1017 1585 1112 1658 canei
1133 1602 1194 1657 aliae
1208 1602 1349 1676 accipiant,
1364 1614 1394 1661 ut
1415 1622 1479 1663 vere
1500 1608 1614 1666 virtutes

76 1690 184 1762 ’ciplens
198 1691 334 1762 (Philipp.
351 1705 382 1757 11,
398 1694 426 1759 8,
441 1690 480 1761 t),
497 1688 584 1746 iactus
594 1703 648 1745 non
658 1689 762 1743 solum·
816 1697 881 1748 siut.
896 1692 959 1748 llaec
973 1699 1015 1746 est
1028 1689 1082 1748 vita
1097 1688 1171 1755 fidei,
1186 1691 1245 1761 spei
1259 1692 1352 1758 robur,
1377 1702 1406 1749 et
1423 1695 1546 1752 omnium
1566 1698 1613 1752 iu-

76 1792 152 1843 =0m0.
173 1780 219 1833 sed
239 1778 418 1849 opprobrium
433 1777 572 1835 hominum
599 1783 627 1833 el
650 1777 765 1846 abjectio
817 1781 882 1838 tima
895 1780 936 1836 vis
952 1777 1118 1861 et'medulla
1131 1778 1270 1835 virtutum.
1295 1778 1359 1837 Hac
1372 1789 1423 1849 est,
1448 1800 1510 1854 quae
1531 1785 1614 1842 vitam

77 1869 153 1925 Paul.
170 1882 229 1931 uxr,
243 1871 280 1935 7).
297 1867 412 1939 Propter
421 1866 534 1924 nimiam
547 1865 702 1924 charitatem
712 1879 766 1937 que
818 1869 934 1939 ordinat,
956 1844 1071 1922 aflectus
1084 1865 1239 1933 inflammat,
1268 1866 1395 1924 informat
1413 1868 1543 1940 allectus,
1564 1890 1615 1931 ex-

76 1970 123 2011 nos
136 1956 245 2027 (epher.
262 1972 291 2021 rr,
308 1958 346 2027 1),
367 1959 506 2014 continere
521 1955 592 2012 ultra
605 1971 661 2012 non
677 1953 767 2026 potuit
818 1973 910 2015 cessus
924 1955 1045 2030 corrigit,
1070 1971 1160 2011 mores
1178 1956 1332 2027 componit3
1350 1957 1441 2014 valens
1463 1960 1615 2032 adomnia,

76 2057 107 2096 ua
121 2044 607 2114 misericordinssuas(Psal.uxxv1,
624 2044 680 2115 10),
695 2056 766 2113 quo·
820 2041 846 2103 e‘t
859 2045 987 2102 omuibus
1000 2044 1149 2116 prevalens
1165 2061 1171 2098 :
1187 2061 1248 2117 quan
1260 2045 1347 2116 ipsam
1364 2061 1472 2119 quoque
1492 2050 1618 2124 omnipo·

77 2129 203 2185 dilectam
229 2131 344 2186 aniruam
370 2147 446 2186 suam
478 2131 594 2188 inimicis
621 2135 768 2201 exponeret
821 2134 931 2193 renuam
945 2133 1146 2207 quodammodo
1161 2132 1250 2189 reddit
1264 2133 1451 2204 impotentem.

76 2215 141 2271 uicis
161 2216 227 2285 suis,
251 2223 282 2271 ut
307 2217 403 2273 mortis
423 2218 547 2273 timorem
567 2216 670 2291 pariter
687 2226 714 2272 et
727 2216 768 2273 vi-
857 2226 884 2278 i.
899 2222 996 2278 Nonne
1009 2221 1068 2277 haec
1081 2228 1134 2287 est,
1149 2237 1209 2292 quae
1231 2221 1260 2275 in
1285 2223 1377 2294 lloyse
1395 2224 1494 2281 diviuae
1506 2227 1618 2296 justitiae

88 2306 196 2360 tolleret
208 2307 242 2360 ab
256 2304 351 2360 amicis
369 2307 433 2361 suis.
460 2306 492 2360 lit
519 2307 540 2361 si
568 2313 661 2363 contra
684 2307 769 2362 Deum
823 2319 850 2366 et
865 2309 989 2381 potentie
1014 2309 1136 2374 obstans,
1158 2309 1300 2380 praevoluit
1322 2310 1351 2364 in
1374 2311 1549 2370 tortitudine?
1570 2317 1618 2371 lli·

75 2393 123 2463 uit,
151 2402 252 2465 quanto
281 2396 366 2467 magis
393 2395 525 2451 adversus
547 2394 671 2452 homines
694 2410 768 2468 prae·
823 2397 1561 2470 mitleme,iuquit,utiruscatursurormcarcontra
1573 2421 1620 2476 po

86 2480 100 2540 i
123 2483 190 2539 ilino
209 2493 307 2540 extunc
329 2484 374 2538 illa
399 2484 516 2539 lidelium
541 2483 677 2556 intrepida
702 2499 769 2540 cou·
824 2486 1305 2560 pulumirtum.hudi,llimitte;et
1317 2488 1459 2543 Dominum
1471 2495 1619 2549 teucriuon

82 2573 183 2638 cordis,
198 2589 252 2644 qua
266 2572 402 2644 supplicia
422 2580 641 2638 contemnentes,
654 2582 682 2627 et
697 2588 772 2626 mor·
825 2575 947 2643 dubites;
962 2589 1013 2628 uec
1022 2572 1141 2637 aliunde,
1158 2589 1239 2644 quem
1249 2574 1349 2630 amoris
1363 2575 1529 2634 fortitudine.
1542 2578 1622 2648 Quae-

76 2659 188 2727 lcantes,
209 2661 262 2715 laeti
278 2678 325 2732 per
340 2660 443 2716 medias
459 2663 552 2716 mortis
562 2660 657 2716 lauces
672 2660 704 2715 ad
720 2674 772 2731 pa·
827 2665 864 2719 ris
878 2663 977 2732 cuius?
992 2662 1068 2717 Illius
1083 2662 1176 2734 utique
1190 2665 1260 2718 servi
1276 2662 1375 2730 fidelis,
1391 2665 1475 2736 quiin
1492 2670 1621 2736 populum

76 2758 250 2805 reuertuntur.
276 2751 420 2805 hlorientes
432 2750 578 2815 exsultant,
591 2757 617 2804 et
643 2748 774 2805 insultant
829 2755 962 2823 majorem
980 2749 1069 2823 major
1083 2749 1153 2818 fieri,
1178 2760 1204 2807 ct
1219 2753 1363 2827 gloriosior
1385 2770 1444 2811 esse
1458 2757 1556 2822 renuit,
1571 2773 1623 2813 noc

91 2838 235 2894 dicentes:
268 2837 316 2896 ilbi
343 2842 395 2908 eat,
420 2854 507 2905 more,
532 2836 775 2894 attentassem?
829 2842 942 2911 camali,
958 2850 988 2898 ut
1011 2841 1119 2909 assolet,
1140 2842 1263 2899 devictus
1284 2842 1402 2916 allectu3
1417 2844 1466 2899 sed
1481 2861 1515 2901 ue
1529 2846 1556 2902 in
1571 2846 1622 2903 Dei

76 2968 78 2981 .
100 2941 152 2992 xv,
175 2928 232 2995 55.)
257 2927 317 2981 Jam
341 2942 395 2981 nou
420 2926 556 2996 stimulus,
587 2927 635 2982 sed
662 2926 775 2996 jubilus,
793 2933 814 3012 c
829 2933 944 3005 gloriam
959 2939 1083 2986 rueretur
1104 2931 1243 2987 venenatis
1259 2930 1372 3001 spiculis
1388 2932 1622 3005 hlasphemurum,

76 3031 104 3072 ιι
122 3016 242 3070 modium
262 3015 299 3070 tui
316 3015 399 3070 latum
414 3014 556 3085 laetumque
576 3014 687 3081 exitum,
701 3015 773 3072 viam
828 3023 866 3079 lle
876 3035 980 3095 queso,
991 3018 1038 3085 ait,
1050 3017 1147 3075 dicunt
1158 3019 1290 3092 AEqqptr'i,
1302 3019 1513 3079 Callidccdum't
1523 3037 1578 3089 cos,
1590 3028 1625 3079 at

87 3105 120 3160 sd
144 3120 269 3178 reguum.
285 3103 359 3159 Facit
375 3119 442 3174 ergo
462 3103 589 3168 charitas.
606 3112 634 3159 ut
647 3119 698 3177 pro
715 3102 774 3175 ipso
829 3109 1003 3179 iraterficcret
1016 3111 1049 3164 in
1063 3108 1205 3164 montibus
1221 3107 1319 3176 (and.
1331 3123 1425 3176 xxxrr,
1443 3112 1485 3178 10,
1507 3113 1563 3181 lt),
1573 3126 1625 3167 acc

76 3209 121 3266 pso
139 3194 207 3249 mori
230 3209 282 3249 non
306 3200 438 3263 metuant,
468 3192 515 3247 sed
541 3191 676 3262 affectent,
691 3205 776 3263 tqu0
827 3197 924 3271 poluit
934 3196 967 3252 irs
979 3201 1087 3253 terram
1096 3195 1275 3252 introducere
1284 3212 1369 3268 quom
1377 3199 1511 3268 promisit
1528 3199 1626 3269 (llum.

78 3283 160 3345 ariae
175 3283 274 3351 vident,
291 3291 320 3338 ut
347 3298 381 3338 ne
405 3288 576 3338 morerentur
599 3281 663 3352 ipsi,
691 3288 777 3336 morte
830 3301 890 3353 ιιιι,
907 3287 962 3355 16).
978 3284 1079 3352 Quidni
1095 3284 1207 3339 cesserit
1219 3283 1332 3353 justitia,
1357 3285 1468 3339 cesserit
1492 3287 1624 3356 potentia,

76 3373 133 3431 ima
146 3373 228 3430 vellet
249 3371 433 3427 condemnari.
455 3371 626 3426 admirantes
652 3370 725 3424 euim
750 3376 778 3423 et
833 3374 878 3430 ubi
892 3372 1009 3429 charitas
1022 3373 1055 3426 de
1073 3372 1155 3428 corde
1171 3386 1238 3442 puro
1252 3385 1305 3426 uon
1330 3379 1384 3425 tarn
1405 3373 1530 3446 rogabat,
1543 3389 1626 3445 quam

76 3469 169 3520 antes
182 3462 209 3516 iu
236 3461 345 3516 Christo
367 3460 446 3515 illum
461 3459 563 3515 amoris
588 3473 738 3527 excessum,
762 3471 779 3511 a
832 3460 967 3534 urgebat?
981 3460 1056 3516 ilaue
1074 3458 1138 3524 vim,
1157 3458 1280 3526 Domine,
1297 3466 1324 3515 tu
1340 3459 1386 3528 qui
1413 3461 1527 3529 pateris,
1548 3460 1626 3529 lucis,

76 3553 186 3621 eposito
198 3549 249 3606 sibi
263 3548 362 3622 gaudio
377 3547 509 3603 sustinuit
529 3561 646 3625 crucem,
662 3547 779 3600 humana
832 3548 914 3604 simul
927 3547 954 3604 iu
969 3563 1055 3604 unum
1070 3556 1167 3618 potens
1181 3555 1209 3602 et
1231 3545 1302 3616 pius.
1323 3547 1346 3603 0
1360 3556 1492 3618 quantum
1506 3550 1627 3605 virorum

76 3638 138 3696 ione
163 3646 316 3709 contempta
341 3637 432 3710 idcir.
461 3651 513 3703 nu,
544 3638 584 3705 ll),
611 3623 779 3690 contundunss
833 3637 929 3692 talium
943 3636 1082 3707 penuriam
1106 3635 1235 3708 patimur,
1252 3636 1298 3708 qui
1327 3651 1376 3708 pro
1399 3637 1500 3693 nostris
1522 3637 1629 3695 delictis

75 3743 96 3787 u¹
107 3728 221 3783 reddere
240 3727 347 3782 vicem:
368 3733 450 3797 atque
471 3723 607 3795 passionis
621 3724 682 3793 ejus
704 3721 777 3778 ludi·
834 3726 952 3782 Domino
966 3740 996 3781 se
1010 3730 1190 3796 opponerent,
1206 3725 1344 3794 placarent
1361 3724 1440 3792 iram,
1461 3727 1628 3798 comprime-

76 3817 145 3888 quasi
165 3815 327 3887 quibusdam
352 3814 453 3870 aculeis
468 3811 582 3879 incitati,
597 3814 721 3868 teruntur
735 3810 779 3866 ei·
837 3813 1046 3874 rentultiuneml
1058 3816 1180 3881 honest,
1197 3813 1236 3869 ait
1249 3816 1392 3886 prophete,
1405 3817 1568 3887 quiirroocct
1579 3833 1630 3873 rso·

93 3903 122 3959 iu
136 3903 235 3959 amoris
257 3907 386 3973 abyssum
400 3912 427 3959 ct
441 3903 608 3976 profundum
623 3902 778 3971 charitatis,
835 3920 901 3961 mers
911 3907 1006 3971 tuum,
1015 3903 1066 3977 qui
1073 3907 1232 3975 concerpat,
1240 3907 1270 3959 ct
1281 3906 1377 3959 terreat
1386 3908 1414 3960 te
1426 3905 1490 3975 llso.
1501 3919 1577 3977 ιιιιι,
1588 3907 1629 3974 7).

76 3994 175 4049 ιιιιιιιιιο
189 4001 217 4047 et
243 3993 414 4048 solummodo
435 3993 623 4064 queritantes,
647 3991 720 4062 Quid
733 4007 781 4047 re·
836 3990 970 4065 Solaquae
978 3990 1122 4048 Dominum
1131 3999 1223 4047 mucre
1234 3992 1328 4061 possit,
1340 3990 1502 4062 visamoris,
1515 4009 1567 4065 qua
1579 4009 1628 4049 so·

76 4098 110 4139 uu
132 4083 250 4136 Domino
265 4083 452 4152 proomm'lms
467 4098 531 4154 quoe
541 4083 677 4140 retribuit
686 4079 779 4138 milti?
834 4079 1021 4136 lumseteueri
1031 4078 1140 4150 patitur.
1151 4079 1205 4136 Sed
1219 4079 1354 4151 quoduon
1364 4087 1498 4149 teneatur,
1512 4082 1630 4151 plecen-

92 4182 155 4234 cxv,
178 4169 222 4233 ta)
240 4176 267 4222 et
280 4169 399 4239 quadarn
424 4177 533 4225 sensata
551 4178 577 4226 et
596 4181 687 4226 sanctu
700 4169 778 4224 insa·
795 4205 817 4282 n
833 4169 956 4238 queritur
966 4185 1014 4240 per
1029 4169 1214 4238 prophetam:
1235 4168 1354 4237 Quaesivi
1368 4168 1401 4226 de
1411 4171 1451 4225 cis
1462 4171 1571 4237 uirum,
1583 4169 1632 4242 qui

76 4258 144 4315 entis
166 4257 296 4322 translati,
318 4272 412 4328 parum
434 4273 523 4313 amare
549 4274 578 4314 sc
598 4268 720 4332 reputant
740 4259 780 4314 sic
833 4257 1631 4329 interponerelsepcm,etsturctinopposs'tumcontrume,

76 4346 249 4404 ‚Vehemens
276 4346 376 4417 quippe
403 4346 446 4401 vis
472 4346 573 4401 amoris
595 4348 700 4403 ratione
726 4362 780 4403 non
834 4344 1633 4420 proptereeucdiasiparemeom3etneninvenifflxech.

76 4434 179 4502 ascitur,
217 4436 279 4506 quia
317 4443 384 4490 teste
415 4434 558 4504 hpostolo,
600 4433 785 4506 supereminet
838 4450 908 4505 xxrr,
923 4432 1097 4505 supererit
1122 4432 1196 4486 Deus
1218 4431 1279 4502 quis
1300 4447 1330 4486 se
1350 4431 1534 4502 sibiopponat
1555 4434 1632 4502 irato,

76 4527 110 4581 iae
128 4526 234 4598 (Ephes.
261 4539 303 4592 ιιι,
329 4524 398 4594 19);
429 4523 570 4595 majestate
588 4537 641 4578 nou
660 4530 785 4596 terretur,
839 4525 915 4593 cujus
935 4520 1054 4592 prolecto
1082 4519 1219 4591 proprium
1241 4527 1282 4572 est
1306 4519 1438 4584 misereri,
1460 4519 1633 4594 peregrinum

76 4614 142 4671 'uras
160 4615 239 4669 mittit
260 4614 383 4670 timorem
406 4614 527 4684 (llorere.
543 4629 580 4682 ιι,
601 4614 657 4682 18),
672 4610 788 4667 miseriis
840 4608 942 4666 ulcisci.
965 4608 1157 4679 Pcreqriuum,
1172 4605 1268 4676 iuquit,
1284 4621 1354 4677 opus
1368 4608 1429 4678 cius
1453 4607 1486 4663 ud
1501 4610 1552 4665 illo
1571 4611 1634 4680 llsu.

76 4702 243 4774 reprimitur,
271 4703 335 4775 quia
357 4703 384 4757 in
405 4702 561 4758 infirmitate
590 4701 726 4775 perficitur
752 4700 792 4771 (ll
844 4694 1092 4768 investitores
1103 4693 1329 4765 opus‘lNimirum
1342 4711 1410 4767 opus
1421 4697 1529 4751 ultionis
1540 4699 1637 4755 etirae.

76 4804 124 4858 xis,
141 4794 179 4862 9).
198 4793 311 4847 Prorsus
324 4792 411 4847 virtus
430 4792 612 4863 omnipotens,
636 4805 697 4860 quae
718 4788 792 4860 ipsas
881 4791 907 4844 ὅ.
923 4784 1044 4842 Charitas
1060 4783 1200 4857 igitursua
1211 4783 1512 4841 tortitudiueexteutam
1522 4788 1638 4844 [leima-

76 4881 121 4937 u'as
136 4880 200 4938 iacit
215 4889 346 4951 potentes,
363 4881 428 4936 dum
442 4881 577 4938 convertit
589 4877 676 4937 892
690 4879 719 4935 iu
742 4877 793 4933 ad·
847 4892 923 4945 nuru,
933 4891 967 4931 ne
979 4873 1066 4940 feriat,
1077 4889 1125 4930 cou
1132 4875 1206 4942 tinet,
1218 4882 1340 4930 satanam
1357 4875 1408 4931 suh
1420 4875 1534 4948 pedibus
1543 4885 1639 4934 coute-

76 4972 134 5038 um,
150 4978 319 5041 quaeparata
334 4970 444 5026 suntad
460 4972 623 5028 nocendum.
643 4970 712 5039 Quae
736 4966 794 5024 sui·
848 4963 1639 5040 rit,etsuperinimicorumcapitacarbouescougeritfflom.

78 5060 164 5119 uncti
179 5059 277 5114 milites
293 5060 401 5130 Christi,
427 5061 553 5132 impavidi
571 5068 600 5116 et
613 5060 681 5116 certi
705 5060 739 5114 de
755 5057 795 5112 vi·
848 5069 900 5123 xus,
911 5052 967 5125 20),
979 5061 1075 5123 puteus
1089 5067 1143 5108 nou
1157 5053 1329 5109 solummodo
1343 5056 1473 5110 adversus
1493 5069 1601 5109 carnem
1615 5061 1643 5110 et

76 5163 93 5215 ι,
109 5149 137 5204 in
151 5149 248 5204 medius
277 5148 403 5220 periculis
427 5148 555 5204 incedunt
583 5147 717 5215 tutissimi,
741 5160 793 5202 uec
850 5140 1025 5215 sanguinem
1045 5141 1233 5196 sedadversus
1256 5139 1471 5211 principatuset
1496 5148 1644 5213 potestates

76 5252 160 5304 onem,
177 5255 226 5295 uec
246 5238 384 5293 hominem
394 5243 554 5292 metuentes.
850 5233 1023 5287 tenebrarum
1060 5229 1178 5294 harum,
1203 5239 1296 5284 eontra
1336 5227 1487 5300 spiritualia
1517 5219 1646 5300 nequitiae

77 5326 146 5382 iiiuc
159 5326 256 5382 Paulus
271 5326 397 5396 periculis
412 5325 536 5395 plurimis
547 5322 722 5389 enumeratis,
734 5323 797 5394 qui·
848 5324 877 5377 iu
906 5321 1064 5378 caelestibus
1081 5317 1190 5387 (Epiros.
1210 5329 1250 5382 ιι,
1275 5315 1331 5387 li).
1355 5317 1385 5370 lu
1404 5317 1527 5372 adversis
1556 5317 1646 5386 fortis,

76 5414 166 5488 uolyte
181 5416 404 5487 triumphaverat,
425 5413 552 5484 triumphi
569 5426 680 5468 causam
702 5413 798 5479 adjun-
851 5408 899 5465 sed
922 5404 1058 5465 fortioriu
1074 5402 1221 5476 prosperis.
1251 5403 1332 5460 Solus
1351 5405 1422 5460 enim
1453 5422 1530 5463 amor
1548 5406 1648 5464 Chris-

76 5490 797 5577 disserentemsuperamuspropteritlumqut
852 5499 889 5565 ti,
921 5496 968 5569 qui
999 5493 1112 5551 ridentis
1148 5500 1175 5548 et
1213 5491 1350 5550 irridentis
1383 5493 1498 5552 lortuuae
1534 5496 1649 5569 impurae

116 5625 239 5682 Parnon.
255 5621 427 5682 CLXXXIV.
1477 5615 1510 5669 19
