3706 5962
49 204 109 286 833
490 215 660 280 sanxonis
679 216 781 279 vanu.
801 249 836 259 -
856 217 889 278 lit
909 213 1109 276 ttnrltlnatn
1128 214 1252 279 mittin.
1616 223 1691 291 ,8³4

50 364 163 408 sacrans
181 349 208 405 in
222 363 254 405 ea
272 345 323 403 sibi
346 343 545 403 reclinatoriam
572 358 696 409 aureum,
721 350 750 398 ut
783 350 845 414 post
860 359 884 438 st
898 343 1030 401 Evocatut
1053 341 1144 398 statim
1169 342 1288 399 coelcstia
1314 344 1359 401 illc
1381 354 1538 414 conventus,
1565 357 1600 416 et,
1614 350 1692 420 iuxta

52 437 360 508 tumultusdugelorum
379 441 405 490 et
424 432 574 499 homiuum,
589 439 616 487 et
639 431 790 500 reclinaret,
819 439 846 486 et
900 434 1066 503 prophetam,
1092 432 1142 486 init
1163 433 1239 488 Deus
1265 431 1417 500 consilium,
1444 438 1518 510 cogit
1536 438 1690 508 concilium,

51 527 174 599 requiem
196 523 339 582 inveniret.
354 523 412 579 Hoc
438 530 479 578 est
505 521 577 592 quod
596 528 709 588 natura,
725 519 846 586 miratur,
899 518 964 577 facit
978 535 1130 576 sermonem
1144 534 1205 575 cum
1230 519 1333 591 angelis
1356 519 1392 576 dc
1405 521 1570 580 restitutione
1585 541 1692 600 eornm,

51 626 195 672 reveretur
221 613 343 685 augelus,
369 617 476 670 teretur
499 610 592 675 bomo,
620 615 711 678 stupet
737 606 845 674 coelum,
900 614 928 664 et
940 607 975 664 de
990 607 1174 679 redemptione
1187 608 1337 675 hominum,
1352 611 1386 666 de
1403 611 1597 670 elementorum
1611 631 1693 673 reno-

52 700 238 758 contremiacit
250 711 330 769 terra,
345 698 471 773 infamas
485 696 660 753 exhortatio
676 695 757 765 buius
771 706 848 751 utero
899 696 1006 753 ratione
1020 697 1096 766 (lsai.
1112 712 1168 768 xit,
1186 698 1260 769 1-3).
1276 697 1329 753 illis
1349 701 1522 770 stupentibus
1535 713 1562 758 et
1575 701 1695 760 miranti-

53 791 182 861 maJ’estas
197 787 327 844 ditissimi
346 786 505 842 mirabiliter
517 783 671 856 liquefacta,
687 783 756 840 sicut
769 784 848 853 adipe
901 785 955 841 bus
973 801 1029 856 prte
1047 784 1159 857 gaudio,
1183 787 1313 857 quaritur
1336 790 1431 844 modus
1449 790 1653 862 redemptionis,
1668 798 1696 850 et

53 889 82 934 et
96 877 260 950 pinguedine
274 875 388 947 replerit
413 881 509 938 terras,
528 871 626 928 infudit
639 871 728 942 caelos,
745 871 850 927 inferna
901 873 989 930 statim
1004 874 1038 930 dc
1060 875 1186 930 thesauro
1208 875 1363 943 divinitatis,
1390 877 1479 934 ldariae
1493 893 1592 936 nomen
1619 882 1694 938 evol·

55 966 194 1037 respersit.
223 965 272 1020 llic
298 962 451 1020 exinanivit
480 961 655 1033 semetipsum
679 959 805 1016 excelsus
823 965 850 1015 et
901 961 988 1027 ritur;
1013 970 1040 1018 et
1057 978 1108 1033 per
1135 963 1232 1035 ipsam,
1248 971 1274 1019 et
1296 964 1323 1019 in
1341 967 1408 1036 ipsa,
1428 975 1454 1022 et
1473 966 1507 1022 de
1521 968 1579 1039 ipss
1592 977 1696 1026 etcum

56 1056 206 1110 immensus
221 1067 374 1108 mensuram
388 1052 486 1106 bonam
507 1059 534 1105 et
549 1048 699 1106 confertam
713 1058 741 1104 et
753 1046 849 1117 coagi-
902 1047 959 1120 ipsa
973 1053 1061 1105 totum
1075 1050 1127 1105 boc
1141 1050 1296 1107 faciendum
1318 1052 1482 1120 decernitur,
1498 1062 1528 1109 ut
1550 1055 1622 1111 sicut
1637 1057 1696 1112 sine

55 1149 138 1198 tutam
152 1143 261 1197 mittens
277 1141 304 1196 in
316 1142 404 1196 sinum
417 1149 549 1195 vestrum.
567 1137 617 1193 llic
639 1135 737 1193 divinis
762 1134 850 1201 mani-
904 1135 949 1192 illo
963 1135 1030 1192 nibil
1044 1143 1086 1191 est
1105 1136 1213 1205 factum,
1228 1138 1335 1194 itasine
1349 1139 1395 1194 illa
1416 1141 1485 1195 nibil
1503 1141 1634 1198 refectum
1648 1142 1693 1198 ait.

56 1232 109 1287 biis
132 1242 230 1286 unctos
254 1230 312 1286 oleo
332 1228 430 1284 laetitiae
445 1269 452 1295 ,
470 1236 497 1283 et
511 1228 580 1282 sieut
595 1227 678 1281 altare
691 1226 719 1280 in
743 1224 851 1295 signum
902 1224 1029 1281 Traditur
1042 1224 1156 1296 epistola
1170 1225 1300 1296 Gabrieli,
1317 1228 1344 1282 iu
1358 1244 1411 1299 qua
1425 1229 1550 1286 salutatio
1567 1229 1695 1304 Virginis,

57 1318 189 1390 pontificii
203 1328 385 1375 consecratus.
401 1318 441 1373 De
467 1316 545 1372 altari
563 1318 615 1372 boc
628 1316 662 1370 ad
675 1329 747 1370 aram
762 1313 853 1382 crucis
903 1312 1053 1370 incarnatio
1080 1311 1275 1385 Redemptoris,
1304 1316 1442 1389 planitudo
1468 1319 1571 1391 gratiae,
1600 1319 1697 1391 gloriae

56 1408 217 1478 ascendens,
231 1408 341 1478 proprio
367 1420 476 1473 cruore,
495 1412 624 1476 tanquam
642 1401 751 1459 alterius
763 1417 851 1475 geno·
906 1401 1069 1474 magnitudo,
1086 1402 1231 1459 multitado
1245 1404 1346 1462 laetitiae
1359 1408 1522 1462 continetur.
1536 1407 1634 1463 Missus
1654 1423 1698 1463 er·

58 1496 98 1551 ris
112 1494 174 1553 oleo
189 1494 395 1568 perfusus,jam
410 1509 465 1550 uon
478 1499 661 1560 consecratus,
682 1491 727 1547 sed
750 1506 850 1546 conse·
903 1506 939 1563 go
957 1490 1070 1561 angelus
1092 1489 1202 1548 Gabriel
1221 1493 1315 1560 aueo,
1330 1493 1411 1549 etiam
1429 1496 1621 1568 antequamad
1637 1494 1699 1551 lir-

59 1597 152 1650 crans‚
176 1591 260 1638 totum
283 1598 382 1656 corpus
409 1581 541 1637 machinas
569 1577 713 1637 mundialis
734 1577 851 1650 largiore
905 1578 995 1653 giuem
1008 1579 1172 1651 perveniret,
1200 1579 1304 1637 invenit
1326 1581 1411 1638 Deum
1427 1581 1557 1656 virgineis
1573 1583 1700 1654 illapsum

59 1670 208 1743 liquamine
222 1669 528 1730 consecravit.f·'atiscat
537 1683 605 1740 crgo
620 1682 730 1739 moerur,
744 1663 852 1722 tristitia
867 1634 889 1713 fl
908 1666 1059 1723 visceribus
1073 1667 1140 1738 (aa),
1160 1675 1189 1723 et
1202 1670 1370 1739 maiestatem
1383 1670 1433 1728 Dei
1446 1671 1585 1742 virginalia
1598 1670 1701 1728 teutria

61 1757 155 1832 lugiet,
168 1759 324 1816 eliminetur
337 1757 425 1830 dolor,
449 1772 547 1813 rancor
564 1756 702 1823 abscedat,
720 1763 748 1809 ιιι
774 1754 856 1809 liceat
906 1754 1037 1811 brevitate
1051 1755 1256 1813 conclusamo
1279 1765 1371 1814 venter
1390 1757 1515 1815 diffusior
1541 1759 1618 1815 coelis
1646 1769 1701 1816 ter-

61 1861 160 1905 vacarc
169 1857 195 1903 et
205 1847 296 1903 videre
310 1862 371 1902 cum
381 1848 474 1918 bfoyse
483 1843 615 1901 tiaiouem
628 1844 698 1900 hanc
711 1842 853 1916 grandom,
909 1844 998 1917 risque
1012 1844 1138 1916 amplior,
1155 1844 1280 1915 capacior
1293 1845 1452 1903 elementia!
1469 1847 1514 1919 qni
1528 1854 1614 1905 totum
1628 1848 1703 1904 clau·

62 1934 185 2006 qualiter
197 1935 271 1991 Deus
283 1934 311 1990 ia
325 1936 378 1991 hoc
390 1943 483 1992 nenne
510 1933 690 2005 concipiatur,
706 1931 856 2002 decipiatur
907 1933 946 1990 dit
965 1933 1056 1988 omnia
1064 1933 1281 2002 concludentem,
1300 1934 1328 1989 in
1346 1950 1401 2004 quo
1425 1937 1497 1992 Deus
1514 1935 1609 2008 gloriae
1624 1935 1704 1992 recli-

61 2022 199 2088 diabolus,
210 2022 355 2092 recipiatur
368 2021 512 2093 perditum,
526 2021 677 2077 indebitum
691 2019 850 2091 accipiatur.
908 2034 996 2076 nasur.
1016 2019 1138 2091 Denique
1157 2029 1184 2076 et
1198 2021 1386 2093 archangelus
1400 2038 1453 2077 nou
1468 2022 1522 2078 ait:
1539 2024 1602 2089 Aac,
1615 2024 1703 2080 daria

60 2111 160 2167 'fotum
175 2125 219 2164 me
235 2109 317 2165 trahit
338 2109 455 2176 affectio,
481 2109 529 2165 sed
545 2108 631 2165 oratio
645 2105 744 2163 deficit.
773 2106 856 2162 Dives
908 2106 1114 2179 replendased,
1141 2107 1243 2180 pleac,·
1267 2122 1341 2166 nou:
1365 2108 1496 2165 Dominus
1510 2108 1640 2166 venietin
1654 2118 1701 2175 tce

63 2197 192 2273 cogitatio
207 2198 283 2254 vocis
301 2207 460 2271 paupertate
473 2195 660 2256 confunditur.
675 2194 791 2252 Fervent
809 2195 853 2250 in·
908 2196 968 2263 sed,
981 2196 1118 2252 Dominae
1137 2199 1252 2264 tecam
1271 2198 1333 2268 quia
1347 2198 1410 2253 inde
1425 2205 1508 2253 totam
1520 2213 1581 2254 eam
1596 2197 1648 2254 sibi
1662 2214 1703 2254 ra·

64 2286 173 2353 teriora,
189 2294 216 2341 et
229 2286 256 2340 in
279 2286 411 2342 undosam
434 2284 564 2342 ebulliunt
588 2283 780 2349 altitudinem
809 2282 856 2339 sed
909 2291 1005 2354 puerat
1022 2283 1138 2354 Spiritus
1165 2296 1284 2351 sauctus,
1309 2293 1336 2341 et
1363 2285 1519 2342 coelestibns
1546 2285 1704 2359 insignierat

63 2375 200 2448 frigiditas
226 2374 326 2446 linguae
351 2374 475 2431 cumulos
507 2371 651 2444 refrigerat
677 2370 856 2429 exundantes.
910 2372 1083 2428 ornamentis.
1098 2371 1157 2428 lam
1183 2383 1338 2429 consecrata
1351 2381 1408 2429 erat
1421 2373 1450 2429 iu
1473 2374 1532 2431 loco
1546 2374 1702 2445 voluptatis,

63 2462 135 2533 Quid
149 2470 207 2528 est,
223 2477 239 2517 o
253 2462 410 2520 beatissima
425 2463 439 2517 l
454 2459 582 2532 Nunquid
597 2459 634 2515 ita
648 2475 729 2517 sensu
746 2457 858 2514 tacitur-
910 2461 944 2517 dc
968 2476 1021 2529 quo
1045 2460 1105 2516 fons
1119 2461 1164 2516 ille
1178 2460 1295 2517 debebat
1313 2463 1468 2532 ascendere,
1491 2462 1538 2535 qui
1550 2462 1703 2522 universam

64 2566 116 2605 nus
131 2550 308 2619 obdormiam,
326 2557 354 2605 ιιι
367 2549 406 2604 ibi
415 2557 507 2606 mutus
520 2548 584 2616 sim,
605 2547 651 2603 ubi
665 2546 753 2603 omnia
765 2543 857 2620 loqui·
911 2555 990 2603 terrae
1004 2546 1172 2617 superficiem
1187 2548 1325 2620 Irrigarat.

65 2647 107 2695 tur
122 2639 272 2693 creatura?
947 2637 974 2690 3.
1004 2633 1075 2691 Satis
1101 2636 1240 2707 hucusque
1255 2635 1402 2707 sparsimus
1430 2636 1522 2706 rerba,
1537 2644 1565 2693 et
1582 2637 1704 2696 volaticis

98 2730 127 2782 ι.
139 2726 330 2782 Verumtamen
345 2741 399 2782 uon
420 2725 514 2782 tacebo
533 2734 560 2781 et
575 2739 628 2780 nou
644 2723 791 2796 quiescam,
805 2721 858 2779 do·
913 2723 1082 2783 sermonibus
1095 2723 1201 2781 diversa
1216 2726 1464 2794 praescmioatitnus
1481 2744 1488 2783 :
1504 2742 1576 2784 nunc
1588 2725 1704 2783 insista-

63 2802 114 2873 uec
125 2816 280 2889 egrediatur
292 2826 321 2872 ut
336 2815 468 2886 splendor
481 2815 570 2869 sottus
580 2821 651 2879 tuus,
667 2820 695 2868 et
710 2827 800 2868 sermo
824 2813 858 2869 de
912 2828 973 2868 mus
986 2813 1040 2882 liic,
1057 2812 1081 2866 si
1109 2813 1177 2868 forte
1191 2812 1298 2885 aliquod
1313 2814 1426 2887 dignum
1440 2815 1538 2871 elicere
1555 2815 1704 2872 valeamus.

64 2909 90 2960 te
105 2907 264 2973 conceptus,
288 2903 311 2956 si
326 2917 381 2958 non
397 2911 425 2957 ut
445 2901 560 2972 lampas,
575 2900 668 2958 saltem
682 2907 712 2956 ut
740 2898 858 2956 scintilla
873 2905 895 2984 (ζ
911 2900 1087 2971 flavianam
1098 2899 1248 2972 Scriptura,
1263 2902 1456 2974 egrediebatur
1468 2903 1501 2958 de
1511 2903 1707 2976 bcooolapfa·

62 2993 235 3047 accendatur.
251 2991 350 3056 bloiet,
358 2990 452 3056 fateor,
461 2989 543 3061 quod,
555 2990 714 3060 disponente
724 2989 857 3058 Deopec·
912 2992 949 3047 tis
962 2986 1001 3044 ad
1022 2989 1200 3061 irrigandam
1222 2991 1384 3047 nniversam
1405 2993 1586 3064 superficient
1609 2996 1706 3062 ferrae,

62 3088 128 3136 cant
141 3079 286 3134 rationales
300 3087 430 3135 creature
444 3087 471 3134 et
489 3077 582 3136 multis
593 3092 723 3133 annorum
739 3075 859 3132 millibus
911 3079 960 3151 qni
968 3079 1033 3135 inde
1046 3076 1186 3134 diuiditur
1198 3079 1230 3136 in
1248 3083 1370 3152 quotuor
1384 3080 1482 3153 capita
1496 3082 1577 3151 (Gen.
1601 3096 1631 3146 ιι,
1647 3083 1706 3151 10].

63 3177 118 3223 tam
143 3166 264 3224 coelestia
295 3183 377 3238 quam
406 3166 543 3222 terrestria
566 3167 702 3222 incassum
725 3176 798 3221 stare
819 3165 860 3220 vi·
912 3165 1020 3223 Fluvios
1030 3167 1080 3224 isle
1091 3174 1131 3223 est
1144 3166 1275 3222 Dominus
1289 3182 1367 3223 meus
1388 3167 1477 3237 iesus,
1487 3168 1535 3239 qui
1547 3170 1581 3224 dc
1602 3168 1709 3225 duobus

63 3256 198 3325 deantur,
215 3255 353 3310 semirutis
367 3253 433 3319 illis,
455 3253 513 3309 istis
537 3253 643 3308 dirutis.
659 3253 716 3309 Stat
735 3253 783 3309 illa
803 3269 859 3309 ma·
914 3253 980 3310 locis
993 3252 1136 3324 voluptatis
1151 3254 1299 3327 egreditur,
1309 3271 1342 3310 ex
1353 3263 1428 3311 utero
1443 3255 1543 3326 Patris,
1554 3262 1707 3311 etexutcro

62 3360 120 3418 gna
134 3343 239 3412 civitas,
266 3342 362 3398 citium
379 3356 488 3398 suorum
512 3339 704 3396 numerositate
727 3339 859 3410 fraudata,
912 3340 1038 3412 Virginis.
1056 3340 1133 3396 Unde
1148 3342 1297 3413 propbeta:
1312 3342 1448 3398 Dominae
1456 3343 1530 3400 nan
1547 3345 1644 3399 noster
1654 3343 1709 3411 fiat·

67 3439 95 3491 et
109 3448 125 3486 a
139 3430 307 3487 stellantibus
320 3429 425 3502 palatiis
438 3426 582 3499 multiplex
600 3426 776 3484 habitantium
792 3427 861 3482 mul·
913 3429 1128 3500 oiasplorioras,
1137 3428 1275 3486 cantiano
1285 3429 1318 3486 in
1329 3430 1658 3488 terrantsilientcmSed
1671 3430 1710 3485 iu·

69 3518 155 3575 titudo
167 3517 341 3590 propellitur.
362 3516 552 3573 obscurantur
575 3513 686 3571 stellarii
703 3514 791 3586 ignes,
809 3530 860 3570 so·
914 3515 1068 3572 effabilibus
1094 3515 1252 3574 differentiis
1276 3518 1356 3590 longe
1369 3516 1448 3574 aliter
1463 3533 1480 3573 a
1501 3519 1578 3574 Patre
1592 3532 1675 3589 quani
1691 3529 1709 3571 tt

69 3609 125 3664 lem
139 3608 235 3680 loquor
255 3613 282 3662 ct
296 3608 386 3661 lunam
401 3604 544 3674 matellas,
558 3609 586 3660 et
604 3603 688 3658 multa
700 3602 742 3658 sui
756 3601 863 3659 luminis
914 3606 999 3661 llatre
1019 3604 1175 3676 egreditur;
1190 3604 1255 3677 quia
1268 3613 1296 3661 et
1308 3604 1331 3660 si
1341 3604 1400 3661 hac
1413 3604 1574 3678 temporalis
1584 3605 1710 3662 nativitas
1744 3622 1747 3629 ·

68 3695 188 3753 claritate
203 3696 374 3753 mulctantur.
390 3695 473 3752 Terra
488 3691 656 3750 maledicitur
665 3692 746 3762 (Gen.
754 3694 861 3762 trimi),
915 3692 1033 3767 gloriosa
1051 3693 1397 3766 est,multogloriosiorest
1410 3703 1520 3751 aterna.
1536 3693 1711 3751 flortantibtta

69 3801 131 3840 com
150 3786 291 3841 damnatur
304 3784 445 3842 hominum
459 3781 595 3840 successio
611 3800 619 3848 ;
635 3788 664 3836 et
677 3782 769 3837 omnia
784 3797 863 3837 arca·
915 3781 1003 3850 uobis,
1033 3781 1066 3837 de
1093 3788 1207 3854 utraque
1233 3782 1404 3857 generatione
1422 3783 1484 3839 volo
1507 3783 1614 3856 aperire
1635 3781 1709 3855 quod

71 3875 231 3942 faramunde
241 3874 413 3944 Apostolum,
424 3875 554 3946 portarit
564 3875 592 3927 ct
601 3869 761 3942 ingemescit
772 3870 862 3942 (Rom.
917 3869 1017 3940 sentio,
1032 3885 1086 3926 uon
1100 3870 1173 3942 quod
1185 3869 1287 3943 aliquid
1305 3886 1441 3943 exponere
1454 3887 1630 3943 presumam,
1647 3885 1710 3928 cum

69 3976 127 4027 ιιιι,
144 3961 199 4030 22).
219 3961 300 4015 'facet
318 3960 392 4015 Deua
412 3960 595 4030 omnipotens,
611 3966 638 4014 et
665 3957 792 4015 ordinans
805 3958 865 4027 cius
917 3960 970 4016 hoo
985 3959 1054 4016 ultra
1067 3959 1188 4016 omnium
1213 3961 1295 4031 uires,
1316 3970 1417 4034 quanto
1444 3959 1532 4034 magis
1554 3961 1623 4017 ultra
1636 3974 1712 4016 meaa

68 4046 264 4118 omnipotentia
288 4055 390 4104 tantam
414 4047 567 4105 dissimulat
586 4046 781 4105 confusionem.
793 4046 864 4103 Taa-
921 4048 979 4104 siti
1006 4058 1035 4104 et
1052 4055 1177 4105 extrema
1192 4049 1335 4106 dementias
1350 4049 1384 4105 sit
1397 4049 1466 4106 telle
1487 4050 1536 4105 fari
1551 4048 1712 4114 ineffabilia,

68 4139 133 4192 dem
149 4135 269 4192 nascitur
282 4134 375 4201 liaris,
391 4142 419 4190 et
431 4136 463 4191 ad
478 4136 583 4191 nubiles
607 4151 694 4192 auuos
719 4135 862 4208 egrediens
877 4169 900 4246 n
919 4137 1035 4193 maxime
1048 4137 1185 4194 hominem
1201 4137 1366 4209 imperitum.
1381 4137 1439 4193 Nou
1454 4137 1525 4194 enim
1539 4137 1639 4194 oblitus
1653 4153 1713 4192 sum

68 4222 186 4296 speciem
203 4222 289 4279 induit
302 4221 466 4293 speciosam,
481 4238 542 4294 quae
556 4223 643 4294 ipsum
659 4221 862 4289 alliciatfleum,
917 4224 1088 4282 Salomonem
1104 4225 1252 4282 dicentem:
1283 4227 1364 4282 Sicut
1384 4226 1434 4297 qai
1451 4227 1578 4283 nimiam
1592 4224 1713 4283 ennean

67 4330 83 4370 e
106 4311 252 4369 divinitatis
270 4312 364 4369 oculos
385 4311 413 4368 iu
427 4327 457 4368 se
472 4318 620 4368 convertat.
645 4309 710 4368 Vide
720 4310 785 4382 quid
799 4311 862 4368 inde
915 4313 981 4383 mel,
995 4315 1098 4372 evannit
1112 4312 1184 4368 iliad
1197 4314 1257 4380 ,sic
1266 4315 1316 4385 qai
1325 4318 1469 4371 scratator
1482 4319 1525 4369 ert
1537 4313 1711 4384 nrajeatatia,

69 4401 268 4458 dicitillenon
289 4399 418 4456 munimus
433 4399 589 4473 explorator
606 4405 772 4456 secretorum
786 4398 859 4454 Del:
915 4400 1328 4474 opprimcfnraqlorialf’roo.
1356 4417 1418 4466 xxv,
1448 4403 1505 4470 xl).
1535 4400 1575 4456 De
1598 4408 1712 4471 utraque

68 4489 333 4560 Andi,iuquit,filic,
344 4493 372 4547 el
382 4487 453 4556 vide,
468 4494 497 4545 et
507 4487 616 4545 inclina
626 4502 724 4545 caram
734 4490 824 4551 laam.
836 4490 865 4543 et
920 4488 991 4544 enim
1010 4505 1060 4560 por
1075 4489 1230 4558 prbplietam
1245 4487 1298 4542 dici
1312 4495 1396 4560 puto:
1420 4489 1634 4547 Generafioncm
1649 4489 1711 4560 ejas

67 4578 229 4634 obliviscere
242 4578 381 4650 populant
393 4581 517 4644 tuamet
532 4576 649 4633 domam
659 4577 752 4648 patris
767 4577 824 4642 ttti,
834 4579 863 4631 et
916 4578 978 4650 qais
991 4573 1159 4632 cannata?
1169 4574 1246 4644 (faci.
1258 4589 1315 4639 atri,
1329 4575 1368 4646 8.)
1379 4574 1448 4644 Quia
1458 4586 1485 4632 et
1495 4575 1633 4632 Patrisilla
1642 4574 1715 4631 inaf-

67 4667 244 4738 concopiscet
254 4669 312 4723 flac
327 4664 655 4731 ambianensium,
667 4666 863 4737 qacaiomipae
917 4661 1005 4719 fabilis
1019 4672 1047 4719 et
1062 4662 1257 4720 inaccessibilia
1271 4672 1320 4734 eat,
1336 4678 1368 4719 ac
1381 4663 1448 4720 nulli
1462 4666 1555 4736 pervia
1569 4672 1710 4721 creaturae.

66 4759 111 4811 cal
123 4756 263 4812 Dominae
273 4759 345 4814 Dens
360 4755 621 4825 constrictant,
632 4757 676 4822 ll,
688 4758 742 4824 li).
758 4751 864 4809 Germi-
918 4751 974 4808 Hoc
986 4767 1067 4807 sensu
1081 4751 1330 4820 credodpostolum
1345 4750 1446 4807 dixisse
1465 4750 1500 4807 de
1514 4751 1590 4808 Deos
1604 4752 1657 4821 Qat'
1665 4767 1712 4809 ro-

66 4832 116 4899 nst
128 4843 211 4916 igitur
225 4846 301 4916 rirga
311 4845 385 4900 lesse
400 4845 433 4900 de
449 4851 571 4901 tortuosa
580 4843 669 4899 radice
683 4840 794 4914 generis
807 4840 862 4896 bu·
920 4842 964 4896 las
978 4840 1088 4898 inabitat
1103 4843 1193 4898 lacem
1217 4840 1481 4914 inaccessibilem!
1497 4841 1566 4899 lim.
1591 4855 1630 4906 rr,
1647 4837 1712 4910 ιθ);

66 4931 177 5003 maniat
190 4933 402 5003 patriarchamm
414 4933 550 5002 arbore,et
559 4933 586 4996 in
592 4931 762 4988 altitudinem
770 4939 798 4988 ct
806 4946 866 4988 rcc-
918 4944 980 4987 cum
990 4929 1069 4985 etism
1079 4929 1311 5001 purioresnaturas
1321 4937 1395 4986 tauto
1405 4928 1609 4987 reverberentur
1617 4925 1714 4982 intuitu

67 5019 211 5076 titudinem
226 5037 373 5092 crumpens
387 5037 496 5077 omnem
511 5020 620 5093 ignorat
634 5019 814 5079 nodositatem
829 5018 864 5076 fi·
919 5027 948 5075 ut
970 5033 1022 5076 nec
1046 5019 1150 5091 possint
1173 5018 1323 5091 irrumpere
1345 5018 1372 5073 in
1396 5027 1472 5074 tantae
1485 5014 1616 5074 claritatis
1629 5017 1714 5085 abpa-

66 5109 180 5186 lioium,
196 5111 321 5165 tenebras
335 5109 428 5177 nescit,
453 5108 597 5166 fructicosa
616 5124 731 5180 quaeque
745 5124 799 5166 non
813 5110 864 5166 ba·
918 5125 990 5165 sum.
1003 5109 1064 5179 Ipse
1074 5106 1154 5166 etiam
1169 5108 1254 5165 Filius
1268 5114 1433 5181 protestatur
1449 5125 1456 5162 ι
1472 5108 1557 5164 licaeo
1571 5104 1650 5162 novit
1667 5105 1721 5160 lt-

66 5199 124 5253 bet.
143 5197 218 5254 Videt
232 5207 260 5254 ct
274 5198 350 5254 ardet
364 5197 409 5254 ille
433 5199 580 5254 vehemens
600 5204 716 5268 amator,
736 5206 764 5254 ct
776 5205 864 5258 totum
920 5199 993 5254 liam
1010 5198 1069 5257 niti
1082 5201 1179 5264 Pater,
1194 5210 1282 5269 acqua
1295 5197 1410 5253 Patrem
1434 5194 1497 5268 qaia
1511 5191 1658 5250 nocitniai
1672 5192 1716 5248 lt·

66 5286 271 5359 epithalamium
286 5287 315 5343 iu
333 5287 394 5357 eius
405 5286 532 5344 laudibus
555 5285 689 5352 decantat,
704 5285 753 5341 ubi
775 5286 864 5342 mani-
919 5286 984 5356 lias,
999 5293 1029 5346 cl
1040 5289 1087 5345 eni
1099 5287 1221 5344 volucrit
1235 5283 1578 5354 Ft'fiasrcoelarc(lfatllt.
1594 5297 1635 5355 aa,
1655 5282 1702 5354 at)

65 5374 137 5432 feste
155 5391 272 5447 sponsus
295 5375 432 5432 inducitur
454 5374 559 5447 spirans
573 5389 694 5431 amoram
710 5372 865 5431 sincerissi-
1552 5401 1555 5408 ·
1624 5398 1631 5411 ι
1697 5399 1700 5403 ’

67 5480 153 5536 mum,
178 5480 229 5522 nec
251 5465 320 5523 ultra
341 5464 434 5522 salem
461 5464 631 5521 dissimulare
657 5462 730 5536 quod
752 5462 864 5536 patitur.
955 5463 1013 5535 (ιθ)
1028 5459 1193 5534 Hyperbola,
1208 5467 1237 5517 ut
1252 5457 1574 5533 significetoeleritatem.
