3706 5962
109 193 179 256 tlte
640 187 747 253 setho
765 186 799 249 lll
818 182 984 257 callidum
1003 187 1032 245 ll.
1055 185 1181 251 ultim.
1682 213 1751 276 1123

106 322 263 378 metDsum
277 327 304 376 et
325 327 451 389 operatur
467 315 613 387 justitiam,
641 324 771 387 acceptus
790 322 830 368 ast
859 309 938 403 iliip
955 326 1019 367 cora
1037 315 1135 387 campi,
1147 317 1271 376 volucres
1284 321 1345 378 cccli
1356 333 1383 380 et
1397 324 1487 395 pisces
1501 329 1593 388 maris.
1612 333 1658 390 lsti
1676 338 1750 396 enim

106 412 221 482 (Coissa.
236 409 291 480 ιιι).
304 406 564 478 ιιιιενίεοιιιιεειιε
574 405 740 463 timentibus
750 419 826 461 cum.
837 402 861 457 h
871 399 901 457 ti·
953 408 1041 479 pisces
1054 413 1101 485 qui
1114 413 1181 470 retia
1194 426 1335 490 rumpunt,
1350 419 1396 492 qui
1410 421 1518 479 subtilia
1546 426 1686 497 minantur,
1702 435 1750 503 qni

105 515 182 555 more
196 499 329 569 incipitur,
345 506 375 553 ut
388 496 422 553 ad
437 511 558 552 amorem
571 496 757 566 perveniatur.
772 493 832 549 Non
846 493 899 547 de·
951 494 1021 555 inter
1046 499 1140 558 fideles
1154 505 1230 576 quasi
1248 506 1276 562 in
1290 508 1369 578 aquis
1384 510 1500 568 humiles
1512 529 1571 570 ease
1608 518 1749 578 ridentur*

104 596 213 657 sperent
223 587 311 643 adhuc
325 585 450 642 timentes
466 600 515 657 pro
526 584 641 655 peccatis
651 583 718 649 suis,
738 582 802 657 quia
817 581 899 637 mise·
952 588 999 642 sed
1014 597 1174 649 tamennon
1188 593 1222 651 de
1247 595 1366 653 fluminis
1379 598 1533 671 dulcedine,
1547 607 1594 661 sed
1609 605 1643 662 de
1666 563 1750 667 mari}

104 673 219 731 ricordia
233 675 305 730 illius
319 689 402 746 super
417 673 545 730 timentes
557 687 629 729 eum.
645 671 827 728 Misericordia
840 670 900 740 ejus
951 676 1129 736 amaritudine
1145 692 1218 752 sunt,
1234 685 1323 754 pisces
1338 686 1490 746 mariasunt
1504 709 1511 748 :
1527 690 1591 748 ideo
1604 709 1659 750 non
1674 695 1736 753 coeli

104 762 215 819 remittit
229 770 340 836 peccata
365 761 522 819 timentibus
535 777 598 817 eum
613 779 621 833 ;
638 760 761 817 remissio
774 767 900 831 peccato-
952 764 1002 820 sed
1016 767 1098 824 maris
1126 773 1237 828 semitas
1263 776 1465 844 perambulant.
1489 780 1558 836 Nasu
1581 782 1632 838 etsi
1646 737 1751 855 aliquid

104 867 163 905 mm
173 852 258 907 nutrit
272 867 392 907 amorem
401 850 648 907 sitientibuscum:
663 849 710 922 qui
737 858 827 907 autern
841 847 900 904 dili·
952 853 1061 912 coelcate
1084 859 1162 928 quasi
1175 857 1204 914 in
1219 875 1282 917 aera
1295 863 1421 920 saltando
1437 868 1604 939 percipiunt;
1619 877 1708 927 totum
1720 873 1750 929 in

103 949 257 1013 gantaum,
274 955 373 995 nornen
392 940 453 1010 eius
466 938 900 1012 agnoscunthmoripsenotitia
951 941 1115 1010 profundum
1130 947 1211 1004 maris
1238 965 1329 1008 secum
1343 952 1513 1028 demergunt.
1528 956 1565 1012 ht
1587 975 1654 1017 varo
1669 963 1749 1020 volo.

103 1038 146 1083 est
184 1026 231 1082 aed
245 1036 344 1099 quanto
358 1027 446 1084 adbuc
461 1027 584 1084 anotitia
597 1027 657 1096 ejus
671 1026 813 1092 distamus,
824 1033 899 1083 ιιιιιο
952 1045 1012 1086 cres
1025 1032 1088 1090 coeli
1101 1034 1243 1093 manifesta
1255 1036 1380 1096 levantur
1393 1043 1529 1112 superbia,
1545 1045 1592 1116 qui
1601 1062 1652 1117 pro
1677 1056 1748 1105 rem.

102 1117 185 1171 etlam
209 1130 270 1172 eum
286 1117 374 1172 minus
387 1131 519 1172 amamus.
543 1116 572 1174 Sl
585 1122 676 1172 autem
689 1115 809 1172 nondum
824 1115 899 1171 ilium
952 1119 1041 1188 porali
1056 1122 1151 1194 gloria,
1165 1124 1241 1195 quasi
1250 1126 1350 1182 vertice
1364 1128 1453 1184 sidera
1462 1140 1574 1205 tangere
1582 1133 1634 1190 sibi
1649 1136 1747 1193 riden-
1829 1140 1831 1145 '

102 1203 220 1274 perfecte
236 1220 327 1262 amara
341 1220 496 1279 possumus,
511 1203 576 1276 quia
598 1219 651 1261 nec
676 1205 796 1278 perfecte
820 1202 899 1261 novi·
953 1214 997 1263 tur
1021 1227 1028 1263 ι
1052 1211 1163 1284 qualem
1192 1227 1270 1269 sacra
1296 1213 1408 1272 historia
1430 1216 1559 1276 describit
1582 1221 1747 1281 Antiochum

102 1309 173 1360 mus,
203 1293 248 1352 vel
268 1311 331 1352 com
358 1311 451 1351 amore
474 1295 627 1353 timeamus.
653 1293 707 1364 Qui
727 1302 817 1351 autem
838 1294 898 1350 sine
952 1295 1037 1354 tuisse
1054 1298 1188 1367 (liocboh.
1203 1300 1237 1374 ι),
1254 1305 1296 1359 rel
1323 1303 1457 1361 Herodem
1471 1306 1545 1376 (Act.
1560 1311 1631 1380 xu),·
1651 1312 1749 1383 quales

101 1402 193 1447 amors
208 1391 294 1459 timet,
310 1407 364 1448 uon
378 1392 449 1447 illius
463 1392 511 1448 sed
527 1407 622 1448 servos
637 1398 678 1449 est
694 1407 700 1447 :
716 1391 802 1448 ethic
816 1393 898 1448 timor
950 1385 1031 1442 etiam
1049 1389 1149 1448 multos
1165 1390 1303 1464 hodieque
1326 1409 1380 1450 uon
1394 1392 1494 1467 legere,
1516 1398 1565 1453 sed
1580 1399 1673 1472 lugere
1687 1400 1748 1458 licet

100 1492 206 1548 poeuam
221 1480 311 1546 habet,
326 1495 382 1536 non
395 1480 528 1536 notitiam.
950 1485 976 1530 ει
989 1475 1093 1533 videre.
1103 1477 1205 1535 Pecora
1214 1481 1287 1536 enim
1301 1489 1380 1537 terrae
1389 1483 1454 1550 ,hoc
1467 1493 1519 1551 est,
1536 1486 1662 1543 homines
1675 1490 1748 1560 gulas

136 1570 163 1625 6.
179 1570 257 1625 Fecit
266 1570 461 1641 potentiomirr
472 1567 583 1626 brechio
597 1583 657 1624 sao.
673 1567 774 1622 Natura
786 1566 895 1638 quidem
951 1570 1053 1621 tantum
1068 1576 1095 1621 et
1107 1565 1220 1624 luxoriae
1234 1569 1327 1641 dediti,
1343 1569 1465 1641 facilius,
1480 1573 1674 1646 resipiscuata
1688 1576 1748 1634 dia·

88 1653 148 1709 tilii
158 1671 265 1713 eramus
279 1658 326 1713 irae
341 1677 348 1727 ;
363 1657 409 1713 aed
424 1673 472 1728 per
479 1657 696 1728 redemptionem
709 1657 773 1712 iesu
797 1655 895 1712 Christi
910 1615 934 1694 fl
949 1651 1003 1708 boli
1016 1651 1123 1725 laqueo,
1141 1670 1221 1722 quam
1236 1656 1283 1728 qui
1297 1657 1443 1727 prudentes
1456 1668 1519 1717 sunt
1535 1661 1562 1718 in
1576 1664 1662 1722 oculis
1676 1666 1746 1725 suis.

99 1740 164 1800 lacti
178 1760 272 1802 snmus
281 1744 329 1800 tilii
342 1746 534 1802 misericordiae
550 1762 557 1800 :
574 1744 637 1816 quia
650 1747 721 1814 [coit
732 1746 895 1818 potentiam
946 1739 1078 1811 Dispersit
1090 1742 1175 1815 igitur
1187 1744 1319 1813 superbos
1334 1755 1425 1804 menta
1437 1749 1528 1805 cordis
1545 1751 1599 1823 aui,
1620 1754 1688 1825 qnia
1711 1771 1746 1811 er

99 1836 131 1890 in
141 1832 322 1903 brachiorum
332 1833 445 1907 alligans
455 1832 562 1903 fortem,
573 1841 600 1889 ct
610 1849 673 1889 vasa
682 1833 743 1902 ejus
753 1832 893 1903 diripiens.
948 1829 1023 1884 omni
1039 1845 1140 1904 genere
1168 1834 1352 1902 superborum
1375 1838 1507 1908 quosdam
1523 1841 1649 1908 conterit,
1674 1852 1704 1898 ut
1719 1843 1747 1899 in
1795 1846 1798 1851 ’

99 1921 226 1994 Alioquin
248 1923 300 1978 nisi
324 1938 375 1979 nos
396 1922 468 1980 filios
490 1922 640 1987 liberasset,
656 1927 685 1976 et
706 1937 755 1994 per
777 1928 896 1977 mortem
948 1927 1080 1975 ιειειιιιιιιι
1093 1929 1221 1992 peratum
1236 1930 1264 1978 at
1277 1924 1549 1995 quosdambamiliat,
1564 1939 1595 1986 ut
1614 1931 1649 1986 ad
1663 1930 1745 1990 vitam

99 2026 175 2065 suam
186 2011 243 2066 Deo
258 2010 481 2080 reconciliasset3
507 2025 562 2065 nnn
583 2019 654 2065 esset
672 2025 755 2079 super
769 2011 896 2066 timentes
949 2008 1071 2065 redeant.

98 2098 243 2155 blandiens
261 2098 457 2162 misericordia,
473 2097 612 2168 sedsuper
624 2098 752 2154 timentes
765 2113 825 2153 eum
840 2114 896 2170 pu·
983 2098 1011 2150 8.
1021 2095 1155 2167 Deposuit
1164 2099 1412 2172 petenterdesede,
1422 2105 1598 2162 eteccltcvit
1609 2106 1744 2169 tramites.

98 2185 298 2256 niensjustitia.
310 2185 379 2255 Quia
391 2186 523 2258 dispersit
539 2187 668 2258 superbos
687 2191 784 2243 mente
802 2186 895 2242 cordis
948 2181 1039 2237 Primo
1053 2182 1192 2241 daemones
1218 2194 1338 2242 rectores
1367 2187 1537 2246 tenebrarum
1562 2193 1668 2264 barum,
1694 2196 1743 2267 qni

99 2275 304 2346 antiphoniam
321 2289 387 2347 ergo
401 2274 535 2331 universae
550 2275 601 2329 riae
613 2274 721 2330 Domini
740 2273 896 2331 misericor·
949 2279 1071 2340 potentes
1084 2281 1161 2327 eraut
1188 2272 1286 2330 aiiectu
1312 2274 1419 2330 malitiae
1434 2291 1502 2347 suae,
1518 2294 1534 2333 a
1561 2295 1610 2335 sua
1626 2284 1745 2352 potentia

97 2362 143 2419 dis
158 2374 184 2420 et
199 2357 310 2429 veritam
327 2362 395 2419 sicut
417 2364 547 2431 saprade
561 2362 813 2432 misericordiaque
840 2363 893 2416 bu·
948 2357 1103 2428 infirmavit,
1119 2368 1147 2415 et
1173 2361 1357 2416 exterminans
1370 2362 1521 2421 lebusaeum
1536 2366 1564 2421 in
1586 2369 1741 2440 Jerusalem,

98 2451 178 2508 miles
192 2451 316 2520 redemit,
334 2452 372 2507 ita
386 2468 459 2508 nunc
473 2461 501 2507 et
512 2451 548 2510 de
559 2451 664 2523 justitia
685 2468 746 2526 qoae
759 2453 894 2523 superbos
949 2447 1027 2519 regni
1040 2448 1082 2503 sui
1096 2448 1190 2505 sedem
1204 2449 1234 2505 in
1248 2465 1281 2504 ea
1297 2450 1448 2508 collocavit.
1463 2456 1601 2527 Deposuit
1615 2464 1744 2531 potentes

95 2540 208 2610 judicat,
223 2542 277 2613 agit
298 2557 305 2595 :
322 2548 351 2596 et
364 2541 442 2612 quasi
456 2540 593 2614 geminum
610 2541 740 2610 parietem
760 2557 792 2597 ειι
811 2541 894 2596 utris·
949 2535 982 2592 dr
995 2537 1071 2605 sede,
1095 2537 1202 2607 quando
1216 2537 1341 2609 parvenit
1364 2555 1455 2596 sermo
1471 2542 1506 2597 ad
1521 2559 1614 2617 regem
1629 2546 1740 2615 Ninive,

98 2643 153 2701 que
169 2628 287 2686 vicissim
300 2629 439 2687 tractando
448 2629 597 2687 constituit.
612 2631 754 2702 Disponit
764 2630 894 2702 superbos
947 2624 999 2681 hoc
1012 2632 1062 2694 est,
1090 2626 1224 2698 usquead
1243 2625 1421 2698 imperatores
1435 2629 1517 2700 hujus
1531 2633 1635 2700 saeculi,
1650 2643 1678 2690 et
1691 2637 1742 2692 de-

97 2720 194 2775 mente
207 2718 359 2777 ccrdtrsoi.
368 2718 494 2776 hbinitio
504 2718 658 2775 mundilam
673 2719 798 2775 homines
812 2733 893 2790 quam
947 2713 1053 2769 scandit
1068 2715 1104 2770 de
1117 2714 1188 2771 solio
1202 2728 1253 2771 suo
1267 2715 1377 2772 indutus
1385 2731 1465 2774 ειεεο
1474 2726 1501 2773 et
1510 2720 1610 2790 cinere,
1620 2730 1648 2778 ει
1656 2723 1744 2780 humi·

98 2807 186 2877 angeli
203 2808 392 2879 superbientes
409 2821 471 2865 sunt
494 2808 621 2876 disparsi.
646 2805 731 2864 766
753 2807 892 2878 Proiectus
947 2802 1022 2858 liavit
1036 2817 1078 2869 se,
1089 2812 1119 2859 ut
1138 2804 1172 2859 ab
1186 2803 1227 2860 ira
1237 2804 1286 2860 Dei
1300 2803 1450 2862 declinaret
1465 2808 1564 2877 (losse.
1581 2810 1634 2879 ml.
1651 2812 1743 2882 Depo-

98 2899 181 2949 estde
194 2896 265 2951 coelo
279 2897 360 2953 draco
375 2913 503 2969 magnus,
518 2896 639 2965 Satanas,
656 2906 687 2951 ει·
697 2897 837 2968 dispersus
851 2904 891 2951 est
911 2892 999 2988 pauit
1013 2891 1086 2960 Saul,
1101 2900 1128 2947 ει
1150 2894 1276 2948 exaltarit
1290 2893 1373 2950 David
1396 2895 1436 2966 (ll
1448 2898 1513 2968 Rep.
1539 2897 1592 2968 ιι).
1607 2899 1744 2970 Deposuit

97 2984 333 3051 perbuncaerem
344 2986 515 3041 tenebrosum
532 3004 538 3050 ;
556 2985 684 3058 quoniam
695 2987 722 3038 in
739 2985 839 3040 unitate
849 3000 892 3041 ve·
946 2991 973 3035 ct
987 2981 1136 3050 superbum
1158 2981 1252 3036 Achab
1265 2979 1301 3036 de
1323 2982 1399 3051 sedo,
1428 2983 1501 3038 sicut
1527 2986 1562 3039 ad
1586 2990 1744 3057 prophetam

98 3069 185 3125 ritatis
200 3072 384 3128 starenoluit.
400 3073 452 3144 Qui
466 3074 540 3129 enim
556 3074 709 3130 inveritate
730 3072 781 3127 Dei
805 3071 890 3127 colle-
945 3084 1022 3124 suum
1037 3069 1115 3124 dicit:
1133 3070 1534 3132 Nonnevidistt'httmt'iiotum
1544 3071 1743 3133 Acioheorcrtt

97 3163 156 3213 ctus
173 3170 293 3227 nonest,
308 3161 335 3213 in
350 3176 398 3214 sua
413 3163 530 3216 vanitate
545 3160 687 3232 dispersus
701 3170 751 3217 est.
766 3157 891 3228 Dispersi
945 3158 1012 3215 mc?
1025 3158 1077 3228 (ιιι
1086 3160 1149 3229 itep.
1174 3173 1232 3226 ιιιι,
1249 3159 1306 3228 29.)
1332 3158 1385 3213 Sed
1400 3159 1463 3229 quia
1473 3160 1502 3215 in
1515 3161 1665 3218 hostilitate
1688 3179 1743 3220 non

97 3255 161 3302 sunt
174 3246 284 3317 superbi
298 3247 343 3319 qui
359 3247 527 3303 aedificabant
536 3249 631 3305 turrim
645 3249 737 3314 Babel,
753 3249 818 3319 quia
831 3247 893 3304 uni·
946 3249 1110 3317 permansit;
1124 3246 1185 3300 ileo
1205 3260 1260 3299 nou
1280 3245 1406 3300 exaltavit
1420 3247 1562 3318 humilem,
1580 3250 1629 3303 sed
1647 3267 1743 3321 super-

97 3348 137 3393 tas
156 3336 256 3407 lingum
269 3350 362 3392 eorum
386 3335 414 3390 in
435 3337 603 3393 multitudine
629 3337 715 3394 scisse
729 3346 780 3392 est.
796 3336 892 3394 Omnis
947 3333 1011 3388 bum
1024 3332 1170 3389 damnarit.
1185 3331 1303 3401 Deponit
1317 3332 1398 3388 etiam
1417 3333 1537 3403 quotidie
1552 3346 1676 3404 potentes
1692 3340 1742 3392 bu·

96 3425 230 3496 superbus
245 3440 278 3481 eo
293 3426 352 3495 ipso
367 3425 440 3495 quod
455 3424 586 3493 superbit,
602 3423 740 3494 dispersus
753 3431 806 3480 cst.
821 3423 891 3493 Quid
943 3421 992 3491 jus
1006 3420 1114 3488 saeculi;
1140 3420 1211 3476 alios
1225 3419 1333 3491 quidem
1354 3419 1389 3473 ad
1405 3421 1570 3492 supplicium
1594 3431 1739 3492 aeternum,

97 3513 169 3568 euim
180 3513 317 3585 superbia,
343 3513 395 3567 nisi
412 3511 497 3583 pulvis
510 3511 540 3565 in
566 3513 651 3566 altum
677 3511 808 3582 sublatus,
823 3526 848 3566 et
862 3511 890 3565 in
946 3509 1014 3563 alios
1027 3508 1060 3562 od
1087 3506 1244 3563 humilitatis
1271 3522 1396 3578 regnum.
1413 3508 1498 3564 llabct
1528 3511 1601 3565 enirn
1616 3512 1645 3567 iu
1660 3528 1742 3570 uranu

96 3613 208 3663 ventum
223 3603 387 3673 dispersos?
401 3600 680 3674 Dispersitsupcrtos
690 3603 786 3659 mente
798 3601 891 3658 cordis
949 3607 1131 3653 suastateram
1146 3613 1235 3666 suam3
1251 3609 1277 3652 et
1305 3597 1350 3652 cui
1365 3597 1422 3652 volt
1436 3598 1588 3669 miseretur,
1607 3607 1634 3656 et
1659 3617 1740 3672 quem

96 3696 142 3750 rai
151 3711 160 3748 :
176 3694 228 3748 boc
243 3701 293 3759 cst,
309 3707 356 3748 eos
368 3691 416 3763 qni
435 3690 595 3763 superbiunt
608 3695 697 3744 mente
721 3688 811 3746 cordis
836 3691 889 3744 sui.
947 3686 1005 3742 ruli
1018 3686 1126 3741 indurat
1139 3688 1229 3754 litem.
1245 3690 1284 3754 ix,
1303 3684 1358 3756 ts).
1371 3686 1426 3741 Cur
1444 3697 1532 3744 autem
1547 3688 1619 3745 hunc
1632 3689 1739 3759 deposi-

95 3781 182 3850 Quam
198 3781 313 3838 dilucide
326 3790 458 3839 secretum
473 3779 596 3850 pessimas
610 3777 737 3836 elationis
750 3776 891 3833 latibulum
946 3776 1134 3842 tumdamuat,
1154 3787 1181 3847 et
1196 3775 1268 3831 hunc
1286 3773 1434 3844 repositum
1443 3778 1543 3843 salvat3
1559 3777 1617 3847 ipse
1630 3777 1682 3834 sibi
1712 3779 1741 3834 in

96 3871 250 3928 reseravit!
944 3863 1078 3919 thesauris
1095 3863 1152 3920 suis
1179 3862 1348 3919 reconditum
1374 3872 1472 3920 serrat.
1503 3866 1591 3922 Unum
1613 3866 1669 3923 hoc
1691 3882 1741 3939 pro

132 3963 159 4017 7.
174 3958 305 4015 Estenim
320 3959 443 4030 medam
458 3957 536 4030 quasi
550 3956 668 4015 brutaet
681 3957 743 4014 vilis
756 3956 890 4028 superbia,
945 3964 1020 4010 certo
1034 3952 1104 4009 scire
1118 3955 1195 4022 licet,
1215 3953 1278 4024 quia
1298 3952 1322 4008 si
1336 3966 1391 4009 non
1405 3952 1592 4026 humiliamur,
1616 3969 1673 4011 non
1686 3954 1741 4012 sal·

96 4062 158 4118 quae
174 4046 301 4102 omnibus
315 4045 397 4100 etiam
424 4045 511 4101 stultis
525 4047 614 4115 palam
636 4050 759 4119 estque
774 4045 889 4101 maxime
943 4059 1049 4102 varnur.
1375 4031 1386 4049 ⁸

96 4136 124 4191 ιιι
157 4134 306 4190 carnalium
336 4148 462 4189 sensuum
489 4135 627 4204 voluptate
649 4142 790 4202 moratur;
819 4134 890 4190 siout
984 4136 1009 4191 9.
1030 4133 1196 4192 bracenses
1212 4131 1341 4204 implevit
1356 4130 1444 4197 ιοιιιε,
1461 4136 1490 4187 et
1509 4129 1611 4188 divites
1631 4130 1741 4190 dimisit

95 4233 136 4282 est
159 4233 207 4280 ιιιι
231 4223 266 4279 de
298 4222 383 4277 nitida
403 4236 494 4289 carne,
527 4230 573 4276 aut
599 4222 634 4277 de
661 4222 775 4292 pulchra
802 4230 889 4290 veste,
907 4199 1056 4281 Dircam.
1067 4222 1144 4277 Prius
1153 4219 1313 4286 humiliavit,
1323 4225 1419 4291 postea
1430 4217 1513 4288 parit.
1526 4217 1675 4289 Prophetis
1688 4219 1741 4291 spi-

95 4320 142 4368 eut
155 4316 189 4368 de
199 4312 252 4370 cibi
266 4309 310 4368 vel
337 4311 453 4381 alicujus
475 4308 607 4365 immundi
626 4308 753 4364 desiderii
782 4309 888 4378 expleta
946 4311 1014 4365 ritus
1025 4320 1081 4374 est3
1093 4307 1258 4376 futura,jam
1269 4305 1345 4374 quasi
1358 4305 1492 4375 praeterita
1501 4313 1608 4374 uarrat;
1619 4307 1739 4361 nondum

93 4405 231 4476 voluptate
246 4402 354 4477 gestire.
372 4401 420 4456 Est
447 4406 475 4455 et
505 4398 556 4453 alia
589 4413 649 4470 quae
675 4396 727 4454 sibi
749 4396 890 4467 pulchrior
945 4397 1017 4452 eninr
1033 4398 1111 4452 bonis
1131 4393 1235 4464 impleti
1253 4401 1316 4448 aunt
1333 4392 1491 4449 morientes.
1517 4391 1546 4446 Si
1573 4391 1647 4449 enim
1661 4393 1740 4450 bonis

93 4492 203 4547 videtur
231 4489 366 4561 soperbia,
391 4496 417 4544 et
449 4495 539 4544 tamen
568 4487 650 4558 longe
684 4485 803 4556 turpior;
835 4486 889 4541 sic·
948 4484 1059 4556 impleti,
1071 4485 1207 4556 quomodo
1222 4480 1392 4536 esurientes?
1406 4493 1433 4535 et
1447 4478 1649 4547 siesurientes,
1666 4497 1738 4554 quo-

93 4596 124 4645 ut
138 4597 179 4644 est
189 4591 222 4644 dc
238 4588 349 4645 scientia
363 4586 405 4641 vel
430 4585 559 4656 potentia,
573 4585 613 4638 rel
630 4584 665 4637 dc
682 4580 783 4655 ingenii
799 4579 888 4635 subti-
945 4575 1026 4630 modo
1054 4573 1134 4627 bouis
1147 4569 1271 4640 impietii
1284 4568 1340 4622 Nisi
1366 4566 1433 4623 torta
1448 4564 1568 4622 dicamus
1589 4568 1739 4625 secundum

93 4677 168 4734 litate
183 4693 264 4749 super
273 4677 339 4731 alios
348 4673 453 4740 extolli,
470 4680 497 4728 et
507 4681 619 4728 caeteros
629 4669 705 4742 quasi
720 4684 818 4737 pecora
832 4684 889 4738 prae
944 4660 1010 4716 iilud
1033 4676 1039 4715 ε
1056 4662 1089 4718 ln
1112 4675 1196 4734 pacm
1213 4657 1420 4729 concupiscunt
1436 4656 1535 4728 Anpcls'
1546 4658 1740 4730 prospicerem

95 4781 125 4823 sa
152 4773 292 4838 reputare;
308 4780 367 4838 quas
391 4762 535 4834 preclaros
548 4761 630 4829 hujus
644 4757 736 4815 saeculi
755 4757 823 4813 solet
839 4772 889 4811 oc·
945 4753 1022 4809 Petr.
1035 4767 1053 4819 ι,
1066 4751 1127 4820 tat:
1140 4749 1186 4818 qui
1204 4760 1291 4804 tamen
1306 4761 1413 4817 semper
1424 4744 1515 4803 videm
1529 4745 1625 4801 taciem
1638 4746 1737 4815 Patris,

94 4869 205 4926 copore.
216 4855 266 4910 Est
276 4861 303 4910 et
317 4852 422 4909 tertium
438 4865 524 4921 genos
540 4848 716 4913 teterrimum,
732 4848 771 4902 uti
785 4846 820 4901 de
835 4844 889 4900 rir-
944 4850 972 4896 et
981 4838 1132 4896 esurientes
1144 4846 1217 4901 suut,
1227 4845 1254 4892 ει
1267 4834 1369 4904 impleti
1378 4834 1456 4889 bonis
1468 4833 1738 4890 lrabeutdesidarium

95 4945 204 5010 tutibus,
233 4945 267 4998 de
286 4941 433 5005 miraculis,
461 4939 494 4992 de
528 4936 710 5010 intelligendis
723 4935 889 5008 Angelorum
944 4929 972 4983 in
986 4928 1120 4994 satietate,
1143 4933 1170 4981 ct
1184 4923 1331 4980 satietatem
1346 4921 1376 4977 in
1388 4921 1535 4976 desiderio.
1558 4921 1612 4977 Scd
1631 4920 1739 4975 satietas

96 5032 207 5104 linguis,
222 5029 265 5087 vel
279 5027 417 5100 mysteriis
430 5024 702 5095 coelestibusapudse
712 5022 830 5095 gloriari.
841 5019 888 5077 lsti
944 5017 1055 5074 illasine
1074 5013 1189 5081 fastidio,
1210 5017 1238 5068 et
1256 5009 1361 5068 esuries
1375 5009 1434 5064 sine
1448 5008 1584 5076 cruciatn;
1602 5010 1655 5063 imo
1680 5007 1738 5078 ipsa

96 5120 168 5178 enim
181 5128 243 5175 sunt
257 5118 302 5190 qui
326 5115 483 5187 superbiunt
511 5120 600 5169 ruente
622 5111 712 5168 cordis
739 5110 791 5167 sui.
812 5110 889 5166 Dens
943 5107 1021 5162 beata
1033 5104 1136 5160 esuries
1149 5116 1256 5169 semper
1265 5098 1345 5154 satiat
1358 5113 1415 5154 cos.
1430 5096 1483 5152 Sed
1498 5095 1631 5152 nonsicut
1643 5095 1672 5151 in
1688 5109 1738 5166 pa·

95 5210 226 5265 subtilitas
236 5216 277 5264 est
287 5204 488 5279 intelligentitas
499 5218 546 5260 cor
558 5201 667 5259 affectio
681 5203 767 5258 inanis
781 5202 888 5272 gloriae.
943 5194 1004 5260 tria,
1021 5191 1061 5249 sic
1074 5192 1102 5247 iu
1125 5191 1178 5248 ιιι.
1193 5189 1224 5244 lu
1239 5187 1282 5244 sia
1295 5184 1390 5241 sitiunt
1407 5201 1433 5241 et
1448 5185 1578 5241 esuriunt
1585 5182 1735 5255 justititmc

94 5300 129 5356 Et
147 5299 217 5354 bene
233 5297 352 5353 additum
367 5306 420 5361 est,
434 5296 501 5361 sci3
525 5294 590 5365 quia
612 5291 664 5347 etsi
689 5306 705 5346 a
723 5291 780 5346 Deo
807 5290 888 5363 aliqui
943 5282 971 5338 iu
990 5281 1077 5353 patri&
1098 5277 1300 5341 saturabuntur,
1327 5270 1409 5330 767
1434 5289 1497 5330 111111
1524 5270 1738 5329 1111111111111111111

93 5389 191 5444 babent
205 5387 354 5452 scientiam,
371 5385 418 5440 sed
434 5394 547 5439 tamena
561 5397 590 5438 se
605 5380 672 5453 ipsis
685 5379 787 5435 habeut
801 5379 887 5435 extol·
944 5371 1032 5444 gloria
1049 5387 1056 5427 :
1072 5367 1181 5423 interint
1194 5373 1223 5421 at
1249 5363 1294 5419 hic
1320 5361 1349 5416 in
1363 5363 1407 5419 ria
1428 5360 1575 5419 csuriaotes
1590 5360 1737 5437 implentur

96 5477 218 5536 lentiam.
233 5474 329 5534 Omnis
342 5486 408 5547 crgo
422 5471 530 5544 generis
543 5468 677 5544 superbos
685 5465 824 5542 dispersit,
840 5482 888 5539 pe·
942 5459 1035 5528 bonis,
1047 5458 1111 5531 quia
1125 5456 1171 5512 dat
1192 5454 1246 5511 illis
1264 5469 1354 5512 escam
1374 5451 1403 5507 iu
1423 5462 1545 5524 ranrpon·
1571 5461 1736 5524 opportuno.
