3706 5962
91 204 128 265 (ὦ
727 203 759 264 tlt
778 201 916 264 tethel
934 200 1044 263 sttlthto
1063 200 1132 260 xtlt.
1217 201 1221 211 ’
1719 208 1755 269 66

96 329 237 387 udonem
260 328 297 385 ab
319 330 380 399 eius
404 327 630 400 interpretatione
654 327 834 401 distingueret
851 327 902 385 :·si
959 341 1014 382 non
1027 333 1069 383 est
1093 325 1209 400 amplius
1232 325 1261 383 in
1285 341 1368 385 cruce
1391 327 1491 385 Christi
1515 329 1684 399 scandalum,
1704 333 1753 391 aed

95 418 170 474 aliud
185 427 298 490 tempus
321 418 395 474 illius
414 417 579 489 antiquitati,
595 417 671 474 aliud
688 418 770 489 huius
788 417 902 474 nouitati
956 414 1097 488 gaudium,
1114 416 1214 474 etlaoti
1229 433 1322 473 sumus
1344 417 1447 474 mundo
1462 418 1525 474 huic
1545 435 1601 476 non
1616 421 1752 478 theatrum

94 508 184 564 daret.
207 508 330 580 Tempus
354 508 427 564 enim
452 507 560 573 suendi,
585 515 612 563 et
632 515 738 580 tempus
758 507 903 564 scindendi
956 505 1140 574 contumeliae,
1157 506 1207 563 sed
1221 507 1373 579 triumphus
1392 508 1502 581 gratiae;
1519 516 1581 581 post
1605 519 1645 567 tot
1662 513 1752 570 enavi-

95 597 183 666 lecal.
200 612 244 661 tn,
260 599 303 667 t).
324 596 410 652 Simul
430 595 504 651 enim
528 603 556 651 et
573 595 620 651 illa
635 603 773 669 praecepta
788 605 860 662 suut,
875 603 904 653 et
955 602 1020 670 gata
1032 594 1167 666 pericula;
1187 613 1277 654 nonne
1292 597 1340 652 tibi
1366 597 1482 665 videtur,
1500 598 1579 670 quusi
1602 600 1637 656 de
1656 616 1752 672 campo
1784 599 1791 610 '

95 684 150 761 ista
164 685 301 756 praedicta
316 693 392 741 sunt.
408 684 462 741 Sed
476 684 505 739 in
519 684 571 740 illis
587 684 684 756 ligura,
696 685 749 742 ista
765 686 815 741 sub
834 685 905 758 ligu-
956 684 1074 757 quodam
1088 702 1187 758 pugnas
1203 693 1230 742 et
1244 687 1357 754 laboris,
1377 688 1405 743 in
1420 687 1496 760 pacis
1510 696 1538 744 et
1558 688 1654 760 quietis
1668 689 1753 746 intro-

97 775 144 831 ris.
167 774 296 831 Ecclesia
310 774 368 845 iam
381 773 436 830 ista
449 774 546 831 dividit
558 783 586 831 et
604 774 704 830 scindit
721 791 782 846 quae
796 774 905 832 fuerant
955 773 1067 829 duxisse
1081 775 1236 831 cubiculum
1250 776 1379 832 dilectum
1394 793 1475 832 suum
1498 777 1623 834 Ecclesia
1635 778 1753 835 Christi?

96 873 218 921 consuta
234 878 241 918 :
258 872 285 920 et
300 863 324 919 si
346 863 422 921 novit
444 862 566 919 litteram
589 863 737 937 aliquando
752 864 904 921 secuudum
991 863 1019 919 h.
1036 861 1117 919 Vides
1130 880 1196 936 ergo
1211 863 1239 920 iu
1259 864 1344 921 initiis
1357 865 1488 923 Ecclesiae
1503 866 1641 924 nascentis
1656 883 1752 924 neees-

97 968 225 1018 carnem,
243 951 292 1008 sed
305 952 363 1020 jam
378 968 434 1008 non
450 951 526 1008 noxit
541 953 690 1025 synagoga
703 967 785 1025 quem
799 951 904 1010 involu-
956 950 1055 1006 sariam
1070 950 1248 1026 diligentiam,
1272 969 1306 1010 ne
1326 953 1442 1010 dilectus
1458 955 1553 1011 tandiu
1571 954 1752 1023 desideratus,

99 1050 157 1098 tum
171 1041 253 1114 quasi
269 1041 366 1107 tenuit,
383 1041 536 1098 revelatum
550 1039 670 1099 dimittit.
955 1047 983 1096 et
994 1039 1103 1097 tandem
1116 1043 1308 1114 apprehensus
1323 1050 1419 1116 posset
1433 1044 1599 1118 extorqueri.
1616 1045 1687 1116 Quid
1702 1062 1754 1118 ego

132 1135 161 1190 3.
176 1130 306 1188 Ecclesia
321 1130 386 1186 dicit
398 1145 404 1184 :
418 1131 578 1211 Tanaim
588 1119 745 1186 dimittam.
756 1129 904 1202 synagoga
956 1145 1029 1187 nuno
1052 1131 1203 1188 decaetero
1228 1131 1284 1199 fiet,
1301 1134 1411 1206 quaudo
1434 1134 1462 1190 in
1478 1141 1564 1190 tutum
1583 1135 1754 1192 introductus

98 1221 242 1293 reprobat,
256 1219 313 1275 imo
324 1227 352 1276 et
366 1220 514 1290 exprobrat
531 1234 538 1273 :
555 1218 605 1275 sed
618 1219 745 1276 Ecclesia
758 1234 814 1274 non
829 1234 904 1275 vere·
955 1226 1008 1285 est,
1024 1224 1054 1275 et
1068 1219 1147 1292 quasi
1171 1220 1199 1275 in
1224 1221 1373 1278 thalamum
1391 1239 1441 1295 per
1457 1222 1559 1280 iidem?
1582 1224 1697 1280 Dabitur
1719 1224 1755 1280 de

99 1321 143 1367 tur
158 1324 260 1368 avoca
274 1309 464 1381 exprobrantis
479 1317 507 1365 et
525 1309 709 1381 obloquentis,
725 1324 743 1364 a
758 1308 828 1365 iacie
852 1307 903 1363 ini-
956 1308 1063 1381 reliquo
1076 1309 1195 1377 ,desidiae
1219 1310 1305 1377 locus,
1328 1319 1357 1367 ot
1375 1312 1523 1386 diligentiae
1546 1312 1755 1371 valedicemus?

100 1401 164 1456 mici
186 1407 215 1455 et
239 1398 439 1471 persequentis.
463 1398 586 1470 Denique
605 1414 702 1455 servus
716 1397 761 1454 ille
785 1413 904 1470 nequam
956 1397 1152 1470 periclitabitur
1175 1399 1203 1455 in
1226 1400 1385 1473 tranquillo,
1412 1402 1500 1473 quiin
1524 1408 1687 1475 tempestate
1701 1418 1754 1459 nou

101 1487 167 1543 dicit
181 1487 211 1542 in
224 1488 308 1543 corde
319 1501 369 1542 suo
386 1486 509 1545 :llorom
518 1485 573 1543 81
585 1489 660 1559 socii
673 1488 810 1544 Dominus
825 1501 904 1544 mette
956 1487 1065 1557 potuit?
1078 1491 1121 1544 Au
1134 1503 1189 1544 non
1204 1489 1373 1560 periclitatur
1388 1491 1434 1562 qui
1453 1491 1588 1551 moritur?
1609 1492 1674 1548 Sine
1693 1507 1756 1565 ope

103 1576 321 1646 venirefflotth.
339 1591 419 1641 xxxv,
431 1579 476 1640 48,
488 1579 544 1643 aa).
557 1577 589 1631 Et
603 1576 665 1633 ideo
678 1576 793 1648 percutit
801 1591 903 1647 pueros
956 1575 1042 1643 ribus,
1057 1584 1166 1633 mortua
1187 1586 1230 1633 est
1254 1577 1323 1635 lidas
1336 1579 1440 1650 (iacob.
1456 1593 1486 1644 tt,
1503 1578 1560 1651 ιθ).
1575 1580 1757 1636 Commendat

104 1664 225 1728 Domini,
241 1664 374 1735 quiajam
389 1665 450 1734 ejus
465 1673 599 1721 noverunt
620 1673 647 1720 ει
661 1665 787 1720 nuntiant
804 1664 903 1720 adven-
955 1666 1100 1735 Apostolus
1111 1666 1201 1737 tidem,
1214 1667 1264 1720 sed
1274 1667 1424 1738 illamquoe
1436 1684 1487 1740 per
1501 1668 1685 1727 dilectionem
1694 1686 1757 1742 ope·

103 1762 164 1808 tum
181 1769 188 1807 τ
204 1753 253 1809 sed
276 1753 314 1808 illi
329 1762 441 1826 propter
464 1755 528 1810 Sion
554 1771 609 1811 non
625 1763 724 1820 tacent,
741 1763 769 1811 et
791 1762 903 1827 propter
956 1760 1040 1812 rotor
1050 1754 1156 1826 (Galat.
1172 1770 1200 1822 v,
1216 1754 1253 1823 6),
1272 1753 1322 1811 Ubi
1342 1753 1496 1810 dilectionis
1509 1771 1578 1828 opus
1591 1763 1644 1823 cst,
1660 1758 1705 1813 vel
1719 1757 1757 1812 di-

101 1842 258 1899 lerusalem
273 1858 327 1897 non
342 1843 496 1914 quiescunt.
508 1843 613 1916 Corpus
624 1852 739 1915 possunt
749 1852 901 1917 percutere,
957 1841 1036 1897 lectio
1055 1841 1156 1913 operis,
1172 1840 1210 1896 ihi
1225 1840 1280 1897 rita
1294 1847 1337 1897 est
1351 1839 1425 1899 fidei.
1447 1840 1527 1911 Quid,
1550 1843 1573 1897 si
1589 1851 1632 1899 est
1654 1844 1682 1899 in
1696 1861 1757 1901 cre-

103 1947 158 1988 uon
171 1938 290 2002 possunt
304 1932 339 1986 ab
352 1931 444 1987 animo
463 1932 602 1989 Christum
621 1942 761 1990 excutere.
776 1932 904 2004 Flagellis
956 1929 1072 1986 dulitate
1085 1929 1196 1997 veritas,
1214 1928 1241 1984 in
1255 1929 1430 1986 confessione
1446 1929 1571 1999 libertas,
1592 1939 1621 1988 et
1639 1948 1694 1988 non
1718 1933 1756 1988 ibi

102 2021 210 2075 ttrntius
224 2020 308 2093 ligata
323 2028 363 2076 est
379 2021 406 2076 in
421 2022 503 2077 corde
514 2038 611 2080 eorum
626 2022 734 2080 allectio
744 2023 855 2078 Christi.
872 2022 904 2077 ln
958 2034 1009 2091 per
1019 2018 1194 2075 dilectionem
1204 2018 1282 2078 vital
1298 2019 1445 2075 Funieulus
1456 2020 1508 2076 iste
1523 2021 1620 2093 triplex
1637 2038 1691 2078 nou
1702 2029 1755 2092 eat,

103 2110 254 2182 synagogis
279 2109 408 2185 llagellati
429 2117 502 2175 suut,
527 2111 557 2165 in
580 2112 719 2167 custodias
743 2111 846 2178 traditi,
867 2109 903 2166 ad
959 2115 987 2163 et
999 2106 1080 2164 iacile
1091 2107 1234 2181 rumpitur.
1250 2108 1374 2181 Denique
1387 2109 1551 2181 imaginaria
1569 2110 1683 2167 libertas
1702 2120 1754 2178 est,

103 2197 252 2253 cathedras
267 2199 347 2254 tracti
363 2218 369 2257 :
386 2199 436 2256 sed
450 2200 571 2271 gaudent
585 2201 613 2255 in
629 2201 671 2255 his
684 2201 823 2267 omnibus,
839 2200 903 2272 quia
960 2212 1020 2269 quae
1030 2197 1064 2253 de
1080 2197 1172 2253 radice
1186 2214 1241 2255 nou
1254 2197 1341 2256 oritur
1355 2198 1497 2256 charitatis
1512 2214 1581 2256 :nec
1594 2207 1648 2256 tam
1663 2200 1757 2256 nititur

104 2286 177 2358 digni
192 2287 279 2342 habiti
293 2296 356 2342 sunt
370 2302 422 2358 pro
436 2287 546 2344 nomine
560 2290 624 2345 lesu
644 2290 825 2346 contumelias
835 2288 900 2362 pati.
958 2286 1096 2343 coulessio
1119 2286 1182 2342 talis
1205 2286 1334 2343 libertate
1359 2304 1418 2355 sua,
1436 2303 1517 2359 quam
1533 2287 1624 2345 aliena
1646 2288 1757 2346 licentia

109 2378 204 2445 leani,
221 2392 273 2432 nec
287 2377 648 2445 dimittamillum.Tenuit‚
660 2380 790 2451 quianon
805 2379 902 2435 timuit.
957 2376 1050 2431 utitur.
1077 2376 1206 2433 Precaria
1234 2384 1286 2444 est,
1312 2393 1367 2432 non
1389 2376 1516 2449 propria;
1543 2394 1577 2434 ex
1605 2377 1757 2450 principum

105 2463 165 2519 b'ou
179 2465 271 2521 timuit
284 2465 348 2520 dum
364 2467 520 2523 turbaretur
533 2468 622 2524 omnis
637 2475 720 2535 terra,
737 2476 765 2525 at
783 2473 904 2538 majores
958 2464 1051 2521 lavore
1065 2466 1177 2537 pendet,
1201 2481 1257 2521 uon
1282 2465 1407 2537 procedit
1422 2466 1457 2523 de
1472 2466 1566 2523 calore
1584 2465 1660 2523 fidei.
1676 2467 1757 2523 Fides

110 2554 197 2609 mundi
212 2555 297 2624 hujus
319 2562 469 2626 potestates
489 2557 705 2612 transferrentur
720 2557 850 2614 adversus
868 2558 903 2613 il·
957 2552 1064 2610 fervore
1083 2553 1224 2608 charitatis
1249 2553 1387 2608 animatur
1401 2554 1436 2609 ad
1455 2554 1550 2609 vitam.
1565 2554 1647 2628 Pigra
1666 2555 1756 2625 plane,

106 2644 160 2699 hm
172 2644 203 2698 in
218 2658 269 2700 001·
285 2643 482 2700 amaritudinis,
498 2644 677 2719 agglutinata
691 2654 733 2702 est
746 2663 848 2719 sponso
862 2647 904 2704 fu.
957 2641 1005 2696 ubi
1027 2639 1176 2697 discrimen
1197 2640 1347 2712 impendet,
1375 2639 1470 2696 sinon
1494 2641 1676 2699 confessionis
1704 2642 1758 2699 sibi

104 2732 197 2790 uiculo
216 2731 264 2804 qui
282 2733 373 2804 rumpi
396 2749 451 2789 non
478 2742 595 2806 poterat,
619 2734 741 2793 funiculo
763 2735 904 2793 charitatis
958 2729 1076 2788 vindicet
1094 2729 1250 2786 libertatem
1264 2728 1399 2786 beneficio
1418 2729 1584 2787 dilectionis.
1599 2731 1758 2805 hhoquina

103 2821 253 2897 qm'nescit
266 2821 367 2891 excidi,
378 2822 443 2894 qttia
455 2822 503 2878 illa
513 2839 654 2895 nunquam
664 2825 764 2882 excidit
775 2843 782 2884 :
795 2824 905 2882 fiducia·
957 2826 1076 2889 mortuo,
1091 2817 1170 2891 quool
1184 2817 1231 2891 qui
1246 2834 1303 2875 non
1317 2817 1362 2884 Sil,
1374 2818 1446 2891 potii
1460 2818 1607 2876 eonfeooio·
1622 2821 1672 2876 Est
1691 2835 1758 2896 orgo

103 2909 164 2968 liter
177 2911 245 2982 egit,
262 2910 327 2983 quia
344 2911 475 2968 charitate
489 2912 615 2970 edhaesit.
630 2913 683 2984 Qui
697 2915 770 2971 enim
784 2915 905 2972 adhaeret
958 2907 1016 2963 sine
1037 2906 1171 2963 charitate
1195 2914 1222 2962 ει
1241 2905 1311 2962 fides
1335 2914 1452 2977 mortua,
1470 2914 1497 2964 et
1514 2907 1653 2965 confessio
1677 2923 1757 2967 tana.

103 3000 171 3067 Deo,
187 3015 264 3054 unus
276 3007 319 3055 εει
333 2999 445 3072 spiritus
460 3001 486 3071 (l
506 3003 568 3059 Cor.
595 3017 632 3069 vt,
649 3006 694 3075 ll)
721 3023 728 3060 :
751 3004 798 3059 ubi
813 3011 904 3060 autem
958 2996 1105 3068 Apostolus
1115 2995 1180 3053 dicit
1192 2995 1341 3053 Christum
1351 2996 1480 3054 hahitare
1488 3014 1540 3070 per
1553 2996 1639 3068 fidem
1654 2998 1758 3057 incor-

102 3088 223 3161 Spiritus
238 3088 356 3156 Domini,
371 3089 409 3144 ibi
422 3089 536 3146 libertas
559 3089 600 3159 (ll
613 3093 675 3152 Cor.
691 3108 731 3160 m,
749 3093 819 3166 til).
840 3093 904 3149 ldeo
919 3043 942 3122 c
958 3085 1038 3142 diluo
1053 3088 1160 3142 oooirt'o
1184 3084 1295 3158 (prcs.
1315 3100 1357 3151 ¹¹1,
1384 3086 1441 3155 tt).
1465 3085 1594 3158 Nunquid
1613 3103 1664 3159 per
1685 3103 1758 3144 mor·

103 3177 193 3234 libere
209 3177 274 3252 agit,
290 3184 318 3233 ει
332 3178 390 3249 spei
404 3195 461 3235 suae
475 3179 677 3237 confessionem
692 3181 777 3239 tenuit
791 3182 905 3239 indecli·
958 3175 1052 3232 tuaml
1067 3174 1097 3230 Si
1110 3174 1183 3231 intus
1207 3182 1249 3231 cst
1264 3174 1377 3242 veritas,
1393 3180 1421 3231 et
1438 3174 1505 3231 ioris
1520 3176 1585 3243 vita,
1601 3176 1704 3234 divisus
1718 3187 1760 3234 est

102 3266 237 3323 nabilem.
258 3266 293 3321 Et
307 3273 370 3322 tunc
385 3267 496 3338 quidem
508 3267 641 3325 fatuitatis
654 3285 699 3325 res
714 3269 781 3325 fides
795 3271 905 3328 videba-
957 3264 1081 3321 Christus
1097 3282 1103 3321 :
1121 3264 1179 3335 ipse
1195 3263 1268 3319 enim
1283 3263 1441 3320 esitantes
1460 3271 1488 3320 et
1502 3273 1566 3322 tuta.
1584 3265 1709 3323 Nondum
1724 3283 1757 3322 ex

104 3362 161 3420 tur,
177 3362 205 3411 et
226 3353 389 3411 eonfusione
413 3355 496 3429 digna
510 3357 658 3415 confessio,
673 3358 745 3428 Quid
763 3359 904 3417 confusio.
957 3353 1066 3426 integro
1081 3352 1254 3408 introduxisti
1270 3352 1401 3409 dilectum
1415 3359 1502 3424 tuum,
1514 3353 1561 3409 ubi
1575 3354 1702 3412 dimidius
1717 3362 1760 3412 ast

103 3459 169 3499 nem
181 3443 314 3500 nomino?
327 3443 449 3501 Extremi
464 3461 508 3501 res
522 3454 581 3502 erat
595 3446 720 3519 periculi.
734 3447 797 3505 Non
811 3457 904 3505 tamon
958 3441 1033 3500 foris·
1047 3440 1130 3513 Quid,
1145 3441 1168 3496 oi
1190 3458 1241 3499 neo
1260 3440 1412 3497 dilectum?
1427 3440 1571 3510 Quomodo
1594 3442 1666 3498 enim
1690 3441 1758 3498 dila·

96 3533 205 3589 fimm
226 3540 350 3603 poterant
372 3548 421 3590 eos
445 3534 491 3606 qui
513 3535 642 3592 occidunt
664 3552 774 3610 corpus.
790 3538 906 3610 spiritus
958 3539 1018 3587 ctus
1041 3531 1063 3585 si
1086 3529 1150 3586 fidei
1173 3543 1229 3585 non
1254 3529 1332 3584 luerit
1355 3528 1459 3585 sociata
1474 3527 1614 3585 charitas?
1635 3529 1759 3586 Christus

101 3623 183 3678 enim
207 3620 268 3678 ute
283 3629 347 3679 ante
364 3621 463 3679 laeiem
485 3623 603 3692 illorum,
628 3626 753 3682 Chrimus
775 3628 906 3685 Dominus
958 3634 1107 3692 resurgens
1121 3634 1154 3673 ex
1169 3616 1293 3685 mortuis,
1318 3618 1373 3688 jam
1388 3632 1444 3673 non
1468 3617 1582 3674 moritur
1607 3619 1697 3688 (Rom.
1719 3633 1758 3686 vt,
1821 3654 1827 3665 »

100 3706 226 3775 (Threm-
247 3722 288 3774 tv,
303 3708 361 3778 ιθ).
382 3707 449 3765 ideo
463 3718 525 3764 eta
548 3725 630 3767 earne
645 3709 725 3768 avelli
744 3728 774 3768 se
797 3712 906 3771 lucinus
959 3710 1003 3782 9);
1019 3706 1069 3763 sed
1083 3707 1135 3763 sibi
1154 3723 1210 3762 non
1231 3705 1347 3762 moritur
1363 3723 1371 3760 ε
1387 3705 1450 3763 vide
1472 3722 1507 3763 ne
1522 3705 1581 3773 tibi,
1602 3713 1650 3763 aut
1672 3707 1760 3779 magis

102 3795 180 3868 passi
195 3802 271 3865 sunt,
287 3811 371 3868 quam
384 3798 420 3852 ab
435 3799 495 3869 ejus
513 3797 655 3856 charitate.
674 3799 748 3856 Nihil
761 3801 813 3867 sihi
827 3802 861 3859 de
875 3819 906 3861 se
960 3805 989 3854 tu
1002 3813 1037 3854 ne
1050 3795 1088 3853 illi
1103 3794 1246 3866 moriaris;
1262 3794 1385 3867 alioquin
1401 3811 1463 3867 quae
1481 3794 1585 3871 poterit
1604 3811 1666 3852 esse
1684 3810 1760 3852 mor-

102 3883 228 3950 retinuit,
254 3892 284 3939 ut
302 3884 378 3940 illum
405 3893 520 3942 teneret.
545 3888 611 3945 ldeo
629 3887 718 3945 dicit:
741 3891 837 3956 lanai,
855 3907 907 3948 nee
960 3885 1144 3953 wiveicum
1158 3893 1267 3941 mortuo
1281 3883 1416 3940 dilectio?
1431 3883 1557 3953 Quanam
1572 3899 1639 3955 ergo
1652 3883 1760 3941 ratione

102 3976 256 4032 omittam
270 3974 364 4032 ittam.
376 3973 460 4031 Plane
469 3974 540 4032 inter
551 3981 590 4030 tot
604 3983 793 4048 pervertentes
803 3984 830 4033 et
843 3992 906 4049 per·
960 3974 1076 4031 dilectus
1092 3989 1154 4030 esse
1169 3972 1287 4041 dicetur,
1303 3972 1473 4044 ubidilectio
1487 3988 1542 4030 non
1561 3974 1622 4030 esti
1635 3971 1665 4029 si
1678 3973 1760 4031 habi-

100 4071 252 4138 aequentes
267 4063 354 4120 tenuit
376 4071 498 4132 suenue,
514 4071 542 4122 et
559 4064 624 4121 dum
643 4064 725 4123 alhuc
740 4073 834 4124 tenera
848 4073 908 4125 erat
960 4069 1001 4120 tat
1014 4062 1140 4119 Christus
1156 4062 1186 4117 in
1207 4061 1291 4119 corde
1313 4068 1360 4118 tuo
1375 4078 1425 4136 per
1438 4060 1531 4129 fidem,
1552 4063 1603 4119 sed
1622 4059 1679 4120 88
1695 4061 1762 4119 ioris

105 4151 289 4210 mahaefidei
301 4160 380 4209 atas.
961 4158 1005 4210 est
1026 4169 1077 4225 per
1100 4151 1288 4221 dilectionem,
1312 4165 1420 4222 vereor,
1435 4151 1491 4209 imo
1509 4167 1608 4208 verum
1626 4157 1679 4219 est,
1699 4151 1763 4225 quia

142 4245 168 4298 t.
191 4243 288 4299 Donec
312 4241 495 4298 introducam
518 4242 652 4300 illumin
672 4241 786 4302 domam
803 4244 908 4302 matris
961 4241 1005 4299 vel
1026 4240 1155 4297 dimidius
1177 4240 1207 4296 in
1231 4247 1258 4297 te
1282 4246 1334 4308 est,
1360 4240 1404 4297 vel
1422 4248 1556 4297 mortuus.
1579 4243 1650 4310 Viuo,
1676 4239 1764 4312 inquit

105 4348 189 4388 meoe.
204 4331 266 4386 lam
277 4329 433 4387 introducta
446 4340 487 4388 est
501 4332 568 4388 fides
582 4333 718 4389 nostruin
734 4340 830 4389 tutum.
845 4333 907 4390 Non
961 4330 1072 4400 Paulus,
1083 4334 1148 4404 jam
1172 4346 1230 4388 non
1253 4331 1400 4403 opacabat
1424 4345 1487 4388 vero
1510 4331 1543 4388 in
1566 4346 1611 4389 ma
1636 4330 1765 4387 Christus

105 4428 150 4476 est
164 4418 214 4492 qni
228 4418 321 4490 palam
335 4418 476 4494 impugnet
490 4421 565 4477 illam
581 4436 587 4474 :
604 4422 652 4477 sed
662 4421 710 4494 qui
722 4422 831 4479 fucrant
844 4439 908 4495 per·
924 4391 947 4470 ⁰
965 4422 1070 4495 (Colat.
1085 4435 1116 4486 tr,
1136 4419 1191 4492 20),

106 4515 268 4582 sequentes,
283 4507 349 4564 iacti
362 4518 426 4565 sunt
439 4512 640 4584 obsequentem
650 4519 677 4567 et
691 4511 738 4584 qui
752 4519 909 4584 perverteu-
999 4512 1026 4564 6.
1042 4508 1122 4563 Potes
1136 4513 1163 4563 et
1179 4513 1207 4562 tu
1222 4504 1270 4561 tibi
1285 4504 1361 4562 vocis
1380 4504 1462 4573 huius
1476 4519 1556 4559 usum
1570 4519 1722 4570 assumere,
1738 4503 1763 4559 ai

106 4606 162 4665 tes,
189 4596 256 4654 iacti
285 4606 349 4654 sunt
371 4599 529 4670 dirigentes.
558 4602 620 4656 lam
644 4600 797 4657 introducta
811 4609 853 4658 est
876 4601 910 4658 de
965 4607 1132 4655 tamencum
1147 4596 1245 4652 eodem
1259 4593 1349 4650 dicere
1369 4598 1472 4662 potes:
1498 4593 1627 4650 Charitas
1640 4593 1693 4649 Dei
1708 4591 1765 4666 dif-

105 4702 211 4759 campo
223 4686 254 4742 in
267 4686 390 4755 domum,
406 4690 440 4745 de
458 4690 554 4762 pelago
568 4689 596 4745 in
611 4698 729 4762 portum.
743 4692 804 4747 lam
822 4691 850 4746 in
868 4691 909 4747 ia·
964 4689 1030 4758 [ma
1044 4688 1086 4740 est
1100 4685 1131 4739 itt
1145 4682 1275 4740 cordibus
1293 4682 1399 4739 nostra
1409 4694 1460 4754 per
1475 4679 1618 4753 Spiritum
1630 4688 1764 4740 sanctam

107 4792 206 4833 torem
219 4791 318 4835 versus
342 4785 385 4833 est
409 4779 632 4852 persequentium
645 4779 722 4837 luror
745 4780 907 4853 principum,
964 4775 1111 4848 guidotus
1126 4777 1166 4831 ast
1177 4771 1257 4829 nohis
1269 4771 1360 4844 (Rom.
1372 4786 1400 4840 v,
1411 4769 1450 4841 5).
1466 4768 1576 4831 Sedeat
1590 4770 1617 4826 in
1631 4770 1692 4826 aliis
1706 4773 1765 4828 haec

108 4875 137 4922 et
150 4875 272 4923 versuta
291 4866 485 4924 hereticorum
499 4869 696 4939 cavillationes,
720 4868 859 4927 catholicae
874 4868 909 4923 sr-
964 4863 1018 4920 vita
1032 4862 1179 4927 laboriosa,
1194 4860 1223 4916 in
1237 4859 1298 4916 aliis
1312 4859 1410 4926 libera,
1427 4867 1453 4915 et
1467 4859 1495 4914 in
1510 4859 1695 4932 spiritualibus
1709 4858 1765 4931 qui·

107 4955 153 5012 dei
166 4955 277 5013 sincera
289 4956 403 5014 ιειιιειε
416 4957 573 5031 redargutae
588 4959 731 5016 siluerunt.
746 4961 806 5015 lam
815 4967 910 5032 erepta
964 4961 1080 5018 busdam
1094 4959 1200 5016 deliciis
1216 4975 1311 5035 agens.
1324 4959 1404 5029 Quod
1418 4958 1442 5014 si
1456 4956 1546 5015 adhuc
1557 4957 1586 5012 in
1600 4956 1693 5013 carnis
1701 4956 1765 5025 jura

106 5054 151 5102 est
169 5043 243 5102 fides
257 5053 360 5114 nostra,
382 5054 492 5119 ereptus
515 5056 556 5104 est
575 5049 699 5106 Christus
714 5049 749 5104 de
768 5048 909 5106 contradi·
965 5058 1037 5107 totus
1052 5048 1182 5114 transisti,
1204 5056 1232 5104 et
1248 5047 1420 5121 principibus
1435 5047 1611 5104 tenebrarum
1625 5044 1655 5098 in
1674 5043 1765 5100 cordis

102 5134 249 5192 alicuibus
263 5135 367 5209 populi.
381 5137 443 5194 lam
457 5137 619 5195 constitutus
639 5147 681 5196 est
693 5138 723 5195 in
742 5146 824 5211 caput
842 5154 912 5212 gen·
965 5140 1004 5197 tui
1031 5154 1156 5196 recessus
1185 5137 1273 5196 tacitis
1301 5145 1329 5194 et
1357 5135 1499 5192 familiaris
1522 5133 1612 5191 aditus
1634 5139 1717 5204 patet,
1738 5143 1767 5191 et

103 5224 192 5295 tium,
206 5239 260 5281 nec
272 5224 379 5298 positus
393 5233 436 5283 est
449 5242 522 5283 nuno
538 5225 568 5282 in
583 5227 693 5300 siguum
707 5225 751 5283 cui
771 5225 911 5283 contradi-
965 5226 1113 5284 immundis
1143 5225 1312 5283 amatoribus
1340 5223 1460 5281 animam
1483 5230 1557 5277 tuam
1584 5219 1764 5293 prostitutam

104 5324 200 5372 catur.
215 5314 282 5372 Post
295 5321 336 5372 tot
358 5315 492 5373 dmudata
507 5323 657 5388 martyrum
670 5331 721 5391 pro
734 5314 788 5374 tide
812 5315 912 5373 Christi
966 5335 1027 5392 quae
1042 5317 1094 5373 erit
1108 5316 1159 5375 tibi
1181 5313 1326 5375 conventio
1349 5313 1457 5370 Christo
1472 5311 1508 5368 ad
1521 5309 1629 5370 Belial?
1643 5329 1704 5386 que
1718 5327 1765 5371 ao·

103 5402 278 5472 memmium
299 5411 446 5477 postquam
469 5413 509 5461 tot
531 5405 614 5479 tregit
632 5414 838 5480 persecutorum
856 5406 913 5463 vio·
966 5409 1052 5465 eietas
1066 5405 1120 5464 luci
1141 5407 1175 5462 ad
1190 5405 1341 5462 tenebras?
1356 5401 1385 5458 Si
1409 5414 1475 5459 vero
1499 5400 1614 5460 uitiiset
1631 5401 1758 5460 incentor

102 5493 467 5560 lantiaaethareticorum
490 5494 593 5553 retollit
605 5495 754 5568 ιειειιιιε)
768 5504 912 5570 postquam
966 5498 1093 5558 vitiorum
1105 5495 1226 5581 indixisti
1247 5510 1297 5568 pro
1311 5492 1412 5552 Christi
1436 5493 1570 5552 charitate
1593 5493 1766 5561 contlbtatnt
