3706 5962
59 178 117 238 497
605 177 713 238 dabir.
737 177 776 236 oti
797 175 937 236 Humana
955 177 1166 240 conotttottlt.
1662 174 1715 236 tte

54 302 106 360 ille
120 303 154 359 ad
167 317 249 374 quem
264 316 337 368 oras,
354 317 408 356 non
435 300 576 372 vilipendit
601 318 675 374 eam,
706 304 753 359 sed
782 312 861 360 ante·
881 318 904 396 st
921 301 991 359 enim
1015 304 1103 361 socius
1125 312 1177 370 est,
1199 319 1249 360 nec
1273 303 1376 358 deserit
1393 310 1533 374 sperantes
1555 304 1582 359 in
1602 319 1643 374 se,
1662 304 1717 361 nisi

58 410 146 464 quam
159 390 313 465 egrediatur
328 389 361 444 de
376 405 422 445 ore
449 398 504 456 tue,
526 392 584 461 ipse
605 393 686 447 scribi
713 408 771 447 eam
785 393 864 462 jubet
921 392 978 462 ipse
993 392 1065 461 prior
1088 394 1240 448 deseratur.
1260 389 1399 447 Deseritur
1419 398 1506 447 antem
1526 407 1588 448 oum
1603 407 1650 449 cor
1665 408 1718 464 per.

57 482 86 536 in
101 481 173 537 libro
188 495 248 534 sno.
278 479 312 533 Et
341 495 423 533 nuum
444 479 580 534 ednobus
600 480 784 536 indubitanter
799 495 864 551 spe·
919 495 1016 551 pravas
1031 491 1058 535 et
1072 480 1182 537 inutiles
1196 480 1375 552 cogitationes
1389 493 1458 552 vaga
1472 488 1561 536 menta
1574 480 1712 540 discurrit.

58 585 120 624 rare
135 568 278 632 debemus,
294 565 422 638 quoniam
442 573 488 621 ant
509 567 583 623 dabit
612 568 690 624 uobis
705 570 776 641 quod
791 569 866 641 peti·
919 569 1021 625 idcirco
1040 569 1114 624 omni
1139 568 1318 625 sollicitudine
1337 567 1505 635 etfcustodia
1527 568 1594 623 illud
1618 577 1713 626 custo-

59 673 133 725 mus,
159 666 206 712 ant
234 654 308 727 quod
336 654 415 709 nobis
440 656 548 710 noverit
566 672 625 710 esse
649 656 753 716 utilius.
770 657 863 728 Cogita
919 656 976 712 dire
998 666 1024 712 et
1046 666 1137 714 tenere
1159 659 1250 724 debes,
1275 665 1305 712 ut
1328 657 1355 711 in
1379 656 1425 713 illo
1448 656 1521 712 Deua
1543 657 1713 728 requiescere

60 746 154 816 itaque
168 746 203 799 de
217 745 275 799 Deo
290 742 420 814 quidquid
440 743 537 797 melius
552 754 637 814 potes,
653 751 680 799 et
694 745 728 800 de
743 753 768 799 te
782 745 865 817 quid·
919 746 1015 815 possit.
1031 747 1059 800 ln
1076 747 1148 802 omni
1163 762 1281 819 namque
1294 754 1416 802 creatura
1426 761 1487 816 quae
1497 746 1548 801 sub
1563 745 1621 801 sole
1636 761 1713 801 mun·

59 834 126 903 quid
143 833 264 888 deterius
284 831 368 887 voles.
394 833 432 885 De
447 831 493 887 illo
509 834 625 903 amplius
640 839 751 889 credere
765 835 861 898 debes,
918 833 946 888 di
957 834 1119 890 vanitatibus
1139 842 1296 906 occupatur,
1310 834 1376 889 nibil
1393 836 1511 889 humano
1526 835 1607 889 corde
1623 834 1711 890 subli-

59 937 146 993 qnam
160 921 285 995 cogitare
300 930 387 990 potes.
412 918 498 975 Omne
522 928 628 992 tempus
642 921 669 975 in
685 937 740 990 quo
758 923 792 977 de
807 923 864 978 Deo
919 922 997 988 mins,
1023 923 1089 978 nibil
1113 924 1241 988 nobilius,
1261 923 1330 977 nihil
1346 923 1404 977 Deo
1428 921 1543 977 similius
1566 921 1711 994 reperitur.

60 1027 114 1065 noo
133 1010 307 1080 cogitas‚ltoc
316 1017 341 1063 te
350 1017 490 1079 computes
500 1008 659 1076 perdidisse.
677 1010 771 1066 Omnis
780 1011 866 1082 siqui·
918 1011 1089 1083 Quapropter
1113 1012 1178 1066 nibil
1194 1013 1268 1067 atiud
1292 1010 1389 1084 quaerit
1410 1026 1428 1065 a
1448 1011 1542 1066 tenisi
1563 1026 1611 1067 cor
1624 1019 1711 1068 tuum.

58 1101 122 1154 dem
140 1115 186 1154 res
201 1097 288 1152 atiena
313 1106 354 1152 est
372 1097 482 1152 anobis
500 1116 505 1149 :
532 1106 639 1165 tempus
654 1106 741 1154 autem
761 1108 863 1155 tanturn
918 1101 1017 1154 biunde
1030 1116 1096 1170 ergo
1110 1099 1176 1155 illud
1194 1117 1239 1170 per
1259 1115 1354 1170 puram
1378 1097 1576 1154 contessionem
1595 1108 1622 1154 et
1641 1100 1712 1155 assi-

58 1193 186 1241 nostrum
204 1195 254 1241 est.
270 1186 342 1240 Vaca
367 1200 444 1256 ergo,
469 1194 495 1239 et
512 1186 664 1256 ubicunque
692 1187 785 1253 fueris,
803 1196 864 1243 tuus
918 1187 996 1242 duam
1012 1188 1169 1258 orationem,
1188 1199 1215 1243 ut
1228 1189 1331 1244 mundo
1347 1187 1428 1242 corde
1442 1187 1527 1242 Deum
1541 1186 1635 1243 videre
1650 1203 1712 1257 pos·

60 1289 129 1331 esto.
147 1275 210 1330 Noli
229 1281 254 1329 te
274 1273 485 1341 rebustradere,
514 1278 561 1328 sed
586 1278 770 1333 commodare.
787 1275 863 1344 Quo·
919 1277 955 1330 sis
974 1279 1191 1349 percontinuam
1215 1277 1265 1332 Dei
1285 1275 1566 1346 circumspectionem.
1586 1276 1616 1330 lu
1638 1275 1713 1332 omni

60 1380 170 1434 cunque
204 1363 264 1418 loeo
293 1361 428 1428 consistis,
458 1363 638 1434 cogitationes
662 1371 723 1420 tuas
749 1366 820 1435 jacta
837 1364 865 1420 in
920 1366 981 1421 loco
991 1376 1048 1421 esto
1062 1366 1086 1421 ei
1101 1366 1239 1436 subjectus
1254 1375 1281 1420 et
1296 1367 1424 1430 intentus,
1435 1370 1461 1420 et
1475 1379 1610 1435 compone
1621 1380 1711 1421 moros

60 1454 160 1518 Deum,
190 1461 217 1508 et
239 1450 340 1521 aliquid
361 1451 479 1505 salutare
506 1451 534 1505 iu
562 1452 651 1507 animo
686 1460 732 1509 tuo
774 1469 861 1510 versa.
921 1466 990 1520 tuos,
1005 1455 1082 1510 utsis
1105 1456 1131 1510 in
1150 1462 1175 1511 te
1199 1455 1329 1525 placatus.
1350 1454 1439 1530 Dilige
1462 1468 1557 1509 omnes
1578 1453 1712 1518 homines,

59 1540 159 1597 Omnis
191 1539 323 1610 siquidem
349 1538 424 1594 locus
451 1539 485 1592 ad
519 1541 701 1595 meditandum
728 1557 865 1614 congruus
920 1552 946 1597 et
961 1544 1086 1598 omnibus
1101 1550 1126 1598 te
1141 1543 1286 1599 amabilem
1301 1543 1409 1610 exhibe,
1430 1550 1460 1597 ut
1477 1527 1518 1597 sis
1532 1540 1671 1613 pacificus,
1687 1550 1715 1595 et

59 1640 112 1685 est.
917 1632 967 1686 Dei
982 1631 1065 1688 lilius.
1082 1631 1127 1688 Sic
1141 1633 1193 1687 eris
1208 1634 1296 1688 bonus
1311 1633 1468 1700 monachus,
1484 1639 1606 1699 sanctus,
1622 1629 1714 1685 bumi-

98 1719 146 1772 l9.
162 1717 230 1772 Tota
251 1730 317 1788 ergo
331 1714 459 1772 facultate
484 1718 603 1773 animum
623 1718 764 1789 colligens,
780 1719 863 1777 libere
919 1719 951 1776 tis
965 1728 990 1776 et
1004 1730 1095 1776 rectus
1112 1738 1118 1777 :
1135 1731 1237 1775 etcum
1253 1719 1312 1774 talis
1327 1719 1422 1784 fueris,
1445 1727 1579 1774 memento
1594 1718 1658 1772 mei.

58 1816 152 1862 tecum
167 1804 269 1872 habita,
284 1813 311 1859 et
326 1805 350 1857 in
366 1804 507 1860 latitudine
516 1805 607 1862 cordis
621 1806 658 1862 tui
672 1809 860 1878 deambulans,
954 1811 999 1863 tl.
1016 1810 1062 1863 Vae
1085 1808 1150 1863 mihi
1164 1810 1211 1879 qui
1227 1808 1279 1863 ista
1297 1808 1370 1877 dieo,
1385 1815 1413 1861 et
1432 1806 1482 1861 ista
1503 1821 1557 1862 non
1572 1805 1641 1862 lacio
1659 1821 1665 1860 :
1688 1812 1715 1860 et

57 1895 161 1950 ibidem
177 1891 351 1949 coenaculum
371 1893 474 1962 grande
489 1901 600 1950 stratum
624 1897 729 1953 Christo
756 1898 861 1953 exhibe.
919 1896 941 1950 si
957 1895 1100 1968 aliquando
1116 1895 1193 1963 lacio,
1211 1911 1266 1951 non
1282 1895 1328 1950 diu
1343 1910 1495 1965 persevero.
1516 1895 1570 1949 ista
1585 1893 1673 1948 babeo
1687 1893 1714 1947 in

58 1986 140 2040 biens
158 1998 276 2053 namque
296 1981 424 2052 sapientis
448 1998 554 2053 semper
566 1994 606 2039 est
620 1986 692 2056 apud
709 1987 805 2042 Deum.
827 1988 864 2042 ll-
920 1985 1057 2050 memoria,
1080 1991 1106 2038 et
1120 1999 1175 2038 non
1189 1999 1267 2039 servo
1290 1984 1318 2036 in
1333 1983 1387 2040 vita
1412 2001 1419 2035 ε
1437 1981 1522 2038 babeo
1537 1982 1565 2037 in
1579 1983 1715 2037 sermoni-

58 2075 116 2128 lum
128 2087 237 2142 semper
250 2067 337 2126 ΜΒ
353 2079 414 2124 aute
430 2071 524 2126 oculos
543 2074 643 2128 trabere
658 2074 797 2142 debemus,
815 2093 865 2148 per
919 2075 979 2137 bus,
1003 2080 1030 2127 et
1044 2087 1098 2126 non
1120 2074 1146 2127 in
1162 2072 1292 2129 moribus.
1315 2073 1412 2142 Legem
1427 2072 1454 2126 in
1476 2071 1558 2127 corde
1584 2077 1611 2126 et
1625 2071 1653 2126 in
1668 2085 1716 2127 ora

57 2177 143 2233 quern
158 2175 262 2223 sumus,
277 2159 389 2214 vivimus
416 2167 441 2214 et
469 2160 601 2229 sapimus,
627 2162 716 2231 lpsrnrr
738 2180 863 2235 namque,
919 2169 972 2216 tota
992 2162 1036 2216 die
1053 2162 1168 2227 rurnino,
1184 2167 1210 2215 et
1227 2161 1361 2217 contraria
1373 2162 1431 2232 legi
1447 2176 1509 2231 ago.
1529 2161 1603 2233 Lego
1621 2160 1654 2215 de
1668 2175 1714 2214 re-

58 2259 90 2306 nt
105 2264 240 2311 essemus,
258 2248 387 2303 babemus
402 2256 556 2303 auctorem:
575 2249 663 2318 ipsum
674 2250 757 2306 etiam
771 2261 800 2307 ut
816 2270 864 2309 sa·
919 2251 1017 2322 ligione
1031 2251 1058 2304 in
1073 2266 1114 2320 ea,
1130 2261 1156 2304 et
1171 2250 1230 2318 plus
1250 2249 1333 2319 diligo
1352 2249 1497 2305 lectionem
1512 2263 1594 2320 quam
1610 2247 1713 2302 oratio·

59 2338 170 2408 pientes
198 2337 294 2401 simns,
323 2336 452 2391 debemus
480 2338 578 2392 habere
600 2338 748 2404 doctorem,
782 2350 808 2396 et
836 2350 865 2399 nt
919 2355 989 2394 nem.
1006 2339 1194 2393 Verumtamen
1207 2337 1272 2391 nibil
1292 2337 1366 2391 aliud
1380 2352 1424 2391 me
1438 2335 1517 2390 docet
1535 2335 1624 2392 divina
1639 2333 1714 2389 Scri-

58 2425 248 2489 beatisimus,
264 2425 711 2498 innrnaesuavitatislargitorem.
727 2428 796 2483 Etin
812 2431 864 2486 boc
918 2435 1007 2497 plura,
1033 2426 1085 2480 nisi
1113 2425 1270 2497 religionem
1298 2440 1398 2489 amare,
1430 2424 1561 2478 unitatem
1593 2437 1715 2489 servitte,

58 2515 211 2587 imaginem
226 2513 294 2581 ejus,
311 2514 362 2568 boc
386 2522 428 2568 est
449 2514 521 2569 illius
537 2531 649 2570 summae
672 2516 821 2583 Trinitatis,
837 2519 864 2574 in
918 2514 1074 2570 charitatem
1090 2514 1199 2570 habere.
1217 2514 1275 2582 Ego
1290 2520 1378 2567 autem
1394 2512 1477 2567 miser
1498 2520 1524 2564 et
1538 2509 1712 2574 miserabilis,

57 2604 144 2659 uobis
157 2602 357 2673 cognoscimus.
385 2602 452 2655 Nam
469 2603 539 2657 siout
567 2602 674 2672 illeest,
704 2612 729 2659 et
755 2606 863 2677 sapiens
918 2601 1137 2657 eitiuscurroad
1158 2600 1312 2661 lectionem,
1335 2615 1418 2670 quam
1439 2598 1660 2654 adorationem:
1683 2596 1715 2652 li·

58 2700 115 2757 est,
134 2692 261 2747 etbonus
285 2695 342 2760 est3
368 2691 406 2744 sic
429 2692 708 2761 etnospromodnlo
731 2703 865 2751 nostroet
919 2691 1100 2746 bentiusvolo
1121 2690 1221 2762 legere,
1250 2703 1329 2760 quarn
1355 2690 1450 2743 blissas
1470 2686 1633 2742 auscultare.
1658 2687 1714 2741 Err-

59 2796 168 2843 sumus,
183 2789 209 2833 et
224 2793 272 2833 nos
286 2794 346 2834 esse
359 2779 472 2849 scimus,
488 2788 514 2834 et
529 2779 555 2833 id
570 2796 629 2836 asse
644 2788 670 2836 et
688 2797 770 2837 nosse
798 2783 863 2837 dili·
918 2788 1021 2846 spectat
1044 2793 1086 2832 me
1106 2777 1203 2848 aliquis
1226 2778 1320 2833 volens
1342 2776 1376 2831 de
1397 2775 1557 2832 necessitate
1577 2790 1625 2829 sua
1646 2772 1713 2828 mibi

59 2870 162 2942 gimus.
190 2867 272 2922 Utere
286 2868 371 2940 igitur
387 2868 485 2938 teipso
506 2870 578 2922 velut
605 2871 653 2924 Dei
675 2871 786 2942 templo,
802 2888 865 2943 pro·
880 2869 902 2946 c
917 2866 1008 2938 loqui3
1023 2882 1074 2938 ego
1097 2881 1162 2922 vero
1177 2864 1274 2920 librum
1299 2865 1414 2934 aliquem
1436 2862 1550 2933 accipio,
1573 2877 1652 2933 quem
1668 2861 1714 2917 ille

59 2969 123 3027 pter
139 2957 203 3010 illud
225 2955 297 3025 quod
312 2955 337 3009 in
351 2964 428 3011 teest
438 2956 524 3011 simile
539 2959 605 3014 Deo.
623 2959 714 3013 llonor
730 2959 862 3029 siquidem
919 2959 959 3010 vel
975 2955 1020 3009 ille
1039 2956 1119 3010 vellet
1134 2955 1240 3012 babere.
1258 2957 1332 3024 Lego
1346 2954 1373 3008 in
1389 2968 1431 3019 eo,
1447 2959 1475 3008 et
1488 2952 1605 3025 legendo
1619 2952 1713 3007 amitto

61 3047 122 3102 Deo
133 3060 253 3100 summus
268 3050 319 3109 est,
331 3044 405 3098 illum
416 3046 537 3100 venerari
554 3055 580 3100 et
595 3045 702 3101 imitari.
737 3049 862 3114 lmitnris,
918 3044 1020 3099 lructus
1050 3043 1191 3099 charitatis
1213 3042 1319 3114 pietatis
1347 3040 1468 3108 allectas,
1498 3039 1713 3110 compunctionis

58 3135 81 3189 si
97 3134 162 3205 pins
176 3148 216 3188 ee.
247 3133 387 3203 Templum
413 3134 483 3186 enim
498 3141 619 3190 sanctum
638 3144 679 3190 est
702 3138 759 3192 [teo
787 3154 864 3192 mens
918 3134 1005 3193 lletus.
1029 3133 1171 3186 blissarnm
1188 3132 1338 3198 utilitatem,
1363 3130 1514 3186 coelestium
1539 3128 1710 3199 contempla-

59 3225 116 3293 pizr,
133 3232 161 3278 tt
175 3222 259 3275 altare
273 3221 404 3291 optimum
421 3237 468 3276 cor
482 3223 551 3290 ejus.
568 3225 721 3288 veneraris,
738 3225 761 3279 si
778 3227 862 3280 mise·
917 3224 1027 3278 tionem.
1051 3223 1094 3276 Nil
1119 3230 1209 3275 tamen
1230 3224 1256 3276 in
1271 3221 1321 3274 hnc
1339 3222 1395 3277 vita
1415 3219 1521 3275 dulcius
1534 3219 1658 3290 sentitur,
1675 3216 1712 3275 nil

59 3312 198 3375 riennes,
214 3310 282 3365 sicut
305 3310 363 3377 ipse
382 3310 510 3367 omnibns
533 3311 688 3368 misericors
702 3321 753 3368 est.
770 3315 862 3370 Hostia
916 3313 1023 3368 avidius
1038 3313 1158 3377 sumitur,
1174 3311 1210 3366 nil
1225 3310 1261 3366 lta
1272 3317 1390 3365 mentem
1404 3310 1438 3364 ab
1452 3324 1545 3364 amore
1558 3308 1652 3363 mundi
1667 3321 1711 3361 ae-

59 3399 196 3472 siquidem
212 3399 385 3468 acceptabilis
403 3407 444 3453 est
458 3400 525 3468 Deo,
541 3400 629 3456 iacere
648 3403 748 3456 bonum
771 3405 861 3458 omni·
916 3410 1003 3472 parat,
1023 3400 1060 3455 nil
1084 3400 1123 3456 sic
1145 3400 1260 3455 animam
1285 3406 1379 3455 contra
1400 3398 1562 3453 tentationes
1589 3399 1709 3461 roborat,

61 3489 116 3545 bns
130 3503 181 3558 pro
191 3486 260 3541 Deo.
271 3485 324 3542 Fac
339 3488 427 3542 omnia
442 3488 510 3543 sicut
533 3488 616 3542 Filius
631 3489 689 3554 Dei,
720 3499 749 3545 nt
764 3490 863 3561 dignus
917 3491 953 3545 nil
973 3489 1106 3545 bominem
1130 3488 1167 3543 ita
1189 3488 1286 3542 excitat
1300 3495 1326 3541 et
1348 3487 1458 3556 adjuvat
1480 3489 1514 3540 ad
1537 3500 1617 3541 omne
1640 3498 1711 3554 opus

58 3580 99 3633 sis
117 3591 152 3632 eo
163 3575 209 3647 qni
230 3581 255 3630 tc
271 3576 397 3639 dignatus
413 3583 455 3631 est
469 3576 552 3631 filium
569 3592 675 3632 vocare.
693 3579 721 3633 ln
736 3581 862 3636 omnibus
915 3580 1026 3642 bonum,
1042 3583 1070 3631 et
1081 3575 1115 3630 ad
1125 3591 1236 3650 pmrrem
1251 3575 1379 3643 laborem,
1394 3589 1475 3647 quam
1488 3571 1575 3644 gratia
1589 3577 1710 3626 contem·

57 3679 127 3721 vero
137 3679 200 3735 quae
213 3664 284 3737 agis,
294 3665 381 3719 Deum
392 3682 452 3719 esse
463 3684 486 3735 pr
495 3675 623 3722 restantem
634 3682 778 3736 cognosce.
788 3670 862 3724 Cave
915 3665 1055 3738 piationis.

57 3768 178 3825 ergone
192 3752 220 3806 in
234 3768 267 3807 eo
281 3755 351 3823 qnod
381 3752 589 3823 maledelrctat,
620 3756 660 3809 v··l
677 3755 744 3811 visio
760 3764 805 3810 tua
820 3758 860 3812 val
1156 3751 1245 3810 829
1263 3751 1376 3810 CAPUT
1395 3752 1465 3809 Vlll.

57 3842 191 3915 cogitatio
206 3848 250 3894 tua
265 3849 413 3896 remoretur
429 3860 435 3895 z
452 3858 500 3897 nec
517 3842 589 3898 dieas
611 3851 658 3899 aut
683 3843 766 3899 fretas
788 3847 861 3916 quod
914 3849 951 3903 De
962 3844 1330 3916 irtcertresenneptipentioe
1344 3843 1571 3902 interprendere
1585 3842 1707 3898 detesta-

58 3947 116 3985 non
130 3929 205 3995 licet,
233 3928 315 3984 etiam
334 3929 462 3985 silibet:
480 3947 528 3985 nec
551 3930 639 4002 aliquo
659 3933 731 3988 laeto
746 3934 786 3989 vel
820 3935 860 3989 si·
1268 3935 1353 3990 tione.

58 4033 116 4093 gno
126 4019 216 4073 [teum
231 4016 361 4085 olirndas,
376 4020 421 4089 qui
441 4018 542 4089 ubique
557 4035 677 4089 praesens
687 4022 772 4077 cernit
785 4022 861 4092 quid·
952 4029 995 4079 tt.
1017 4023 1145 4079 Miserere
1160 4023 1223 4090 mei,
1240 4023 1322 4092 Deus,
1337 4023 1464 4095 quoniam
1480 4021 1517 4077 ibi
1535 4021 1596 4093 plus
1615 4035 1709 4092 pecco,

58 4109 123 4178 quid
138 4106 214 4161 iacis.
233 4107 329 4178 lingna
343 4107 468 4161 custodia
483 4107 532 4162 tibi
551 4109 701 4164 necessaria
716 4114 767 4178 est,
793 4127 860 4181 qno·
878 4144 901 4221 n
918 4113 961 4166 ubi
986 4124 1096 4182 peccata
1120 4127 1180 4168 mea
1203 4112 1345 4185 emendare
1368 4113 1464 4168 debeo.
1489 4112 1518 4166 ln
1547 4110 1711 4166 monasterio

57 4196 133 4251 niam
148 4198 210 4250 ante
225 4196 319 4250 oculos
331 4195 432 4250 tudinis
445 4195 511 4250 vivis
527 4200 773 4254 cunctacemcutis.
794 4201 862 4254 Cum
918 4218 1031 4270 namque
1044 4217 1117 4271 saepe
1132 4201 1194 4255 dum
1210 4215 1268 4266 oro,
1289 4215 1342 4255 non
1357 4200 1466 4255 attendo
1481 4199 1554 4271 quod
1569 4200 1639 4256 dico.
1655 4200 1711 4262 Oro

57 4285 108 4339 illo
123 4291 213 4338 tamen
229 4291 339 4354 semper
353 4299 383 4337 es
399 4300 519 4350 securus,
538 4285 559 4338 si
575 4287 652 4340 talem
669 4295 694 4341 te
723 4303 861 4359 praepara·
916 4291 1027 4362 quidem
1042 4305 1097 4353 ore,
1113 4290 1160 4344 sed
1176 4296 1265 4343 mente
1280 4289 1344 4344 ioris
1359 4295 1486 4361 vagante,
1502 4286 1634 4342 orationis
1649 4286 1708 4343 lrn·

56 4372 142 4437 veris,
164 4380 193 4425 ut
208 4377 295 4427 tecrnn
310 4372 405 4427 adesse
421 4373 553 4444 dignetur.
584 4375 611 4429 Si
636 4383 722 4429 tecum
741 4392 793 4431 nou
822 4385 863 4432 est
916 4391 961 4434 ctu
976 4379 1076 4448 privor.
1101 4377 1221 4445 Corpore
1243 4392 1302 4431 sum
1320 4374 1507 4442 interius,sed
1529 4374 1610 4430 corde
1630 4386 1709 4432 exte-

58 4479 109 4530 per
124 4459 249 4532 gratiam,
262 4460 337 4516 adest
353 4461 565 4531 pervindictam.
586 4462 639 4517 Sed
656 4479 694 4517 vac
710 4464 768 4528 tibi,
784 4465 805 4519 si
825 4465 863 4521 ita
917 4469 992 4522 rius:
1011 4476 1037 4521 et
1051 4466 1112 4521 ideo
1128 4465 1212 4534 perdo
1229 4467 1299 4535 quod
1316 4464 1386 4519 dico.
1403 4466 1499 4519 Parnm
1516 4464 1589 4518 euim
1602 4463 1711 4532 prodest

61 4561 152 4605 tecam
168 4555 218 4605 est.
239 4549 296 4604 lrno
320 4564 362 4604 vae
378 4550 436 4619 tibi,
462 4551 483 4604 si
498 4551 534 4604 ita
549 4559 634 4606 tecum
651 4568 705 4607 nnn
720 4553 805 4607 adest.
824 4554 863 4609 lili
916 4558 975 4611 sola
990 4571 1055 4612 voce
1077 4566 1186 4609 cantare
1208 4552 1266 4606 sine
1286 4551 1376 4607 cordis
1391 4552 1548 4607 intentione.
1566 4552 1712 4623 Propterea

61 4652 183 4708 namque
195 4636 320 4693 irascitur
333 4639 416 4701 Deus,
431 4655 510 4709 quem
527 4648 684 4711 peccantem
701 4656 753 4696 non
770 4640 862 4713 tingel-
918 4661 1015 4716 magna
1036 4643 1206 4715 perversitas,
1229 4642 1284 4697 imo
1298 4655 1398 4713 magna
1411 4639 1517 4695 insania
1536 4647 1586 4709 est,
1603 4640 1712 4712 quando

61 4729 123 4794 lat,
145 4741 206 4809 nam
230 4742 309 4798 quem
327 4726 489 4799 llagellnndo
505 4745 559 4782 non
575 4729 711 4796 emendat,
727 4729 755 4784 in
772 4730 861 4788 lutuno
916 4749 977 4789 eum
992 4732 1104 4786 domino
1118 4729 1264 4800 majestatis
1285 4729 1358 4802 loqui
1374 4729 1401 4785 in
1421 4729 1546 4784 oratione
1569 4727 1712 4800 praesnmi·

58 4817 183 4870 damnal-
916 4839 988 4886 mus,
1013 4828 1040 4877 et
1067 4821 1193 4876 insensati
1216 4833 1311 4876 aurem
1338 4818 1496 4886 avertimus,
1507 4827 1534 4876 et
1557 4819 1591 4874 ad
1619 4818 1711 4896 nescio

250 4913 252 4918 '
365 4905 476 4962 CAPUT
490 4907 547 4962 Vll.
639 4961 642 4967 ,
918 4927 985 4983 quas
997 4910 1110 4979 ineptias
1125 4912 1308 4966 convertimus
1323 4925 1380 4966 cor.
1397 4909 1494 4980 Magna
1514 4923 1621 4981 quoqne
1635 4907 1711 4961 insa-

153 4994 189 5048 ile
204 4992 333 5051 custodio
358 4994 461 5064 coritis,
477 4999 505 5050 ct
518 4996 610 5053 studio
625 5000 771 5056 orationis.
918 5001 973 5070 nia,
988 5008 1014 5055 et
1028 5000 1146 5071 graviter
1156 4999 1327 5066 vindicanda,
1341 5016 1404 5056 curn
1414 4998 1562 5056 vilissimus
1576 4995 1664 5068 pulvis
1675 4996 1714 5050 lo·

98 5084 143 5135 2⁰.
174 5082 282 5137 Certum
306 5084 488 5154 estquonirm
515 5102 588 5139 mors
621 5087 719 5156 ubique
746 5087 863 5144 minatur
918 5096 1043 5162 quantem
1059 5091 1090 5142 ad
1107 5105 1137 5145 se
1150 5088 1244 5143 audire
1256 5087 1416 5160 dedignatur
1427 5087 1582 5143 Creatorem
1599 5085 1713 5141 unirer·

61 5169 122 5224 tibi.
145 5169 275 5226 Diabolus
309 5171 457 5234 insidiatur,
487 5182 516 5229 ut
541 5175 626 5245 rapiat
648 5176 864 5245 auimnmtnam,
918 5180 1014 5236 sitatis.
1032 5179 1177 5236 ineffabilis
1192 5193 1258 5234 vero
1273 5186 1313 5233 est
1327 5178 1447 5252 dignatio
1462 5177 1559 5232 divinae
1574 5174 1712 5245 bonitatis,

58 5259 171 5330 qnando
185 5260 340 5330 egredietur
354 5263 534 5334 decerpere:
560 5274 586 5319 tu
604 5279 666 5319 vero
689 5266 743 5319 noli
759 5267 863 5332 timere,
920 5286 979 5340 qne
1002 5268 1121 5341 quotidie
1134 5266 1267 5339 conspicit
1287 5281 1337 5321 nos
1356 5265 1479 5321 infelices
1494 5281 1575 5322 aures
1591 5275 1714 5323 averten-

58 5349 191 5419 qnoniam
206 5350 282 5404 Deras
297 5350 342 5422 qui
362 5354 388 5406 in
405 5360 430 5407 te
445 5353 545 5407 habitat
559 5353 592 5411 (si
624 5355 754 5409 tamenin
777 5357 866 5411 teba·
921 5368 971 5427 tos,
987 5359 1151 5413 obdurantes
1164 5356 1256 5420 corda,
1274 5363 1302 5410 et
1315 5353 1492 5411 nibilominus
1506 5357 1715 5412 clamatadnos

58 5438 142 5509 bitat]
165 5437 260 5508 eripiet
283 5447 316 5506 te,
335 5449 361 5496 et
384 5457 400 5496 a
421 5449 516 5511 morte,
538 5452 593 5498 eta
613 5444 746 5511 demone.
768 5445 866 5502 Fidelis
920 5450 1025 5506 dicens:
1038 5447 1143 5511 Redite,
1154 5443 1398 5518 prevaricatores,
1408 5444 1446 5504 od
1454 5461 1503 5504 cor
1512 5445 1579 5515 (len,
1590 5459 1664 5515 xnvr,
1677 5447 1713 5515 8).
