3706 5962
164 214 233 276 nar
732 207 830 270 uuna
850 210 891 269 uu
913 208 1004 269 uouo
1024 206 1107 271 aare
1127 207 1271 271 ruram
1749 213 1807 275 aaa

162 350 243 398 tatem
258 338 321 395 tecit
335 345 362 393 et
382 334 455 392 iacit.
470 334 545 405 Quos
560 336 684 408 voluptas
698 350 826 408 superare
841 352 894 391 non
911 350 957 407 po·
974 352 998 431 Α
1015 335 1095 401 derit,
1110 333 1287 391 meditetnrin
1301 342 1390 402 nocte,
1405 343 1431 392 et
1459 344 1488 392 ut
1515 350 1610 393 recens
1630 336 1705 394 visio
1718 352 1807 408 corpo·

162 431 222 498 tuit,
238 426 380 484 assiduitas
391 433 511 497 superat.
536 424 634 496 Dispar
662 441 740 480 sexus
754 424 782 479 in
800 441 882 480 arnum
901 426 960 481 col·
1016 423 1052 478 ris
1065 422 1196 494 inspectio
1210 422 1316 479 assidue
1339 433 1465 480 versetur
1478 424 1506 479 in
1524 425 1628 481 animo.
1659 424 1708 483 Sic
1736 427 1808 483 intra

162 516 265 576 locatus
280 516 341 570 illuc
357 522 486 587 provocat
496 513 650 570 instinctum
675 513 773 579 carnis,
799 530 853 585 quo
868 514 957 570 nasei·
1011 512 1109 584 sagitta
1122 510 1228 566 Satanae
1245 526 1292 582 per
1303 511 1402 580 januas
1425 511 1568 568 oculorum
1582 529 1675 584 nsque
1700 513 1738 568 ad
1753 518 1807 572 ani·

162 614 214 664 tur.
236 604 325 660 Etiam
348 601 478 658 naturalis
503 602 611 656 tlamma
633 601 722 657 carnis
745 601 911 672 accenditur,
935 607 961 660 si
1012 615 1096 655 inum.
1113 599 1190 656 Unde
1205 600 1354 672 propbeta:
1369 601 1696 675 latravitmors,inquit‚
1711 608 1808 675 perte·

162 694 254 750 illicita
269 691 384 764 attingit.
415 690 462 745 Vir
480 701 506 747 et
534 690 634 746 lamina
654 690 752 747 diversi
767 699 830 745 sunt
852 704 901 761 per
914 704 959 745 na·
1012 693 1122 746 rrertrcr
1137 693 1256 757 uestram
1272 692 1448 761 inpressisset
1459 691 1552 748 domos
1567 694 1678 748 vestras
1699 692 1808 764 (terem.

162 794 267 840 turam:
282 781 365 854 quisi
393 780 420 835 iu
447 796 533 835 unum
548 780 648 835 tuerint
675 779 809 846 collocati,
834 778 958 850 quamvis
1012 790 1052 842 ιι,
1068 778 1125 845 21).
1140 777 1198 833 Non
1218 776 1297 834 intrat
1311 777 1407 849 sagitta
1421 776 1520 835 diaboli
1540 779 1574 834 ad
1589 779 1727 837 interiora
1741 798 1809 837 men·

162 887 216 926 uon
229 881 349 940 peccent,
362 877 450 923 tamen
462 883 510 938 per
524 884 602 922 usum
619 869 687 923 inter
706 883 734 923 se
747 867 844 924 maiam
858 867 957 922 tamam
1014 864 1059 932 tis,
1077 864 1129 920 nisi
1143 881 1302 935 persensus
1326 866 1457 936 corporis.
1474 867 1558 923 Soror
1572 869 1600 922 in
1619 867 1733 925 Christo
1747 871 1808 926 dile-

163 959 293 1015 nutriunt.
1011 961 1055 1010 cta
1070 952 1146 1020 milri,
1173 954 1279 1008 amandi
1300 962 1363 1009 sunt
1376 954 1437 1022 viri,
1454 955 1501 1010 sed
1525 956 1684 1013 absentes:
1706 961 1810 1015 amandi

197 1050 260 1103 tit.
280 1045 346 1114 Quis
366 1045 505 1118 colligabit
523 1045 612 1116 iguem
638 1043 665 1098 in
693 1043 754 1099 sinu
769 1058 829 1114 suo,
850 1052 877 1100 et
903 1058 957 1099 non
1012 1051 1075 1100 snut
1089 1042 1224 1113 homines,
1248 1059 1303 1100 non
1326 1045 1407 1111 intus,
1431 1046 1480 1102 sed
1496 1045 1579 1103 toris:
1595 1046 1718 1120 diligere
1732 1049 1811 1107 debe·

161 1134 360 1193 comburetur?
372 1135 463 1206 (Pron.
479 1132 718 1208 v1,2‘l.)lgniset
739 1142 815 1203 stupa
831 1133 859 1188 in
873 1149 957 1189 unum
1012 1148 1074 1187 mus
1089 1132 1212 1189 homines
1230 1133 1257 1187 in
1281 1134 1381 1201 animo,
1410 1134 1527 1190 sednon
1553 1134 1581 1190 in
1603 1137 1692 1195 domo
1711 1156 1720 1192 ι
1736 1138 1812 1211 dilige

163 1225 248 1296 posita
262 1225 383 1280 flammas
407 1222 537 1279 nutriunt.
553 1220 715 1293 Quanquam
743 1220 796 1276 sint
813 1223 956 1292 contraria,
1011 1221 1134 1277 homines
1150 1221 1176 1275 in
1191 1231 1289 1289 mente,
1311 1223 1386 1278 seda
1399 1223 1480 1295 longe
1498 1241 1504 1277 :
1525 1224 1661 1297 diligendi
1676 1235 1745 1283 sunt
1757 1229 1812 1295 riri,

162 1315 187 1371 si
200 1316 228 1370 in
243 1330 327 1370 unum
343 1312 442 1368 tuerint
456 1313 596 1379 collocata,
610 1311 733 1366 tlammas
746 1318 893 1383 generant:
919 1310 959 1366 ita
1012 1310 1076 1381 quia
1089 1319 1151 1365 sunt
1166 1324 1235 1381 opus
1245 1311 1304 1379 Dei,
1320 1311 1367 1368 sad
1380 1320 1456 1368 extra
1468 1313 1601 1373 domum:
1622 1317 1738 1372 amandi
1757 1326 1813 1373 sunt

161 1405 202 1458 vir
221 1412 249 1459 et
266 1403 377 1473 lamina,
391 1401 414 1457 ai
429 1403 456 1457 in
471 1417 553 1458 unum
564 1399 665 1457 fuerint
679 1399 772 1470 positi,
786 1399 850 1455 licet
860 1399 957 1454 malum
1011 1398 1061 1454 viri
1080 1415 1134 1455 non
1150 1408 1256 1469 propter
1272 1400 1496 1472 pulchritudinem
1518 1404 1656 1476 corporis,
1673 1405 1726 1461 sed
1754 1408 1812 1479 quia

162 1494 338 1559 nontaciunt,
356 1500 443 1548 tamen
457 1506 506 1562 per
530 1488 713 1545 assiduitatem
725 1488 794 1544 inter
816 1487 957 1543 semelem
1012 1494 1076 1543 suut
1090 1503 1159 1559 opus
1172 1488 1320 1545 Crantoris.
1347 1491 1455 1556 lterum,
1479 1505 1560 1550 soror
1586 1494 1767 1561 venerabilis,
1791 1506 1813 1552 te

161 1582 263 1637 lamam
281 1580 415 1646 nutriunt,
431 1587 459 1634 at
477 1579 544 1635 alios
559 1578 592 1634 de
607 1593 637 1633 se
652 1591 824 1634 murmurare
844 1576 957 1634 iaciunt.
1011 1589 1120 1638 moneo,
1137 1583 1165 1632 ut
1181 1590 1318 1647 uunquam
1334 1575 1454 1648 loquaris
1468 1576 1525 1634 sola
1541 1594 1605 1635 oum
1619 1581 1693 1637 solo.
1721 1582 1812 1638 Nullus

163 1670 317 1744 Religiosus
333 1669 373 1724 sir
393 1677 420 1725 et
435 1667 643 1725 sanctimonialis
665 1666 764 1722 semina
778 1665 801 1721 ai
820 1666 955 1721 immode-
973 1624 995 1702 Β
1010 1663 1134 1734 loquatur
1162 1673 1251 1720 tecum
1265 1664 1439 1737 singulariter
1451 1685 1458 1724 ι
1470 1681 1520 1723 nec
1533 1675 1561 1723 tu
1580 1677 1686 1738 praeter
1700 1669 1810 1727 duarum

163 1769 218 1814 rata
232 1757 434 1828 conjunguntur
462 1756 522 1821 sibi,
538 1755 597 1810 aliis
626 1755 660 1810 de
675 1770 704 1808 se
719 1754 808 1810 locum
836 1752 957 1824 praebant
1011 1758 1057 1806 aut
1073 1751 1153 1807 trium
1181 1753 1364 1810 testimonium
1394 1753 1515 1826 loquaris
1535 1773 1597 1813 cum
1620 1756 1728 1831 aliquo.
1757 1759 1811 1816 Non

163 1846 359 1901 murmurandi.
373 1844 459 1899 Sexus
477 1844 570 1899 viriet
591 1842 700 1897 teminae
715 1842 839 1896 diversus
854 1851 908 1906 est,
933 1850 960 1896 et
1013 1837 1093 1895 debet
1106 1855 1206 1910 sponsa
1225 1840 1325 1897 Christi
1340 1843 1398 1900 sola
1421 1859 1483 1899 eum
1502 1845 1561 1901 solo
1575 1846 1664 1919 loqui,
1680 1848 1736 1904 nisi
1755 1866 1811 1906 cnm

163 1935 224 1991 ideo
241 1934 302 1988 siin
317 1948 402 1987 unum
416 1933 627 2002 conjunguntur,
646 1928 735 1984 statim
764 1928 827 1985 inde
851 1928 958 1985 occasio
1013 1942 1062 1983 suo
1072 1928 1212 2000 magistro,
1227 1945 1290 1987 cum
1307 1931 1364 2003 agit
1377 1932 1561 2002 paenitentiam
1579 1934 1616 1991 de
1641 1935 1702 1992 suis
1717 1950 1810 2009 peom-

163 2021 291 2088 peccandi
310 2020 440 2076 nascitur.
460 2018 532 2087 Quid
556 2033 623 2092 ergo
648 2017 676 2072 in
702 2032 787 2073 unum
810 2015 873 2072 tacit
888 2016 959 2089 ignia
1013 2015 1057 2072 tis.
1075 2016 1289 2073 sanctimonialis
1306 2017 1405 2075 lemine
1420 2035 1480 2090 quae
1500 2022 1640 2080 curarim
1655 2023 1719 2080 sola
1742 2024 1812 2098 loqui

163 2109 308 2179 etstupa?
332 2124 381 2164 our
407 2121 520 2179 serpens
546 2105 697 2161 collocatur
725 2105 751 2159 in
777 2103 862 2160 sinui
877 2120 960 2176 quare
1014 2104 1158 2171 desiderat,
1175 2107 1330 2162 stultitiam
1354 2109 1515 2178 menteejus
1539 2120 1647 2182 regnat
1665 2113 1740 2169 Audi
1763 2115 1812 2187 igi·

163 2197 234 2272 ignis
249 2198 396 2254 collocatur
423 2196 451 2250 in
475 2193 657 2252 uestimento?
672 2192 762 2263 Quare
786 2192 885 2250 femina
899 2210 960 2266 quae
1013 2202 1066 2261 tur,
1082 2194 1181 2250 dilecta
1196 2195 1271 2264 milii,
1296 2195 1320 2251 si
1344 2194 1461 2268 perlecta
1475 2197 1626 2255 castitatem
1654 2201 1698 2259 vis
1723 2211 1811 2258 renem

160 2285 308 2344 castitatem
318 2283 444 2356 promisit
458 2286 525 2351 ileo,
542 2283 698 2340 societatem
709 2282 789 2339 babet
805 2297 867 2338 cum
881 2281 960 2339 viro?
1013 2297 1062 2352 pro
1081 2299 1174 2339 amore
1189 2285 1298 2353 Christi,
1312 2285 1393 2358 longe
1408 2285 1545 2344 discedea
1563 2287 1699 2347 societate
1713 2290 1810 2348 virtsr

161 2374 260 2430 femina
289 2390 349 2446 quae
376 2380 486 2444 propter
513 2373 599 2430 Deum
627 2371 757 2428 saeculum
786 2371 958 2445 contempsit,
1011 2372 1129 2446 perlecta
1144 2373 1171 2429 in
1198 2378 1270 2431 terra
1288 2376 1481 2447 contempseris
1505 2377 1664 2436 societatem
1693 2382 1809 2439 suorum

159 2476 244 2536 quare
258 2462 308 2520 viri
329 2461 540 2519 familiaritatem
559 2461 646 2543 diligit
658 2462 672 2515 t
686 2475 771 2532 quare
792 2469 865 2516 amnt
884 2476 956 2531 prae-
1012 2476 1061 2532 pro
1074 2463 1191 2534 Christo,
1206 2463 1310 2534 absque
1329 2464 1384 2520 ulla
1401 2464 1568 2523 dubitatione
1581 2481 1647 2524 cnm
1661 2483 1697 2526 eo
1713 2484 1809 2542 regna·

160 2550 273 2608 sentiam
291 2551 421 2620 virorum,
435 2565 496 2621 quae
510 2564 570 2606 cum
586 2548 695 2605 Christo
708 2548 844 2606 desiderat
858 2548 958 2604 intrare
1011 2550 1053 2606 bis
1067 2550 1094 2605 in
1110 2551 1190 2612 coelo.
1204 2551 1299 2610 Amen.

159 2640 297 2696 coelestem
308 2639 480 2694 thalamum?
494 2652 577 2708 quare
592 2637 693 2692 lamina
709 2636 767 2692 [leo
779 2639 874 2694 devota
885 2651 958 2708 quae·
1082 2640 1187 2695 LX.-
1201 2640 1239 2696 tle
1266 2640 1383 2698 vitando
1403 2656 1557 2714 procorum
1583 2646 1743 2704 commin.

158 2729 192 2784 rit
205 2729 298 2785 andire
311 2726 465 2799 deceptoria
480 2727 600 2783 virorum
614 2726 720 2784 verba?
746 2739 832 2796 quare
853 2725 957 2797 quaein
1047 2731 1108 2784 tta.
1129 2728 1324 2785 Honestissima
1347 2744 1435 2802 soror,
1451 2731 1513 2787 audi
1536 2733 1621 2789 verba
1647 2731 1812 2791 Salomonis.

159 2815 258 2874 seculo
272 2816 400 2873 maritum
415 2813 499 2870 811
512 2813 612 2870 trabere
627 2813 723 2880 noluit,
739 2813 766 2868 in
790 2812 956 2870 manasterio
1011 2816 1066 2873 Fili
1076 2820 1127 2888 mi,
1142 2817 1167 2872 ri
1182 2821 1209 2873 ta
1223 2817 1395 2875 lactaverint
1399 2823 1569 2891 peccatores,
1577 2835 1637 2876 ann
1651 2825 1812 2894 acquiesces

159 2906 248 2977 posito
275 2905 357 2962 iacies
382 2903 520 2961 hominnm
544 2903 637 2961 uidere
659 2902 845 2973 concupiscit?
859 2902 954 2976 Igitur,
971 2898 992 2976 c
1011 2906 1815 2981 esstProv.r‚10}:aeoematerislsomiaemiajastam,aa

159 3007 237 3050 soror
246 2994 313 3049 milri
327 2993 476 3049 ianristo
493 2992 602 3059 dilecta,
625 2991 649 3047 si
671 2991 710 3047 vis
724 3006 815 3047 essea
839 2990 957 3048 tornica-
1011 2996 1292 3067 sequarisuiamejos
1303 2996 1393 3066 (Proo.
1404 3009 1446 3063 ιιι,
1458 2995 1636 3066 dibilitate
1647 2997 1813 3055 dommine

160 3082 235 3138 tione
250 3096 354 3146 secura,
372 3090 431 3135 esto
446 3091 537 3134 mente
555 3086 583 3135 et
597 3094 741 3148 corporea
764 3078 893 3136 societate
907 3079 957 3134 ho·
1010 3082 1128 3156 iniquo:
1145 3087 1173 3138 ct
1189 3081 1300 3140 babebis
1309 3099 1407 3156 pacem
1419 3085 1515 3153 tllccli.
1537 3099 1582 3151 ru,
1601 3085 1640 3153 tl.
1661 3085 1726 3142 Viri
1737 3090 1813 3160 justi

161 3169 241 3225 minis
257 3175 384 3240 separata
407 3185 414 3222 :
440 3168 464 3221 si
487 3167 603 3236 perlecta
622 3166 663 3222 ris
685 3167 836 3223 castitatem
865 3178 958 3226 tenere
1011 3170 1232 3239 aeclisiattibi;
1252 3174 1810 3247 iatimorelleititploriotuotliccli.rx,

161 3273 209 3331 pro
223 3271 316 3313 amore
330 3255 441 3327 Christi,
455 3254 536 3327 longe
551 3262 577 3311 te
592 3252 633 3310 iac
661 3254 820 3312 asoeietate
841 3255 900 3311 ιιιι.
916 3256 957 3312 Tu
1011 3256 1068 3329 22).
1083 3257 1285 3330 Quemcumque
1305 3259 1443 3317 hominem
1471 3261 1635 3334 cognoveris
1660 3263 1811 3321 observan-

160 3347 231 3404 eirca
256 3350 411 3416 serpentem
433 3343 593 3416 composita,
618 3350 692 3400 certe
721 3358 776 3399 non
799 3344 855 3400 eris
878 3344 958 3418 longo
1011 3352 1066 3400 tem
1080 3346 1205 3403 timorem
1220 3346 1281 3416 Dei,
1295 3347 1323 3403 in
1349 3347 1465 3405 amicitia
1482 3350 1615 3423 jungatur
1629 3351 1693 3411 tibi.
1721 3352 1811 3412 stoma

161 3444 283 3508 tempore
298 3449 393 3491 seeum
407 3432 499 3490 sciroa
512 3433 603 3504 ignem
619 3433 725 3500 sedens,
741 3433 791 3489 etsi
808 3431 956 3503 terreatis,
1012 3432 1090 3490 nibus
1110 3433 1188 3490 malis
1203 3451 1256 3493 nou
1286 3436 1471 3510 conjungaris.
1498 3436 1596 3494 beatus
1623 3440 1809 3498 Ambrosius:

161 3524 309 3598 aliquando
324 3521 482 3578 dissolveris
506 3538 514 3576 ε
539 3521 613 3578 circa
635 3521 787 3593 periculum
802 3523 956 3588 constituta,
1014 3544 1026 3576 s
1042 3523 1203 3581 Sanctorum
1221 3524 1359 3582 hominurn
1374 3526 1427 3584 rita
1441 3526 1548 3584 ceteris
1568 3527 1729 3586 hominibus
1742 3529 1808 3586 bene

162 3628 214 3671 non
230 3613 282 3670 eris
308 3611 357 3668 diu
381 3611 466 3667 illaesa
489 3612 531 3670 rel
560 3626 663 3667 secura.
684 3610 758 3667 Audi
784 3627 861 3687 ergo,
882 3625 959 3667 soror
1012 3611 1119 3669 vivendi
1140 3611 1219 3669 debet
1233 3627 1293 3670 esse
1311 3627 1416 3669 norma.
1440 3630 1457 3666 »
1479 3612 1532 3682 Qui
1547 3613 1621 3670 enim
1636 3626 1733 3675 sancto
1754 3616 1808 3674 viro

162 3703 229 3758 mihi
242 3702 272 3757 in
286 3699 392 3758 Christo
415 3700 610 3769 amentissima,
639 3698 705 3757 boni
733 3698 838 3757 consilii
866 3701 957 3757 verba.
1011 3701 1161 3758 associatus
1189 3701 1278 3767 tuerit,
1304 3701 1421 3771 exejus
1447 3701 1575 3759 societate
1594 3703 1712 3776 accipiet
1732 3721 1807 3762 usam

164 3790 330 3849 trinomen
352 3792 428 3847 tuum
442 3804 499 3845 non
518 3788 613 3856 sciant,
642 3788 738 3846 taciem
758 3799 830 3844 tuam
845 3804 898 3845 non
914 3788 957 3846 vi·
1012 3789 1091 3845 bonae
1106 3788 1259 3857 locutionis,
1270 3799 1298 3845 et
1312 3791 1467 3862 exemplum
1481 3790 1658 3864 bonioperis,
1674 3802 1707 3850 nt
1720 3809 1810 3852 arcen-

163 3881 264 3948 deant;
282 3878 377 3934 taciem
392 3888 465 3934 tuam
489 3893 543 3933 non
557 3885 733 3950 cognoscant,
762 3876 885 3948 quamvis
907 3892 957 3933 no·
1012 3877 1195 3935 daturdedie
1209 3879 1237 3935 in
1251 3878 1321 3933 diem
1346 3894 1421 3936 mens
1438 3880 1649 3950 ejusinamore
1676 3881 1740 3944 Dei.
1754 3885 1810 3940 Non

164 3982 228 4022 men
258 3975 335 4022 tuum
362 3964 480 4022 audiant.
512 3963 582 4019 Audi
607 3964 697 4032 etiam,
725 3965 804 4039 uirgo
836 3966 957 4031 honesta,
1012 3977 1053 4024 est
1072 3967 1150 4023 valde
1165 3965 1307 4023 laudabilis
1320 3966 1376 4035 ille,
1395 3967 1441 4039 qui
1461 3968 1548 4025 bonus
1571 3979 1615 4026 est
1630 3985 1697 4028 cnm
1716 3972 1809 4029 bonis:

164 4053 240 4110 Pauli
250 4052 462 4125 apostolisatis,
474 4052 590 4125 Oportet
599 4068 650 4112 aot
660 4050 963 4112 talaetesttmontum
1017 4055 1067 4111 sed
1086 4071 1149 4112 rere
1164 4054 1207 4112 iile
1223 4063 1263 4113 est
1276 4056 1428 4126 laudabilis,
1448 4057 1494 4129 qui
1508 4058 1598 4115 bonus
1617 4068 1661 4117 est
1675 4075 1739 4117 cnm
1752 4075 1809 4116 rna·

151 4143 270 4199 ‹bonum
284 4141 317 4197 ab
338 4140 383 4196 ιιι
398 4142 445 4214 qai
458 4143 529 4212 forta
546 4145 614 4197 suat
631 4142 654 4208 (l
672 4141 739 4199 tim.
756 4156 797 4210 ιιι,
812 4143 841 4213 7)
868 4160 874 4197 :
891 4141 962 4199 intus
978 4180 1002 4258 n
1017 4144 1059 4201 lis.
1075 4144 1200 4202 Vereille
1218 4147 1300 4203 homo
1312 4154 1356 4203 est
1375 4147 1529 4218 laudabilis,
1557 4130 1605 4220 qui
1634 4148 1665 4204 in
1690 4151 1812 4208 societate

152 4231 273 4305 'qnidam
302 4233 400 4288 bonam
427 4232 520 4298 vium,
549 4238 659 4303 propter
684 4246 747 4300 nos;
778 4233 876 4288 bonam
896 4246 959 4291 vero
1017 4233 1147 4291 malorum
1174 4235 1271 4293 bonus.
1306 4236 1383 4291 Sicut
1410 4236 1456 4294 ille
1497 4244 1539 4293 eat
1575 4236 1744 4309 culpandus,
1770 4238 1811 4308 qtii

163 4320 275 4389 tamam,
290 4328 400 4395 propter
414 4328 536 4378 caemros.
562 4321 643 4378 Soror
662 4320 834 4386 venerabilis,
851 4320 874 4375 si
894 4337 959 4393 pro·

162 4411 323 4483 ptertleum
350 4409 378 4466 in
394 4417 468 4465 terra
497 4408 622 4465 vitaveris
647 4409 803 4467 societatem
830 4410 956 4479 virorum,

163 4501 311 4572 pertisum
330 4497 359 4553 in
373 4498 444 4556 eoelo
469 4496 583 4554 habebis
610 4497 764 4556 societatem
781 4498 957 4569 angelorum.

161 4588 259 4649 Amen.

251 4679 321 4735 LIX.
332 4708 368 4717 —-
382 4678 420 4733 De
434 4675 569 4748 sapiendo
578 4678 712 4733 societate
721 4681 871 4748 junonum.

1014 4325 1103 4380 malus
1128 4332 1170 4380 est
1195 4317 1270 4381 inter
1290 4324 1376 4381 bonos
1409 4343 1416 4380 :
1442 4326 1477 4380 ita
1506 4324 1550 4382 ille
1576 4333 1620 4382 ost
1645 4326 1809 4396 laudandus,

1015 4414 1060 4483 qui
1073 4413 1162 4469 bonus
1176 4419 1217 4469 est
1233 4413 1301 4469 iuter
1325 4413 1422 4471 malos.
1447 4414 1535 4470 Verba
1552 4415 1616 4471 vitae
1640 4425 1709 4472 sunt
1733 4415 1810 4475 verba

1015 4500 1155 4558 bominum
1181 4502 1268 4559 Deum
1309 4503 1458 4559 timentium
1487 4521 1495 4558 :
1532 4510 1559 4560 et
1585 4502 1691 4562 sanitas
1718 4505 1810 4561 anima

1014 4587 1156 4662 bisquiea
1170 4596 1319 4660 sequuntur
1342 4600 1370 4645 at
1396 4589 1519 4664 diligunt.
1549 4589 1623 4648 Siout
1651 4592 1696 4648 sol
1726 4590 1811 4649 oriens

1013 4677 1126 4749 expellit
1139 4678 1293 4749 caliginem,
1313 4677 1349 4735 ita
1363 4687 1517 4735 sanctornm
1540 4678 1664 4736 doctrina
1688 4679 1812 4736 asenti-

154 4782 158 4791 ·
200 4768 260 4822 its.
274 4765 434 4822 charissima
451 4780 510 4819 mea
526 4778 613 4832 soror,
638 4763 702 4821 etsi
726 4764 815 4822 taliter
829 4765 879 4825 uiri
893 4781 959 4822 san·

162 4856 199 4913 cti
214 4864 278 4912 sunt
300 4854 462 4922 declinandi,
492 4869 526 4910 ne
544 4854 686 4925 utriusque
714 4856 842 4911 sanctitas
868 4864 960 4927 pereat

162 4946 319 5003 assiduitate
339 4942 466 5014 vivendi;
492 4950 592 5016 quanto
621 4944 709 5015 magis
731 4943 884 5000 declinandi
897 4956 961 5000 aunt

161 5034 287 5103 intonas,
304 5032 517 5105 quiseqnuntur
538 5030 690 5103 temporalis
712 5030 776 5088 ritae
801 5032 960 5089 tenebrosas

164 5123 231 5191 rias,
246 5137 279 5180 ac
294 5120 543 5178 delectationestet
561 5121 584 5177 si
599 5127 670 5177 tanta
692 5135 756 5176 cura
784 5120 959 5193 frequentiam

163 5220 316 5271 sanctorum
330 5211 451 5269 virorum
474 5210 567 5283 ingere
586 5210 669 5267 debes
682 5228 690 5281 3
705 5218 806 5283 quanto
825 5212 914 5285 magis
935 5219 961 5267 te

163 5310 269 5372 oportet
284 5302 378 5377 fugere
391 5304 505 5372 juvenes
524 5301 607 5371 hujus
621 5299 712 5357 saeculi
730 5300 961 5370 concupiscentias

1014 4766 1065 4822 bus
1081 4767 1180 4823 nostris
1202 4766 1313 4840 expellit
1326 4768 1450 4825 tenebras
1472 4767 1611 4826 vitiorum.
1629 4767 1713 4825 Unde
1731 4767 1812 4825 llarid

1013 4855 1157 4927 propbeta:
1168 4854 1249 4912 878
1260 4858 1331 4914 Cant
1344 4857 1672 4925 samrosamresatsm
1681 4872 1815 4931 camper-

1013 4960 1093 5002 varao
1108 4947 1278 5018 perverteris
1289 4945 1377 5018 (Ptol.
1396 4961 1467 5013 uvir,
1482 4948 1527 5013 26,
1552 4944 1609 5018 27).
1625 4945 1725 5017 Igitur,
1740 4960 1815 5004 soror

1014 5033 1081 5089 niihi
1091 5035 1119 5089 in
1133 5033 1239 5091 Christo
1256 5033 1365 5102 dilecta,
1381 5034 1404 5091 si
1422 5035 1463 5091 ais
1477 5036 1548 5092 bene
1562 5033 1667 5102 virere,
1683 5036 1815 5093 malorum

1013 5122 1177 5181 societatem
1191 5122 1306 5180 declina.
1331 5123 1392 5181 Vita
1410 5125 1506 5192 mdes,
1529 5140 1595 5182 care
1615 5122 1743 5197 iniquos,
1757 5122 1817 5197 ruge

1015 5212 1166 5284 improbos,
1183 5229 1282 5285 sperne
1305 5229 1321 5268 a
1335 5221 1361 5270 te
1383 5213 1505 5286 ignaros.
1521 5212 1596 5286 Fuge
1609 5212 1711 5271 turbas
1728 5213 1818 5271 uoni-

1015 5318 1093 5374 uum,
1109 5303 1347 5360 maximeaetotum
1374 5318 1433 5377 quae
1452 5317 1547 5377 pronae
1563 5302 1679 5359 suntad
1698 5304 1815 5361 vitium:

164 5396 334 5463 sequentes?
348 5393 392 5450 Ad
406 5392 459 5450 hoc
471 5391 594 5450 diabolm
608 5390 694 5448 oculis
709 5389 841 5463 religiosae
854 5388 961 5447 teminae
1014 5406 1064 5450 nec
1074 5399 1100 5449 to
1115 5392 1247 5468 adjungas
1265 5392 1370 5451 laribus
1390 5395 1527 5467 personis,
1542 5406 1592 5450 nec
1616 5399 1641 5448 te
1666 5393 1817 5451 admisceas

166 5476 284 5551 juvenes
300 5479 403 5552 objicit,
418 5488 447 5538 ut
461 5479 564 5540 tornes
575 5494 670 5540 eorum
683 5492 752 5553 qnos
766 5491 820 5554 per
832 5478 904 5536 dem
919 5480 962 5538 ιι·
1011 5481 1106 5554 ,rents
1121 5482 1205 5542 Βοιιο
1219 5491 1244 5542 te
1260 5484 1409 5560 conjunge,
1423 5484 1555 5542 bonorum
1580 5484 1759 5544 maeonium
1772 5497 1821 5556 ap·
