3706 5962
10 185 102 249 atat
614 186 698 249 OCTO
717 185 846 248 PUNG'l'b
866 184 1118 255 Patrensibus.
1204 194 1209 198 ’
1625 195 1681 257 lid

10 316 171 386 voluntas,
190 315 280 388 cogita
303 330 385 384 quam
409 329 457 386 pro
480 314 587 373 modico
614 314 765 381 damnatur,
790 315 837 384 qui
852 323 947 410 μοι
961 318 1048 375 solnm
1063 319 1183 391 taedium,
1197 317 1245 375 sed
1259 318 1402 375 horrorem
1416 320 1691 398 desperationemqnfl

11 422 84 480 pro
99 407 158 463 sola
171 405 308 462 voluntate
321 404 382 459 sine
397 401 493 460 effectu
506 404 599 476 operia
612 403 782 477 reprobatur.
893 403 958 462 boni
973 410 1063 480 operis
1086 408 1263 482 preconcepu
1277 408 1418 465 imminere
1431 425 1544 467 necesse
1559 419 1608 481 cst,
1624 411 1689 470 dum

69 497 136 552 Cum
152 499 269 552 vanitate
286 493 411 567 pulsaris,
427 494 595 569 cogitaqnia
614 492 696 549 multa
718 509 772 549 non
795 493 838 549 fe·
891 495 997 553 ammes
1021 506 1081 554 tuns
1108 500 1182 556 circa
1208 497 1304 554 multas
1331 497 1527 569 professiones,
1551 502 1691 576 smdiaqua

20 586 124 651 oeris;
140 593 167 642 et
193 598 247 655 qno
270 583 357 654 magis
380 598 451 638 nunc
473 583 622 651 occultaris,
639 598 673 639 eo
693 582 840 656 gloriosius
890 583 1148 644 diversadividitur.

20 673 180 743 injudicio
194 672 356 728 innotesces.
928 674 1006 730 Unde
1023 675 1132 747 qnidam
1147 677 1253 733 Petrum
1277 675 1306 731 in
1324 674 1545 736 collationibus:
1563 698 1577 733 a
1596 679 1690 738 Solem

71 761 140 816 Cum
167 760 201 816 de
224 760 319 833 vigore
341 757 463 831 corperis
486 757 529 815 vel
557 759 656 816 decora
684 757 833 825 hilarescis,
890 762 974 818 animi
1000 763 1075 820 leves
1109 763 1275 836 minimeque
1303 763 1429 826 fundati.
1459 781 1522 823 cnm
1554 766 1691 826 audierint

27 864 153 922 agnosce
175 863 258 921 quam
280 846 405 904 celeriter
427 846 503 904 febre
525 847 683 903 tenuissima
702 847 760 904 tolli
785 862 838 920 po·
891 850 1021 921 quosdam
1036 851 1064 906 in
1077 851 1190 909 dirersis
1202 850 1347 907 virtutibus
1370 867 1402 908 ac
1415 852 1512 910 studiis
1532 855 1612 914 bonis
1631 872 1690 912 me-

30 947 98 998 tuar.
143 957 153 977 ·
891 936 990 1010 gnidae
1004 938 1160 1011 praedicari,
1176 939 1214 997 ita
1227 954 1322 996 eornm
1340 939 1419 996 leude
1439 943 1576 1011 succendi,
1591 952 1622 1001 ut
1644 959 1691 1002 eo-

71 1030 139 1086 Cnm
154 1036 180 1085 tc
199 1028 325 1085 molestat
339 1026 477 1100 religionis
498 1028 614 1101 pondus,
633 1036 661 1085 et
685 1027 839 1099 disciplina
891 1043 952 1081 rum
966 1025 1066 1082 imitari
1086 1033 1187 1082 statam
1206 1028 1331 1099 protinus
1345 1028 1508 1088 desiderent.
1523 1034 1559 1088 Αι
1577 1032 1688 1104 frustm

33 1116 190 1185 assiduitas,
206 1116 295 1192 cogita
318 1115 382 1173 illud
406 1116 477 1173 beati
500 1117 679 1191 Hieronymi:
707 1139 718 1166 e
741 1116 838 1175 Nullus
892 1131 956 1171 nam
977 1131 1010 1172 ex
1033 1115 1190 1185 hujusmodi
1213 1116 1360 1172 mutatione
1382 1133 1414 1173 ac
1435 1117 1564 1175 varietate
1588 1132 1692 1193 prope·
1798 1184 1801 1188 ,

34 1205 117 1262 labor
139 1206 232 1277 durus,
247 1205 350 1260 nullom
373 1213 479 1278 tempus
501 1205 612 1279 longum
636 1206 716 1262 debet
739 1204 835 1275 videri,
892 1204 948 1272 siti,
964 1203 1135 1275 dispendium
1160 1204 1280 1275 capiunt,
1296 1220 1351 1261 non
1374 1204 1540 1280 protectum
1554 1208 1620 1282 quia
1643 1211 1690 1283 qui

36 1311 93 1368 quo
107 1295 195 1367 gloria
208 1294 365 1351 eternitatis
378 1293 534 1366 acquiritur.
556 1312 570 1348 a
891 1293 976 1349 multa
988 1294 1120 1362 seqnitur,
1135 1292 1202 1349 nihil
1224 1292 1329 1365 integre
1352 1302 1542 1365 consequetur.
1557 1296 1624 1353 Ideo
1638 1298 1690 1356 bec

75 1383 153 1450 ltlud,
169 1382 207 1439 hli
218 1382 315 1451 dulcis,
330 1394 456 1455 tanquam
474 1383 637 1439 daemonium
654 1382 834 1439 meridianum
891 1381 1037 1454 unicnique
1059 1381 1206 1455 expediens
1229 1390 1279 1448 est,
1295 1388 1326 1437 ut
1347 1382 1495 1440 meandum
1517 1385 1691 1455 propesitum

36 1472 102 1545 fuge
124 1471 254 1543 praeliis
278 1471 363 1528 hostis
384 1471 485 1542 antiqui
508 1472 626 1536 astutiis,
641 1471 713 1545 qnod
735 1488 835 1530 caven·
891 1473 964 1543 quod
982 1471 1073 1543 elegit,
1092 1481 1120 1528 et
1141 1469 1254 1544 gratiam
1271 1485 1352 1543 quam
1373 1471 1487 1544 acecpit,
1505 1487 1614 1530 summo
1634 1483 1693 1531 stu·

35 1562 104 1618 dum
127 1560 173 1616 tibi
198 1575 374 1633 summopere
389 1560 528 1630 denuntio,
545 1568 575 1616 nt
599 1576 632 1617 ex
654 1576 688 1618 en
712 1570 836 1633 tempore
853 1601 876 1681 Β
893 1561 938 1617 dic
971 1576 1003 1616 ac
1028 1560 1169 1632 diligentia
1194 1559 1228 1617 ad
1256 1559 1346 1631 operis
1371 1560 1471 1632 arrepti
1500 1560 1690 1632 perfectionem

35 1665 92 1721 quo
121 1648 279 1721 religionem
306 1648 457 1715 intraueris,
483 1665 620 1721 nunquam
646 1650 838 1722 cogitationem
893 1649 1033 1720 pervenire
1060 1648 1200 1706 iestinet:
1226 1648 1343 1706 aliorum
1369 1649 1464 1705 laudes
1487 1657 1569 1720 amat,
1592 1659 1621 1708 ct
1641 1651 1690 1707 ad·

35 1735 446 1807 illamsuscipiesiovees,aut
468 1737 493 1793 ei
513 1737 688 1810 credasque
710 1741 838 1815 suggeri·
893 1738 1006 1794 miretur
1037 1736 1173 1808 uirtutes,
1201 1752 1232 1792 ac
1261 1753 1429 1809 nequaquem
1460 1753 1477 1792 a
1508 1754 1580 1807 sna,
1609 1754 1693 1814 quum

35 1834 82 1882 tur
97 1836 123 1883 te
138 1829 227 1883 minus
241 1826 334 1881 utilem
348 1825 374 1880 in
390 1825 522 1900 religione
536 1842 647 1883 manere
659 1838 795 1901 snscepta;
812 1839 839 1886 et
893 1826 976 1882 semel
1000 1825 1091 1899 elegit,
1117 1825 1283 1896 professione
1306 1825 1436 1882 discedat.
1463 1827 1552 1882 hlultis
1573 1843 1691 1900 namque

37 1913 68 1970 in
91 1915 144 1971 atio
167 1921 249 1980 statu,
265 1914 305 1971 tel
329 1915 422 1971 habitu
445 1915 533 1986 magis
553 1915 611 1982 tibi,
627 1916 668 1971 rel
682 1916 741 1972 aliis
754 1933 836 1990 posse
892 1916 945 1973 riis
959 1915 993 1971 ad
1009 1915 1096 1970 Deum
1121 1915 1259 1970 tenditur:
1280 1922 1307 1970 et
1330 1913 1391 1969 ideo
1414 1914 1602 1988 unusquisqne
1620 1917 1692 1974 riam

37 2001 183 2076 proficere.
200 2003 265 2056 liam
285 2002 306 2056 ei
326 2003 414 2058 cordis
438 2019 529 2059 aurem
545 2003 699 2072 huiusmodi
724 2007 838 2077 phanta-
893 2003 975 2060 semel
1000 2013 1147 2074 arreptam,
1165 2002 1338 2059 irrevocabili
1362 2018 1458 2059 cursus
1481 2004 1524 2059 sui
1546 2004 1693 2063 intentione

38 2091 89 2147 siis
117 2089 306 2156 inchoaveris,
335 2089 456 2146 divident
483 2097 509 2145 et
536 2090 689 2146 distendent
715 2093 838 2149 animum
892 2090 1027 2154 conficiat.
1044 2095 1076 2149 ut
1093 2091 1128 2149 sit
1142 2093 1236 2147 saltem
1250 2091 1339 2162 aliqua
1362 2091 1532 2161 professione
1554 2093 1692 2164 permotus

37 2189 127 2246 tunm,
142 2177 180 2233 ita
196 2185 225 2232 ut
239 2177 344 2232 nullum
359 2179 464 2249 saporis
477 2178 623 2250 spiritualis
637 2179 837 2236 condimentum
894 2182 1070 2253 (stsrxues,
1094 2180 1190 2236 collat.
1219 2184 1263 2245 tt,
1287 2194 1366 2250 capp.
1390 2182 1416 2244 5,
1441 2180 1480 2251 ι).
1510 2200 1522 2230 ι
1549 2179 1694 2256 Singulare

38 2267 130 2340 pessis
143 2267 258 2323 retinere
274 2283 280 2322 :
296 2267 462 2340 eritqnecor
476 2277 550 2324 tunm
565 2268 840 2340 quesivesconfrae-
894 2271 984 2325 antem
1012 2278 1106 2325 contra
1132 2267 1225 2324 omnia
1255 2266 1326 2323 mala
1354 2265 1503 2322 remedium
1531 2275 1573 2324 ast
1598 2268 1692 2326 mortis

37 2362 110 2424 tum,
124 2358 197 2428 quod
217 2371 328 2412 omnem
343 2355 502 2428 sapientiam
515 2371 570 2413 non
584 2356 696 2415 tenebit.
719 2357 840 2431 indeque
894 2357 1033 2416 memoria.

433 2757 532 2825 octo
556 2759 710 2825 PUNCTA
726 2758 1005 2826 PERFECTIONIS
1027 2759 1309 2835 ASSEQUENDAE.

81 3097 107 3146 t.
123 3091 185 3146 llaec
198 3099 259 3148 octo
274 3089 298 3147 si
313 3089 382 3148 bene
396 3089 559 3161 excolueris,
575 3090 697 3148 emnium
711 3090 841 3147 virtutum
858 3089 1041 3184 espiritnalia
1055 3099 1096 3146 est
1117 3089 1318 3164 quodammodo
1342 3097 1470 3163 tanquam
1492 3088 1581 3146 daulis
1596 3088 1695 3165 ‘inten-

43 3181 235 3252 periectionem
259 3188 286 3233 et
302 3181 562 3236 consummationem
586 3196 634 3251 per
657 3180 771 3254 gratiani
795 3179 842 3236 Dei
898 3181 945 3251 tio,
968 3196 1000 3238 ac
1022 3180 1145 3236 laborum
1168 3179 1288 3235 omnium
1311 3179 1462 3246 retributio,
1489 3164 1571 3252 mam
1593 3176 1621 3234 in
1644 3179 1697 3261 bac

42 3265 226 3339 consequeris.
897 3270 951 3325 vita
965 3267 1044 3322 miles
1058 3267 1156 3322 Christi
1178 3266 1306 3322 emeritus
1329 3268 1451 3336 recipere
1477 3264 1626 3331 censuerit,
1644 3265 1696 3322 sibi

78 3355 211 3417 Primum,
228 3360 257 3408 nt
273 3368 349 3422 pure,
364 3352 468 3426 integre
480 3360 588 3427 peccata
602 3361 647 3409 tua
662 3354 763 3425 saepius
776 3369 844 3409 con·
897 3353 1013 3410 vindicat
1028 3354 1214 3424 principatum.
1231 3352 1366 3410 dilectum
1381 3361 1457 3409 tunm
1471 3369 1532 3410 enm
1546 3348 1620 3407 omni
1634 3352 1696 3408 dili·

42 3443 153 3508 iltearis,
169 3458 230 3499 cum
256 3457 353 3514 magno
376 3442 471 3496 dolore
492 3450 521 3497 et
542 3441 682 3513 proposito
705 3457 759 3498 non
782 3442 844 3514 plus
897 3443 989 3516 gentle
1003 3442 1038 3497 ab
1053 3441 1094 3497 his
1108 3442 1244 3512 omnibus,
1259 3456 1320 3512 quae
1338 3439 1490 3496 libertatem
1505 3439 1592 3510 ipsius
1606 3440 1696 3511 impe·

42 3531 168 3588 faciondi.
368 3555 371 3563 r
897 3530 949 3586 diri
972 3539 1092 3600 possent,
1107 3536 1134 3585 et
1157 3530 1190 3584 ab
1213 3530 1287 3584 omni
1309 3545 1337 3584 re
1359 3527 1562 3601 possibilitatem
1583 3528 1697 3586 habente

79 3618 243 3688 Secundum,
259 3626 288 3674 ut
301 3633 356 3674 non
381 3616 519 3686 frangeris
544 3617 708 3674 adversitate
721 3618 764 3676 vel
780 3626 844 3674 ten·
898 3619 1027 3691 alligandi
1041 3627 1069 3675 et
1083 3619 1191 3674 tenendi
1206 3618 1293 3689 ipsum
1308 3617 1433 3676 affectum
1453 3618 1486 3673 ad
1509 3618 1697 3676 inherendum
1723 3680 1726 3686 ,

43 3709 144 3765 tatione
161 3724 168 3764 :
184 3708 231 3763 sed
247 3716 289 3764 sta
302 3708 330 3763 in
348 3706 463 3777 iustitia,
479 3707 584 3772 timore,
599 3714 628 3762 et
648 3720 771 3777 praepara
784 3705 845 3762 ani·
899 3708 1054 3778 comprime,
1064 3708 1141 3774 juxta
1154 3707 1221 3763 illud
1235 3707 1305 3779 legis
1321 3705 1443 3764 sosaieae
1458 3724 1464 3763 :
1481 3702 1594 3764 liencnt
1609 3725 1697 3769 unos-

43 3813 114 3852 mam
129 3804 200 3851 tuem
216 3797 251 3853 sd
268 3796 451 3853 tentationem.
465 3795 525 3851 Non
549 3794 621 3851 enim
646 3805 687 3851 est
706 3795 783 3852 loeus
803 3790 845 3851 vel
899 3796 1698 3870 quisquecpodsemetipsum,colluscgredioturostiom

44 3887 149 3958 religio,
167 3887 213 3960 qui
229 3888 269 3943 vel
293 3902 353 3956 quae
377 3885 507 3955 permittit
523 3885 662 3940 hominem
681 3885 740 3942 sine
754 3899 845 3957 pugna
900 3885 997 3944 domus
1021 3903 1080 3944 sace
1104 3886 1149 3944 dic
1176 3887 1294 3954 subbati,
1317 3891 1347 3944 et
1368 3886 1555 3944 sabbatizabit
1575 3887 1697 3961 populus

43 3972 160 4030 militare
184 3982 209 4029 et
232 3971 334 4030 vivere.
357 3973 428 4028 Nam
453 3981 508 4028 tota
529 3974 583 4030 uita
607 3974 723 4030 hominis
751 3972 845 4029 militia
901 3975 1000 4046 (deod.
1016 3990 1070 4044 xu,
1085 3978 1142 4045 22).
1158 3977 1186 4032 ln
1200 3976 1345 4049 semetipso
1359 3991 1475 4048 nemque
1488 3991 1561 4042 esse,
1576 3981 1617 4032 est
1636 3974 1696 4032 dis-

42 4070 86 4117 eat
101 4075 184 4130 super
208 4068 307 4115 terram
322 4073 328 4112 :
345 4075 439 4114 omnes
461 4060 542 4115 etiam
566 4061 612 4131 qui
637 4062 680 4132 pie
693 4062 783 4117 vivere
798 4075 845 4117 vo-
898 4065 1035 4137 persiones
1056 4066 1146 4124 cordis
1167 4065 1219 4137 sui,
1243 4072 1270 4123 et
1293 4066 1451 4123 affectiones
1473 4064 1506 4120 ad
1530 4081 1627 4135 unum,
1648 4081 1697 4123 re-

44 4151 105 4204 lnnt
128 4146 156 4201 in
177 4146 295 4212 Christo,
310 4147 529 4218 persecutionem
551 4141 695 4219 patIentur.
711 4149 846 4206 Permittit
899 4172 957 4211 rum
980 4165 1007 4212 et
1028 4155 1254 4228 simplicissimum
1277 4155 1380 4211 bonutn
1399 4153 1572 4227 recolligere,
1591 4163 1619 4208 et
1636 4154 1697 4210 eol-

43 4235 128 4301 enim,
151 4243 217 4291 teste
240 4233 319 4290 beato
341 4235 485 4306 Gregorio,
511 4237 639 4293 Dominus
660 4239 760 4295 electos
779 4254 843 4295 snos
859 4244 982 4348 nicetas
996 4244 1106 4300 habere.
1123 4243 1296 4298 Sabbatizare
1311 4249 1435 4308 xero,est
1448 4257 1496 4296 cor
1510 4241 1544 4297 ab
1556 4239 1699 4298 allectione

43 4323 157 4380 lacerari
183 4322 405 4393 detractionibus,
431 4331 461 4379 ut
491 4322 519 4378 in
550 4323 702 4382 humilitate
732 4341 843 4383 conser-
899 4330 1000 4388 carnali
1014 4330 1105 4401 ipsum
1119 4327 1265 4393 inliciente,
1281 4335 1310 4384 et
1330 4327 1432 4384 scuris
1451 4327 1594 4383 mundanis
1609 4328 1697 4400 ipsum

42 4420 150 4469 ventur.
897 4417 1062 4473 distrahente
1084 4415 1238 4472 absolutum
1261 4431 1331 4487 esse,
1348 4427 1375 4473 et
1397 4415 1426 4471 in
1450 4430 1515 4485 pace
1536 4415 1628 4472 cordis
1642 4415 1696 4484 sni,

80 4501 212 4570 Tertium,
229 4509 328 4558 utnon
347 4500 461 4558 misceas
476 4507 502 4556 te
521 4501 687 4568 hominibus,
702 4516 754 4558 nec
777 4502 847 4558 inte·
900 4512 1029 4576 tanquam
1053 4505 1079 4560 in
1104 4512 1184 4574 portu
1210 4503 1321 4571 silentii,
1348 4504 1375 4559 in
1398 4518 1491 4560 amore
1518 4510 1546 4560 et
1568 4502 1697 4564 fruitione

43 4590 161 4647 rioribus
182 4606 234 4648 nec
255 4591 444 4658 exterioribus,
468 4592 497 4646 in
520 4600 650 4663 quantum
674 4597 752 4663 potes
776 4591 847 4648 bono
900 4592 1053 4649 conditoris
1065 4592 1181 4650 suaviter
1193 4591 1343 4665 quiescere.

43 4681 127 4737 modo
144 4698 151 4736 :
168 4681 214 4737 sed
237 4687 299 4736 tene
322 4688 348 4737 te
368 4680 516 4736 solitarium
540 4695 641 4751 sponso
656 4689 702 4736 tuo
728 4680 845 4747 Christo,
935 4680 1023 4751 Super
1037 4679 1126 4736 omnia
1144 4689 1234 4737 antem
1248 4678 1301 4735 alia
1316 4677 1365 4735 tibi
1377 4695 1486 4752 semper
1499 4679 1534 4736 sit
1556 4679 1697 4756 principa·
1730 4683 1733 4687 ’

43 4777 73 4828 ct
88 4769 150 4841 fuge
165 4786 286 4826 rumores
301 4769 401 4834 saeculi,
417 4778 446 4826 et
459 4786 531 4827 rane
552 4785 585 4827 ac
608 4769 748 4826 secularia
762 4770 846 4828 eollo·
899 4769 933 4826 lis
959 4779 1079 4834 conatus,
1103 4775 1132 4824 ut
1154 4771 1274 4824 animum
1298 4777 1373 4825 tuum
1397 4785 1507 4853 semper
1534 4787 1642 4833 sursum
1669 4770 1697 4828 in

44 4858 118 4932 quia,
143 4876 203 4931 quae
230 4869 346 4915 mentem
373 4859 535 4928 distrahunt,
560 4867 587 4914 et
610 4859 757 4933 inquietam
785 4860 846 4916 red·
898 4855 1123 4927 contemplatione
1144 4854 1301 4913 divinornm
1325 4857 1459 4915 elevatum
1483 4857 1595 4927 habeas,
1609 4867 1641 4917 ut
1656 4858 1699 4915 di·

42 4948 123 5017 dunt,
139 4957 165 5004 et
177 4948 206 5003 in
220 4963 287 5021 pace
301 4963 427 5004 essenon
443 4948 614 5021 permittunt.
898 4945 970 5003 vinis
984 4946 1066 5001 rebus
1078 4961 1110 5001 ao
1123 4946 1181 5002 Deo
1194 4961 1274 5001 mens
1285 4945 1389 5020 ingiter
1403 4945 1592 5006 transferatur.
1611 4946 1700 5018 Quid·

81 5039 108 5094 2.
124 5037 266 5106 Quartum,
280 5035 355 5092 omni
379 5044 500 5108 tempore
514 5037 597 5092 debes
620 5036 730 5108 puritati
753 5036 845 5094 cordis
898 5034 962 5107 quid
977 5045 1069 5091 autem
1084 5034 1119 5090 ab
1136 5036 1179 5092 his
1198 5037 1334 5092 diuersum
1349 5043 1400 5102 est,
1414 5037 1540 5109 quamvis
1554 5036 1643 5110 magis
1657 5035 1698 5092 vi·

43 5126 170 5194 studere;
195 5123 275 5181 8⁰1
294 5132 323 5180 ut
347 5125 475 5180 continue
499 5124 623 5182 videlicet
646 5125 720 5184 velut
744 5126 845 5182 clausis
898 5123 1022 5190 deantur,
1051 5125 1119 5180 sicut
1146 5122 1270 5196 corporis
1301 5122 1453 5197 castigatio,
1479 5124 1625 5194 ieiunium,
1654 5123 1699 5180 vel

43 5211 172 5267 sensibus
193 5210 344 5266 carnalibus
369 5211 396 5267 in
423 5212 595 5286 temetipsum
619 5213 795 5281 converteris,
819 5213 846 5267 et
899 5211 1006 5287 vigilia,
1021 5220 1048 5268 et
1062 5211 1159 5268 similia
1172 5211 1278 5269 virtutis
1292 5212 1433 5289 exercitia,
1444 5211 1522 5284 qnasi
1537 5210 1719 5268 secundaria.
1806 5256 1809 5261 .

43 5298 135 5356 cordis
149 5299 356 5357 causatormis
379 5301 549 5357 sensibilium
567 5310 595 5357 et
609 5301 845 5374 imaginihuster-
898 5309 926 5358 et
950 5299 1079 5357 inferiora
1105 5299 1251 5371 judicanda
1278 5309 1355 5368 snnt;
1385 5307 1488 5356 tantum
1515 5299 1695 5373 expedientia,

45 5401 185 5457 ranorum,
200 5394 330 5460 qnantum
353 5389 482 5461 possibile
506 5397 556 5457 est,
573 5390 676 5447 habeas
699 5389 846 5465 diligenter
896 5397 1025 5462 quantum
1050 5391 1082 5444 ad
1105 5388 1196 5446 cordis
1222 5387 1366 5464 proliciunt
1392 5387 1544 5462 puritatem.
1567 5386 1632 5449 inde
1655 5397 1696 5446 cst

45 5486 144 5536 serata
158 5476 262 5535 Puritas
273 5491 393 5553 namque
405 5479 496 5538 cordis
518 5479 590 5539 inter
607 5467 698 5539 omma
716 5477 845 5539 exercitia
897 5479 971 5552 quod
984 5477 1141 5554 madelmi
1162 5477 1217 5551 iam
1232 5477 1267 5536 ad
1280 5488 1371 5537 earum
1389 5462 1582 5550 perlectionem
1602 5468 1697 5554 perre-
