<?xml version="1.0" encoding="UTF-8"?>
<!DOCTYPE html PUBLIC "-//W3C//DTD XHTML 1.0 Transitional//EN"
    "http://www.w3.org/TR/xhtml1/DTD/xhtml1-transitional.dtd">
<html xmlns="http://www.w3.org/1999/xhtml" xml:lang="en" lang="en">
 <head>
  <title>
</title>
<meta http-equiv="Content-Type" content="text/html;charset=utf-8" />
  <meta name='ocr-system' content='tesseract 3.04.00' />
  <meta name='ocr-capabilities' content='ocr_page ocr_carea ocr_par ocr_line ocrx_word'/>
</head>
<body>
  <div class='ocr_page' id='page_1' title='image "./patrologiaecurs00unkngoog_0012.png"; bbox 0 0 3706 5962; ppageno 0'>
   <div class='ocr_carea' id='block_1_1' title="bbox 173 184 1825 254">
    <p class='ocr_par' dir='ltr' id='par_1_1' title="bbox 173 184 1825 254">
     <span class='ocr_line' id='line_1_1' title="bbox 173 184 1825 254; baseline 0.002 -3"><span class='ocrx_word' id='word_1_1' title='bbox 173 190 205 251; x_wconf 88' lang='lat' dir='ltr'>tl</span> <span class='ocrx_word' id='word_1_2' title='bbox 824 184 1019 253; x_wconf 69' lang='lat' dir='ltr'>omittatur</span> <span class='ocrx_word' id='word_1_3' title='bbox 1037 189 1175 251; x_wconf 73' lang='lat' dir='ltr'>abolus</span> <span class='ocrx_word' id='word_1_4' title='bbox 1765 202 1769 213; x_wconf 83' lang='lat'>&#39;</span> <span class='ocrx_word' id='word_1_5' title='bbox 1793 196 1825 254; x_wconf 80' lang='lat' dir='ltr'>tt</span> 
     </span>
    </p>
   </div>
   <div class='ocr_carea' id='block_1_2' title="bbox 171 314 1824 744">
    <p class='ocr_par' dir='ltr' id='par_1_2' title="bbox 173 314 1824 478">
     <span class='ocr_line' id='line_1_2' title="bbox 173 314 1824 392; baseline 0.004 -23"><span class='ocrx_word' id='word_1_6' title='bbox 173 315 236 370; x_wconf 91' lang='lat' dir='ltr'>dem</span> <span class='ocrx_word' id='word_1_7' title='bbox 251 315 370 372; x_wconf 86' lang='lat' dir='ltr'>auctoris</span> <span class='ocrx_word' id='word_1_8' title='bbox 383 314 471 372; x_wconf 86' lang='lat' dir='ltr'>zelum</span> <span class='ocrx_word' id='word_1_9' title='bbox 486 315 658 372; x_wconf 88' lang='lat' dir='ltr'>commendat</span> <span class='ocrx_word' id='word_1_10' title='bbox 677 330 767 373; x_wconf 87' lang='lat' dir='ltr'>sermo</span> <span class='ocrx_word' id='word_1_11' title='bbox 780 318 825 383; x_wconf 77' lang='lat'>3⁰,</span> <span class='ocrx_word' id='word_1_12' title='bbox 842 316 889 372; x_wconf 83' lang='lat' dir='ltr'>ubi</span> <span class='ocrx_word' id='word_1_13' title='bbox 901 317 1084 373; x_wconf 78' lang='lat' dir='ltr'><strong>Alexandrum</strong></span> <span class='ocrx_word' id='word_1_14' title='bbox 1108 317 1145 374; x_wconf 90' lang='lat' dir='ltr'>lll</span> <span class='ocrx_word' id='word_1_15' title='bbox 1167 316 1323 390; x_wconf 88' lang='lat' dir='ltr'>pontilioem</span> <span class='ocrx_word' id='word_1_16' title='bbox 1348 332 1465 390; x_wconf 71' lang='lat' dir='ltr'>arguere</span> <span class='ocrx_word' id='word_1_17' title='bbox 1487 328 1543 374; x_wconf 85' lang='lat' dir='ltr'>nort</span> <span class='ocrx_word' id='word_1_18' title='bbox 1562 324 1683 376; x_wconf 79' lang='lat' dir='ltr'>veretur.</span> <span class='ocrx_word' id='word_1_19' title='bbox 1699 317 1824 392; x_wconf 86' lang='lat' dir='ltr'>Denique</span> 
     </span>
     <span class='ocr_line' id='line_1_3' title="bbox 174 403 1078 478; baseline 0.006 -22"><span class='ocrx_word' id='word_1_20' title='bbox 174 418 228 460; x_wconf 93' lang='lat' dir='ltr'>non</span> <span class='ocrx_word' id='word_1_21' title='bbox 242 403 356 459; x_wconf 88' lang='lat' dir='ltr'>minoris</span> <span class='ocrx_word' id='word_1_22' title='bbox 376 404 506 460; x_wconf 79' lang='lat' dir='ltr'><strong>momenti</strong></span> <span class='ocrx_word' id='word_1_23' title='bbox 521 410 584 460; x_wconf 92' lang='lat' dir='ltr'>sunt</span> <span class='ocrx_word' id='word_1_24' title='bbox 598 403 722 474; x_wconf 87' lang='lat' dir='ltr'>ejusdem</span> <span class='ocrx_word' id='word_1_25' title='bbox 738 405 882 460; x_wconf 87' lang='lat' dir='ltr'>Tractatus</span> <span class='ocrx_word' id='word_1_26' title='bbox 896 414 925 462; x_wconf 92' lang='lat' dir='ltr'>et</span> <span class='ocrx_word' id='word_1_27' title='bbox 938 407 1078 478; x_wconf 76' lang='lat' dir='ltr'>Epistulae.</span> 
     </span>
    </p>

    <p class='ocr_par' dir='ltr' id='par_1_3' title="bbox 171 492 1824 744">
     <span class='ocr_line' id='line_1_4' title="bbox 208 492 1824 567; baseline 0.002 -20"><span class='ocrx_word' id='word_1_28' title='bbox 208 492 240 547; x_wconf 86' lang='lat' dir='ltr'>V.</span> <span class='ocrx_word' id='word_1_29' title='bbox 256 492 295 547; x_wconf 89' lang='lat' dir='ltr'>De</span> <span class='ocrx_word' id='word_1_30' title='bbox 310 493 542 566; x_wconf 83' lang='lat' dir='ltr'>subsequentibus</span> <span class='ocrx_word' id='word_1_31' title='bbox 553 492 699 564; x_wconf 87' lang='lat' dir='ltr'>Opuseulis</span> <span class='ocrx_word' id='word_1_32' title='bbox 713 510 767 549; x_wconf 91' lang='lat' dir='ltr'>non</span> <span class='ocrx_word' id='word_1_33' title='bbox 783 501 824 549; x_wconf 91' lang='lat' dir='ltr'>est</span> <span class='ocrx_word' id='word_1_34' title='bbox 841 510 956 552; x_wconf 87' lang='lat' dir='ltr'>neeesse</span> <span class='ocrx_word' id='word_1_35' title='bbox 970 494 1071 551; x_wconf 89' lang='lat' dir='ltr'>diutius</span> <span class='ocrx_word' id='word_1_36' title='bbox 1087 493 1194 567; x_wconf 76' lang='lat' dir='ltr'>praefari</span> <span class='ocrx_word' id='word_1_37' title='bbox 1209 495 1261 550; x_wconf 89' lang='lat' dir='ltr'>hoc</span> <span class='ocrx_word' id='word_1_38' title='bbox 1280 493 1351 564; x_wconf 87' lang='lat' dir='ltr'>loco,</span> <span class='ocrx_word' id='word_1_39' title='bbox 1368 494 1477 566; x_wconf 90' lang='lat' dir='ltr'>quando</span> <span class='ocrx_word' id='word_1_40' title='bbox 1492 494 1609 567; x_wconf 81' lang='lat' dir='ltr'>singulis</span> <span class='ocrx_word' id='word_1_41' title='bbox 1624 494 1743 567; x_wconf 83' lang='lat' dir='ltr'>praefrxre</span> <span class='ocrx_word' id='word_1_42' title='bbox 1760 505 1824 551; x_wconf 92' lang='lat' dir='ltr'>sunt</span> 
     </span>
     <span class='ocr_line' id='line_1_5' title="bbox 171 580 1823 657; baseline 0.003 -23"><span class='ocrx_word' id='word_1_43' title='bbox 171 580 389 649; x_wconf 61' lang='lat' dir='ltr'>Admonitionem</span> <span class='ocrx_word' id='word_1_44' title='bbox 404 598 467 654; x_wconf 86' lang='lat' dir='ltr'>quae</span> <span class='ocrx_word' id='word_1_45' title='bbox 479 581 611 654; x_wconf 80' lang='lat' dir='ltr'>longioris</span> <span class='ocrx_word' id='word_1_46' title='bbox 626 580 794 639; x_wconf 84' lang='lat' dir='ltr'>Prrelationis</span> <span class='ocrx_word' id='word_1_47' title='bbox 807 582 893 639; x_wconf 84' lang='lat' dir='ltr'>vicem</span> <span class='ocrx_word' id='word_1_48' title='bbox 910 584 1038 656; x_wconf 87' lang='lat' dir='ltr'>supplere</span> <span class='ocrx_word' id='word_1_49' title='bbox 1055 590 1177 654; x_wconf 81' lang='lat' dir='ltr'>possunt.</span> <span class='ocrx_word' id='word_1_50' title='bbox 1195 583 1298 640; x_wconf 85' lang='lat' dir='ltr'>Horum</span> <span class='ocrx_word' id='word_1_51' title='bbox 1311 583 1432 640; x_wconf 91' lang='lat' dir='ltr'>omnium</span> <span class='ocrx_word' id='word_1_52' title='bbox 1447 591 1611 657; x_wconf 81' lang='lat' dir='ltr'>argumenta</span> <span class='ocrx_word' id='word_1_53' title='bbox 1633 583 1718 641; x_wconf 83' lang='lat' dir='ltr'>insius</span> <span class='ocrx_word' id='word_1_54' title='bbox 1733 584 1823 657; x_wconf 92' lang='lat' dir='ltr'>expli·</span> 
     </span>
     <span class='ocr_line' id='line_1_6' title="bbox 171 669 1403 744; baseline 0.003 -18"><span class='ocrx_word' id='word_1_55' title='bbox 171 669 244 726; x_wconf 88' lang='lat' dir='ltr'>cabit</span> <span class='ocrx_word' id='word_1_56' title='bbox 255 669 340 726; x_wconf 85' lang='lat' dir='ltr'>Index</span> <span class='ocrx_word' id='word_1_57' title='bbox 354 671 463 744; x_wconf 89' lang='lat' dir='ltr'>utrique</span> <span class='ocrx_word' id='word_1_58' title='bbox 476 679 550 728; x_wconf 87' lang='lat' dir='ltr'>tomo</span> <span class='ocrx_word' id='word_1_59' title='bbox 564 671 675 728; x_wconf 75' lang='lat' dir='ltr'>exeunti</span> <span class='ocrx_word' id='word_1_60' title='bbox 689 672 847 743; x_wconf 66' lang='lat' dir='ltr'>subjectus.v</span> <span class='ocrx_word' id='word_1_61' title='bbox 1400 669 1403 673; x_wconf 71' lang='grc'>’</span> 
     </span>
    </p>
   </div>
   <div class='ocr_carea' id='block_1_3' title="bbox 676 1110 1327 1230">
    <p class='ocr_par' dir='ltr' id='par_1_4' title="bbox 676 1110 1327 1230">
     <span class='ocr_line' id='line_1_7' title="bbox 676 1110 1327 1230; baseline -0.002 -4"><span class='ocrx_word' id='word_1_62' title='bbox 676 1112 923 1230; x_wconf 84' lang='lat' dir='ltr'><strong>SANCTI</strong></span> <span class='ocrx_word' id='word_1_63' title='bbox 977 1110 1327 1227; x_wconf 82' lang='lat' dir='ltr'><strong>BERNARDI</strong></span> 
     </span>
    </p>
   </div>
   <div class='ocr_carea' id='block_1_4' title="bbox 744 1328 1249 1386">
    <p class='ocr_par' dir='ltr' id='par_1_5' title="bbox 744 1328 1249 1386">
     <span class='ocr_line' id='line_1_8' title="bbox 744 1328 1249 1386; baseline 0 -1"><span class='ocrx_word' id='word_1_64' title='bbox 744 1330 888 1386; x_wconf 77' lang='lat' dir='ltr'>ABBATIS</span> <span class='ocrx_word' id='word_1_65' title='bbox 924 1328 1249 1386; x_wconf 69' lang='lat' dir='ltr'>CLARAEVALLENSIS</span> 
     </span>
    </p>
   </div>
   <div class='ocr_carea' id='block_1_5' title="bbox 265 1537 1720 1815">
    <p class='ocr_par' dir='ltr' id='par_1_6' title="bbox 265 1537 1720 1815">
     <span class='ocr_line' id='line_1_9' title="bbox 265 1537 1720 1815; baseline -0.003 -93"><span class='ocrx_word' id='word_1_66' title='bbox 265 1537 716 1815; x_wconf 85' lang='lat' dir='ltr'>uranon</span> <span class='ocrx_word' id='word_1_67' title='bbox 792 1538 1151 1724; x_wconf 79' lang='lat' dir='ltr'>nonus</span> <span class='ocrx_word' id='word_1_68' title='bbox 1222 1537 1720 1753; x_wconf 77' lang='lat' dir='ltr'>cernuus,</span> 
     </span>
    </p>
   </div>
   <div class='ocr_carea' id='block_1_6' title="bbox 893 1871 1094 1917">
    <p class='ocr_par' dir='ltr' id='par_1_7' title="bbox 893 1871 1094 1917">
     <span class='ocr_line' id='line_1_10' title="bbox 893 1871 1094 1917; baseline 0.005 -4"><span class='ocrx_word' id='word_1_69' title='bbox 893 1871 1094 1917; x_wconf 63' lang='lat' dir='ltr'>colementis</span> 
     </span>
    </p>
   </div>
   <div class='ocr_carea' id='block_1_7' title="bbox 482 2030 1499 2144">
    <p class='ocr_par' dir='ltr' id='par_1_8' title="bbox 482 2030 1499 2144">
     <span class='ocr_line' id='line_1_11' title="bbox 482 2030 1499 2144; baseline 0.002 -4"><span class='ocrx_word' id='word_1_70' title='bbox 482 2030 664 2142; x_wconf 79' lang='lat' dir='ltr'><strong>OPERA</strong></span> <span class='ocrx_word' id='word_1_71' title='bbox 721 2052 1096 2144; x_wconf 78' lang='lat' dir='ltr'>SUPPOSlTlTlA</span> <span class='ocrx_word' id='word_1_72' title='bbox 1150 2053 1219 2142; x_wconf 89' lang='lat' dir='ltr'>ET</span> <span class='ocrx_word' id='word_1_73' title='bbox 1282 2051 1499 2144; x_wconf 72' lang='lat' dir='ltr'>allant.</span> 
     </span>
    </p>
   </div>
   <div class='ocr_carea' id='block_1_8' title="bbox 330 2438 1656 2561">
    <p class='ocr_par' dir='ltr' id='par_1_9' title="bbox 330 2438 1656 2561">
     <span class='ocr_line' id='line_1_12' title="bbox 330 2438 1656 2561; baseline 0.001 -7"><span class='ocrx_word' id='word_1_74' title='bbox 330 2438 885 2554; x_wconf 65' lang='lat' dir='ltr'>alumnas</span> <span class='ocrx_word' id='word_1_75' title='bbox 948 2440 1066 2553; x_wconf 78' lang='lat' dir='ltr'>DE</span> <span class='ocrx_word' id='word_1_76' title='bbox 1141 2440 1656 2561; x_wconf 72' lang='lat' dir='ltr'>nouorum</span> 
     </span>
    </p>
   </div>
   <div class='ocr_carea' id='block_1_9' title="bbox 700 2641 1286 2700">
    <p class='ocr_par' dir='ltr' id='par_1_10' title="bbox 700 2641 1286 2700">
     <span class='ocr_line' id='line_1_13' title="bbox 700 2641 1286 2700; baseline 0 -1"><span class='ocrx_word' id='word_1_77' title='bbox 700 2643 845 2699; x_wconf 69' lang='lat' dir='ltr'>ananus</span> <span class='ocrx_word' id='word_1_78' title='bbox 868 2641 1010 2700; x_wconf 78' lang='lat' dir='ltr'>onbtltts</span> <span class='ocrx_word' id='word_1_79' title='bbox 1029 2641 1286 2699; x_wconf 81' lang='lat' dir='ltr'>CISTERCIENSIS</span> 
     </span>
    </p>
   </div>
   <div class='ocr_carea' id='block_1_10' title="bbox 305 2834 1685 2986">
    <p class='ocr_par' dir='ltr' id='par_1_11' title="bbox 305 2834 1685 2986">
     <span class='ocr_line' id='line_1_14' title="bbox 305 2834 1685 2986; baseline -0.003 -26"><span class='ocrx_word' id='word_1_80' title='bbox 305 2837 675 2960; x_wconf 79' lang='lat' dir='ltr'>suruouus</span> <span class='ocrx_word' id='word_1_81' title='bbox 729 2838 799 2954; x_wconf 84' lang='lat' dir='ltr'><strong>m</strong></span> <span class='ocrx_word' id='word_1_82' title='bbox 847 2835 1209 2956; x_wconf 78' lang='lat' dir='ltr'>eluricum</span> <span class='ocrx_word' id='word_1_83' title='bbox 1265 2834 1685 2986; x_wconf 74' lang='lat' dir='ltr'>seiunctus,</span> 
     </span>
    </p>
   </div>
   <div class='ocr_carea' id='block_1_11' title="bbox 467 3077 1505 3166">
    <p class='ocr_par' dir='ltr' id='par_1_12' title="bbox 467 3077 1505 3166">
     <span class='ocr_line' id='line_1_15' title="bbox 467 3077 1505 3166; baseline 0.001 -17"><span class='ocrx_word' id='word_1_84' title='bbox 467 3082 515 3150; x_wconf 82' lang='lat' dir='ltr'>Ab</span> <span class='ocrx_word' id='word_1_85' title='bbox 532 3102 570 3150; x_wconf 88' lang='lat' dir='ltr'>eo</span> <span class='ocrx_word' id='word_1_86' title='bbox 589 3080 659 3149; x_wconf 90' lang='lat' dir='ltr'>loco</span> <span class='ocrx_word' id='word_1_87' title='bbox 676 3079 729 3148; x_wconf 93' lang='lat' dir='ltr'>ubi</span> <span class='ocrx_word' id='word_1_88' title='bbox 745 3079 858 3147; x_wconf 87' lang='lat' dir='ltr'>beatus</span> <span class='ocrx_word' id='word_1_89' title='bbox 872 3077 1056 3147; x_wconf 88' lang='lat' dir='ltr'>Bernerdus</span> <span class='ocrx_word' id='word_1_90' title='bbox 1077 3088 1179 3145; x_wconf 88' lang='lat' dir='ltr'>morte</span> <span class='ocrx_word' id='word_1_91' title='bbox 1197 3090 1385 3166; x_wconf 80' lang='lat' dir='ltr'>praeventus</span> <span class='ocrx_word' id='word_1_92' title='bbox 1399 3080 1505 3150; x_wconf 88' lang='lat' dir='ltr'>desiit.</span> 
     </span>
    </p>
   </div>
   <div class='ocr_carea' id='block_1_12' title="bbox 159 3477 1818 5505">
    <p class='ocr_par' dir='ltr' id='par_1_13' title="bbox 472 3477 1814 3819">
     <span class='ocr_line' id='line_1_16' title="bbox 472 3477 1812 3571; baseline 0 -30"><span class='ocrx_word' id='word_1_93' title='bbox 472 3484 492 3541; x_wconf 88' lang='grc' dir='ltr'>Ι</span> <span class='ocrx_word' id='word_1_94' title='bbox 512 3482 630 3541; x_wconf 74' lang='lat' dir='ltr'>sdttllo</span> <span class='ocrx_word' id='word_1_95' title='bbox 641 3484 663 3539; x_wconf 93' lang='lat' dir='ltr'>l.</span> <span class='ocrx_word' id='word_1_96' title='bbox 979 3492 1003 3571; x_wconf 58' lang='grc' dir='ltr'><strong>Α</strong></span> <span class='ocrx_word' id='word_1_97' title='bbox 1020 3478 1056 3534; x_wconf 91' lang='lat' dir='ltr'>de</span> <span class='ocrx_word' id='word_1_98' title='bbox 1065 3477 1403 3551; x_wconf 86' lang='lat' dir='ltr'>montibus,inquam,illis</span> <span class='ocrx_word' id='word_1_99' title='bbox 1411 3480 1446 3537; x_wconf 91' lang='lat' dir='ltr'>ad</span> <span class='ocrx_word' id='word_1_100' title='bbox 1459 3481 1610 3538; x_wconf 85' lang='lat' dir='ltr'>convallem</span> <span class='ocrx_word' id='word_1_101' title='bbox 1621 3482 1812 3556; x_wconf 74' lang='lat' dir='ltr'>laerymarum,</span> 
     </span>
     <span class='ocr_line' id='line_1_17' title="bbox 1018 3566 1812 3639; baseline 0.008 -18"><span class='ocrx_word' id='word_1_102' title='bbox 1018 3566 1055 3623; x_wconf 89' lang='lat' dir='ltr'>ad</span> <span class='ocrx_word' id='word_1_103' title='bbox 1067 3566 1169 3623; x_wconf 84' lang='lat' dir='ltr'>lectum</span> <span class='ocrx_word' id='word_1_104' title='bbox 1183 3566 1285 3625; x_wconf 90' lang='lat' dir='ltr'>doloris</span> <span class='ocrx_word' id='word_1_105' title='bbox 1294 3567 1410 3639; x_wconf 88' lang='lat' dir='ltr'>relapsa,</span> <span class='ocrx_word' id='word_1_106' title='bbox 1420 3567 1564 3625; x_wconf 88' lang='lat' dir='ltr'>adlectum</span> <span class='ocrx_word' id='word_1_107' title='bbox 1574 3576 1602 3624; x_wconf 90' lang='lat' dir='ltr'>et</span> <span class='ocrx_word' id='word_1_108' title='bbox 1611 3569 1644 3624; x_wconf 90' lang='lat' dir='ltr'>ad</span> <span class='ocrx_word' id='word_1_109' title='bbox 1659 3577 1766 3626; x_wconf 89' lang='lat' dir='ltr'>noctem</span> <span class='ocrx_word' id='word_1_110' title='bbox 1777 3571 1812 3627; x_wconf 89' lang='lat' dir='ltr'>de</span> 
     </span>
     <span class='ocr_line' id='line_1_18' title="bbox 1018 3655 1814 3730; baseline 0.005 -19"><span class='ocrx_word' id='word_1_111' title='bbox 1018 3655 1156 3713; x_wconf 90' lang='lat' dir='ltr'>montibus</span> <span class='ocrx_word' id='word_1_112' title='bbox 1169 3656 1320 3714; x_wconf 87' lang='lat' dir='ltr'>luminosis.</span> <span class='ocrx_word' id='word_1_113' title='bbox 1335 3655 1437 3727; x_wconf 83' lang='lat' dir='ltr'>Quidni</span> <span class='ocrx_word' id='word_1_114' title='bbox 1455 3656 1494 3713; x_wconf 87' lang='lat' dir='ltr'>sio</span> <span class='ocrx_word' id='word_1_115' title='bbox 1512 3657 1615 3714; x_wconf 79' lang='lat' dir='ltr'>reddat</span> <span class='ocrx_word' id='word_1_116' title='bbox 1629 3658 1699 3730; x_wconf 88' lang='lat' dir='ltr'>ipsa,</span> <span class='ocrx_word' id='word_1_117' title='bbox 1710 3659 1759 3714; x_wconf 92' lang='lat' dir='ltr'>ubi</span> <span class='ocrx_word' id='word_1_118' title='bbox 1773 3659 1814 3715; x_wconf 87' lang='lat' dir='ltr'>sic</span> 
     </span>
     <span class='ocr_line' id='line_1_19' title="bbox 1019 3744 1814 3819; baseline 0.003 -19"><span class='ocrx_word' id='word_1_119' title='bbox 1019 3744 1123 3801; x_wconf 89' lang='lat' dir='ltr'>recedit</span> <span class='ocrx_word' id='word_1_120' title='bbox 1136 3745 1251 3802; x_wconf 87' lang='lat' dir='ltr'>dilectus</span> <span class='ocrx_word' id='word_1_121' title='bbox 1264 3744 1352 3803; x_wconf 76' lang='lat' dir='ltr'>suus?</span> <span class='ocrx_word' id='word_1_122' title='bbox 1374 3744 1433 3818; x_wconf 89' lang='lat' dir='ltr'>ipse</span> <span class='ocrx_word' id='word_1_123' title='bbox 1447 3744 1521 3801; x_wconf 90' lang='lat' dir='ltr'>enim</span> <span class='ocrx_word' id='word_1_124' title='bbox 1544 3761 1653 3819; x_wconf 84' lang='lat' dir='ltr'>sponsae</span> <span class='ocrx_word' id='word_1_125' title='bbox 1667 3763 1724 3804; x_wconf 86' lang='lat' dir='ltr'>suae</span> <span class='ocrx_word' id='word_1_126' title='bbox 1738 3748 1814 3804; x_wconf 85' lang='lat' dir='ltr'>salus</span> 
     </span>
    </p>

    <p class='ocr_par' dir='ltr' id='par_1_14' title="bbox 159 3833 1818 5505">
     <span class='ocr_line' id='line_1_20' title="bbox 208 3833 1815 3907; baseline -0.007 -3"><span class='ocrx_word' id='word_1_127' title='bbox 208 3852 234 3906; x_wconf 85' lang='lat' dir='ltr'>t.</span> <span class='ocrx_word' id='word_1_128' title='bbox 251 3845 324 3903; x_wconf 90' lang='lat' dir='ltr'>Varii</span> <span class='ocrx_word' id='word_1_129' title='bbox 339 3849 403 3901; x_wconf 89' lang='lat' dir='ltr'>sunt</span> <span class='ocrx_word' id='word_1_130' title='bbox 420 3840 568 3896; x_wconf 92' lang='lat' dir='ltr'>amantium</span> <span class='ocrx_word' id='word_1_131' title='bbox 591 3837 716 3904; x_wconf 83' lang='lat' dir='ltr'>allectus,</span> <span class='ocrx_word' id='word_1_132' title='bbox 740 3834 804 3907; x_wconf 88' lang='lat' dir='ltr'>quia</span> <span class='ocrx_word' id='word_1_133' title='bbox 823 3849 902 3890; x_wconf 90' lang='lat' dir='ltr'>casus</span> <span class='ocrx_word' id='word_1_134' title='bbox 915 3849 966 3890; x_wconf 83' lang='lat' dir='ltr'>ra·</span> <span class='ocrx_word' id='word_1_135' title='bbox 1020 3840 1048 3889; x_wconf 93' lang='lat' dir='ltr'>et</span> <span class='ocrx_word' id='word_1_136' title='bbox 1062 3833 1235 3891; x_wconf 91' lang='lat' dir='ltr'>illuminatio.</span> <span class='ocrx_word' id='word_1_137' title='bbox 1247 3834 1312 3891; x_wconf 90' lang='lat' dir='ltr'>Ideo</span> <span class='ocrx_word' id='word_1_138' title='bbox 1320 3834 1468 3891; x_wconf 90' lang='lat' dir='ltr'>recedente</span> <span class='ocrx_word' id='word_1_139' title='bbox 1478 3833 1548 3906; x_wconf 84' lang='lat' dir='ltr'>ipso,</span> <span class='ocrx_word' id='word_1_140' title='bbox 1556 3834 1603 3889; x_wconf 88' lang='lat' dir='ltr'>illa</span> <span class='ocrx_word' id='word_1_141' title='bbox 1615 3836 1712 3892; x_wconf 82' lang='lat' dir='ltr'>recidit</span> <span class='ocrx_word' id='word_1_142' title='bbox 1727 3837 1761 3891; x_wconf 89' lang='lat' dir='ltr'>ad</span> <span class='ocrx_word' id='word_1_143' title='bbox 1776 3835 1815 3892; x_wconf 90' lang='lat' dir='ltr'>le-</span> 
     </span>
     <span class='ocr_line' id='line_1_21' title="bbox 162 3921 1815 4006; baseline -0.006 -14"><span class='ocrx_word' id='word_1_144' title='bbox 162 3938 214 3993; x_wconf 89' lang='lat' dir='ltr'>-rii.</span> <span class='ocrx_word' id='word_1_145' title='bbox 231 3935 295 3991; x_wconf 90' lang='lat' dir='ltr'>ldeo</span> <span class='ocrx_word' id='word_1_146' title='bbox 309 3948 416 4006; x_wconf 85' lang='lat' dir='ltr'>sponsae</span> <span class='ocrx_word' id='word_1_147' title='bbox 429 3930 514 3987; x_wconf 87' lang='lat' dir='ltr'>verba</span> <span class='ocrx_word' id='word_1_148' title='bbox 538 3926 682 3999; x_wconf 78' lang='lat' dir='ltr'>aliquoties</span> <span class='ocrx_word' id='word_1_149' title='bbox 704 3925 856 3995; x_wconf 89' lang='lat' dir='ltr'>interrupta</span> <span class='ocrx_word' id='word_1_150' title='bbox 869 3921 966 3978; x_wconf 85' lang='lat' dir='ltr'>vidon-</span> <span class='ocrx_word' id='word_1_151' title='bbox 1018 3923 1119 3980; x_wconf 82' lang='lat' dir='ltr'>ctutum</span> <span class='ocrx_word' id='word_1_152' title='bbox 1134 3923 1309 3995; x_wconf 83' lang='lat' dir='ltr'>infirmitatis,</span> <span class='ocrx_word' id='word_1_153' title='bbox 1324 3931 1352 3980; x_wconf 89' lang='lat' dir='ltr'>et</span> <span class='ocrx_word' id='word_1_154' title='bbox 1365 3923 1527 3998; x_wconf 80' lang='lat' dir='ltr'>ignorantiae</span> <span class='ocrx_word' id='word_1_155' title='bbox 1540 3933 1659 3981; x_wconf 91' lang='lat' dir='ltr'>noctem.</span> <span class='ocrx_word' id='word_1_156' title='bbox 1675 3926 1735 3981; x_wconf 86' lang='lat' dir='ltr'>Jsm</span> <span class='ocrx_word' id='word_1_157' title='bbox 1751 3942 1815 3982; x_wconf 86' lang='lat' dir='ltr'>ver-</span> 
     </span>
     <span class='ocr_line' id='line_1_22' title="bbox 172 4010 1815 4094; baseline -0.007 -12"><span class='ocrx_word' id='word_1_158' title='bbox 172 4034 226 4093; x_wconf 87' lang='lat' dir='ltr'>tur,</span> <span class='ocrx_word' id='word_1_159' title='bbox 243 4024 312 4079; x_wconf 90' lang='lat' dir='ltr'>sieut</span> <span class='ocrx_word' id='word_1_160' title='bbox 325 4022 383 4094; x_wconf 87' lang='lat' dir='ltr'>ipsa</span> <span class='ocrx_word' id='word_1_161' title='bbox 401 4019 501 4076; x_wconf 88' lang='lat' dir='ltr'>dilecto</span> <span class='ocrx_word' id='word_1_162' title='bbox 524 4031 573 4072; x_wconf 87' lang='lat' dir='ltr'>suo</span> <span class='ocrx_word' id='word_1_163' title='bbox 600 4015 644 4072; x_wconf 85' lang='lat' dir='ltr'>vel</span> <span class='ocrx_word' id='word_1_164' title='bbox 667 4030 701 4070; x_wconf 84' lang='lat' dir='ltr'>ex</span> <span class='ocrx_word' id='word_1_165' title='bbox 719 4021 782 4069; x_wconf 88' lang='lat' dir='ltr'>roto</span> <span class='ocrx_word' id='word_1_166' title='bbox 797 4011 903 4078; x_wconf 82' lang='lat' dir='ltr'>fruitur,</span> <span class='ocrx_word' id='word_1_167' title='bbox 923 4010 966 4068; x_wconf 83' lang='lat' dir='ltr'>rel</span> <span class='ocrx_word' id='word_1_168' title='bbox 1019 4021 1095 4069; x_wconf 88' lang='lat' dir='ltr'>satur</span> <span class='ocrx_word' id='word_1_169' title='bbox 1107 4029 1191 4087; x_wconf 90' lang='lat' dir='ltr'>super</span> <span class='ocrx_word' id='word_1_170' title='bbox 1215 4020 1329 4071; x_wconf 88' lang='lat' dir='ltr'>stratum</span> <span class='ocrx_word' id='word_1_171' title='bbox 1351 4011 1515 4069; x_wconf 87' lang='lat' dir='ltr'>infirmitatis</span> <span class='ocrx_word' id='word_1_172' title='bbox 1535 4029 1601 4069; x_wconf 82' lang='lat' dir='ltr'>sure.</span> <span class='ocrx_word' id='word_1_173' title='bbox 1627 4016 1717 4087; x_wconf 88' lang='lat' dir='ltr'>Super</span> <span class='ocrx_word' id='word_1_174' title='bbox 1741 4016 1815 4071; x_wconf 89' lang='lat' dir='ltr'>buno</span> 
     </span>
     <span class='ocr_line' id='line_1_23' title="bbox 172 4100 1816 4188; baseline -0.007 -18"><span class='ocrx_word' id='word_1_175' title='bbox 172 4122 271 4188; x_wconf 87' lang='lat' dir='ltr'>praeter</span> <span class='ocrx_word' id='word_1_176' title='bbox 284 4120 376 4169; x_wconf 85' lang='lat' dir='ltr'>votum</span> <span class='ocrx_word' id='word_1_177' title='bbox 399 4107 548 4164; x_wconf 81' lang='lat' dir='ltr'>fraudatur.</span> <span class='ocrx_word' id='word_1_178' title='bbox 564 4105 641 4160; x_wconf 89' lang='lat' dir='ltr'>Nune</span> <span class='ocrx_word' id='word_1_179' title='bbox 655 4113 685 4158; x_wconf 90' lang='lat' dir='ltr'>nt</span> <span class='ocrx_word' id='word_1_180' title='bbox 702 4116 785 4174; x_wconf 92' lang='lat' dir='ltr'>super</span> <span class='ocrx_word' id='word_1_181' title='bbox 798 4107 907 4157; x_wconf 89' lang='lat' dir='ltr'>montes</span> <span class='ocrx_word' id='word_1_182' title='bbox 920 4116 967 4156; x_wconf 92' lang='lat' dir='ltr'>re-</span> <span class='ocrx_word' id='word_1_183' title='bbox 1020 4108 1111 4158; x_wconf 86' lang='lat' dir='ltr'>tamen</span> <span class='ocrx_word' id='word_1_184' title='bbox 1125 4109 1239 4159; x_wconf 87' lang='lat' dir='ltr'>stratum</span> <span class='ocrx_word' id='word_1_185' title='bbox 1261 4107 1426 4158; x_wconf 84' lang='lat' dir='ltr'>memoratur</span> <span class='ocrx_word' id='word_1_186' title='bbox 1449 4100 1560 4167; x_wconf 89' lang='lat' dir='ltr'>dilecti;</span> <span class='ocrx_word' id='word_1_187' title='bbox 1582 4109 1610 4157; x_wconf 87' lang='lat' dir='ltr'>et</span> <span class='ocrx_word' id='word_1_188' title='bbox 1632 4103 1689 4170; x_wconf 84' lang='lat' dir='ltr'>jam</span> <span class='ocrx_word' id='word_1_189' title='bbox 1714 4119 1770 4159; x_wconf 91' lang='lat' dir='ltr'>non</span> <span class='ocrx_word' id='word_1_190' title='bbox 1786 4104 1816 4159; x_wconf 90' lang='lat' dir='ltr'>in</span> 
     </span>
     <span class='ocr_line' id='line_1_24' title="bbox 173 4189 1815 4263; baseline -0.009 -1"><span class='ocrx_word' id='word_1_191' title='bbox 173 4211 295 4262; x_wconf 84' lang='lat' dir='ltr'>vertatur</span> <span class='ocrx_word' id='word_1_192' title='bbox 307 4199 420 4257; x_wconf 86' lang='lat' dir='ltr'>invitat:</span> <span class='ocrx_word' id='word_1_193' title='bbox 444 4210 516 4251; x_wconf 91' lang='lat' dir='ltr'>nunc</span> <span class='ocrx_word' id='word_1_194' title='bbox 536 4193 564 4248; x_wconf 90' lang='lat' dir='ltr'>in</span> <span class='ocrx_word' id='word_1_195' title='bbox 588 4192 688 4248; x_wconf 86' lang='lat' dir='ltr'>lectulo</span> <span class='ocrx_word' id='word_1_196' title='bbox 711 4189 807 4263; x_wconf 76' lang='lat' dir='ltr'>quaerit</span> <span class='ocrx_word' id='word_1_197' title='bbox 835 4189 966 4260; x_wconf 88' lang='lat' dir='ltr'>elapsum.</span> <span class='ocrx_word' id='word_1_198' title='bbox 1020 4192 1168 4260; x_wconf 82' lang='lat' dir='ltr'>matutinis,</span> <span class='ocrx_word' id='word_1_199' title='bbox 1187 4190 1279 4247; x_wconf 88' lang='lat' dir='ltr'>sedin</span> <span class='ocrx_word' id='word_1_200' title='bbox 1294 4196 1374 4245; x_wconf 90' lang='lat' dir='ltr'>nocte</span> <span class='ocrx_word' id='word_1_201' title='bbox 1392 4189 1537 4246; x_wconf 79' lang='lat' dir='ltr'>meditetur</span> <span class='ocrx_word' id='word_1_202' title='bbox 1558 4189 1671 4261; x_wconf 92' lang='lat' dir='ltr'>inipso,</span> <span class='ocrx_word' id='word_1_203' title='bbox 1688 4207 1815 4263; x_wconf 88' lang='lat' dir='ltr'>quaerens</span> 
     </span>
     <span class='ocr_line' id='line_1_25' title="bbox 172 4268 1814 4362; baseline -0.006 -15"><span class='ocrx_word' id='word_1_204' title='bbox 172 4292 259 4362; x_wconf 82' lang='lat' dir='ltr'>Quam</span> <span class='ocrx_word' id='word_1_205' title='bbox 275 4289 319 4345; x_wconf 89' lang='lat' dir='ltr'>bio</span> <span class='ocrx_word' id='word_1_206' title='bbox 327 4284 480 4359; x_wconf 82' lang='lat' dir='ltr'>assignabis</span> <span class='ocrx_word' id='word_1_207' title='bbox 493 4280 696 4352; x_wconf 76' lang='lat' dir='ltr'>consequentiae</span> <span class='ocrx_word' id='word_1_208' title='bbox 711 4278 839 4334; x_wconf 75' lang='lat' dir='ltr'>seriem?</span> <span class='ocrx_word' id='word_1_209' title='bbox 853 4268 969 4350; x_wconf 84' lang='lat' dir='ltr'>quaedo·</span> <span class='ocrx_word' id='word_1_210' title='bbox 1021 4296 1104 4351; x_wconf 89' lang='lat' dir='ltr'>quern</span> <span class='ocrx_word' id='word_1_211' title='bbox 1116 4278 1204 4351; x_wconf 77' lang='lat' dir='ltr'>diligit</span> <span class='ocrx_word' id='word_1_212' title='bbox 1217 4279 1307 4334; x_wconf 84' lang='lat' dir='ltr'>anima</span> <span class='ocrx_word' id='word_1_213' title='bbox 1320 4294 1378 4334; x_wconf 85' lang='lat' dir='ltr'>sua.</span> <span class='ocrx_word' id='word_1_214' title='bbox 1393 4279 1453 4334; x_wconf 89' lang='lat' dir='ltr'>Non</span> <span class='ocrx_word' id='word_1_215' title='bbox 1468 4278 1546 4350; x_wconf 81' lang='lat' dir='ltr'>pigre</span> <span class='ocrx_word' id='word_1_216' title='bbox 1562 4279 1619 4351; x_wconf 81' lang='lat' dir='ltr'>agit</span> <span class='ocrx_word' id='word_1_217' title='bbox 1632 4279 1661 4335; x_wconf 90' lang='lat' dir='ltr'>in</span> <span class='ocrx_word' id='word_1_218' title='bbox 1676 4282 1727 4337; x_wconf 88' lang='lat' dir='ltr'>boo</span> <span class='ocrx_word' id='word_1_219' title='bbox 1740 4281 1814 4337; x_wconf 78' lang='lat' dir='ltr'>lecto</span> 
     </span>
     <span class='ocr_line' id='line_1_26' title="bbox 171 4366 1813 4440; baseline -0.007 -4"><span class='ocrx_word' id='word_1_220' title='bbox 171 4381 279 4437; x_wconf 91' lang='lat' dir='ltr'>oebitur</span> <span class='ocrx_word' id='word_1_221' title='bbox 292 4377 395 4434; x_wconf 88' lang='lat' dir='ltr'>ordinis</span> <span class='ocrx_word' id='word_1_222' title='bbox 407 4373 498 4430; x_wconf 71' lang='lat' dir='ltr'>ratio?</span> <span class='ocrx_word' id='word_1_223' title='bbox 513 4373 574 4426; x_wconf 91' lang='lat' dir='ltr'>Non</span> <span class='ocrx_word' id='word_1_224' title='bbox 590 4369 697 4426; x_wconf 88' lang='lat' dir='ltr'>videtur</span> <span class='ocrx_word' id='word_1_225' title='bbox 715 4368 795 4433; x_wconf 91' lang='lat' dir='ltr'>ratio,</span> <span class='ocrx_word' id='word_1_226' title='bbox 819 4366 867 4423; x_wconf 91' lang='lat' dir='ltr'>sed</span> <span class='ocrx_word' id='word_1_227' title='bbox 881 4366 968 4422; x_wconf 88' lang='lat' dir='ltr'>inter·</span> <span class='ocrx_word' id='word_1_228' title='bbox 1020 4368 1055 4423; x_wconf 91' lang='lat' dir='ltr'>ad</span> <span class='ocrx_word' id='word_1_229' title='bbox 1065 4384 1147 4440; x_wconf 88' lang='lat' dir='ltr'>quern</span> <span class='ocrx_word' id='word_1_230' title='bbox 1162 4366 1268 4438; x_wconf 85' lang='lat' dir='ltr'>relapsa</span> <span class='ocrx_word' id='word_1_231' title='bbox 1283 4376 1334 4425; x_wconf 91' lang='lat' dir='ltr'>est.</span> <span class='ocrx_word' id='word_1_232' title='bbox 1349 4368 1410 4424; x_wconf 92' lang='lat' dir='ltr'>Non</span> <span class='ocrx_word' id='word_1_233' title='bbox 1424 4367 1540 4433; x_wconf 86' lang='lat' dir='ltr'>lascivit,</span> <span class='ocrx_word' id='word_1_234' title='bbox 1556 4382 1609 4423; x_wconf 91' lang='lat' dir='ltr'>non</span> <span class='ocrx_word' id='word_1_235' title='bbox 1624 4367 1813 4424; x_wconf 82' lang='lat' dir='ltr'>delectaturin</span> 
     </span>
     <span class='ocr_line' id='line_1_27' title="bbox 172 4455 1816 4542; baseline -0.009 -15"><span class='ocrx_word' id='word_1_236' title='bbox 172 4471 272 4542; x_wconf 90' lang='lat' dir='ltr'>ruptio.</span> <span class='ocrx_word' id='word_1_237' title='bbox 289 4468 358 4524; x_wconf 82' lang='lat' dir='ltr'>Vota</span> <span class='ocrx_word' id='word_1_238' title='bbox 372 4464 472 4522; x_wconf 89' lang='lat' dir='ltr'>amoris</span> <span class='ocrx_word' id='word_1_239' title='bbox 487 4459 631 4517; x_wconf 81' lang='lat' dir='ltr'>uniformia</span> <span class='ocrx_word' id='word_1_240' title='bbox 646 4473 700 4514; x_wconf 92' lang='lat' dir='ltr'>non</span> <span class='ocrx_word' id='word_1_241' title='bbox 718 4466 791 4513; x_wconf 90' lang='lat' dir='ltr'>sunt.</span> <span class='ocrx_word' id='word_1_242' title='bbox 803 4455 867 4512; x_wconf 91' lang='lat' dir='ltr'>ldeo</span> <span class='ocrx_word' id='word_1_243' title='bbox 877 4471 968 4512; x_wconf 92' lang='lat' dir='ltr'>sermo</span> <span class='ocrx_word' id='word_1_244' title='bbox 1020 4457 1340 4529; x_wconf 83' lang='lat' dir='ltr'>leotoconeupisoentiae:</span> <span class='ocrx_word' id='word_1_245' title='bbox 1352 4457 1400 4513; x_wconf 91' lang='lat' dir='ltr'>sed</span> <span class='ocrx_word' id='word_1_246' title='bbox 1411 4457 1499 4527; x_wconf 79' lang='lat' dir='ltr'>magis</span> <span class='ocrx_word' id='word_1_247' title='bbox 1509 4455 1656 4511; x_wconf 86' lang='lat' dir='ltr'>reluctetur</span> <span class='ocrx_word' id='word_1_248' title='bbox 1665 4464 1816 4512; x_wconf 82' lang='lat' dir='ltr'>memorata</span> 
     </span>
     <span class='ocr_line' id='line_1_28' title="bbox 171 4543 1812 4619; baseline -0.007 -4"><span class='ocrx_word' id='word_1_249' title='bbox 171 4559 244 4615; x_wconf 84' lang='lat' dir='ltr'>serie</span> <span class='ocrx_word' id='word_1_250' title='bbox 262 4573 316 4611; x_wconf 91' lang='lat' dir='ltr'>non</span> <span class='ocrx_word' id='word_1_251' title='bbox 340 4563 459 4611; x_wconf 89' lang='lat' dir='ltr'>tenetur.</span> <span class='ocrx_word' id='word_1_252' title='bbox 483 4550 605 4606; x_wconf 81' lang='lat' dir='ltr'>Allectus</span> <span class='ocrx_word' id='word_1_253' title='bbox 629 4564 657 4602; x_wconf 89' lang='lat' dir='ltr'>rn</span> <span class='ocrx_word' id='word_1_254' title='bbox 679 4562 773 4602; x_wconf 91' lang='lat' dir='ltr'>amora</span> <span class='ocrx_word' id='word_1_255' title='bbox 796 4545 923 4619; x_wconf 88' lang='lat' dir='ltr'>loquitur,</span> <span class='ocrx_word' id='word_1_256' title='bbox 940 4553 968 4601; x_wconf 90' lang='lat' dir='ltr'>et</span> <span class='ocrx_word' id='word_1_257' title='bbox 1021 4545 1113 4602; x_wconf 86' lang='lat' dir='ltr'>dilecti</span> <span class='ocrx_word' id='word_1_258' title='bbox 1122 4547 1223 4613; x_wconf 88' lang='lat' dir='ltr'>solius;</span> <span class='ocrx_word' id='word_1_259' title='bbox 1240 4562 1295 4603; x_wconf 92' lang='lat' dir='ltr'>non</span> <span class='ocrx_word' id='word_1_260' title='bbox 1309 4547 1426 4604; x_wconf 81' lang='lat' dir='ltr'>obnoxia</span> <span class='ocrx_word' id='word_1_261' title='bbox 1436 4543 1593 4610; x_wconf 81' lang='lat' dir='ltr'>infirmitati¹</span> <span class='ocrx_word' id='word_1_262' title='bbox 1611 4545 1661 4601; x_wconf 88' lang='lat' dir='ltr'>sed</span> <span class='ocrx_word' id='word_1_263' title='bbox 1676 4545 1812 4604; x_wconf 83' lang='lat' dir='ltr'>charitati.</span> 
     </span>
     <span class='ocr_line' id='line_1_29' title="bbox 169 4633 1815 4715; baseline -0.009 -11"><span class='ocrx_word' id='word_1_264' title='bbox 169 4648 254 4704; x_wconf 85' lang='lat' dir='ltr'>rerba</span> <span class='ocrx_word' id='word_1_265' title='bbox 269 4644 441 4715; x_wconf 87' lang='lat' dir='ltr'>interrumpit</span> <span class='ocrx_word' id='word_1_266' title='bbox 453 4661 459 4698; x_wconf 91' lang='lat'><strong>:</strong></span> <span class='ocrx_word' id='word_1_267' title='bbox 471 4640 535 4712; x_wconf 91' lang='lat' dir='ltr'>quia</span> <span class='ocrx_word' id='word_1_268' title='bbox 550 4654 601 4694; x_wconf 90' lang='lat' dir='ltr'>nec</span> <span class='ocrx_word' id='word_1_269' title='bbox 615 4637 675 4708; x_wconf 88' lang='lat' dir='ltr'>ipse</span> <span class='ocrx_word' id='word_1_270' title='bbox 687 4635 738 4690; x_wconf 92' lang='lat' dir='ltr'>sibi</span> <span class='ocrx_word' id='word_1_271' title='bbox 752 4651 863 4707; x_wconf 86' lang='lat' dir='ltr'>semper</span> <span class='ocrx_word' id='word_1_272' title='bbox 874 4634 901 4688; x_wconf 93' lang='lat' dir='ltr'>in</span> <span class='ocrx_word' id='word_1_273' title='bbox 912 4648 967 4688; x_wconf 93' lang='lat' dir='ltr'>uno</span> <span class='ocrx_word' id='word_1_274' title='bbox 1020 4634 1064 4691; x_wconf 88' lang='lat' dir='ltr'>Sic</span> <span class='ocrx_word' id='word_1_275' title='bbox 1074 4634 1268 4706; x_wconf 86' lang='lat' dir='ltr'>interpretetur</span> <span class='ocrx_word' id='word_1_276' title='bbox 1277 4635 1320 4690; x_wconf 89' lang='lat' dir='ltr'>oui</span> <span class='ocrx_word' id='word_1_277' title='bbox 1334 4634 1375 4689; x_wconf 90' lang='lat' dir='ltr'>sio</span> <span class='ocrx_word' id='word_1_278' title='bbox 1388 4633 1506 4690; x_wconf 87' lang='lat' dir='ltr'>videtur.</span> <span class='ocrx_word' id='word_1_279' title='bbox 1522 4633 1580 4703; x_wconf 78' lang='lat' dir='ltr'>Ego</span> <span class='ocrx_word' id='word_1_280' title='bbox 1595 4641 1687 4691; x_wconf 90' lang='lat' dir='ltr'>tamen</span> <span class='ocrx_word' id='word_1_281' title='bbox 1703 4649 1757 4689; x_wconf 92' lang='lat' dir='ltr'>non</span> <span class='ocrx_word' id='word_1_282' title='bbox 1769 4635 1815 4691; x_wconf 88' lang='lat' dir='ltr'>bie</span> 
     </span>
     <span class='ocr_line' id='line_1_30' title="bbox 169 4720 1815 4797; baseline -0.007 -7"><span class='ocrx_word' id='word_1_283' title='bbox 169 4743 240 4791; x_wconf 86' lang='lat' dir='ltr'>statu</span> <span class='ocrx_word' id='word_1_284' title='bbox 259 4735 389 4790; x_wconf 83' lang='lat' dir='ltr'>eolraeret.</span> <span class='ocrx_word' id='word_1_285' title='bbox 407 4732 471 4784; x_wconf 80' lang='lat' dir='ltr'>lure</span> <span class='ocrx_word' id='word_1_286' title='bbox 486 4727 586 4797; x_wconf 88' lang='lat' dir='ltr'>etipse</span> <span class='ocrx_word' id='word_1_287' title='bbox 603 4739 718 4797; x_wconf 89' lang='lat' dir='ltr'>sponsus</span> <span class='ocrx_word' id='word_1_288' title='bbox 731 4723 844 4778; x_wconf 88' lang='lat' dir='ltr'>hinnulo</span> <span class='ocrx_word' id='word_1_289' title='bbox 858 4735 968 4790; x_wconf 87' lang='lat' dir='ltr'>compu-</span> <span class='ocrx_word' id='word_1_290' title='bbox 1020 4723 1123 4796; x_wconf 89' lang='lat' dir='ltr'>aoeipio</span> <span class='ocrx_word' id='word_1_291' title='bbox 1133 4724 1231 4779; x_wconf 90' lang='lat' dir='ltr'>lectum</span> <span class='ocrx_word' id='word_1_292' title='bbox 1245 4721 1356 4789; x_wconf 87' lang='lat' dir='ltr'>doloris,</span> <span class='ocrx_word' id='word_1_293' title='bbox 1367 4721 1420 4777; x_wconf 89' lang='lat' dir='ltr'>nisi</span> <span class='ocrx_word' id='word_1_294' title='bbox 1432 4721 1503 4777; x_wconf 87' lang='lat' dir='ltr'>lorte</span> <span class='ocrx_word' id='word_1_295' title='bbox 1518 4720 1619 4777; x_wconf 92' lang='lat' dir='ltr'>doloris</span> <span class='ocrx_word' id='word_1_296' title='bbox 1634 4722 1715 4792; x_wconf 84' lang='lat' dir='ltr'>illius,</span> <span class='ocrx_word' id='word_1_297' title='bbox 1731 4740 1815 4793; x_wconf 90' lang='lat' dir='ltr'>quem</span> 
     </span>
     <span class='ocr_line' id='line_1_31' title="bbox 170 4800 1815 4889; baseline -0.008 -10"><span class='ocrx_word' id='word_1_298' title='bbox 170 4833 254 4889; x_wconf 85' lang='lat' dir='ltr'>ratur,</span> <span class='ocrx_word' id='word_1_299' title='bbox 270 4823 308 4877; x_wconf 92' lang='lat' dir='ltr'>sic</span> <span class='ocrx_word' id='word_1_300' title='bbox 327 4821 432 4887; x_wconf 82' lang='lat' dir='ltr'>fallens,</span> <span class='ocrx_word' id='word_1_301' title='bbox 448 4824 476 4873; x_wconf 88' lang='lat' dir='ltr'>et</span> <span class='ocrx_word' id='word_1_302' title='bbox 494 4817 533 4871; x_wconf 92' lang='lat' dir='ltr'>sic</span> <span class='ocrx_word' id='word_1_303' title='bbox 555 4814 664 4886; x_wconf 84' lang='lat' dir='ltr'>lugiens</span> <span class='ocrx_word' id='word_1_304' title='bbox 681 4813 819 4869; x_wconf 86' lang='lat' dir='ltr'>dilectam.</span> <span class='ocrx_word' id='word_1_305' title='bbox 846 4810 968 4864; x_wconf 82' lang='lat' dir='ltr'>varietas</span> <span class='ocrx_word' id='word_1_306' title='bbox 982 4800 1005 4877; x_wconf 78' lang='grc' dir='ltr'><strong><em>Β</em></strong></span> <span class='ocrx_word' id='word_1_307' title='bbox 1021 4826 1099 4865; x_wconf 90' lang='lat' dir='ltr'>amor</span> <span class='ocrx_word' id='word_1_308' title='bbox 1116 4811 1231 4882; x_wconf 86' lang='lat' dir='ltr'>parturit</span> <span class='ocrx_word' id='word_1_309' title='bbox 1245 4809 1279 4866; x_wconf 93' lang='lat' dir='ltr'>de</span> <span class='ocrx_word' id='word_1_310' title='bbox 1301 4811 1414 4867; x_wconf 84' lang='lat' dir='ltr'>absente</span> <span class='ocrx_word' id='word_1_311' title='bbox 1435 4824 1554 4880; x_wconf 88' lang='lat' dir='ltr'>sponso:</span> <span class='ocrx_word' id='word_1_312' title='bbox 1570 4810 1691 4865; x_wconf 83' lang='lat' dir='ltr'>deliciari</span> <span class='ocrx_word' id='word_1_313' title='bbox 1707 4811 1815 4867; x_wconf 91' lang='lat' dir='ltr'>videtur</span> 
     </span>
     <span class='ocr_line' id='line_1_32' title="bbox 168 4897 1814 4981; baseline -0.007 -13"><span class='ocrx_word' id='word_1_314' title='bbox 168 4914 227 4968; x_wconf 84' lang='lat' dir='ltr'>brec</span> <span class='ocrx_word' id='word_1_315' title='bbox 241 4927 293 4967; x_wconf 89' lang='lat' dir='ltr'>neo</span> <span class='ocrx_word' id='word_1_316' title='bbox 306 4907 511 4981; x_wconf 85' lang='lat' dir='ltr'>consequentis,</span> <span class='ocrx_word' id='word_1_317' title='bbox 527 4921 579 4960; x_wconf 89' lang='lat' dir='ltr'>neo</span> <span class='ocrx_word' id='word_1_318' title='bbox 588 4903 692 4959; x_wconf 90' lang='lat' dir='ltr'>ratione</span> <span class='ocrx_word' id='word_1_319' title='bbox 707 4908 791 4958; x_wconf 86' lang='lat' dir='ltr'>earet.</span> <span class='ocrx_word' id='word_1_320' title='bbox 809 4898 898 4955; x_wconf 89' lang='lat' dir='ltr'>Verba</span> <span class='ocrx_word' id='word_1_321' title='bbox 911 4904 966 4951; x_wconf 89' lang='lat' dir='ltr'>tam</span> <span class='ocrx_word' id='word_1_322' title='bbox 1020 4898 1091 4954; x_wconf 81' lang='lat' dir='ltr'>velle</span> <span class='ocrx_word' id='word_1_323' title='bbox 1106 4899 1192 4970; x_wconf 72' lang='lat' dir='ltr'>magis</span> <span class='ocrx_word' id='word_1_324' title='bbox 1206 4914 1288 4971; x_wconf 90' lang='lat' dir='ltr'>quam</span> <span class='ocrx_word' id='word_1_325' title='bbox 1309 4898 1409 4967; x_wconf 81' lang='lat' dir='ltr'>ranam,</span> <span class='ocrx_word' id='word_1_326' title='bbox 1425 4905 1454 4954; x_wconf 89' lang='lat' dir='ltr'>et</span> <span class='ocrx_word' id='word_1_327' title='bbox 1472 4897 1587 4952; x_wconf 89' lang='lat' dir='ltr'>amioum</span> <span class='ocrx_word' id='word_1_328' title='bbox 1603 4900 1743 4970; x_wconf 73' lang='lat' dir='ltr'>quaesisse,</span> <span class='ocrx_word' id='word_1_329' title='bbox 1758 4916 1814 4956; x_wconf 90' lang='lat' dir='ltr'>non</span> 
     </span>
     <span class='ocr_line' id='line_1_33' title="bbox 167 4984 1813 5059; baseline -0.007 -1"><span class='ocrx_word' id='word_1_330' title='bbox 167 5001 258 5058; x_wconf 80' lang='lat' dir='ltr'>subito</span> <span class='ocrx_word' id='word_1_331' title='bbox 273 5006 437 5056; x_wconf 80' lang='lat' dir='ltr'>commutata</span> <span class='ocrx_word' id='word_1_332' title='bbox 455 4992 686 5053; x_wconf 89' lang='lat' dir='ltr'>continuationem</span> <span class='ocrx_word' id='word_1_333' title='bbox 705 4994 825 5057; x_wconf 84' lang='lat' dir='ltr'>serrant,</span> <span class='ocrx_word' id='word_1_334' title='bbox 841 4986 906 5042; x_wconf 91' lang='lat' dir='ltr'>dum</span> <span class='ocrx_word' id='word_1_335' title='bbox 921 4984 965 5040; x_wconf 82' lang='lat' dir='ltr'>al·</span> <span class='ocrx_word' id='word_1_336' title='bbox 1020 4987 1167 5045; x_wconf 88' lang='lat' dir='ltr'>medicum.</span> <span class='ocrx_word' id='word_1_337' title='bbox 1182 4987 1261 5043; x_wconf 83' lang='lat' dir='ltr'>Juxta</span> <span class='ocrx_word' id='word_1_338' title='bbox 1279 4987 1349 5043; x_wconf 89' lang='lat' dir='ltr'>hune</span> <span class='ocrx_word' id='word_1_339' title='bbox 1364 5002 1475 5042; x_wconf 89' lang='lat' dir='ltr'>sensum</span> <span class='ocrx_word' id='word_1_340' title='bbox 1498 4984 1539 5042; x_wconf 86' lang='lat' dir='ltr'>sic</span> <span class='ocrx_word' id='word_1_341' title='bbox 1552 4985 1709 5043; x_wconf 85' lang='lat' dir='ltr'>continuare</span> <span class='ocrx_word' id='word_1_342' title='bbox 1725 4994 1813 5059; x_wconf 90' lang='lat' dir='ltr'>potes.</span> 
     </span>
     <span class='ocr_line' id='line_1_34' title="bbox 165 5073 1815 5150; baseline -0.008 -4"><span class='ocrx_word' id='word_1_343' title='bbox 165 5090 285 5146; x_wconf 80' lang='lat' dir='ltr'>tertuum</span> <span class='ocrx_word' id='word_1_344' title='bbox 300 5088 391 5145; x_wconf 90' lang='lat' dir='ltr'>ordini</span> <span class='ocrx_word' id='word_1_345' title='bbox 406 5085 537 5142; x_wconf 87' lang='lat' dir='ltr'>serviunt.</span> <span class='ocrx_word' id='word_1_346' title='bbox 554 5082 661 5145; x_wconf 87' lang='lat' dir='ltr'>Videte,</span> <span class='ocrx_word' id='word_1_347' title='bbox 676 5081 731 5150; x_wconf 86' lang='lat' dir='ltr'>jam</span> <span class='ocrx_word' id='word_1_348' title='bbox 747 5093 808 5150; x_wconf 74' lang='lat' dir='ltr'>quun</span> <span class='ocrx_word' id='word_1_349' title='bbox 822 5075 857 5131; x_wconf 90' lang='lat' dir='ltr'>sit</span> <span class='ocrx_word' id='word_1_350' title='bbox 871 5075 900 5129; x_wconf 92' lang='lat' dir='ltr'>in</span> <span class='ocrx_word' id='word_1_351' title='bbox 915 5076 966 5131; x_wconf 88' lang='lat' dir='ltr'>bac</span> <span class='ocrx_word' id='word_1_352' title='bbox 1019 5078 1060 5133; x_wconf 90' lang='lat' dir='ltr'>De</span> <span class='ocrx_word' id='word_1_353' title='bbox 1075 5076 1213 5132; x_wconf 90' lang='lat' dir='ltr'>montibus</span> <span class='ocrx_word' id='word_1_354' title='bbox 1228 5074 1364 5143; x_wconf 87' lang='lat' dir='ltr'>seraptim</span> <span class='ocrx_word' id='word_1_355' title='bbox 1373 5073 1524 5130; x_wconf 86' lang='lat' dir='ltr'>contulerat</span> <span class='ocrx_word' id='word_1_356' title='bbox 1538 5076 1572 5130; x_wconf 93' lang='lat' dir='ltr'>ad</span> <span class='ocrx_word' id='word_1_357' title='bbox 1589 5076 1715 5132; x_wconf 87' lang='lat' dir='ltr'>lectulum</span> <span class='ocrx_word' id='word_1_358' title='bbox 1730 5091 1815 5146; x_wconf 92' lang='lat' dir='ltr'>spon-</span> 
     </span>
     <span class='ocr_line' id='line_1_35' title="bbox 165 5161 1818 5240; baseline -0.01 -3"><span class='ocrx_word' id='word_1_359' title='bbox 165 5179 296 5237; x_wconf 78' lang='lat' dir='ltr'>sarietate</span> <span class='ocrx_word' id='word_1_360' title='bbox 311 5178 397 5235; x_wconf 90' lang='lat' dir='ltr'>series</span> <span class='ocrx_word' id='word_1_361' title='bbox 410 5171 629 5233; x_wconf 89' lang='lat' dir='ltr'>continuationis.</span> <span class='ocrx_word' id='word_1_362' title='bbox 648 5169 765 5240; x_wconf 85' lang='lat' dir='ltr'>Elapsus</span> <span class='ocrx_word' id='word_1_363' title='bbox 786 5172 844 5223; x_wconf 89' lang='lat' dir='ltr'>erat</span> <span class='ocrx_word' id='word_1_364' title='bbox 858 5163 965 5220; x_wconf 82' lang='lat' dir='ltr'>dileetae</span> <span class='ocrx_word' id='word_1_365' title='bbox 1021 5182 1069 5234; x_wconf 83' lang='lat' dir='ltr'>sae,</span> <span class='ocrx_word' id='word_1_366' title='bbox 1085 5164 1131 5221; x_wconf 90' lang='lat' dir='ltr'>ubi</span> <span class='ocrx_word' id='word_1_367' title='bbox 1143 5164 1188 5220; x_wconf 82' lang='lat' dir='ltr'>illa</span> <span class='ocrx_word' id='word_1_368' title='bbox 1202 5162 1359 5230; x_wconf 86' lang='lat' dir='ltr'>exercitata,</span> <span class='ocrx_word' id='word_1_369' title='bbox 1370 5169 1398 5217; x_wconf 90' lang='lat' dir='ltr'>et</span> <span class='ocrx_word' id='word_1_370' title='bbox 1412 5161 1543 5220; x_wconf 85' lang='lat' dir='ltr'>deliciens</span> <span class='ocrx_word' id='word_1_371' title='bbox 1557 5165 1681 5220; x_wconf 87' lang='lat' dir='ltr'>ubertate</span> <span class='ocrx_word' id='word_1_372' title='bbox 1695 5164 1818 5221; x_wconf 86' lang='lat' dir='ltr'>delecta·</span> 
     </span>
     <span class='ocr_line' id='line_1_36' title="bbox 165 5252 1814 5338; baseline -0.007 -15"><span class='ocrx_word' id='word_1_373' title='bbox 165 5282 223 5323; x_wconf 82' lang='lat' dir='ltr'>suae</span> <span class='ocrx_word' id='word_1_374' title='bbox 233 5282 317 5338; x_wconf 88' lang='lat' dir='ltr'>super</span> <span class='ocrx_word' id='word_1_375' title='bbox 330 5274 446 5333; x_wconf 81' lang='lat' dir='ltr'>montes,</span> <span class='ocrx_word' id='word_1_376' title='bbox 461 5263 539 5338; x_wconf 82' lang='lat' dir='ltr'>quasi</span> <span class='ocrx_word' id='word_1_377' title='bbox 555 5257 684 5317; x_wconf 89' lang='lat' dir='ltr'>binnulus</span> <span class='ocrx_word' id='word_1_378' title='bbox 697 5272 783 5328; x_wconf 73' lang='lat' dir='ltr'>vagus</span> <span class='ocrx_word' id='word_1_379' title='bbox 793 5255 963 5312; x_wconf 87' lang='lat' dir='ltr'>etvolitans:</span> <span class='ocrx_word' id='word_1_380' title='bbox 1020 5252 1103 5310; x_wconf 90' lang='lat' dir='ltr'>tionis</span> <span class='ocrx_word' id='word_1_381' title='bbox 1120 5252 1292 5318; x_wconf 83' lang='lat' dir='ltr'>obdormirit.</span> <span class='ocrx_word' id='word_1_382' title='bbox 1308 5252 1439 5308; x_wconf 82' lang='lat' dir='ltr'>exhauste</span> <span class='ocrx_word' id='word_1_383' title='bbox 1461 5252 1534 5310; x_wconf 88' lang='lat' dir='ltr'>inter</span> <span class='ocrx_word' id='word_1_384' title='bbox 1547 5252 1691 5325; x_wconf 87' lang='lat' dir='ltr'>amplexus</span> <span class='ocrx_word' id='word_1_385' title='bbox 1710 5254 1814 5312; x_wconf 88' lang='lat' dir='ltr'>dilecti.</span> 
     </span>
     <span class='ocr_line' id='line_1_37' title="bbox 163 5340 1816 5428; baseline -0.011 -16"><span class='ocrx_word' id='word_1_386' title='bbox 163 5364 193 5413; x_wconf 88' lang='lat' dir='ltr'>et</span> <span class='ocrx_word' id='word_1_387' title='bbox 207 5356 268 5428; x_wconf 87' lang='lat' dir='ltr'>ipsa</span> <span class='ocrx_word' id='word_1_388' title='bbox 280 5357 315 5411; x_wconf 84' lang='lat' dir='ltr'>ad</span> <span class='ocrx_word' id='word_1_389' title='bbox 329 5374 358 5411; x_wconf 89' lang='lat' dir='ltr'>se</span> <span class='ocrx_word' id='word_1_390' title='bbox 373 5360 479 5427; x_wconf 82' lang='lat' dir='ltr'>relapsa</span> <span class='ocrx_word' id='word_1_391' title='bbox 494 5347 679 5406; x_wconf 87' lang='lat' dir='ltr'>dementibus</span> <span class='ocrx_word' id='word_1_392' title='bbox 693 5345 745 5401; x_wconf 86' lang='lat' dir='ltr'>iliis</span> <span class='ocrx_word' id='word_1_393' title='bbox 760 5344 788 5399; x_wconf 91' lang='lat' dir='ltr'>in</span> <span class='ocrx_word' id='word_1_394' title='bbox 804 5344 901 5416; x_wconf 91' lang='lat' dir='ltr'>quibus</span> <span class='ocrx_word' id='word_1_395' title='bbox 915 5340 966 5397; x_wconf 91' lang='lat' dir='ltr'>mi·</span> <span class='ocrx_word' id='word_1_396' title='bbox 1020 5342 1163 5401; x_wconf 81' lang='lat' dir='ltr'>oblectata</span> <span class='ocrx_word' id='word_1_397' title='bbox 1175 5340 1341 5400; x_wconf 85' lang='lat' dir='ltr'>obdormirit</span> <span class='ocrx_word' id='word_1_398' title='bbox 1355 5359 1478 5399; x_wconf 92' lang='lat' dir='ltr'>somnum</span> <span class='ocrx_word' id='word_1_399' title='bbox 1492 5343 1610 5411; x_wconf 86' lang='lat' dir='ltr'>dulcem,</span> <span class='ocrx_word' id='word_1_400' title='bbox 1621 5345 1668 5399; x_wconf 84' lang='lat' dir='ltr'>sed</span> <span class='ocrx_word' id='word_1_401' title='bbox 1681 5359 1816 5416; x_wconf 75' lang='lat' dir='ltr'>expurgo.</span> 
     </span>
     <span class='ocr_line' id='line_1_38' title="bbox 159 5429 1816 5505; baseline -0.007 -4"><span class='ocrx_word' id='word_1_402' title='bbox 159 5445 287 5502; x_wconf 86' lang='lat' dir='ltr'>rabiliter</span> <span class='ocrx_word' id='word_1_403' title='bbox 300 5444 454 5500; x_wconf 80' lang='lat' dir='ltr'>illuminate</span> <span class='ocrx_word' id='word_1_404' title='bbox 465 5448 533 5505; x_wconf 89' lang='lat' dir='ltr'>erat,</span> <span class='ocrx_word' id='word_1_405' title='bbox 550 5446 579 5494; x_wconf 93' lang='lat' dir='ltr'>et</span> <span class='ocrx_word' id='word_1_406' title='bbox 592 5435 725 5491; x_wconf 87' lang='lat' dir='ltr'>illustrata</span> <span class='ocrx_word' id='word_1_407' title='bbox 739 5433 842 5490; x_wconf 87' lang='lat' dir='ltr'>visione</span> <span class='ocrx_word' id='word_1_408' title='bbox 856 5429 963 5496; x_wconf 84' lang='lat' dir='ltr'>dilecti;</span> <span class='ocrx_word' id='word_1_409' title='bbox 1020 5432 1092 5489; x_wconf 85' lang='lat' dir='ltr'>lacta</span> <span class='ocrx_word' id='word_1_410' title='bbox 1107 5446 1162 5487; x_wconf 89' lang='lat' dir='ltr'>non</span> <span class='ocrx_word' id='word_1_411' title='bbox 1183 5430 1289 5490; x_wconf 84' lang='lat' dir='ltr'>invenit</span> <span class='ocrx_word' id='word_1_412' title='bbox 1309 5432 1385 5489; x_wconf 89' lang='lat' dir='ltr'>illum</span> <span class='ocrx_word' id='word_1_413' title='bbox 1412 5435 1471 5489; x_wconf 82' lang='lat' dir='ltr'>baec</span> <span class='ocrx_word' id='word_1_414' title='bbox 1492 5432 1590 5488; x_wconf 90' lang='lat' dir='ltr'>mulier</span> <span class='ocrx_word' id='word_1_415' title='bbox 1613 5432 1770 5489; x_wconf 86' lang='lat' dir='ltr'>deliciarum</span> <span class='ocrx_word' id='word_1_416' title='bbox 1784 5433 1816 5492; x_wconf 91' lang='lat' dir='ltr'>in</span> 
     </span>
    </p>
   </div>
   <div class='ocr_carea' id='block_1_13' title="bbox 171 3619 965 3768">
    <p class='ocr_par' dir='ltr' id='par_1_15' title="bbox 171 3619 965 3768">
     <span class='ocr_line' id='line_1_39' title="bbox 171 3619 965 3700; baseline -0.023 -7"><span class='ocrx_word' id='word_1_417' title='bbox 171 3633 325 3694; x_wconf 70' lang='lat' dir='ltr'>totototo</span> <span class='ocrx_word' id='word_1_418' title='bbox 345 3644 407 3685; x_wconf 84' lang='lat' dir='ltr'>meo</span> <span class='ocrx_word' id='word_1_419' title='bbox 427 3645 479 3700; x_wconf 84' lang='lat' dir='ltr'>per</span> <span class='ocrx_word' id='word_1_420' title='bbox 506 3630 600 3683; x_wconf 78' lang='lat' dir='ltr'>noctes</span> <span class='ocrx_word' id='word_1_421' title='bbox 626 3621 743 3696; x_wconf 78' lang='lat' dir='ltr'>quesivi</span> <span class='ocrx_word' id='word_1_422' title='bbox 766 3638 849 3694; x_wconf 84' lang='lat' dir='ltr'>quern</span> <span class='ocrx_word' id='word_1_423' title='bbox 871 3619 965 3692; x_wconf 81' lang='lat' dir='ltr'>dilipit</span> 
     </span>
     <span class='ocr_line' id='line_1_40' title="bbox 364 3693 768 3768; baseline -0.025 -12"><span class='ocrx_word' id='word_1_424' title='bbox 364 3701 462 3756; x_wconf 73' lang='lat' dir='ltr'>aciaco</span> <span class='ocrx_word' id='word_1_425' title='bbox 485 3714 548 3755; x_wconf 85' lang='lat' dir='ltr'>meo</span> <span class='ocrx_word' id='word_1_426' title='bbox 563 3696 659 3768; x_wconf 82' lang='lat' dir='ltr'>(Cant.</span> <span class='ocrx_word' id='word_1_427' title='bbox 680 3709 721 3763; x_wconf 77' lang='grc' dir='ltr'>ιιι,</span> <span class='ocrx_word' id='word_1_428' title='bbox 734 3693 768 3763; x_wconf 88' lang='lat' dir='ltr'>l).</span> 
     </span>
    </p>
   </div>
   <div class='ocr_carea' id='block_1_14' title="bbox 0 0 1858 5962">
    <p class='ocr_par' dir='ltr' id='par_1_16' title="bbox 0 0 1858 5962">
     <span class='ocr_line' id='line_1_41' title="bbox 0 0 1858 5962; baseline 0 1"><span class='ocrx_word' id='word_1_429' title='bbox 0 0 1858 5962; x_wconf 95' lang='lat' dir='ltr'> </span> 
     </span>
    </p>
   </div>
  </div>
 </body>
</html>
