3706 5962
108 215 179 276 1013
638 212 681 272 ut
699 211 805 273 sustu
823 208 929 271 dtuli
947 202 1082 271 vluctht
1100 207 1220 272 stulto·
1358 228 1365 241 ¹
1642 234 1646 251 ·
1681 213 1752 274 itit

105 339 206 396 tudinis
219 338 397 397 obumbratio.
422 341 465 396 ‘lu
478 339 570 396 electo
598 354 627 395 es
650 343 685 396 ct
700 337 761 406 sol,·
776 336 831 402 ille,
855 335 898 391 in·
916 336 1165 429 “imbecillitatem
1179 346 1310 404 nostram,
1326 339 1402 396 auler
1424 339 1601 411 opprobrium
1614 346 1747 400 nostrum.

105 444 195 498 quam,
215 427 260 484 Sol
284 426 351 483 solis
371 427 506 483 conditor.
528 428 576 483 lile
601 425 675 482 ιιίιι
688 426 791 483 eiectus
815 434 855 482 est
867 440 900 483 ex
957 424 1038 481 Vides
1052 427 1122 483 banc
1135 427 1254 484 tunicam
1264 427 1415 498 pelliceam,
1427 443 1489 500 quae
1499 434 1550 484 ιιιι
1560 427 1746 486 circumdedit.

105 516 225 570 millibus
239 514 358 572 virorum
376 533 382 568 :
400 524 428 570 tu
444 515 528 571 electa
551 531 584 570 cx
595 514 716 571 millibus
731 513 901 570 teminorum.
923 576 928 583 ,
955 513 1057 570 Tunica
1070 517 1135 571 Evae
1149 516 1268 587 parentis
1280 524 1379 572 nostrae
1402 516 1460 572 haec
1476 525 1526 583 est,
1550 532 1632 588 quani
1650 516 1684 573 ad
1696 533 1747 573 nos

103 606 151 660 lile
164 605 265 661 electus
281 621 313 660 ex
328 605 453 661 omnibus
467 621 527 677 quae
542 612 605 661 sunt
625 623 633 660 ε
654 612 682 661 ιι
697 605 783 661 ιΙιιιι
795 620 828 659 ex
844 619 902 661 om·
955 602 1020 658 olim
1035 604 1134 660 misera
1147 604 1193 660 illa
1208 605 1364 673 transmisit,
1386 615 1413 661 et
1427 605 1617 676 supervestivit
1635 621 1746 663 earnem

103 692 253 772 nibusqnae
268 710 316 764 per
326 693 483 750 iilumsont.
495 694 537 750 Tu
547 695 682 752 terribilis
692 698 727 751 ut
740 695 902 750 castrorum
955 690 1070 747 tiliorum
1084 708 1208 760 suorum,
1225 694 1295 750 sicot
1307 693 1436 764 diploide,
1456 691 1614 750 confusione
1628 710 1689 750 sua.
1705 695 1745 751 De

103 783 176 839 acics
191 783 333 839 ordinatu.
346 782 415 851 Quid
425 784 497 838 enim
506 784 521 839 l
530 784 571 838 An
584 797 638 839 non
652 783 814 840 horruerunt
832 782 902 853 prin·
954 795 1036 836 mauu
1048 781 1150 853 quippe
1164 782 1249 855 ipsius
1261 781 1378 855 duplicis
1392 782 1456 838 mali
1472 798 1563 839 semen
1574 790 1645 840 terra
1654 792 1750 839 nostra

102 869 176 940 cipes
191 871 372 938 tenebrarum,
393 871 501 943 quando
523 871 647 928 uiderunt
671 879 767 943 practer
795 886 900 929 morem
953 869 1073 943 suscepit
1085 879 1113 926 et
1127 870 1261 941 concepit,
1272 880 1300 927 et
1312 872 1417 942 peperit
1429 870 1509 927 nohis
1534 873 1625 944 spinas
1643 879 1670 928 ιι
1693 871 1746 927 tri-

102 968 239 1015 armatura
253 960 327 1016 omui
341 960 453 1016 fortiore
468 960 627 1016 instructam
641 970 736 1016 contra
749 976 779 1015 se
802 976 899 1032 proce·
954 958 1032 1014 bulos
1053 958 1241 1030 iniquitatisin
1263 961 1364 1025 anima,
1388 959 1546 1016 calamitatis
1569 961 1597 1016 in
1619 975 1746 1033 corpore,

102 1047 168 1102 dere
182 1047 318 1114 feminam,
335 1047 461 1103 iemiunm
477 1047 574 1104 iortcm
596 1056 624 1104 et
647 1048 680 1104 sd
703 1047 773 1104 bella
796 1049 900 1105 doctis·
954 1061 987 1102 ae
1000 1062 1047 1118 per
1061 1049 1113 1105 hoc
1127 1055 1241 1104 mortem
1254 1047 1407 1119 utrobique.
1423 1047 1446 1105 0
1472 1049 1566 1106 infelix
1581 1050 1742 1109 hareditas!

101 1136 206 1203 simam,
223 1137 301 1205 cuius
314 1137 388 1192 ensis
412 1153 494 1209 super
517 1135 605 1195 lemur
628 1153 707 1193 suum
730 1141 840 1211 propter
860 1138 899 1193 ti·
953 1135 1043 1192 odira
1057 1138 1181 1197 humanae
1200 1138 1289 1193 earnis
1307 1137 1469 1194 infirmitas!
1486 1153 1628 1209 usquequo
1657 1138 1745 1208 patie-

101 1240 192 1280 mores
206 1226 371 1281 nocturnos?
386 1226 417 1281 ln
432 1227 545 1281 circuitu
559 1225 619 1295 ejus
632 1225 704 1282 acies
719 1225 826 1282 salidus
841 1226 899 1297 spi·
939 1227 1068 1295 ¹murtei
1083 1226 1282 1283 llultumdorsa
1295 1235 1390 1284 nostra
1399 1224 1554 1294 incurmsti,
1575 1226 1639 1299 quis
1654 1226 1744 1296 gravis

101 1315 239 1369 ritualium
269 1315 397 1370 virtutum
431 1330 481 1370 suo
508 1330 538 1372 se
564 1314 679 1372 invicem
702 1315 799 1372 ordine
826 1323 899 1371 tuen·
953 1330 983 1369 es
997 1314 1181 1387 valde,ctdiu
1197 1323 1224 1372 te
1238 1315 1422 1373 sustinuimus.
1437 1315 1552 1371 llulturn
1561 1314 1681 1370 minuisti
1695 1330 1747 1370 uos

101 1402 181 1473 tium3
198 1401 330 1473 siqnidem
351 1402 521 1458 ordinatione
540 1410 695 1474 perseverat
708 1403 766 1458 dies
783 1422 790 1459 ι
806 1406 898 1460 sedet
952 1403 986 1457 ab
1000 1403 1126 1477 Angelis,
1142 1418 1213 1471 equo
1234 1410 1261 1460 ιι
1276 1404 1405 1473 iumentis
1419 1403 1608 1475 insipientibus
1620 1419 1745 1476 coaequa·

100 1490 337 1546 innumerabilium
367 1490 507 1546 beatorum
535 1490 681 1560 spirituum
713 1490 835 1548 militiam
862 1493 897 1547 sd
951 1492 985 1549 sti
1001 1509 1008 1559 ;
1024 1492 1254 1561 uimisiuvuluisti,
1270 1509 1332 1567 quae
1348 1493 1546 1549 nonnisimorte
1561 1492 1623 1548 Filii
1641 1493 1691 1548 Dei
1705 1509 1748 1549 sa·

100 1577 278 1634 ministerium
294 1577 359 1633 ιιιιί
374 1577 504 1650 Principis
524 1578 677 1652 delegatam
706 1579 791 1636 luisse
810 1579 896 1636 uulla-
913 1611 936 1690 Β
952 1580 1011 1637 nari
1025 1579 1146 1651 potuisti.
1160 1581 1247 1638 Nimis
1257 1598 1341 1655 super
1357 1597 1406 1639 nos
1417 1588 1443 1637 te
1457 1581 1586 1648 extulisti,
1599 1584 1753 1654 quandoct.

100 1673 179 1722 tenus
196 1664 370 1739 ambigimus;
389 1674 481 1737 utpote
505 1666 552 1738 qui
575 1668 743 1725 custodirent
768 1669 898 1727 lectulum
952 1685 1039 1739 usque
1049 1669 1205 1740 adenmqui
1213 1684 1296 1740 super
1305 1669 1396 1724 omnia
1405 1671 1577 1735 est,iooaute
1587 1668 1741 1726 ascendisti.

99 1753 255 1811 Salomonis
268 1754 450 1827 gratissimum
465 1755 560 1828 (Cant.
576 1761 657 1827 111,8‚
672 1758 712 1829 7),
726 1774 758 1815 oc
772 1761 897 1831 provide·
985 1760 1013 1816 t.
1029 1758 1061 1813 Et
1079 1757 1139 1831 quis
1153 1758 1276 1814 liberabit
1288 1773 1340 1814 nos
1354 1773 1369 1812 a
1383 1759 1535 1828 corruptela
1548 1758 1633 1828 hujus
1652 1759 1744 1816 numer·

100 1851 169 1909 rent,
185 1859 220 1898 ne
234 1851 416 1917 preparatum
435 1851 536 1905 aeterno
545 1845 613 1918 Regi
627 1847 775 1914 hospitium
790 1848 897 1919 ,alicnus
950 1848 1026 1903 rimae
1041 1847 1173 1917 pelliculae
1187 1848 1202 1902 i
1215 1846 1306 1902 Gratia
1320 1844 1466 1901 salvatoris
1481 1845 1565 1902 nostri
1580 1846 1643 1902 Filii
1659 1847 1706 1916 tui,
1727 1864 1745 1904 o

98 1932 198 2002 hospes
213 1934 359 1990 invaderet.
384 1935 518 1989 Nimirum
543 1935 623 1992 timor
637 1933 728 1993 691)
745 1948 773 1992 ιι
797 1947 898 1996 tremor
949 1938 1044 2002 liaris,
1058 1936 1104 2007 qui
1120 1946 1148 1990 ιι
1169 1933 1275 1990 infirmo
1296 1944 1390 1990 nostra
1404 1934 1520 2000 tolleret,
1543 1941 1640 2006 sponte
1667 1935 1744 1991 inbr-

99 2029 232 2077 venerunt
246 2036 328 2093 super
341 2037 398 2088 eos,
408 2023 444 2076 ita
457 2030 487 2077 ut
500 2023 623 2079 dicerent
638 2024 727 2082 :liceo
740 2025 801 2097 plus
815 2043 896 2099 qnam
950 2036 1038 2083 matus
1053 2033 1096 2084 est
1112 2043 1119 2079 :
1133 2031 1160 2079 et
1174 2031 1202 2078 ul
1217 2038 1291 2079 mors
1310 2022 1405 2078 mortis
1418 2030 1519 2079 nostme
1533 2023 1592 2094 ipse
1606 2021 1691 2090 fieret,
1704 2023 1746 2080 in·

98 2110 157 2165 Eva
173 2110 240 2165 brec.
255 2110 349 2165 Castra
367 2110 415 2165 Dci
440 2117 503 2166 sunt
517 2111 585 2178 baec,
600 2112 736 2185 fugiamus
757 2115 895 2174 lsraelem.
949 2132 1049 2174 nocens
1068 2129 1118 2187 pro
1133 2111 1323 2185 peccatoribus
1336 2121 1460 2173 mortuus
1479 2120 1529 2165 est.
1546 2112 1581 2166 lit
1611 2111 1673 2184 quis
1691 2123 1744 2170 tam

99 2199 140 2254 Tu
158 2214 235 2273 ergo,
250 2198 375 2254 bellatrix
398 2199 518 2274 egregia,
540 2200 628 2271 primo
650 2217 713 2257 eum
731 2204 778 2274 qui
791 2205 897 2276 primus
949 2205 1076 2268 idoneus,
1087 2210 1115 2257 ut
1125 2202 1251 2273 loquatur
1261 2199 1294 2252 ad
1309 2214 1358 2253 cor
1372 2197 1479 2254 Domini
1489 2198 1575 2253 nostri
1582 2199 1646 2254 lesu
1663 2200 1743 2256 Chri·

99 2288 190 2345 omnia
203 2288 393 2360 supplantavit,
407 2303 563 2360 expugnare
583 2289 696 2347 viriliter
708 2308 838 2364 aggressa
854 2311 894 2351 es.
949 2294 994 2362 sti,
1011 2300 1040 2347 ut
1052 2299 1082 2347 tu
1098 2289 1161 2346 lelix
1178 2288 1271 2352 liaris,
1300 2302 1361 2358 quae
1383 2286 1411 2342 iu
1440 2286 1629 2343 secretissimis
1643 2291 1747 2359 ample·

99 2378 140 2433 Tu
154 2388 181 2433 et
195 2377 318 2448 spiritum
329 2377 453 2433 clationis
466 2379 531 2434 Evae
544 2380 646 2435 vertice
657 2379 813 2437 humilitatis
823 2397 897 2438 oom-
950 2381 1029 2438 xibus
1044 2378 1218 2435 amantissimi
1234 2376 1296 2432 Filii
1311 2375 1349 2431 toi
1365 2376 1477 2432 recubes
1503 2375 1531 2430 in
1544 2377 1658 2434 meridie
1676 2396 1747 2436 sern-

99 2466 207 2538 plosisti
221 2484 228 2525 :
241 2483 321 2539 quam
337 2466 364 2522 in
380 2473 405 2521 tc
420 2467 457 2521 ita
470 2466 589 2540 respexit
602 2468 743 2537 Dominus,
760 2478 791 2527 nt
809 2471 896 2542 ipsius
950 2470 1064 2542 piterno,
1082 2469 1197 2538 ejusque
1211 2464 1422 2521 familiarissimo
1436 2463 1572 2537 colloquio
1591 2480 1653 2522 cum
1664 2469 1745 2539 plena

98 2553 196 2612 merito
210 2572 292 2628 super
307 2570 401 2610 omnes
415 2556 512 2612 choros
526 2555 694 2626 Angelorum
711 2567 737 2614 te
752 2559 895 2618 sublimari
949 2558 1039 2616 cordis
1057 2555 1149 2614 laetitia
1172 2552 1348 2626 perfrueris?
1372 2553 1504 2625 Loquere,
1535 2553 1657 2620 Domine,
1682 2558 1746 2629 quia

98 2643 208 2716 dignam
219 2643 392 2700 aestimavcrit
402 2644 445 2718 [in
453 2647 658 2719 manuscriptis
672 2648 734 2705 :Tu
750 2650 823 2704 enim
836 2651 895 2724 spi·
949 2648 1027 2704 audit
1042 2646 1126 2702 Filius
1140 2652 1215 2712 tuus3
1234 2654 1260 2700 et
1275 2658 1453 2714 quaecumque
1478 2643 1597 2714 petieris,
1613 2645 1744 2717 impetra-

98 2732 180 2788 ritum
194 2733 344 2790 devotionis
357 2749 389 2789 ea
407 2734 509 2791 uirtute
527 2734 684 2790 humilitatis
699 2740 893 2810 compressisti,
952 2736 1005 2794 his.
1021 2736 1119 2791 Ιιιοιι
1140 2735 1241 2789 bonum
1255 2745 1356 2786 nomen
1369 2731 1430 2800 ejus
1443 2746 1525 2803 super
1542 2746 1604 2800 nos,
1619 2741 1649 2788 ut
1663 2749 1746 2790 erna-

99 2837 152 2890 ιιι
166 2837 273 2877 omnem
288 2822 453 2897 Angelorum
467 2824 635 2880 altitudinem
662 2827 809 2884 ascendere
837 2846 897 2884 me·
952 2841 1015 2881 mur
1034 2827 1167 2881 asetnsta
1181 2823 1230 2876 hac
1244 2821 1321 2892 lepra
1335 2819 1423 2876 carnis
1437 2828 1464 2874 et
1483 2819 1606 2890 spiritus.
1622 2821 1745 2896 Exsurge

98 2911 195 2986 ruistil.
210 2912 353 2982 Nunquam
377 2914 449 2968 euim
464 2929 547 2984 super
564 2928 658 2970 omnes
672 2915 793 2987 Angelos
808 2917 894 2991 glori·
912 2882 934 2960 c
950 2912 1163 2988 [manuscripta
1174 2923 1285 2981 exsuge,
1303 2908 1404 2967 omiuo
1414 2907 1594 2981 exinanitura}
1604 2910 1677 2966 virus
1691 2909 1745 2971 hoe

98 2998 176 3056 beata
191 3001 372 3072 ascendisses,
389 3001 439 3056 nisi
463 3002 538 3074 prius
561 3001 630 3058 inira
651 3019 747 3060 omnes
770 3005 895 3065 homines
949 3002 1117 3060 mortiterum
1137 2998 1318 3068 exinanitura,
1329 2998 1400 3067 quod
1415 2999 1448 3053 de
1464 2999 1539 3070 pomi
1554 2998 1596 3055 sui
1621 3001 1744 3072 reliquiis

97 3088 234 3146 humiliata
248 3089 445 3147 descendisses.
461 3092 501 3146 'lu
516 3099 543 3146 et
557 3092 681 3149 arderem
712 3096 799 3152 vetitae
821 3112 890 3153 con-
947 3084 1397 3160 Evanobispropinavi12uu³¹¹d⁰
1420 3085 1496 3140 ΒΜ
1517 3086 1631 3143 ⁰⁰¹i⁸li⁵
1658 3099 1742 3160 &⁰⁸¹⁰

97 3179 269 3249 cupisceutiae
290 3179 392 3236 virtute
409 3180 538 3236 castitatis
551 3181 578 3236 in
592 3169 651 3237 'tua
677 3199 759 3240 carne
773 3185 893 3258 virginea
947 3181 1049 3237 ebriata
1063 3187 1114 3250 est,
1125 3187 1152 3235 et
1166 3177 1295 3246 reliquias
1308 3172 1411 3230 dimisit
1425 3174 1545 3244 parvulis
1557 3175 1624 3232 suis.
1637 3177 1744 3234 Utinam

96 3272 207 3322 catenus
219 3267 380 3335 exstinxisti,
396 3274 426 3323 ut
434 3267 458 3322 is
472 3267 500 3322 in
513 3268 592 3339 cujus
602 3280 749 3341 conspeetu
757 3286 808 3327 uec
820 3282 893 3329 astra
948 3271 1074 3340 poculum
1089 3284 1170 3324 suum
1183 3265 1259 3321 ebria
1273 3264 1319 3319 illa
1341 3271 1428 3318 totum
1454 3263 1591 3328 ebibisset,
1608 3280 1662 3320 non
1677 3267 1743 3323 item

96 3354 196 3410 munda
208 3364 281 3421 sunt,
298 3362 379 3411 tantae
405 3354 542 3410 munditiae
558 3373 665 3411 carnem
690 3365 764 3412 tuam
785 3360 892 3428 jndice·
947 3352 1471 3425 innosdiliudissetlmnouscripti,aut
1486 3357 1582 3417 totum,
1598 3353 1739 3420 ebibisset.

96 3444 175 3512 verit,
191 3452 221 3499 ut
234 3444 316 3500 etism
334 3461 390 3500 suae
405 3443 501 3500 dirinae
516 3444 625 3514 puritati
646 3446 810 3518 agglutinari
837 3464 891 3504 uon
936 3457 992 3503 'aut
1005 3454 1091 3501 totum
1107 3439 1266 3512 eiiudissetl.
1287 3441 1325 3495 Τι
1338 3439 1430 3509 igitur,
1458 3440 1585 3507 Domina,
1601 3452 1740 3512 exorante,

95 3531 258 3605 despexerit.
275 3533 322 3588 llis
346 3547 412 3605 ergo
434 3532 570 3602 primariis
584 3533 697 3591 ducibus
716 3535 891 3593 tenebrarum
946 3551 1026 3592 omne
1039 3534 1139 3605 jugum
1153 3537 1275 3586 nostrum
1290 3534 1492 3598 computrescat
1515 3528 1612 3586 at'aoie
1631 3531 1683 3586 0101
1698 3533 1741 3586 di.

95 3630 151 3679 ate
170 3622 276 3679 fortiter
289 3622 628 3697 expugnatis,omnisantc
641 3622 737 3681 faeiem
753 3631 825 3681 tuam
841 3627 894 3696 spi·
945 3625 1015 3681 vinae
1030 3619 1226 3677 misericordiae
1242 3634 1249 3676 :
1265 3627 1419 3686 renovetur,
1436 3625 1465 3671 ut
1482 3617 1592 3687 aquile,
1612 3619 1740 3689 juventus

95 3711 230 3767 ritualium
245 3712 424 3784 nequitiarum
440 3711 532 3768 militia
545 3711 573 3767 in
587 3712 679 3784 fugam
698 3728 828 3771 conversa
843 3725 892 3774 ιιι.
947 3721 1057 3780 ιοιιιι;
1072 3717 1103 3766 ιι
1117 3708 1191 3775 novi,
1207 3721 1277 3764 nors
1288 3719 1366 3771 voce,
1385 3719 1485 3761 novum
1499 3706 1740 3776 maticsonensis

133 3802 159 3854 6.
174 3801 302 3858 Gloriosa
314 3802 385 3859 dicta
404 3808 467 3858 sunt
488 3802 523 3860 de
539 3811 573 3869 te,
605 3802 655 3859 Dei
681 3802 810 3862 Genitrix.
836 3805 892 3862 Sed
945 3803 1048 3860 civibus
1058 3795 1210 3874 aggregati,
1222 3794 1277 3850 illic
1290 3793 1414 3850 ubin0tt⁸
1428 3802 1491 3849 sunt
1505 3795 1608 3864 omnic,
1621 3796 1740 3867 jubiium

94 3891 184 3946 adbuc
197 3893 273 3948 locus
287 3898 329 3946 ιιι
342 3896 395 3947 ιιι
408 3891 557 3948 laudationi
582 3893 694 3949 :adhuc
717 3893 744 3948 iu
759 3896 812 3951 tuis
831 3895 891 3951 lau·
945 3890 1140 3964 sempiternum
1160 3886 1331 3944 celebrantes
1349 3883 1376 3938 iu
1403 3884 1534 3954 cymbalis
1560 3885 1738 3955 jubilationis,

95 3978 175 4034 dibus
187 3979 276 4034 omnis
290 3978 381 4050 lingua
392 3981 514 4037 balbutit.
526 3982 590 4037 Non
601 3982 672 4058 enim
687 3992 751 4040 sunt
763 3983 889 4058 loquelae,
944 3981 1130 4039 concinamus.
1145 3975 1266 4032 Tollatur
1287 3987 1378 4030 crassa
1400 3972 1499 4030 nebula
1511 3976 1547 4031 ab
1575 3975 1661 4033 oculis
1688 3992 1742 4031 no·

95 4082 185 4137 neque
199 4083 340 4124 sermones
354 4069 469 4125 inomni
484 4071 592 4127 natione
606 4088 668 4142 quae
682 4073 733 4129 snb
753 4075 823 4130 ooeio
838 4085 888 4140 est,
945 4075 1018 4139 stris,
1035 4080 1064 4128 ut
1077 4067 1194 4124 revelate
1206 4064 1275 4122 isaie
1289 4064 1405 4137 gloriam
1433 4062 1541 4120 Domini
1555 4067 1738 4133 speculantes,

95 4153 194 4225 quibus
207 4153 459 4228 amplitudogloriae
473 4166 525 4213 tuae
534 4157 567 4214 ad
584 4158 691 4227 plenum
703 4163 794 4220 valeat
807 4161 893 4234 expli·
907 4147 931 4226 Β
946 4165 974 4220 in
989 4165 1149 4218 immensum
1162 4155 1228 4213 illud
1243 4155 1355 4225 pelagus
1372 4152 1456 4208 divini
1470 4154 1581 4209 luminis
1594 4154 1740 4212 absorbea-

95 4243 159 4298 cari.
177 4243 324 4316 Omagna,
340 4259 356 4299 o
372 4244 586 4315 pia,omuitum
607 4249 842 4306 amabilishlarial
859 4260 890 4310 tn
944 4245 1158 4309 mura-Domini
1178 4242 1300 4314 Spiritu;
1322 4241 1425 4296 acDeo
1450 4250 1543 4296 nosue
1565 4240 1593 4294 iu
1625 4241 1740 4298 vinculis

96 4349 147 4390 uec
159 4334 295 4388 nominari
310 4335 421 4404 quidem
432 4339 519 4403 potes,
536 4334 601 4406 quin
616 4337 763 4406 accendas;
778 4355 829 4396 uec
843 4357 891 4398 co·
945 4337 1082 4399 eharitatis
1098 4331 1212 4403 astricti,
1226 4345 1308 4385 uuum
1321 4344 1384 4386 curn
1400 4327 1460 4400 ipso
1478 4326 1628 4384 efficiamur
1643 4329 1736 4402 [ulios.

95 4423 186 4497 gitari,
207 4422 273 4495 quio
288 4437 396 4480 recrees
410 4421 524 4479 allectus
539 4423 706 4499 diligentium
723 4433 766 4482 te:
780 4435 809 4483 tu
824 4445 892 4485 nun-
945 4442 1015 4484 unos
1028 4441 1089 4483 cnm
1116 4421 1176 4493 ipso
1208 4417 1318 4490 spiritus
1344 4414 1516 4487 eliciamurl.
1546 4417 1656 4474 Praeter
1687 4418 1739 4475 boc

95 4530 176 4587 quam
192 4513 250 4569 sine
265 4512 407 4570 dulcedine
423 4512 552 4569 divinitus
566 4513 614 4569 tibi
628 4513 710 4570 insita
725 4515 776 4585 piae
791 4534 891 4576 memo-
943 4515 1022 4574 nobis
1046 4522 1091 4569 tuo
1118 4511 1284 4573 interventu,
1306 4520 1323 4560 o
1348 4503 1442 4573 liaris,
1467 4504 1552 4560 Filius
1580 4513 1641 4560 tuus
1660 4505 1738 4561 Jesus

95 4602 142 4658 riae
157 4611 248 4675 portas
263 4601 423 4674 ingrederis.
439 4602 472 4657 Et
495 4618 566 4658 nunc
581 4603 720 4672 sequimur
735 4613 769 4673 te,
793 4620 811 4662 o
835 4608 890 4664 Do·
943 4605 1066 4663 Christus
1079 4602 1151 4656 Deus
1164 4603 1192 4653 et
1207 4593 1335 4648 Dominus
1347 4600 1451 4662 noster,
1466 4593 1511 4648 eui
1524 4593 1585 4650 laus
1598 4603 1625 4651 et
1638 4594 1737 4666 gloria,

95 4693 179 4758 mino,
194 4707 227 4748 ex
242 4692 304 4747 totis
318 4691 477 4763 praecordiis
488 4691 668 4762 vociferantes
677 4695 712 4750 ad
727 4703 753 4752 te
767 4710 775 4750 :
790 4697 889 4768 adjuva
943 4706 971 4752 ιι
983 4694 1131 4761 gratiarnm
1145 4687 1215 4742 aetio
1230 4684 1258 4740 iu
1272 4682 1434 4754 sempiterna
1444 4682 1554 4740 secula.
1569 4684 1667 4742 Arnen.

95 4785 1739 4820 Μ

406 4869 487 4931 ⁰⁹¹
525 4891 659 4985 ITEM
690 4895 761 4987 DE
793 4894 970 4988 BEA'FA
1001 4888 1174 4986 ulula
1203 4882 1435 4980 VIRGINE

844 5054 973 5116 suune.

487 5263 552 5330 Aue,
565 5262 664 5334 Fama,
678 5264 774 5338 pretio
786 5265 885 5338 phua,
899 5262 1035 5323 nunnus
1050 5265 1143 5319 tecum
1160 5259 1239 5331 (loc.
1252 5273 1271 5323 ι,
1290 5257 1346 5327 ιι).

132 5421 158 5472 t.
182 5413 342 5470 lliraculum
364 5413 413 5469 fuit
439 5414 511 5487 quod
538 5413 615 5486 virgo
638 5417 768 5488 peperit:
792 5417 890 5474 ruentis
944 5417 995 5474 luit
1019 5428 1143 5472 occasus.
1167 5409 1251 5481 Virgo
1279 5408 1461 5479 suauissima,
1487 5425 1548 5482 quae
1572 5410 1738 5467 διιιιιοιιιι

59 5509 65 5518 ’
93 5504 206 5577 clamor,
235 5503 346 5576 virginis
372 5517 462 5573 amor;
491 5502 617 5561 ιιιιιιιιιιι
645 5506 729 5576 acius,
762 5507 890 5564 vitiorum
944 5504 1047 5579 munit,
1075 5501 1181 5575 peperit
1200 5507 1227 5557 et
1248 5498 1323 5564 aluit,
1350 5513 1414 5572 que
1435 5499 1540 5573 jugiter
1567 5501 1626 5570 ejus
1645 5501 1738 5556 edhe-
