3706 5962
674 240 760 305 Vim
776 241 930 309 tlemus.
1571 265 1626 329 epp

78 369 226 443 liminius
243 384 248 419 ²
265 374 295 422 ¹¹¹
321 383 369 438 W
395 385 437 425 ¹¹¹0
452 369 606 426 mi⁰i⁸¹rt¹m
634 367 774 434 humilem,
792 386 816 465 fl
833 388 934 431 remur.
950 377 1003 434 Sed
1017 380 1083 453 quid
1098 379 1221 446 dicimus,
1244 396 1306 436 cum
1330 382 1422 454 plures
1446 388 1624 462 inveniamus,

78 471 123 532 pso
137 453 325 512 manifestante
338 467 365 512 et
391 458 551 527 elucidante,
576 458 721 529 loquentes
735 458 774 512 si·
832 471 859 518 et
871 472 935 534 post
946 476 1008 524 octo
1022 467 1168 540 plantatos,
1180 468 1223 525 uel
1232 475 1443 545 posloctogiuta
1457 493 1553 548 annos,
1564 498 1625 539 curn

78 545 328 602 ;audieutesvitam
349 547 500 603 habeamus
524 555 652 603 aeternam
675 547 773 600 Amen.
831 551 988 611 naturaliter
1002 557 1054 613 erit
1068 572 1162 614 eorum
1182 557 1298 615 lrboret
1320 561 1407 629 dolor,
1425 581 1477 623 neo
1490 568 1627 626 uoluntate

245 632 358 690 CAPUT
372 635 514 692 Pitlllllbl.
830 638 925 696 saltem
939 643 974 699 ad
997 643 1141 702 Dominum
1161 647 1293 713 conserti,
1310 663 1362 705 uec
1385 657 1438 706 tam
1460 662 1565 712 maturo
1580 656 1628 713 im·

115 724 260 782 Christum
276 725 372 781 lesum
387 738 548 782 esseuerom
558 726 652 782 uiteur.
830 729 909 798 pensi
927 731 1069 803 sanguinis
1093 732 1204 804 pretiosi
1227 750 1374 803 memores,
1392 740 1495 797 tamdiu
1518 744 1629 801 vanitati

77 812 509 887 borumoitmrreroaocmxv,
528 818 561 884 l).
580 817 643 889 lpso
658 819 775 875 Domino
832 815 981 886 subiectam
995 818 1334 891 corrigereritam‘lQnid
1344 825 1629 888 miseriustcbristus
1660 831 1669 843 '

77 902 167 959 bristo
182 900 328 968 adjuvante
343 900 480 957 videamus
492 904 620 974 quasdam
649 907 773 980 proprie·
831 910 955 962 octavam
964 905 1036 962 diem
1050 924 1066 964 a
1078 908 1216 965 nativitate
1227 926 1276 966 sua
1290 913 1335 969 viu
1350 925 1535 988 exspectatut
1548 936 1628 976 suum

79 991 122 1047 itis
138 991 280 1055 terrestris,
295 990 321 1043 in
336 989 435 1060 quibus
448 991 529 1047 etiam
542 993 616 1050 illius
631 1011 775 1068 supercoe-
831 991 879 1050 tibi
894 993 1055 1067 sanguinem
1065 996 1223 1068 impendere
1235 997 1366 1070 incipiat:
1382 1010 1410 1059 tu
1427 1012 1488 1077 post
1501 1008 1629 1066 nondica

77 1079 132 1138 ritis
153 1078 333 1150 proprietates
356 1079 495 1136 nominare
522 1083 659 1153 possimus
689 1101 695 1140 :
726 1100 777 1141 nec
832 1087 894 1137 octo
909 1081 980 1153 dies,
1004 1085 1052 1139 sed
1067 1100 1119 1141 nec
1141 1093 1202 1157 post
1225 1088 1363 1159 octoginta
1384 1106 1506 1163 menses,
1528 1095 1582 1152 imo
1601 1104 1630 1152 et

77 1182 143 1235 rea,
159 1182 221 1238 quae
235 1166 353 1223 exterius
376 1166 408 1222 ad
436 1169 571 1225 culturam
589 1171 676 1228 eidem
700 1173 777 1230 exhi·
832 1169 972 1245 octoginta
991 1186 1080 1228 annos
1103 1174 1188 1229 solam
1211 1189 1266 1230 nou
1291 1178 1417 1247 rependis
1441 1181 1628 1240 uoluntatem?

77 1274 93 1326 ·,
107 1255 320 1313 consideremus.
335 1256 370 1312 Et
385 1258 601 1330 primoquidem,
617 1263 689 1333 quod
704 1260 779 1334 plan·
832 1258 881 1314 llle
895 1259 1031 1315 sinuatus
1047 1261 1205 1333 sanguinem
1220 1263 1268 1318 tibi
1282 1262 1414 1321 effundit:
1430 1274 1457 1323 tu
1474 1269 1531 1339 Jam
1550 1272 1630 1328 mori·

78 1344 221 1403 letuitisin
240 1351 320 1410 terra,
350 1359 404 1399 non
429 1346 570 1414 seminari,
593 1351 720 1407 translata
743 1349 777 1407 de
834 1354 910 1403 turus
922 1345 1086 1403 voluntatem
1107 1356 1180 1404 tuam
1204 1367 1259 1407 non
1284 1352 1433 1410 refundis‘l
1456 1359 1548 1414 Bonus
1563 1375 1629 1428 pro·

77 1433 212 1505 ls:quod
237 1431 271 1487 ad
294 1432 501 1503 conceptionem
523 1436 587 1492 lesu
606 1436 673 1494 mihi
694 1438 778 1509 perti·
833 1436 904 1492 fecto
931 1438 1023 1502 lesus,
1038 1437 1084 1510 qui
1099 1439 1179 1494 etiam
1201 1439 1225 1493 iu
1250 1451 1346 1512 quarta
1362 1445 1457 1517 vigilia
1476 1448 1630 1505 seuientem

77 1521 176 1578 idatur.
190 1521 256 1576 Vitis
266 1521 337 1577 euim
350 1521 438 1594 primu
450 1531 513 1578 nata
527 1524 562 1580 de
576 1525 640 1595 vite,
652 1535 694 1583 est
705 1528 779 1584 Deus
832 1539 939 1580 serrum
953 1525 1065 1597 suscipit
1082 1527 1267 1598 prenitentem.
1285 1530 1386 1587 Dedisti
1401 1534 1484 1591 robur
1497 1549 1630 1593 annorum

78 1610 217 1674 sdefieo,
233 1608 316 1664 Filius
330 1608 364 1664 de
378 1610 466 1677 Patre,
481 1620 634 1669 coaeternus
648 1623 675 1670 et
707 1630 774 1672 con·
830 1609 991 1680 juvenilium
1014 1614 1084 1668 bosti
1105 1613 1222 1670 Christil
1238 1616 1345 1673 Christo
1365 1619 1462 1676 saltem
1476 1621 1632 1681 misericor·

77 1697 164 1755 ntialis
177 1699 214 1764 ei,
228 1697 262 1751 rle
278 1713 331 1769 quo
345 1698 455 1770 genitus
467 1708 518 1756 est.
535 1700 588 1757 Sed
600 1710 630 1757 ut
644 1703 775 1773 majoratu
794 1658 817 1737 Β
833 1699 903 1755 diter
918 1701 1088 1772 exspectanti
1106 1701 1239 1758 infirmam
1267 1704 1356 1761 tribue
1383 1709 1563 1767 voluntatem:
1579 1728 1631 1768 nec

77 1787 221 1853 tfructum,
239 1788 373 1860 plantatus
387 1796 429 1843 est
444 1787 563 1855 interra,
577 1788 605 1845 id
618 1791 776 1848 ιιιίιιιίιγ
831 1786 939 1842 dubites
961 1786 1025 1858 quin
1053 1787 1125 1844 illam
1150 1789 1272 1860 accipiat.
1303 1792 1370 1847 Puer
1389 1793 1462 1849 enim
1486 1804 1564 1852 natus
1590 1809 1632 1853 est

77 1876 145 1932 laria
159 1875 498 1947 conceptus‚factusquod
514 1892 567 1933 non
581 1888 650 1942 erat,
665 1895 779 1937 manens
832 1874 1062 1947 nobisifroiax,
1079 1880 1118 1947 6),
1135 1884 1164 1932 ul
1178 1878 1296 1949 paruulis
1320 1881 1492 1938 munusculis
1506 1884 1631 1942 console·

77 1972 141 2020 erat.
158 1964 300 2020 Benedicta
323 1973 396 2020 terra
419 1966 484 2031 haec,
512 1967 633 2025 omnium
655 1969 776 2042 gentium
833 1973 893 2029 tur;
911 1963 975 2036 quia
988 1980 1101 2034 paruum
1117 1966 1407 2038 pervadecent.Quod
1423 1970 1534 2043 siquod
1550 1972 1633 2029 offers

77 2051 608 2122 ansbenedictionemllerebenedictn,
636 2072 697 2128 quae
720 2059 777 2113 Deo
833 2067 945 2123 parrum
961 2067 1016 2108 non
1031 2054 1122 2120 luerit.
1142 2054 1170 2110 id
1183 2063 1225 2110 esi
1244 2056 1354 2125 humile,
1370 2073 1420 2129 per
1429 2060 1482 2115 huc
1496 2059 1631 2132 ipsumad

84 2140 288 2210 benignitatem,
313 2146 367 2193 tam
395 2139 565 2197 benedictum
584 2143 695 2215 protulit
722 2144 779 2200 fru·
835 2142 923 2211 ipsum
941 2140 1073 2196 humilem
1089 2141 1187 2198 intrare
1200 2157 1255 2198 non
1274 2144 1388 2215 poteris.
1404 2146 1451 2216 qui
1465 2147 1500 2203 de
1513 2164 1543 2205 se
1555 2148 1631 2218 dicit,

83 2228 147 2285 llaec
166 2236 206 2283 est
220 2235 303 2292 terra,
318 2228 352 2282 de
371 2243 424 2299 qua
437 2228 567 2297 scriptum
582 2239 622 2286 ιιι
638 2250 644 2287 :
665 2233 778 2290 Terram
836 2229 890 2301 Epo
901 2231 1078 2285 tumoeiittm
1092 2231 1185 2298 (Idan.
1200 2246 1232 2301 x,
1243 2233 1269 2298 9)
1284 2250 1291 2288 t
1307 2233 1416 2302 etalibi,
1427 2235 1522 2292 Vertite
1532 2236 1631 2308 adm,

76 2315 228 2391 parabatur
241 2318 399 2389 qumquam,
414 2318 462 2374 sed
476 2317 654 2391 imputatur
670 2338 688 2377 u
702 2322 783 2392 fonte
835 2333 947 2385 omnem
962 2326 989 2371 et
1003 2318 1103 2374 dircite
1117 2335 1134 2373 a
1148 2335 1194 2376 me
1208 2320 1275 2392 poio
1289 2322 1369 2378 mitis
1388 2339 1452 2381 sues
1467 2330 1494 2380 et
1513 2324 1632 2382 lomim

76 2405 149 2465 kole
162 2405 195 2463 de
206 2406 340 2478 paradiso
352 2406 434 2478 (Gen.
446 2422 478 2472 ιι,
493 2409 520 2473 b,
534 2408 573 2479 6).
583 2407 667 2466 Terra
681 2410 783 2484 quippe
836 2405 917 2463 corde
932 2405 1045 2476 (darre.
1061 2421 1102 2476 ιι,
1114 2408 1160 2474 28,
1176 2408 1233 2478 29).

76 2511 112 2554 on
125 2496 230 2568 aceepit
251 2497 436 2568 operationem
458 2499 615 2565 humanam,
641 2507 670 2555 ut
692 2499 782 2556 couci·
872 2497 899 2550 3.
913 2482 1062 2550 Possumus
1080 2502 1106 2550 et
1127 2494 1181 2550 alio
1195 2495 1277 2552 modu
1297 2496 1419 2570 accipere
1442 2498 1630 2570 precisionem

76 2601 96 2642 ιι
107 2584 135 2641 iu
150 2602 181 2640 ea
191 2585 273 2641 Filius
283 2585 406 2652 Dei;sed
417 2601 485 2657 aqua
497 2585 615 2658 Spiritus
624 2590 710 2644 sancti
722 2589 783 2645 irri-
837 2581 900 2638 vitis
926 2589 1026 2639 nostre
1043 2597 1050 2636 :
1066 2590 1095 2638 ut
1123 2582 1243 2639 dicamus
1270 2584 1362 2641 omnia
1380 2586 1415 2642 ab
1437 2601 1470 2643 eo
1493 2588 1629 2659 precisa,

76 2674 165 2730 titzita
176 2674 247 2728 enim
256 2674 333 2745 legis,
343 2672 469 2746 Spiritus
479 2681 596 2732 caoctus
605 2680 785 2750 superveniat
836 2671 937 2743 quibui
950 2671 1036 2727 “filii
1049 2670 1079 2725 1¹1
1093 2672 1143 2727 ¹¹³0
1157 2671 1220 2738 fild,
1236 2687 1298 2730 cum
1314 2689 1346 2730 ea
1360 2681 1451 2730 lmen
1466 2675 1568 2733 habete
1585 2692 1634 2748 po·

76 2761 527 2819 rtvirturdllirsimiobumbrabit
542 2763 678 2837 liliiluc,
694 2781 715 2833 ι,
725 2768 782 2838 ³5).
838 2759 951 2827 ιιιὶιιιιι
974 2766 1002 2816 ιι
1022 2759 1185 2830 accipiamus
1215 2762 1283 2818 banc
1308 2762 1495 2833 precisionem
1522 2767 1636 2822 averbo

76 2866 106 2905 m
120 2850 211 2906 dehac
225 2861 297 2906 terra
307 2851 438 2923 scriplum
453 2861 494 2907 est
508 2870 515 2908 :
532 2854 782 2925 aperiaturlerrm
841 2846 962 2919 Apostoli
972 2847 1089 2904 dicentis
1101 2866 1106 2905 :
1127 2849 1179 2918 Qut
1189 2865 1256 2905 cum
1266 2851 1297 2907 iri
1310 2852 1403 2921 forum
1416 2853 1466 2910 Dei
1480 2857 1560 2920 esset,
1573 2853 1638 2911 eei·

76 2938 209 2997 meabit
230 2941 405 2997 saluatorem
430 2940 507 3009 (frui.
530 2957 599 3013 ιιι,
623 2945 659 3011 8).
685 2946 784 3015 Aperta
800 2926 822 3005 Β
837 2936 952 2995 manmit
967 2937 1167 3011 concuperent,
1179 2941 1304 3009 formum
1313 2935 1660 3016 mrerriacotpiem,

76 3027 152 3085 afuit
166 3044 215 3098 per
229 3026 319 3092 fidem,
345 3029 461 3085 credens
476 3039 503 3085 et
516 3030 648 3086 obediens
662 3033 781 3105 angelo:
839 3026 973 3099 (Philipp.
998 3042 1029 3090 tt,
1056 3029 1083 3091 6,
1103 3028 1141 3095 7).
1154 3027 1216 3100 lpse
1239 3027 1312 3082 enim
1341 3026 1496 3097 exinanitio,
1512 3031 1636 3103 quaedam

75 3116 201 3187 nevitque
211 3117 293 3172 uitam
303 3117 461 3184 salutarem,
474 3117 643 3176 Salvatorem
657 3129 780 3177 nostrum
838 3113 963 3185 praeoisio
986 3121 1037 3170 0³²·
1066 3113 1144 3173 Sicut
1171 3115 1243 3171 essim
1272 3115 1404 3173 missssilur
1425 3117 1497 3185 vilis.
1526 3120 1636 3191 quando

76 3205 171 3263 evitae
186 3204 298 3275 praemia
324 3205 496 3277 largientem.
525 3208 581 3264 flac
610 3209 700 3281 itaque
727 3211 781 3266 rite
838 3201 1004 3275 praeciditur,
1022 3202 1060 3258 ita
1073 3219 1136 3258 vera
1158 3203 1220 3260 ritis
1234 3204 1360 3260 Christus
1375 3205 1561 3263 incarnatione
1588 3209 1636 3266 mi·

76 3293 119 3350 rin
135 3295 222 3349 lucem
236 3293 306 3348 edita
320 3294 444 3365 quaedam
458 3296 638 3366 proprietates
666 3296 781 3353 culturae
838 3299 952 3347 nortlut
970 3291 1004 3346 ab
1021 3290 1146 3363 Angelis
1173 3291 1229 3348 imo
1253 3300 1280 3348 el
1306 3291 1380 3347 infra
1402 3308 1497 3350 omnes
1511 3295 1634 3352 homines

78 3382 207 3440 ttiuenles
220 3382 431 3437 adbibitasunt.
840 3378 995 3435 humiliatus
1014 3378 1073 3434 fuit.
1089 3378 1235 3445 Quomodo
1259 3387 1396 3450 amputata
1418 3380 1466 3438 fuit
1484 3382 1512 3436 in
1526 3398 1559 3439 ιο
1577 3383 1636 3456 glo·

298 3469 411 3525 CAPUT
427 3471 460 3525 li.
839 3467 879 3520 ria
902 3466 989 3522 cultro
1011 3464 1179 3536 ignominiae,
1204 3466 1325 3538 potentia
1347 3468 1435 3525 cultro
1457 3469 1633 3538 abiectiouia3

75 3561 206 3618 mmm
221 3560 298 3626 perp,
324 3559 380 3614 give
400 3559 434 3613 de
457 3559 548 3614 parte,
574 3559 719 3632 mysterii,
747 3562 784 3617 art
839 3554 1070 3626 voluptascultro
1096 3552 1209 3620 doloris,
1227 3553 1327 3610 divitia
1350 3554 1436 3614 cultro
1461 3560 1636 3628 paupertatis.

75 3655 165 3708 totum
176 3647 385 3709 oeirtortitiortis
398 3647 712 3719 darirlispecloolibor.
839 3641 907 3697 Vide
917 3656 989 3698 nunc
1002 3648 1133 3713 qnantum
1149 3641 1265 3712 precisa
1278 3641 1371 3699 luerit.
1395 3643 1443 3700 llle
1457 3645 1502 3701 cui
1525 3644 1639 3702 famula-

75 3739 146 3796 Solet
160 3740 231 3794 enim
246 3738 307 3796 uitis
332 3736 468 3794 fructifera
490 3737 623 3810 praecidi:
657 3736 730 3808 quod
759 3745 787 3792 et
839 3741 883 3786 tur
897 3730 986 3787 omnis
1000 3728 1086 3805 gloria
1110 3729 1255 3795 ciclorum,
1273 3730 1329 3789 imo
1344 3731 1402 3803 ipse
1426 3733 1473 3806 qui
1486 3733 1561 3790 solus
1572 3750 1636 3792 vera

75 3827 210 3894 raliter,et
234 3812 373 3899 figurative
396 3824 484 3898 accipi
509 3832 605 3896 potest.
633 3824 783 3882 circumci·
838 3819 927 3893 gloria
954 3827 1006 3888 est,
1022 3819 1101 3892 quasi
1115 3818 1209 3890 abjicit
1225 3819 1349 3893 gloriam.
1364 3821 1472 3880 Servati
1486 3823 1637 3881 circumda·

75 3915 137 3972 inim
150 3916 203 3971 fuit
232 3916 311 3972 lesus
332 3939 339 3984 3
360 3929 415 3971 non
430 3912 784 3988 quodbaccircumcisione
839 3917 882 3965 tus
904 3908 1063 3966 indumento
1087 3908 1201 3965 sustinet
1233 3909 1406 3984 ignominias,
1429 3911 1638 3970 confusionibus

75 4012 94 4069 t,
108 4018 167 4073 quae
178 4003 205 4056 in
220 4004 338 4076 antiquis
367 4003 491 4060 Patribus
520 4001 628 4059 delebat
648 4002 782 4077 originale
838 3997 971 4070 operitur,
987 4006 1017 4054 ut
1031 4007 1056 4054 te
1070 4014 1087 4054 a
1101 3997 1308 4057 confusionibus
1321 4000 1477 4074 redimeret,
1491 4009 1518 4057 et
1531 4002 1566 4059 ad
1580 4001 1638 4077 glo·

75 4096 144 4155 turn,
173 4089 240 4144 sicut
266 4091 416 4161 Baptismus
441 4091 469 4146 in
500 4091 588 4148 nobis.
612 4091 685 4148 Nibil
709 4091 782 4148 enim
843 4091 910 4145 riam
924 4086 1066 4156 pristinum
1089 4095 1246 4146 revocaret:
1273 4089 1317 4145 ille
1335 4090 1415 4161 cujns
1442 4090 1545 4162 potenti
1559 4092 1638 4148 nutui

76 4184 103 4233 to
129 4176 254 4248 originali
263 4193 313 4248 per
337 4177 565 4249 concupiscentiae
588 4179 683 4236 uitium
715 4195 821 4274 oon-n
838 4177 929 4234 omnia
956 4176 1073 4247 infame,
1110 4176 1260 4246 terrestria,
1291 4186 1318 4233 et
1344 4178 1549 4249 supercoelestia
1575 4188 1639 4237 sunt

89 4264 215 4331 debebat,
231 4265 293 4337 quia
306 4264 365 4320 sins
380 4265 453 4321 omni
482 4267 701 4340 concupiscentia
724 4284 786 4325 car·
842 4269 970 4337 subjecta,
1013 4265 1052 4322 sic
1083 4265 1112 4322 fit
1148 4265 1281 4335 abiectus,
1312 4272 1342 4321 ut
1369 4276 1539 4339 reputaretur
1579 4281 1638 4325 om·

75 4364 210 4425 ouceptus
224 4362 279 4409 erat
298 4373 306 4420 ;
323 4353 370 4408 sed
386 4369 420 4408 ue
440 4353 537 4425 legem,
558 4370 639 4426 quam
655 4355 713 4424 ipse
740 4358 787 4412 de·
842 4356 917 4411 nium
932 4354 1048 4410 uirorum
1073 4351 1240 4411 notissimus
1258 4353 1335 4425 (fani.
1360 4370 1419 4425 utri,
1434 4357 1472 4423 3).
1489 4353 1637 4424 Subjicitur

75 4488 76 4500 ,
101 4442 205 4499 ιοΙιιιι
219 4443 365 4498 videretur.
380 4441 517 4498 illocaliter
531 4456 595 4498 raro
618 4440 717 4498 docens
736 4457 788 4499 nos
842 4442 917 4507 lami,
931 4440 985 4510 siti,
1006 4441 1153 4509 caloribus,
1178 4439 1337 4514 frigoribus,
1361 4441 1513 4508 doloribus,
1528 4439 1639 4500 infirmi-
1678 4453 1680 4457 ’

75 4547 118 4588 ere
145 4545 198 4588 uon
214 4546 284 4602 aegre
300 4528 380 4596 ferre,
397 4530 421 4586 si
442 4532 551 4602 quando
565 4544 660 4602 poenaa
679 4528 785 4601 peccati
842 4530 961 4598 tatibus;
975 4540 1002 4586 ιι
1028 4537 1092 4601 pust
1104 4529 1163 4585 brac
1188 4536 1261 4584 tanta
1281 4527 1378 4586 mortis
1407 4528 1569 4602 supplicium
1584 4546 1639 4588 ιιοιι

74 4638 116 4687 ur,
131 4620 243 4693 quodiu
268 4618 470 4689 uobismetipsis
485 4634 540 4674 uon
555 4618 783 4693 recognoscimus,
840 4617 938 4676 eradit.
977 4615 1026 4674 lile
1049 4617 1097 4689 qui
1120 4616 1209 4672 lucem
1252 4615 1383 4674 inhabitat
1422 4617 1639 4678 inaccessibilem

75 4725 119 4782 pse
132 4718 304 4781 peccatorum
320 4717 448 4778 purgator
472 4723 526 4763 non
547 4707 630 4764 fuerit
651 4706 785 4781 dedigua·
840 4710 866 4776 (l
882 4706 952 4763 Tim.
967 4719 1007 4770 ut,
1026 4705 1082 4777 lb),
1098 4705 1126 4761 in
1151 4719 1231 4778 quem
1250 4706 1406 4764 desiderant
1421 4706 1521 4779 augeli
1535 4710 1638 4782 prospi-

75 4813 97 4854 u
111 4798 189 4853 nobis
205 4797 294 4853 subire
309 4797 455 4854 remedium
471 4803 651 4869 peccatorum.
680 4796 785 4852 Consu·
839 4811 901 4852 cere
915 4795 943 4866 (l
957 4797 1036 4852 Petr.
1051 4809 1071 4862 1,
1088 4796 1143 4866 ts),
1155 4795 1234 4866 cujus
1247 4794 1334 4852 solius
1347 4794 1416 4852 odor
1429 4803 1585 4854 sauctorum
1598 4800 1637 4855 sic

75 4903 79 4920 .
97 4902 163 4961 ergo
185 4886 291 4943 dolores
315 4893 433 4952 nostros,
457 4887 504 4957 qui
537 4901 707 4958 nequaquam
727 4884 785 4941 sine
839 4892 944 4942 mentes
955 4882 1086 4956 inebriat,
1101 4891 1131 4940 ut
1146 4885 1279 4943 elmundi
1294 4885 1445 4958 praesentis,
1460 4894 1488 4944 et
1502 4887 1545 4944 sui
1559 4887 1635 4959 ipso·

74 4984 98 5033 to
121 4991 226 5046 sumus,
241 4974 380 5031 doloribus
393 4972 475 5041 illius,
490 4975 535 5047 qui
550 4991 603 5031 uon
616 4989 664 5045 pro
679 4990 719 5044 ιι,
735 4974 783 5030 sed
840 4991 898 5030 rum
914 4972 991 5031 obliti
1013 4972 1078 5031 totis
1091 4972 1199 5031 uiribus
1214 4982 1324 5032 currant
1352 4985 1414 5046 post
1436 4974 1547 5044 ipsnm;
1563 4982 1637 5032 tanto

74 5063 127 5122 ibis
140 5064 227 5120 doluit
242 5076 269 5119 et
283 5062 436 5118 uulneratus
446 5071 496 5132 est,
509 5077 564 5119 non
580 5078 627 5134 pro
641 5079 680 5130 se,
693 5063 742 5120 sed
755 5071 784 5120 ut
838 5062 942 5123 doloris
955 5061 1109 5135 subjicitur,
1126 5070 1154 5121 ul
1175 5063 1204 5119 in
1221 5063 1282 5137 ipso
1295 5065 1427 5122 veraciter
1445 5069 1576 5121 noscatur
1590 5063 1637 5118 im-
1745 5059 1749 5067 '

76 5170 90 5212 ι
102 5153 262 5209 uulneribus
277 5152 440 5207 mederetur.
457 5150 525 5207 Vide
540 5159 667 5224 quantum
685 5154 719 5209 ad
733 5169 782 5209 su·
839 5153 940 5226 pletum
953 5151 1028 5223 quod
1037 5160 1100 5210 aute
1128 5151 1233 5209 dixerat
1244 5166 1295 5224 per
1309 5151 1457 5224 Prophetas
1470 5166 1476 5204 :
1490 5153 1568 5210 Ovot
1577 5167 1636 5210 om·

75 5244 143 5297 udos
156 5241 263 5298 dolores
273 5238 421 5310 festinavit,
437 5255 515 5310 quam
531 5247 640 5310 paratus
647 5247 676 5295 et
690 5256 782 5312 prom·
838 5258 888 5299 ner
898 5243 948 5317 prii
958 5242 1090 5298 boemiis
1098 5256 1149 5313 per
1158 5240 1244 5308 riom,
1254 5237 1541 5305 criminatricem,
1552 5239 1579 5298 si
1592 5244 1635 5300 eet

74 5331 235 5406 sanguinem
262 5328 414 5385 effundere.
428 5326 614 5384 Circumcisus
633 5342 682 5399 pro
705 5328 783 5385 nobis
837 5329 916 5388 dolor
928 5331 1033 5389 emilis
1051 5330 1127 5386 sicot
1140 5326 1220 5386 dolor
1231 5342 1311 5383 meua
1322 5328 1333 5382 l
1346 5327 1355 5386 f
1363 5326 1461 5386 fltrers.
1477 5329 1573 5400 ιιι).
1586 5327 1635 5388 ille

74 5420 194 5477 ttisitrtis
203 5435 259 5476 ιιι
272 5426 367 5474 οιιιιο
378 5418 451 5489 (luc.
479 5431 509 5482 ιι,
529 5417 585 5485 ιι).
601 5414 709 5472 Utinam
733 5431 783 5473 nos
839 5417 930 5491 inquo
940 5431 1036 5474 omues
1051 5416 1167 5471 thesauri
1179 5413 1319 5488 sapientia
1333 5420 1362 5473 ἰι
1375 5416 1492 5474 scientia
1506 5417 1557 5476 Dei
1571 5427 1635 5476 sunt

74 5517 117 5568 ret
130 5523 200 5566 annu
215 5517 311 5566 octauo
341 5506 461 5564 nonuibil
487 5521 536 5579 pro
567 5505 683 5564 Domino
707 5513 784 5578 pate·
838 5504 990 5565 absconditi
1003 5503 1119 5577 (colom.
1135 5519 1165 5571 u,
1181 5505 1221 5574 ³).
1244 5504 1301 5561 fles
1322 5519 1428 5579 regum,
1442 5505 1633 5567 diresin-orr-
