3706 5962
60 197 116 261 533
618 198 806 263 munands
824 202 868 262 hit
886 201 1055 266 lauhmoni
1075 202 1174 264 bono.
1657 199 1711 262 sat

59 324 132 383 sitia
149 324 296 381 humanam
313 322 400 383 8511
424 329 542 383 mentem
565 325 735 384 exterminat.
760 327 862 386 cetera
876 345 900 426 st
914 328 1029 399 judicio,
1047 344 1100 387 non
1113 329 1210 386 alieno.
1225 328 1311 386 Nemo
1324 324 1395 384 enim
1420 327 1507 403 magia
1524 326 1595 386 scire
1617 332 1710 400 potest

59 414 130 472 vitia
148 414 221 471 solas
234 413 294 470 illas
309 414 422 472 virtutes
441 414 583 487 impetunt,
603 414 702 489 quibus
725 415 784 490 ipsa
805 419 859 475 de·
916 418 979 491 quis
1001 418 1064 487 scia,
1080 417 1150 476 deut
1163 427 1203 486 tu,
1216 416 1263 491 qui
1278 414 1403 475 conscius
1417 431 1447 473 es
1460 415 1520 472 tihi.
1535 416 1606 490 Quid
1635 416 1708 475 enirn

59 510 228 572 struanturr
252 511 283 560 ut
299 503 406 560 luxuria
420 503 586 576 pudicitiam,
610 505 651 560 ira
678 505 835 575 patientiam
852 520 859 562 :
915 507 1027 580 prodest
1039 508 1104 564 dum
1115 508 1200 564 malus
1214 522 1254 577 ea,
1270 505 1292 563 si
1306 507 1396 563 honus
1410 504 1597 579 predicaris?
1612 506 1708 577 Qualis

60 592 197 650 celavero
211 591 337 663 superbis
349 599 445 649 contra
456 601 568 650 cunctas
594 592 678 648 animi
697 594 809 653 virtutes
830 610 861 653 se
914 595 1008 652 haberi
1021 595 1071 662 ris,
1087 595 1147 652 talis
1162 603 1231 651 esto.

60 680 153 755 erigit,
168 687 198 738 et
210 681 289 754 quaai
314 680 450 755 generalia
463 697 496 737 ac
510 681 623 755 pestifer
636 683 746 741 morbus
764 699 861 741 omnes
949 683 980 740 Sa'
991 681 1212 755 sopienesueria,
1228 684 1375 753 tescmper
1386 679 1495 739 hebebis
1510 679 1651 737 cumdem.

59 769 222 842 comumpit.
235 769 341 826 Idcirco
363 768 415 825 nisi
437 769 530 827 omnia
546 785 629 842 opera
653 781 745 829 nostra
768 772 861 828 humi·
914 771 998 828 Stude
1011 771 1086 845 loqui
1105 786 1159 828 non
1172 770 1244 844 quod
1259 770 1335 840 libat,
1350 769 1399 826 sed
1425 769 1498 842 quod
1523 777 1640 841 oportet.
1654 767 1707 836 Qui

59 859 121 917 litas
139 861 322 933 praecesserit,
337 858 463 916 comitata
477 867 504 916 et
516 866 662 918 consecuta
679 858 777 932 luerit,
793 878 861 935 prn-
914 861 1033 918 otiosum
1046 860 1162 918 verbum
1177 875 1231 918 non
1246 859 1378 932 reprimit,
1393 859 1428 915 ad
1443 858 1524 916 noxia
1534 857 1587 915 cito
1601 858 1707 914 transit.

59 948 150 1022 posita
173 963 255 1023 quarn
269 948 441 1014 intueamur;
457 948 582 1021 apposita
596 951 640 1006 oui
655 949 859 1020 adhaereamus3
915 950 1014 1023 llagna
1026 949 1113 1008 virtus
1131 956 1184 1018 est,
1205 948 1229 1004 si
1251 963 1306 1006 noa
1323 948 1407 1005 laedas
1429 962 1447 1003 a
1470 961 1525 1021 quo
1547 946 1629 1004 tasas
1651 961 1707 1003 cs:

58 1037 288 1111 interpositaque
302 1036 482 1109 reprimamur
502 1054 509 1094 :
526 1046 610 1095 totum
630 1037 663 1094 de
677 1054 757 1095 manu
767 1048 861 1097 extor·
916 1055 1015 1114 magna
1027 1040 1113 1112 gloria
1126 1048 1177 1108 est,
1191 1038 1217 1095 si
1236 1039 1279 1097 cui
1294 1053 1392 1096 nocere
1407 1036 1530 1111 potuisti,
1546 1052 1654 1107 parcas.

56 1137 125 1200 quet
134 1126 272 1199 snperbia.
297 1124 469 1196 Quantalibet
491 1125 527 1183 sit
545 1125 648 1197 justitia
670 1127 771 1201 operis,
789 1129 862 1200 apud
950 1127 1193 1186 Nohitccindictoe
1206 1144 1293 1200 penas
1307 1127 1502 1198 eetipaosccre
1515 1126 1600 1183 victo.

56 1216 200 1273 internum
221 1214 346 1288 jndicem}
359 1214 435 1271 nulla
457 1223 506 1282 est,
528 1215 551 1270 si
575 1215 645 1273 hanc
667 1216 755 1272 elevat
773 1225 862 1276 tumor
916 1218 1050 1291 Quidquid
1074 1217 1122 1277 tihi
1144 1217 1292 1291 contigerit
1315 1216 1433 1287 aduersi,
1448 1231 1499 1290 pro
1521 1226 1569 1274 tuo
1595 1222 1709 1289 peccato

57 1305 173 1364 mentis.
185 1303 256 1362 Perit
270 1319 366 1361 revera
379 1318 460 1361 omne
473 1306 545 1376 qnod
559 1305 659 1379 agitur,
678 1305 771 1363 sinon
786 1308 860 1364 solli·
915 1307 1004 1364 evenit
1017 1307 1074 1365 tihi.
1088 1309 1226 1380 l'empera
1240 1320 1307 1379 erqo
1330 1306 1451 1365 dolorem
1467 1312 1555 1372 tuam,
1589 1311 1617 1360 et
1644 1304 1708 1361 dic:

57 1396 115 1452 cite
129 1393 158 1449 in
173 1393 323 1450 humilitate
341 1392 522 1450 custodiatur.
540 1393 624 1466 Signa
645 1395 781 1467 superbie
804 1397 862 1454 haee
914 1395 995 1452 Juxta
1009 1397 1120 1453 modum
1147 1396 1308 1454 delictorum
1332 1410 1416 1467 parva
1438 1394 1517 1452 datur
1544 1393 1622 1451 ultio.
1641 1394 1710 1450 hiala

57 1492 124 1540 sunt
134 1501 141 1541 :
151 1483 253 1541 clamor
264 1482 291 1537 in
301 1481 448 1548 locutione,
458 1481 609 1539 amaritudo
623 1482 651 1540 in
664 1483 789 1553 silentio;
802 1485 860 1542 dis·
913 1484 1031 1541 aliorum
1041 1484 1114 1543 bono
1132 1491 1180 1541 tuo
1194 1499 1303 1557 supera.
1318 1483 1401 1539 Vince
1421 1481 1549 1539 malitiam
1563 1479 1684 1539 bonitate
1700 1498 1708 1540 ε

56 1571 162 1631 εοΙειίο
173 1569 607 1641 iahilaritate,lurorintristitia;
619 1573 747 1630 honestas
757 1572 785 1630 in
796 1573 860 1631 iana-
914 1572 1113 1632 detrahentium
1131 1589 1238 1633 errores
1252 1572 1449 1630 dissimulando
1463 1571 1560 1630 calca:
1589 1584 1644 1627 uon
1672 1569 1711 1627 sia

56 1663 137 1737 gine,
152 1661 312 1718 inhonestas
324 1660 477 1730 inactione,
490 1662 624 1718 rancorin
635 1662 856 1734 reprehensione.
875 1635 898 1714 Β
914 1663 941 1718 in
957 1678 1024 1736 pace
1041 1663 1149 1732 infidus,
1164 1678 1216 1720 nec
1228 1662 1296 1718 laria
1308 1661 1337 1717 in
1360 1659 1487 1719 amicitia.
1517 1659 1646 1719 Odientm
1673 1658 1709 1715 ad

94 1754 144 1808 hd.
155 1750 259 1807 Invidia
267 1751 396 1808 eatanimi
407 1750 488 1806 tinea.
501 1750 617 1807 Sensum
624 1751 750 1819 comedit,
761 1761 859 1825 pectus

57 1842 129 1915 orit,
144 1848 262 1897 mentem
285 1837 388 1897 eflicit:
415 1853 464 1896 cor
487 1838 604 1896 hominis
625 1840 706 1913 quasi
733 1841 858 1914 quaedam

57 1929 147 2004 pestis
160 1928 293 2002 depascit,
313 1935 340 1985 ει
354 1938 451 1986 cuncta
465 1929 537 1986 hona
549 1928 645 1986 ardore
665 1930 793 2002 pestilera
807 1933 858 1990 de·

58 2027 151 2079 rorat.
161 2017 275 2075 lnvidus
286 2017 404 2075 alienum
418 2017 530 2087 honum,
542 2033 623 2085 sunm
637 2018 701 2077 iacit
710 2019 857 2079 invidendo

56 2117 215 2183 peecatum.
240 2107 307 2164 cnm
337 2114 495 2180 peccatores
518 2122 641 2181 quosque
664 2109 856 2183 conspicimus,

57 2212 116 2255 non
127 2197 207 2256 lacile
216 2195 434 2268 eosjndicemna,
446 2196 494 2253 aed
505 2196 593 2271 magis
607 2196 755 2254 defleamus
769 2217 778 2267 ς
793 2198 858 2272 quia

60 2289 89 2345 in
104 2287 240 2344 similibus
253 2292 299 2342 aut
312 2285 383 2360 lapsi
397 2301 501 2358 sumus,
513 2293 560 2342 aut
580 2286 633 2341 labi
653 2302 808 2357 possumus.
829 2286 858 2344 Si

59 2378 104 2434 vis
118 2376 317 2449 delinquentem
333 2373 480 2446 corripere,
494 2385 586 2445 aperte
595 2375 712 2446 increpa,
731 2392 781 2433 uec
809 2391 858 2435 oc·

59 2468 134 2525 culte
147 2466 285 2525 mordeas.
300 2464 369 2535 Quid
384 2465 455 2521 enim
470 2463 594 2534 prodest,
607 2465 632 2521 si
654 2482 697 2523 ma
723 2465 860 2524 nesciente

59 2557 125 2613 aliis
152 2554 221 2612 mala
243 2569 304 2610 moa
326 2553 457 2611 releras?
478 2554 523 2610 Vae
541 2554 581 2610 illi
604 2554 651 2627 qui
676 2571 753 2611 auam
772 2556 859 2613 renuit

58 2647 203 2721 corrigere
217 2644 308 2710 vitam,
323 2653 351 2701 et
373 2641 471 2699 alienae
484 2658 539 2699 oon
553 2643 652 2700 desinit
665 2644 816 2701 detrahere.
831 2644 860 2702 Si

60 2734 106 2791 nis
122 2733 276 2805 detrahere,
291 2740 336 2788 tua
350 2732 379 2788 in
394 2739 418 2788 ta
434 2741 540 2804 peccata
554 2740 677 2805 retorque
693 2749 700 2791 :
717 2747 772 2791 non
786 2733 859 2790 alio·

61 2839 126 2880 rum
139 2822 248 2891 delicta,
263 2823 311 2879 sed
325 2820 434 2895 propria
446 2837 538 2878 cerne.
555 2823 698 2894 Nunquam
712 2823 783 2879 enim
802 2822 862 2879 aliia

60 2913 201 2984 detrahes,
218 2912 242 2967 si
260 2919 287 2968 te
309 2913 379 2968 bene
394 2910 552 2983 inspexeris.
568 2913 608 2969 De
631 2911 703 2969 malo
723 2912 811 2969 aliano
829 2909 898 2989 osc

61 3011 141 3060 tuom
155 3018 211 3060 non
224 3002 380 3074 coinquines
397 3021 403 3069 ;
419 3017 476 3058 non
502 3003 628 3059 detrahas
652 3003 784 3074 peccanti,
812 3003 860 3060 sed

61 3092 203 3151 condole:
230 3091 357 3163 quoniam
385 3107 468 3165 grave
490 3099 629 3163 peccatum
655 3097 697 3148 eat
719 3092 859 3149 detractio.

61 3180 244 3237 Detraheotes
257 3189 284 3236 et
298 3181 438 3236 audientes
445 3181 505 3253 pari
520 3191 597 3237 reatu
611 3180 770 3238 retinentur.
786 3181 862 3238 Sicut

60 3269 191 3326 irascaris
218 3269 294 3326 alteri
313 3269 423 3338 quando
444 3268 559 3325 detrahit
591 3268 640 3326 tihi
656 3290 662 3328 :
679 3270 719 3326 sic
733 3269 860 3326 irascaris

62 3357 113 3414 tihi
126 3358 236 3430 qnando
251 3356 370 3413 detrahis
383 3356 471 3413 alteri.
485 3356 622 3414 Detractio
643 3367 685 3414 est
709 3357 861 3415 mordacior

61 3460 149 3517 quam
163 3461 230 3503 nera
244 3445 334 3502 cordis
348 3446 534 3516 reprehensio.

355 3571 472 3629 CAPUT
490 3572 592 3628 XXIV.

64 3681 151 3740 tanea
164 3682 275 3738 monito
285 3680 319 3736 dc
332 3679 448 3738 vitando
458 3679 636 3749 curiositate,
651 3677 861 3746 mendacique-

210 3769 347 3843 niloqat'o,
362 3772 390 3824 ct
405 3767 538 3826 vindictae
552 3767 656 3826 stadio.

99 3880 147 3936 ob.
176 3875 274 3934 llultos
297 3875 403 3931 seducit
430 3873 585 3931 curiositas.
605 3873 717 3931 Tamdiu
745 3874 860 3948 quisque

63 3985 116 4028 sua
130 3976 240 4040 peccata
254 3966 373 4037 ignorat,
388 3964 517 4039 quamdin
532 3965 638 4022 curiose
654 3964 740 4021 aliena
765 3964 859 4021 consi·

64 4059 153 4116 derat.
165 4056 217 4124 Qui
231 4055 408 4127 semetipsum
426 4054 532 4125 aspicit,
548 4071 604 4112 nou
618 4053 715 4126 quasit
736 4053 801 4127 quid
831 4053 859 4111 in

64 4149 128 4206 aliis
141 4147 299 4220 frequenter
316 4144 496 4216 reprehendat
508 4161 516 4214 ;
528 4146 576 4201 sed
591 4146 619 4200 in
630 4145 777 4216 semetipso
791 4145 858 4220 quid

66 4239 169 4312 lugeat.
185 4236 260 4306 Quod
274 4236 345 4292 iuter
359 4250 388 4291 se
402 4237 552 4307 loquuntur
573 4235 707 4302 homines,
722 4251 860 4306 nunquam

65 4325 298 4387 sciredesideres.
315 4324 401 4382 Omne
415 4323 498 4380 eriam
523 4340 608 4396 genus
630 4324 763 4381 mandacii
786 4340 862 4380 snm-

66 4431 181 4491 mopere
196 4415 267 4488 iugc.
278 4414 335 4470 Nec
347 4429 421 4480 casu,
437 4428 488 4471 nec
503 4413 594 4470 studio
608 4411 726 4485 loquaris
740 4413 836 4470 ialsum
852 4432 859 4470 r

65 4508 136 4582 quia
150 4520 182 4561 os
196 4505 265 4576 quod
279 4503 408 4560 mentitur
425 4502 521 4561 occidit
536 4502 651 4559 animam
667 4502 742 4577 (Sap.
758 4520 779 4572 1,
805 4508 861 4575 ll).

66 4598 122 4653 Per
137 4594 240 4650 nullam
253 4592 385 4650 fallaciam
401 4595 484 4651 vitani
498 4593 616 4663 alicuius
631 4591 772 4649 delendas.
788 4593 863 4669 Fuge

77 4686 215 4743 nhoneata
227 4684 326 4741 rerba:
342 4683 424 4754 rejice
440 4683 554 4740 verbum
568 4682 641 4754 quod
665 4695 720 4739 non
747 4681 863 4741 aedificat

68 4774 222 4832 audientes.
239 4773 331 4831 Vanus
344 4773 417 4831 enirn
432 4787 521 4830 sermo
535 4771 588 4830 cito
604 4771 698 4845 polluit
726 4781 860 4832 mentem:

68 4873 97 4923 et
110 4863 190 4920 iacile
200 4862 300 4937 agitur,
316 4864 389 4936 quod
403 4863 520 4921 libenter
533 4862 652 4919 auditur.
680 4862 771 4920 Vanus
790 4863 863 4920 enim

67 4968 172 5025 sermo,
181 4968 258 5012 ranae
272 4953 446 5011 conscientiae
460 4960 503 5010 est
516 4952 607 5010 index.
630 4953 719 5009 liores
746 4951 864 5010 hominia

69 5043 167 5118 linqua
185 5043 280 5116 pandit
295 5059 303 5114 3
317 5051 344 5101 ει
357 5042 447 5116 qualis
458 5058 549 5100 sermo
563 5044 727 5113 ostenditur,
742 5042 865 5101 talisanI·

68 5147 133 5188 mas
144 5134 356 5204 comprobatur:
374 5133 504 5208 quoniam
528 5133 747 5190 exabundantia
771 5133 863 5192 cordis

68 5237 103 5281 os
118 5223 363 5296 loquiturlhatth.
380 5239 425 5292 xu,
441 5226 497 5297 lh).
513 5224 607 5281 Sermo
630 5239 716 5279 sanus
738 5240 792 5280 non
811 5223 863 5282 erit

67 5314 290 5397 absqueJ'udicio
304 5333 313 5387 3
329 5314 393 5387 qnia
411 5315 445 5371 ab
459 5313 532 5371 omni
547 5312 716 5369 rectitudinis
729 5320 797 5368 statu
811 5313 863 5369 de·

69 5403 252 5476 nonappetit,
262 5420 313 5463 nac
327 5404 520 5462 contumeliam
533 5402 629 5461 sensit.
640 5401 773 5460 Discerne
783 5411 810 5460 te
820 5409 867 5460 tuo

62 5502 198 5569 pereunt,
208 5493 255 5567 qui
269 5510 319 5567 per
332 5495 416 5551 narba
431 5510 502 5552 vana
514 5492 682 5551 dilabuntur.
695 5489 748 5561 Qui
761 5490 868 5550 laudem

910 1767 1006 1825 pacem
1028 1753 1124 1824 invita,
1147 1751 1333 1810 discordantes
1351 1752 1386 1808 ad
1407 1750 1579 1809 concordiam
1597 1763 1710 1810 rernm.

1147 1930 1234 1991 aad
1250 1929 1363 1988 CAPUT
1381 1930 1473 1989 XXV.

951 2057 1034 2116 Vario
1048 2060 1077 2116 et
1094 2056 1238 2130 proecloro
1252 2071 1365 2112 moram
1375 2054 1546 2115 documento
1557 2054 1704 2128 proponit.

945 2168 991 2222 hl.
1003 2163 1176 2222 Conscientia
1185 2163 1304 2220 hominis
1314 2163 1430 2236 abyssus
1447 2161 1542 2219 multa.
1555 2160 1710 2219 sicutenim

910 2257 1023 2328 abyssus
1039 2252 1176 2311 exhauriri
1192 2269 1248 2309 non
1262 2259 1368 2326 potest3
1388 2252 1428 2309 sic
1441 2266 1489 2309 cor
1503 2250 1621 2309 hominis
1640 2264 1710 2307 eva·

909 2343 1009 2401 cnaria
1023 2341 1236 2416 cogitationibus
1251 2340 1308 2398 suis
1322 2355 1377 2398 uon
1391 2346 1497 2412 potest:
1514 2341 1563 2398 sed
1578 2339 1711 2396 continua

911 2431 1117 2490 volubilitatein
1132 2445 1165 2488 eo
1183 2431 1338 2488 volvuntur.
1362 2431 1434 2486 llere
1456 2444 1586 2502 magnum
1609 2434 1663 2494 est,
1682 2434 1711 2483 et

911 2521 1060 2594 spatiosum
1083 2519 1225 2589 manihns;
1242 2517 1299 2576 illic
1315 2517 1423 2592 reptilia
1438 2533 1554 2591 quoram
1582 2531 1637 2574 non
1668 2524 1711 2574 est

913 2625 1042 2667 numerus
1056 2607 1144 2682 (Paci.
1160 2623 1220 2675 ciri,
1236 2607 1292 2678 2³).
1309 2605 1383 2663 Sicut
1396 2604 1468 2661 enim
1482 2603 1578 2677 reptile
1593 2603 1710 2660 latenter

912 2698 990 2773 repit,
1001 2706 1029 2755 et
1037 2697 1155 2754 sinuosis
1164 2693 1333 2752 anfractibus
1346 2696 1400 2751 huc
1413 2701 1441 2750 et
1455 2693 1519 2750 illuc
1533 2691 1688 2749 deambulat

913 2787 951 2844 ita
965 2786 1158 2844 conscientiam
1172 2783 1293 2841 hominis
1315 2790 1452 2840 venenatae
1466 2781 1642 2854 cogitationes
1664 2779 1708 2835 im

914 2885 987 2934 traot
999 2886 1027 2934 ει
1044 2883 1146 2934 exeunt
1162 2894 1169 2942 ;
1191 2882 1221 2932 ut
1234 2873 1336 2931 nesciat
1350 2873 1434 2929 homo
1448 2870 1521 2928 unde
1531 2870 1652 2936 veniant,
1663 2877 1711 2926 aut

913 2980 967 3038 qno
977 2964 1084 3020 radant.
1096 2963 1230 3020 llocbene
1243 2968 1418 3035 cognoverat,
1429 2958 1476 3032 qui
1489 2957 1597 3016 dicebat
1610 2974 1619 3013 ε
1635 2960 1709 3015 Pro·

913 3070 980 3111 oum
991 3057 1033 3111 cst
1046 3068 1094 3112 cor
1104 3051 1238 3120 immicis,
1247 3049 1485 3117 etinscractabile;
1497 3051 1526 3105 et
1540 3048 1605 3121 quir
1615 3062 1710 3120 coqne-

913 3145 972 3199 scet
986 3141 1060 3199 illud
1072 3140 1184 3211 (terem.
1209 3155 1277 3204 xvir,
1293 3138 1343 3209 9)i
1357 3140 1430 3212 qnod
1445 3138 1639 3194 scrutationem
1654 3150 1709 3193 non

913 3230 1018 3303 recipit,
1034 3245 1081 3284 nec
1100 3228 1294 3302 cognitionem.

948 3321 994 3375 52.
1019 3317 1099 3373 Nulla
1126 3332 1207 3389 poena
1233 3315 1340 3392 grauior
1366 3321 1409 3370 εει
1431 3329 1513 3384 prora
1533 3313 1708 3371 conscientia.

911 3409 981 3464 hiala
994 3406 1159 3465 conscientia
1172 3404 1290 3480 propriis
1305 3403 1400 3478 ‚agitur
1413 3399 1540 3458 stimulis.
1556 3401 1584 3457 Si
1604 3403 1712 3473 publiea

913 3497 984 3555 iama
1007 3504 1033 3553 te
1051 3510 1105 3552 non
1122 3496 1242 3562 damnat,
1264 3491 1375 3566 propria
1397 3489 1563 3547 conscientia
1588 3498 1614 3546 te
1641 3505 1711 3546 con-

913 3589 1022 3644 demnat
1037 3603 1043 3641 :
1059 3582 1287 3657 quoniamoemo
1310 3587 1400 3653 potest
1424 3594 1454 3635 se
1481 3578 1573 3649 ipsum
1601 3578 1710 3652 lugere.

913 3677 960 3734 llis
969 3688 1109 3747 nunquam
1122 3687 1183 3729 essa
1198 3669 1304 3727 tristia?
1319 3671 1391 3727 Bene
1401 3668 1474 3728 riva.
1485 3669 1560 3725 Bona
1572 3667 1628 3725 sita
1636 3684 1710 3725 sem·

913 3781 963 3841 per
976 3761 1195 3837 gandiumhabet
1209 3776 1217 3817 :
1233 3757 1398 3817 conscientia
1413 3758 1452 3814 rei
1467 3773 1578 3832 semper
1592 3758 1620 3815 in
1630 3774 1711 3831 poena

913 3862 963 3914 est.
978 3856 1019 3912 lta
1031 3853 1148 3911 clemens
1162 3858 1219 3907 esto
1235 3849 1263 3906 in
1277 3849 1373 3907 alienis
1387 3847 1501 3920 delictis,
1513 3847 1582 3905 sicut
1595 3848 1623 3905 in
1638 3848 1709 3907 tuda:

913 3961 964 4001 nec
985 3958 1150 4017 quemquam
1173 3939 1324 3998 districtius
1352 3953 1434 4011 qnam
1463 3945 1489 3995 te
1520 3937 1638 4010 judices.
1666 3939 1712 3998 Sic

912 4035 983 4092 alios
994 4033 1097 4106 judica,
1114 4041 1143 4089 ut
1156 4030 1215 4104 ipae
1228 4029 1346 4101 iudicari
1357 4028 1445 4101 cupis.
1461 4027 1517 4086 Len
1533 4038 1577 4088 tna
1592 4036 1618 4086 te
1643 4044 1711 4088 con·

916 4123 1034 4196 stringit.
1049 4121 1185 4178 iudicium
1200 4119 1275 4192 quod
1285 4119 1347 4175 aliis
1362 4117 1491 4197 imponis,
1501 4116 1560 4189 ipse
1579 4117 1710 4190 portabis.

916 4212 1025 4270 Nullum
1039 4218 1103 4268 ante
1121 4209 1253 4279 judiciam
1273 4207 1463 4266 condemnes:
1484 4216 1547 4263 aute
1561 4208 1659 4279 proha,
1685 4216 1713 4268 et

917 4303 957 4360 sic
968 4302 1070 4374 judica.
1085 4300 1146 4356 Non
1157 4297 1230 4355 enim
1245 4297 1290 4370 qui
1305 4304 1458 4363 accusatur,
1477 4294 1525 4351 sed
1539 4294 1585 4368 qui
1598 4296 1713 4355 convin-

917 4393 997 4461 citur,
1013 4406 1075 4446 reus
1089 4396 1141 4445 est.
1156 4387 1240 4445 Valde
1262 4384 1444 4459 periculosum
1458 4390 1499 4440 est
1513 4382 1547 4441 de
1558 4383 1713 4456 suspicione

917 4475 1216 4552 quempiomjudicare.
1233 4475 1263 4529 lo
1274 4471 1420 4546 ambiqaia,
1438 4472 1489 4528 Dei
1509 4470 1615 4541 judicio
1634 4487 1713 4528 serva

917 4568 1085 4624 sententiam.
1101 4564 1163 4622 Non
1182 4561 1266 4634 eligas
1279 4559 1324 4618 cni
1342 4558 1506 4625 miserearis,
1515 4572 1550 4613 ne
1565 4558 1633 4616 lorte
1642 4575 1713 4631 prae-

917 4665 1005 4714 teneas
1017 4654 1095 4712 illum
1117 4651 1164 4728 qui
1177 4656 1294 4708 meretur
1307 4647 1439 4722 accipere.
1453 4646 1588 4706 Omnibus
1602 4647 1659 4722 (29)
1686 4655 1714 4707 te

917 4745 1015 4815 tribue,
1028 4744 1051 4801 si
1065 4752 1153 4816 potes,
1164 4739 1290 4816 quonian
1300 4739 1431 4798 incertum
1445 4745 1487 4796 eat
1497 4755 1546 4812 pro
1555 4752 1609 4812 quo
1622 4739 1715 4815 lmagis

919 4836 1023 4908 placeas
1036 4836 1105 4893 Deo.
1121 4832 1208 4904 llajor
1221 4828 1461 4898 sitheneaolentia,
1477 4829 1642 4902 quamquod
1662 4829 1715 4888 de·

917 4933 961 4982 tur
981 4943 988 4993 ;
1004 4924 1131 4997 quoniam
1149 4923 1202 4979 tale
1216 4920 1269 4978 erit
1291 4936 1360 4994 opus
1374 4927 1459 4990 tuum,
1475 4919 1563 4993 qualia
1578 4916 1659 4976 inerit
1672 4919 1715 4973 in·

916 5014 1000 5074 tentio
1012 5023 1068 5072 tua.
1082 5013 1206 5087 Quicum
1220 5009 1331 5069 tristitia
1340 5026 1451 5068 manum
1460 5008 1584 5084 porrigit,
1599 5006 1716 5064 imotnm

916 5104 1143 5163 remunerationis
1167 5100 1275 5159 amittit.
1296 5103 1357 5159 Noa
1377 5107 1420 5158 est
1446 5096 1640 5163 misericordia,
1668 5095 1717 5153 uhi

916 5211 972 5253 non
986 5203 1028 5252 est
1049 5191 1246 5253 benevolentia.
1262 5191 1324 5248 Nan
1335 5188 1444 5246 anieras
1458 5189 1513 5255 nni,
1529 5187 1602 5243 unde
1616 5186 1718 5244 tribuas

916 5285 994 5344 altari
1008 5303 1017 5354 ι
1032 5283 1161 5358 quoniam
1180 5279 1218 5336 nil
1242 5278 1396 5352 prodestai
1423 5276 1486 5333 inda
1513 5276 1596 5333 alium
1619 5275 1719 5345 reficis,

958 5480 1018 5556 (ab)
1033 5477 1144 5539 Videtur
1158 5475 1265 5548 deesse,
1279 5472 1452 5551 petentibus.
