3706 5962
62 215 107 276 rsa
258 180 261 185 ’
534 261 543 276 ,
669 210 701 272 riv
721 209 859 272 cmrics
878 212 986 274 seruo
1005 215 1101 275 xxvi.
1656 207 1707 279 ist

63 340 122 398 ran't
141 334 266 394 tenuiter
287 333 413 406 innuere,
433 333 511 408 quasi
534 348 568 391 ex
582 332 694 407 obliquo
716 335 778 392 illos
793 343 856 392 tan·
871 352 895 431 Α
912 345 954 394 tus
968 339 1086 406 Domini,
1103 340 1141 396 ibi
1164 340 1288 409 libertas;
1309 340 1421 397 libertas
1442 355 1496 414 qna
1519 356 1570 399 nos
1584 342 1707 400 Christus

63 446 135 506 gens,
151 435 181 484 et
197 426 267 483 istos
282 427 406 492 trahens,
423 424 488 479 dum
512 423 552 481 sic
566 423 685 480 latenter
697 424 732 480 de
755 424 857 481 intimis
909 427 1054 485 liberarit:
1076 429 1190 486 libertas
1204 429 1277 496 data,
1300 445 1354 484 non
1377 428 1478 485 innata.
1493 432 1563 486 Nam
1577 448 1593 486 a
1607 433 1707 488 nativi·

61 522 112 590 ejus
126 515 276 572 admonuit
291 514 398 571 deliciis
414 531 420 571 :
438 513 494 577 Sic,
512 511 608 584 inquit,
624 517 777 584 geneture,
792 514 856 569 obs-
910 523 963 572 tate
979 532 1075 574 eorum
1099 534 1184 592 grave
1205 520 1302 592 jugum
1327 533 1410 589 super
1433 517 1502 572 lilios
1516 519 1611 574 Adam.
1634 521 1705 576 Vere

60 622 103 680 pse
124 604 252 662 occultis
277 604 344 659 tots.
364 606 404 659 dc
425 601 447 655 si
469 601 540 656 dieat
558 619 564 657 :
581 601 609 655 Si
622 601 816 675 cognovissent
830 609 857 656 et
909 621 1002 678 grave,
1018 607 1091 678 quod
1116 607 1255 662 mutierem
1272 606 1345 660 illam
1359 605 1545 678 evangelicam
1562 608 1640 663 annis
1658 609 1706 664 de·

59 694 96 749 atii
118 694 225 766 quibus
241 689 411 747 absconditis
431 689 597 759 adimpletus
611 695 653 745 cst
672 697 768 744 venter
783 697 854 759 tuus,
910 709 971 748 cem
986 695 1018 750 'et
1041 703 1104 751 octo
1131 696 1330 764 incurvaverat,
1351 711 1387 751 ne
1413 695 1513 751 sineret
1536 712 1645 751 sursum
1661 713 1706 753 re-

59 799 72 839 o
90 795 205 853 sponsa,
222 795 305 852 quarn
327 777 407 833 tacite
424 776 516 831 omnia
529 776 720 832 detrimentum
735 778 856 833 tacerent
909 783 1015 854 spicere
1031 786 1107 854 (soc.
1124 800 1183 854 xnr,
1201 788 1264 856 it):
1281 785 1395 839 muitum
1418 783 1579 840 dissimilem
1594 786 1629 840 ab
1644 785 1705 855 ista,

59 869 135 926 utilia
151 866 346 924 lucrarentur!
367 881 449 937 quam
462 865 581 921 libenter
592 872 619 920 el
628 866 699 920 bona
710 866 857 935 perderent
909 887 971 943 quae
989 872 1122 929 cervicem
1141 874 1167 929 in
1192 873 1273 928 turris
1288 872 1400 929 modum
1423 873 1531 929 sustulit
1552 873 1580 928 in
1595 873 1705 930 crolum,

59 953 856 1029 amalaperterrentutabsconditaedulcedinisparticipes
944 966 970 1017 2.
996 963 1085 1019 Grave
1112 963 1193 1035 plane
1212 963 1325 1037 jugum,
1352 961 1426 1035 quod
1448 969 1535 1018 totum
1557 963 1706 1019 humanum

58 1046 243 1104 allicerentur!
256 1045 335 1100 Nunc
345 1051 436 1100 autem
447 1042 607 1099 abscondita
618 1050 659 1098 est
669 1043 704 1098 ab
713 1043 798 1099 oculis
808 1058 854 1099 eo·
908 1064 996 1122 genus
1010 1049 1097 1106 iubae
1110 1050 1237 1106 inclinata
1251 1050 1364 1106 muliere
1375 1056 1501 1106 excutere
1515 1063 1570 1106 non
1587 1057 1704 1122 poterat.

58 1153 122 1202 rum,
134 1151 200 1208 quae
215 1133 318 1190 sanctis
332 1132 476 1187 animabus
490 1130 647 1197 inocculto,
662 1147 712 1202 per
726 1131 798 1187 vices
812 1131 855 1186 al·
907 1137 968 1192 Non
981 1145 1088 1207 poterat
1108 1139 1244 1210 deponere
1258 1147 1284 1193 et
1297 1154 1352 1194 non
1372 1137 1514 1194 desinebat
1527 1153 1664 1209 apponere
1679 1145 1707 1194 et

57 1224 131 1281 ludit.
145 1223 236 1278 Grata
248 1227 340 1285 tamen
351 1218 520 1288 vicissitudo,
536 1234 598 1291 quae
611 1218 757 1274 multorum
772 1219 856 1274 mole·
908 1223 1079 1296 iniquitatem
1098 1242 1181 1298 super
1198 1226 1377 1298 iniquitatem,
1401 1233 1428 1282 et
1450 1225 1635 1282 infirmitatem
1657 1242 1707 1283 su·

58 1313 119 1368 stias
132 1310 243 1383 mitigat
256 1316 433 1380 temporum:
449 1322 503 1364 uec
522 1307 608 1362 exiles
622 1306 735 1372 deliciae,
752 1323 813 1379 quae
827 1305 855 1361 in
908 1328 958 1384 per
972 1311 1168 1383 infirmitatem,
1194 1322 1222 1371 et
1243 1322 1386 1388 utmmque
1402 1331 1485 1386 super
1508 1314 1622 1371 alteram
1640 1314 1707 1372 :le-

58 1401 144 1456 tatura
155 1396 442 1469 temporaabundant.
457 1395 528 1466 Quid
547 1395 736 1468 egestatemin
753 1394 855 1450 illave·
909 1402 999 1458 cunda
1028 1402 1105 1471 satis,
1128 1403 1177 1458 sed
1196 1403 1298 1459 infelici
1321 1403 1403 1458 nimis
1421 1401 1640 1460 fructificatione.
1659 1403 1706 1458 Vis

59 1488 174 1544 remini?
190 1485 300 1542 Deliciae
316 1485 344 1540 in
359 1483 472 1540 occultis
486 1485 557 1554 ejus,
574 1491 601 1540 et
615 1482 787 1538 abundantes
802 1483 854 1538 de·
907 1490 1002 1545 audire
1020 1499 1205 1562 apponentem
1214 1492 1310 1562 jugum
1322 1507 1403 1562 super
1413 1492 1534 1563 jugum?
1545 1490 1614 1547 Audi
1634 1491 1715 1562 quali'

59 1577 134 1633 licie.
159 1573 333 1631 abundantia
354 1573 426 1629 enlm
441 1573 468 1628 in
483 1573 604 1628 turribus
625 1573 688 1640 tuis,
709 1587 852 1644 osponsa·
908 1593 938 1633 se
954 1577 1129 1634 excusatione
1143 1594 1214 1634 unus
1228 1578 1262 1634 de
1278 1577 1397 1633 invitatis
1420 1578 1455 1632 ab
1470 1576 1626 1650 evangelica
1641 1579 1705 1632 sub-

60 1664 265 1736 lteniquesicct
277 1662 462 1719 tumtstlooid
475 1663 580 1718 cottum
590 1666 671 1717 tuum
682 1680 691 1715 :
702 1668 729 1715 et
740 1659 854 1716 silatent
908 1665 1021 1721 duxerat
1034 1681 1113 1722 coena
1130 1684 1137 1720 :
1153 1669 1224 1738 tuga
1244 1666 1326 1722 boum
1345 1665 1400 1722 emt
1415 1667 1539 1737 ,pureque
1554 1665 1633 1733 (iisd,
1649 1681 1704 1732 nv,

59 1753 172 1818 deiiciae,
198 1751 246 1808 sed
260 1750 346 1808 ruins
360 1751 471 1809 eminet.
488 1750 632 1819 Quomodo
646 1747 704 1806 88
717 1764 771 1805 non
786 1749 853 1804 emi·
870 1742 892 1820 Β
910 1754 965 1825 ts).
981 1753 1004 1809 0
1029 1753 1128 1809 stolida
1146 1754 1247 1818 anima,
1265 1761 1319 1807 tam
1343 1751 1460 1807 invalida
1486 1751 1602 1821 cervice,
1620 1760 1648 1807 et
1662 1761 1706 1809 at·

60 1857 133 1907 neos,
150 1840 220 1896 turri
234 1837 355 1896 culmini
370 1839 424 1895 Sed
446 1838 608 1894 miseramus
624 1840 696 1895 bunc
710 1837 738 1893 in
752 1836 853 1894 crasti-
908 1842 971 1898 trito
986 1841 1076 1898 collol
1100 1858 1185 1897 unum
1205 1841 1270 1896 illud
1289 1847 1392 1912 portas,
1417 1840 1490 1911 quod
1505 1839 1552 1894 tibi
1579 1849 1707 1912 corrupta

61 1946 121 1985 num
134 1944 302 1993 sermonem,
317 1927 415 1983 dicturi
429 1928 464 1983 de
478 1930 529 1983 iac
543 1935 617 1983 turre
632 1928 704 1999 quod
724 1926 782 1998 ipse
795 1927 853 1980 Da·
908 1931 1038 2003 imposuit
1050 1930 1186 1996 nativitas,
1209 1937 1237 1986 et
1249 1930 1328 2002 ptura
1346 1929 1511 2000 comparas?
1524 1928 1584 1984 Non
1600 1927 1706 2000 indiges

61 2017 103 2073 u'd
115 2016 221 2073 dederit
235 2024 332 2071 auctor
346 2016 407 2086 ejus
422 2023 450 2070 tt
467 2023 541 2071 tutor
555 2015 634 2071 lesus
658 2014 790 2079 Christus,
808 2012 854 2085 qui
908 2035 1001 2077 emere
1016 2020 1089 2092 quod
1100 2020 1185 2095 gratis
1201 2018 1362 2074 innascitur.
1375 2017 1435 2073 Alia
1449 2016 1545 2087 adjicis
1559 2032 1659 2083 emere,
1680 2023 1707 2072 et

61 2104 121 2162 vivit
133 2113 160 2161 et
173 2113 270 2180 regnat
283 2103 433 2175 peremnia
452 2102 552 2159 saeaula
565 2103 740 2160 saeculorum·
754 2104 851 2159 Amen·
908 2110 943 2164 ab
965 2109 1015 2164 hoc
1030 2125 1085 2181 quo
1111 2107 1256 2179 premeris,
1278 2106 1377 2163 collum
1393 2106 1513 2162 eximere
1535 2122 1589 2161 non
1616 2113 1704 2177 potes.

301 2208 422 2264 SEiiitO
440 2209 542 2266 xxvi,
908 2200 989 2270 tuga,
1001 2196 1102 2269 inquis,
1118 2199 1199 2254 boum
1215 2196 1272 2251 cmi
1287 2196 1413 2268 quinque
1423 2215 1433 2251 .·
1443 2203 1470 2250 et
1484 2209 1568 2249 unum
1583 2194 1636 2250 hoc
1651 2201 1706 2249 tam

64 2316 134 2374 sort
150 2315 244 2374 turris
253 2316 341 2373 dauid
352 2316 456 2373 cottam
472 2320 564 2383 tuum,
580 2334 641 2389 qcoe
655 2316 796 2387 aedificato
811 2319 854 2374 cst
908 2301 1004 2386 &river
1020 2293 1074 2340 ¹³¹⁰
1089 2285 1219 2384 3⁰¹fem¹⁰
1234 2283 1320 2383 limi}
1334 2291 1462 2338 mutere
1477 2298 1531 2383 ¹¹⁰¹}
1546 2291 1634 2354 9⁰³⁰&
1650 2283 1707 2382 N⁹f²

95 2405 155 2443 com
166 2388 405 2460 propugnaculis,
418 2387 491 2442 Mitte
507 2389 598 2460 clypei
611 2389 740 2461 pendent
756 2403 793 2444 px
807 2403 852 2454 pa,
908 2376 957 2430 t1b1
967 2382 1058 2430 tamen
1071 2387 1191 2445 pretium
1207 2380 1327 2444 suppetit
1337 2372 1410 2428 uude
1426 2380 1453 2427 te
1467 2372 1596 2427 redimas.
1611 2371 1708 2426 Nescis

95 2467 144 2514 etc.
161 2460 258 2527 (Cant.
274 2473 310 2527 iv,
328 2459 368 2528 l.)
908 2477 990 2533 quam
1003 2462 1078 2536 gravi
1096 2462 1163 2532 jugo
1179 2461 1301 2516 teneris?
1316 2459 1367 2515 nisi
1385 2460 1518 2534 sanguine
1542 2459 1640 2514 Christi
1656 2475 1706 2514 au·

96 2552 119 2602 t.
133 2547 192 2601 tam
207 2545 288 2601 tortia
302 2547 336 2601 ad
353 2561 481 2617 sponsam
495 2556 523 2602 et
538 2546 573 2602 de
590 2562 692 2618 sponsa
712 2544 852 2618 loquitur3
908 2548 973 2605 terri
988 2565 1042 2604 non
1057 2549 1140 2604 valet.
1156 2547 1288 2616 mundas
1302 2554 1332 2602 ut
1346 2546 1425 2617 plura
1439 2560 1533 2613 emas;
1550 2560 1604 2601 non
1619 2546 1707 2600 abun·

63 2649 120 2688 nam
133 2633 249 2691 delicata
272 2633 301 2688 in
325 2633 525 2704 superioribus,
550 2634 596 2689 ubi
610 2635 650 2690 sic
664 2633 702 2689 ait
719 2648 725 2688 :
744 2634 853 2691 Cottum
908 2638 958 2692 das
972 2644 1001 2692 nt
1024 2637 1060 2692 ab
1076 2637 1136 2691 'isto
1156 2642 1183 2691 te
1207 2634 1338 2690 redimas.
1354 2633 1377 2689 0
1396 2633 1504 2689 miserae
1519 2633 1619 2689 divitiae
1633 2633 1705 2688 tuael

63 2726 142 2778 mam
159 2723 233 2778 deut
249 2721 372 2778 monitio
386 2722 484 2793 (Cant.
495 2737 516 2789 r,
528 2721 566 2795 9).
578 2723 612 2776 Et
625 2721 713 2776 dmile
727 2721 791 2794 quid
806 2723 854 2776 ba·
908 2725 974 2780 satis
993 2740 1024 2779 es
1040 2723 1162 2795 locuples
1176 2737 1231 2778 non
1249 2729 1279 2776 ut
1297 2721 1416 2796 mitiges,
1437 2719 1486 2775 sed
1500 2728 1530 2776 ut
1544 2719 1708 2791 multiplices

60 2810 144 2866 basin
153 2809 261 2865 Psalmo
274 2810 422 2866 :Dominus
431 2810 559 2867 decorem
570 2810 676 2876 induit,
688 2810 786 2866 induit
795 2811 853 2880 sor·
908 2811 1018 2869 vincula
1033 2811 1096 2868 colli
1108 2810 1155 2877 tui,
1172 2817 1198 2867 et
1209 2809 1357 2880 compedes
1371 2822 1514 2883 aggraves.
1527 2806 1649 2864 Sufficiat
1660 2807 1708 2863 tibi

61 2897 217 2955 titudinem
243 2896 330 2967 (Prot.
355 2911 421 2962 xcu,
451 2897 488 2966 t).
513 2898 589 2952 Bona
607 2897 666 2953 haet
685 2897 852 2965 indumenta,
908 2900 973 2956 illud
986 2901 1084 2974 jugum
1100 2915 1184 2973 grave
1199 2913 1253 2970 quo
1267 2897 1412 2968 premeris.
1431 2897 1606 2970 togomhoc,
1623 2896 1708 2951 sine-

58 3001 172 3058 quorum
186 3001 272 3040 unum
293 2989 384 3054 ornat,
409 2984 522 3041 alterum
541 2976 637 3041 armat.
652 2985 771 3041 Primum
789 2984 854 3039 illud
910 2990 977 3056 scis,
994 2989 1118 3062 quaedam
1134 2997 1177 3044 est
1199 2985 1374 3059 delinquendi
1389 2986 1549 3054 necessitas,
1564 2992 1591 3041 et
1604 2985 1708 3057 impos·

56 3075 148 3146 posuit
163 3073 239 3146 quod
252 3073 341 3146 magis
360 3075 499 3146 proprium
514 3090 623 3146 sponsae
641 3075 760 3132 videtur.
776 3074 855 3129 Nunc
882 3096 886 3104 ·
910 3080 1025 3135 sibilitas
1047 3077 1221 3151 resurgendi.
1245 3078 1345 3148 iugum
1374 3078 1427 3133 boc
1449 3075 1593 3132 difficultas
1613 3075 1708 3132 estad

58 3179 87 3218 se
99 3163 135 3217 ad
149 3164 212 3232 ejus
227 3162 374 3234 quamdam
393 3162 579 3219 tortitudinem
599 3164 742 3221 convertit.
760 3162 852 3217 Virtus
911 3171 1011 3225 popum
1025 3175 1053 3224 ei
1066 3168 1180 3224 aviditas
1196 3166 1231 3221 ad
1252 3166 1365 3221 malum,
1381 3166 1482 3239 rugum
1498 3167 1549 3221 1100
1562 3171 1589 3221 er
1608 3164 1709 3238 iniqui.

57 3250 227 3306 tortitudinis
240 3259 316 3305 tanto
331 3250 359 3304 in
373 3252 630 3324 spousapretiosior
640 3259 741 3324 quanto
757 3248 855 3307 rariori
911 3264 953 3312 ms
968 3264 1010 3312 est
1034 3272 1088 3329 qua
1110 3271 1173 3312 reus
1188 3255 1290 3310 reperis
1313 3255 1348 3308 ad
1363 3253 1536 3324 supplicium,
1553 3261 1580 3309 ep
1596 3252 1710 3307 infirmi.

57 3341 133 3396 Rara
151 3340 253 3411 plane:
274 3339 414 3395 mulierem
430 3341 504 3395 euim
518 3340 617 3396 fortem
638 3341 699 3413 quis
713 3340 856 3396 inveniet?
911 3353 954 3400 tas
981 3359 1035 3416 qua
1058 3359 1161 3417 pronus
1176 3343 1204 3397 in
1220 3342 1315 3398 vitium
1338 3341 1465 3397 traheris.
1490 3340 1642 3413 Originalia
1661 3340 1709 3394 tibi

57 3430 148 3499 (Prov.
160 3442 234 3496 xxxi,
257 3427 311 3497 tt).
327 3427 397 3482 Etsi
417 3435 516 3499 potest,
533 3436 560 3483 tu
577 3437 677 3495 tamen,
692 3429 755 3483 iesu
769 3429 855 3495 bone,
912 3439 975 3489 suut
995 3432 1056 3495 ista,
1072 3436 1100 3489 et
1123 3431 1158 3486 de
1180 3428 1338 3501 propaginis
1353 3428 1418 3483 vitio
1435 3445 1442 3484 ε
1459 3435 1486 3482 et
1501 3435 1530 3482 tu
1546 3427 1635 3482 adbuc
1659 3441 1709 3482 vo·

60 3531 113 3570 non
130 3524 187 3570 tarn
201 3515 307 3571 invenis
316 3530 379 3588 qnae
388 3515 449 3570 talis
465 3516 510 3581 sit,
526 3531 607 3588 quam
622 3515 758 3587 praevenis
769 3522 799 3570 ut
810 3515 856 3572 sit.
910 3521 1026 3576 luntaria
1040 3518 1193 3574 accumulas
1207 3514 1312 3571 onerat
1329 3514 1491 3570 curiositate
1506 3513 1627 3585 quinque
1643 3529 1707 3568 sen·

60 3607 122 3661 lion
138 3621 169 3659 se
188 3603 245 3675 ipsa
259 3607 318 3662 baec
333 3605 415 3660 turris
434 3605 560 3674 aedificat,
581 3606 631 3662 sed
649 3605 707 3677 ipse
725 3605 785 3660 sine
804 3619 859 3676 quo
912 3624 991 3665 suum
1004 3606 1068 3662 dum
1080 3605 1230 3661 exteriores
1244 3601 1363 3659 intendis
1377 3601 1405 3656 in
1418 3602 1535 3673 species,
1546 3601 1707 3657 interiorem

62 3694 87 3748 in
99 3708 202 3750 vanum
216 3692 341 3750 laborant
355 3693 532 3750 oediticantes.
547 3695 579 3750 Et
591 3693 653 3750 vide
664 3708 746 3766 quam
760 3693 858 3749 fortem
913 3694 1141 3767 concupiscentiae
1165 3693 1301 3748 tlammam
1328 3707 1471 3764 provocas,
1495 3706 1555 3763 quae
1579 3690 1631 3746 nisi
1644 3707 1709 3746 san·

62 3782 124 3839 relit
147 3781 273 3855 intelligi,
294 3799 377 3855 quam
402 3784 469 3838 turri
497 3783 583 3839 David
612 3782 751 3838 assimilat.
779 3783 859 3839 Sicut
913 3785 995 3860 gnine
1010 3783 1110 3841 Christi
1123 3781 1260 3856 exstingui
1284 3796 1339 3837 non
1364 3786 1462 3854 potest.
1483 3779 1710 3850 Concupiscentia

65 3873 161 3940 turris,
177 3870 275 3943 iuquit,
288 3871 375 3928 David
385 3872 490 3929 cottam
505 3876 596 3928 tuum.
607 3871 670 3926 Noli
683 3870 710 3926 in
724 3871 775 3926 hoc
790 3869 860 3927 coito
913 3887 976 3930 cum
991 3873 1049 3929 sola
1064 3879 1114 3938 est,
1136 3871 1201 3926 satis
1216 3870 1364 3927 inardescit
1379 3887 1385 3923 :
1402 3869 1522 3925 exterior
1535 3883 1601 3925 vero
1621 3875 1709 3923 mate-

63 3958 289 4019 inflexibilitatem
300 3967 328 4014 et
348 3958 473 4014 duritiam
488 3959 620 4032 accipere.
636 3959 702 4014 Haec
715 3958 787 4014 enim
804 3973 859 4014 uon
913 3962 955 4017 ria
968 3962 992 4016 si
1005 3961 1119 4030 accedit,
1136 3959 1245 4015 insanit.
1260 3958 1423 4015 Germinum
1433 3956 1647 4024 incommodum,
1661 3973 1712 4012 na·

63 4054 174 4119 passuum
193 4046 229 4101 ad
247 4045 356 4103 badenx
371 4047 490 4113 detlecti,
516 4048 564 4103 sed
580 4046 778 4104 maledictionis
792 4062 858 4103 seu-
914 4058 982 4106 turre
1000 4050 1147 4123 corruptio,
1164 4057 1191 4105 et
1210 4047 1355 4105 curiositas
1368 4047 1493 4119 quadam
1516 4047 1635 4103 exterius
1651 4047 1712 4116 ejus

64 4136 174 4192 tentiam
188 4143 349 4207 provocant.
363 4135 537 4202 italedletus,
548 4135 645 4207 inquit,
656 4137 737 4206 saror·
751 4151 857 4202 eorum,
914 4140 1082 4195 irritamenta
1109 4139 1267 4210 explorans.
1297 4137 1469 4208 Duplicatum
1496 4135 1711 4204 incommodum,

62 4223 858 4298 spatapertinoxretobstinatisque·dure(Gco.xsrxt).
914 4225 970 4285 84
989 4228 1115 4300 proprius
1138 4226 1266 4299 impetus,
1289 4234 1317 4282 et
1338 4225 1443 4282 hostilis
1457 4223 1599 4296 impulsus.
1615 4224 1712 4295 Dupli-

63 4313 175 4380 temus,
195 4312 601 4384 ioquistcrrcosccrvistoo
622 4312 859 4385 (leutramni).
915 4321 1006 4375 catum
1034 4316 1247 4384 incommodum,
1277 4315 1386 4370 flamma
1414 4313 1651 4385 concupiscentia,
1685 4321 1713 4368 et

61 4401 103 4456 Ad
116 4400 377 4457 condemnationem
392 4399 493 4456 intorta
508 4409 571 4456 sunt
586 4401 648 4472 ista,
664 4417 719 4458 non
734 4402 768 4456 ad
783 4416 860 4459 com·
915 4405 995 4462 tlatus
1008 4405 1165 4463 incentoris.

62 4488 265 4546 mendationem
301 4489 417 4561 prolata.
447 4489 544 4563 Rigida
572 4490 753 4562 pervicacitas
791 4489 900 4581 selein
952 4499 979 4550 3.
994 4496 1160 4567 topctoum,
1177 4492 1276 4564 inquit,
1292 4492 1349 4546 emt
1364 4489 1499 4563 quiaque.
1516 4488 1591 4543 liene
1605 4486 1710 4557 utique,

63 4577 217 4634 libertatem
239 4577 359 4649 mentiri,
383 4593 465 4650 quam
489 4578 517 4632 in
546 4578 588 4633 bis
614 4579 707 4635 verbis
731 4578 859 4651 accipio:
916 4584 1007 4647 boum,
1020 4581 1093 4654 quod
1107 4580 1200 4635 brutas
1214 4586 1320 4635 mentes
1333 4576 1498 4633 curiositatis
1513 4581 1609 4630 atterat
1623 4573 1712 4630 labor.

66 4668 145 4726 Sicut
158 4668 454 4725 turristtavideottam
462 4673 555 4726 tuum.
566 4668 748 4739 Liberaplane
759 4668 860 4739 cervix,
915 4672 1015 4741 iugum
1044 4668 1068 4723 si
1091 4673 1179 4739 optas,
1208 4681 1263 4722 non
1284 4668 1369 4722 babes
1398 4679 1512 4721 necesse
1540 4678 1711 4735 comparare.

68 4763 95 4810 et
105 4756 212 4813 servilis
236 4757 400 4813 conditionis
416 4756 523 4830 ignara,
539 4766 595 4812 tam
609 4764 710 4824 erecta,
731 4765 786 4811 tam
801 4773 863 4812 mu·
916 4758 992 4815 Tolle
1008 4773 1092 4828 super
1106 4764 1132 4813 te
1144 4758 1240 4827 jugum
1256 4756 1365 4824 Christi,
1379 4756 1477 4828 jugum
1491 4753 1650 4828 gratuitum,
1666 4755 1713 4824 ju-

68 4846 122 4899 nita
135 4852 164 4901 ut
178 4847 261 4901 turris
275 4845 371 4901 David.
391 4845 453 4901 Non
470 4855 537 4917 puto
556 4846 630 4918 quod
644 4846 735 4918 aliquo
749 4847 863 4917 abjectas
917 4865 983 4925 gum
997 4855 1115 4922 gratum,
1129 4860 1287 4920 nongrave.
1302 4849 1404 4918 tagum
1413 4843 1607 4915 colaminquit,
1620 4858 1714 4898 mcum
1813 4914 1818 4921 ν

69 4934 201 4989 servitutis
215 4935 285 5008 jugo
298 4932 398 4989 collum
417 4934 488 4989 istud
503 4942 645 4990 atteratur.
661 4935 751 4992 Grave
766 4936 862 5008 jugum
917 4953 1000 4996 suove
1007 4942 1058 5001 est,
1070 4941 1098 4992 et
1109 4952 1182 4991 onus
1192 4953 1285 4994 mecm
1301 4933 1480 5005 teue(ttattb.
1495 4949 1533 5000 xx,
1546 4933 1603 5000 ³0).
1614 4929 1714 5000 iugum

67 5037 150 5094 super
170 5022 241 5078 lilios
260 5023 349 5079 Adam
371 5039 388 5078 a
410 5023 455 5078 die
479 5023 626 5079 nauvitatis
644 5039 739 5080 eorum
762 5023 861 5095 (dccli.
919 5027 1034 5083 hocnou
1050 5033 1091 5081 cst
1101 5026 1198 5096 jugum
1214 5025 1308 5092 boum,
1323 5023 1490 5096 quiajugum
1505 5016 1637 5075 rationale
1651 5023 1713 5082 est;

66 5129 107 5179 xx,
125 5115 154 5184 t)
170 5131 177 5168 :
193 5115 244 5170 sed
260 5117 318 5169 baeo
331 5117 387 5184 jam
402 5129 458 5168 non
472 5114 580 5170 videtur
595 5114 628 5170 de
644 5114 750 5171 filiabus
764 5114 862 5171 Adam.
918 5117 1013 5188 jugum
1028 5130 1082 5170 uon
1098 5113 1171 5186 quod
1183 5113 1309 5169 laborem
1324 5111 1435 5181 infligat,
1452 5109 1498 5164 sed
1509 5104 1631 5177 requiem
1641 5119 1717 5160 com·

65 5201 123 5257 lam
149 5211 271 5258 veterem
300 5201 469 5259 nativitatem
498 5203 718 5274 regenerationis
743 5203 864 5259 novitate
919 5212 1006 5276 paret.
1023 5204 1058 5259 Et
1071 5202 1133 5259 vide
1148 5203 1285 5274 quomodo
1298 5202 1394 5273 jugum
1409 5201 1460 5254 troc
1475 5196 1534 5252 leve
1549 5193 1630 5249 dicat.
1645 5192 1715 5249 Nam

67 5291 192 5359 mumvit,
206 5292 346 5348 carnalem
369 5291 497 5348 nesciens
511 5292 608 5362 adam,
625 5309 658 5348 ex
672 5308 727 5364 qno
742 5291 866 5347 transivit
920 5293 987 5348 illud
1008 5291 1135 5364 superius
1154 5305 1248 5364 grave,
1264 5287 1338 5360 quod
1360 5293 1401 5342 est
1415 5299 1498 5355 super
1511 5282 1581 5339 tilios
1596 5280 1684 5337 Adam
1699 5298 1716 5338 a

66 5381 99 5436 ad
114 5381 271 5453 Cbristum3
292 5397 325 5438 ex
340 5396 395 5453 quo
417 5380 539 5437 secundo
559 5380 684 5449 adtraesit,
700 5397 770 5437 unus
785 5380 866 5452 spiri·
920 5381 965 5438 die
980 5380 1126 5437 nativitatis
1141 5378 1276 5450 usquead
1295 5376 1368 5432 diem
1387 5373 1483 5451 mortis
1506 5388 1613 5431 eorum.
1630 5373 1716 5443 Cujus

66 5478 109 5530 tus
128 5470 229 5530 effecta
242 5486 307 5528 cum
322 5469 378 5527 illo.
392 5468 563 5538 rescribere,
580 5469 709 5544 quoniam
723 5471 770 5528 ubi
785 5470 866 5543 spiri·
917 5479 1000 5546 putas
1024 5469 1146 5527 mortis?
1164 5466 1260 5541 utique
1284 5467 1344 5538 eius
1359 5464 1394 5523 de
1418 5478 1472 5540 qua
1487 5465 1571 5521 babes
1588 5479 1595 5522 ε
1610 5459 1716 5524 sorsat
