3706 5962
42 203 106 283 ,stt
595 199 702 262 statuo
721 201 753 262 ΙΝ
772 200 932 265 oofflttca
950 203 1143 265 Pttbtabtt.
1641 206 1696 270 878

54 329 205 401 alligatum.
219 330 303 385 Prava
318 327 419 399 quippe
433 326 557 394 cernit,ct
568 325 608 382 eis
626 325 690 383 licet
703 325 771 383 torte
780 342 847 381 cou-
863 344 887 421 Α
903 328 994 395 babet,
1005 329 1068 400 quia
1082 327 1128 401 qui
1143 327 1179 383 ad
1193 325 1331 402 spirituale
1347 335 1447 384 sancte
1462 328 1632 399 perfectionis
1645 332 1695 391 do·

55 418 154 474 sentire
177 414 244 471 nolit
262 435 267 472 :
286 416 444 487 redarguere
463 424 550 471 tamen
567 430 661 485 capro
685 431 801 485 persona
821 423 847 472 et
903 417 1017 473 minium
1034 416 1187 491 pertingere
1200 416 1284 487 cupit,
1300 416 1357 472 heo
1375 431 1628 477 exercereuccesse
1641 422 1695 477 ha-

54 521 94 573 re,
112 521 161 576 pro
175 505 234 562 loco
248 515 275 559 et
288 512 409 575 tempore
424 520 478 560 nou
493 504 639 576 praesumit,
655 513 682 560 et
695 511 737 558 est
749 502 847 575 alliga5
902 507 958 562 bet.
974 505 1109 577 spirituali
1123 522 1239 578 natuque
1253 504 1369 562 Domino
1384 505 1437 561 duo
1452 506 1530 566 valde
1541 511 1696 568 necessaria

57 605 99 650 tus
113 595 184 664 apud
200 595 371 665 huncpullus
385 593 492 650 vinculo
507 594 621 650 timoris.
903 606 975 663 sunt,
992 604 1109 668 potestas
1123 605 1151 651 et
1168 612 1260 666 ausus,
1277 604 1307 651 ut
1328 593 1455 652 videlicet
1485 612 1653 670 nequaquam
1669 610 1695 656 te

94 685 137 738 tt.
154 683 207 738 Sed
222 683 333 741 videant
347 683 482 754 discipuli,
497 686 524 739 et
538 683 643 739 solvant
656 680 759 737 asinam
775 682 849 736 :sol·
903 700 963 741 esse
976 685 1122 741 Dominum
1137 699 1283 759 agnoscam
1299 682 1351 739 uisi
1365 693 1391 739 et
1411 692 1437 740 te
1451 702 1558 756 semper
1572 685 1696 743 illicitum

37 782 121 845 ,aaut
139 784 166 830 et
175 774 289 844 pullum,
306 782 334 829 ut
353 788 429 828 amor
447 773 587 828 ordinatus
599 787 713 844 pravum
735 769 850 841 expellat
904 772 969 845 quid
998 773 1208 830 committentem
1244 772 1380 829 humiliter
1401 772 1524 843 judicare
1551 792 1645 848 queas,
1669 784 1698 833 et

58 864 201 934 pudorem,
216 873 349 933 quatenus
364 863 506 932 praevaleat
519 861 694 934 siruplicitas;
710 861 790 917 timor
804 860 848 915 ni·
903 863 970 919 ulios
984 879 1066 934 praue
1082 872 1204 937 agentes,
1222 874 1251 918 ut
1266 862 1392 935 superius
1407 863 1507 921 dictum
1522 871 1573 931 est,
1590 882 1639 937 pro
1655 882 1696 935 re,

59 951 206 1007 bilominus
221 951 359 1008 ordinatus
374 952 485 1007 inertem
514 951 632 1008 eliminet
654 965 796 1023 pavorem,
821 953 849 1003 ut
904 966 952 1022 pro
967 962 1095 1021 tempore,
1112 967 1161 1022 pro
1176 967 1292 1022 persona
1306 962 1331 1008 et
1341 952 1401 1009 loco
1417 953 1697 1028 redargueresuccen·

56 1041 145 1112 vigeat
159 1041 270 1097 libertas
287 1081 294 1094 .
308 1041 367 1096 Jam
381 1040 471 1111 itaque
483 1040 589 1095 animus
603 1055 637 1095 ea
660 1054 714 1094 non
728 1038 773 1110 pio
788 1036 849 1107 pius
902 1055 950 1096 sus
963 1039 1075 1096 audeas.

56 1129 181 1195 allectus,
199 1130 237 1186 ita
252 1135 323 1185 amet
336 1130 490 1194 acritatem,
506 1139 536 1183 ut
550 1129 613 1184 odio
627 1127 726 1185 habeat
745 1125 848 1181 ranim—
942 1129 984 1182 ta.
995 1130 1030 1183 at
1040 1125 1382 1187 adduxeruutorinomet
1390 1131 1544 1202 pertenet
1554 1133 1697 1204 imposue-

56 1228 110 1274 tem
128 1237 133 1272 :
151 1220 186 1274 ita
202 1220 292 1275 tirneat
306 1219 441 1276 incurrero
456 1218 529 1288 quod
544 1217 746 1289 pocnalaest,ut
759 1215 850 1270 timeat
903 1220 975 1270 runt
989 1218 1157 1274 uestimento
1177 1235 1241 1283 suo,
1258 1224 1286 1273 et
1300 1234 1365 1275 euin
1383 1219 1503 1291 desuper
1516 1220 1610 1279 sedere
1624 1223 1698 1293 sece-

58 1323 203 1377 proposse
223 1325 276 1363 nou
292 1306 419 1379 persequi
444 1306 517 1375 quod
545 1305 680 1376 culpabile
702 1309 753 1360 est.
767 1303 795 1360 st
810 1300 849 1359 sic
903 1309 984 1360 runt.
1001 1303 1168 1361 Vestimenta
1181 1305 1377 1378 discipulorum
1392 1317 1550 1364 ornamenta
1564 1317 1627 1366 sant
1641 1310 1697 1366 rir-

60 1394 120 1452 lieri
148 1396 288 1470 contigerit
302 1397 329 1450 in
344 1394 454 1452 castello
470 1394 544 1465 quud
557 1401 635 1449 antea
648 1402 742 1449 contra
764 1391 850 1448 disci·
905 1399 1001 1449 tutum.
1021 1393 1056 1448 Et
1070 1394 1133 1465 quid
1156 1403 1209 1461 est,
1224 1409 1318 1450 eorum
1340 1395 1500 1452 aestimante
1513 1397 1627 1472 imponi,
1648 1398 1699 1454 nisi

57 1484 136 1554 pulos
163 1497 231 1549 erat,
256 1484 344 1540 soluta
371 1493 413 1540 est
439 1483 512 1539 asina
532 1482 659 1548 ,solutus
678 1490 720 1538 est
738 1481 848 1551 pullus:
905 1483 1120 1555 quaecuuquead
1135 1492 1290 1540 amoremet
1304 1483 1429 1541 timorem
1443 1486 1495 1541 Dei
1507 1486 1625 1544 excitare
1639 1502 1701 1559 pos·

57 1575 104 1645 qui
119 1574 147 1629 in
170 1574 259 1630 anima
272 1589 333 1646 quae
356 1574 458 1630 dudum
472 1582 498 1630 et
521 1588 569 1642 por·
588 1571 710 1628 timorem
725 1568 849 1626 elationis
905 1580 976 1636 sunt,
990 1569 1124 1629 conferri?
1138 1571 1198 1644 lpse
1211 1572 1294 1628 ctiam
1305 1571 1385 1629 lesus
1404 1573 1519 1644 desuper
1533 1574 1620 1639 sedet,
1634 1574 1699 1629 dum

56 1664 154 1735 amori,
176 1674 203 1719 et
229 1680 279 1735 per
310 1663 479 1734 pertinaciam
503 1659 692 1717 obstinationis
718 1656 852 1715 contraria
867 1630 889 1707 Β
906 1657 933 1715 in
949 1657 990 1716 bis
1003 1659 1130 1716 omnibns
1149 1677 1219 1717 veras
1243 1661 1336 1718 salutis
1358 1663 1540 1735 supereminet
1552 1663 1698 1735 appetitus.

56 1762 114 1808 erat
128 1753 229 1817 timori,
245 1752 372 1822 praevalet
386 1752 511 1823 vigetque
528 1753 580 1805 tam
604 1747 775 1820 simplicitas,
790 1762 851 1821 quae
905 1747 995 1804 Primo
1012 1749 1089 1804 asina
1116 1756 1142 1806 et
1166 1751 1254 1821 pullus
1283 1750 1453 1822 adiscipulis
1476 1751 1617 1808 solvuntur
1631 1769 1639 1819 3
1655 1768 1700 1808 se-

56 1857 166 1897 omnem
181 1841 208 1895 in
224 1856 257 1895 eo
283 1842 378 1896 tastum
399 1841 542 1912 deprimat,
564 1855 644 1912 quam
659 1837 777 1905 libertas,
792 1852 852 1907 quae
905 1837 995 1894 cundo
1013 1839 1048 1894 ad
1072 1838 1164 1894 Jesuin
1179 1839 1370 1905 adducuntur;
1386 1839 1467 1896 tertio
1494 1856 1588 1896 eorum
1616 1839 1701 1898 testi-

58 1931 132 2000 pium
148 1946 212 2001 erga
225 1930 292 1985 alios
306 1931 392 1984 zelum
407 1940 541 1993 exerceat,

31 2060 33 2064 .
97 2021 143 2072 ta.
163 2019 276 2082 Solvite,
292 2017 388 2089 inquit,
404 2021 432 2072 ct
448 2016 578 2072 adducite
600 2014 682 2072 milti.
697 2012 768 2081 Quid
782 2023 854 2068 esta
905 2017 980 2072 sedet
993 2017 1081 2073 iesus.
1092 2016 1125 2071 Et
1139 2017 1173 2070 ad
1188 2016 1250 2088 quid
1264 2017 1334 2074 ista?
1344 2018 1442 2089 Utique
1456 2026 1485 2073 ιιι
1500 2018 1589 2090 primo
1609 2026 1703 2077 sancta

59 2106 202 2176 discipulis
216 2105 285 2162 solvi
301 2103 413 2170 asinam,
434 2105 500 2160 solvi
519 2114 546 2159 et
561 2103 678 2175 pullum,
697 2101 748 2156 nisi
767 2099 851 2155 inter·
907 2120 1021 2176 quaeque
1035 2103 1176 2181 iaciamus,
1190 2116 1335 2174 operantes
1350 2104 1450 2160 bonum
1462 2106 1495 2162 ad
1524 2122 1639 2173 omues;
1654 2123 1702 2164 se-

60 2197 186 2254 venieute
210 2209 302 2250 amore
320 2211 334 2248 a
350 2208 433 2263 pravo
448 2191 557 2248 liberari
568 2192 674 2264 pudore
694 2189 852 2260 simplicita·
908 2191 1007 2264 cundo,
1023 2201 1052 2247 ut
1066 2191 1119 2247 soli
1136 2191 1238 2247 Deoia
1263 2193 1305 2247 liis
1330 2193 1455 2249 omnibus
1469 2194 1572 2264 placere
1590 2203 1702 2267 appeta-

59 2295 125 2351 tem,
146 2293 173 2339 et
187 2283 321 2339 mediante
342 2280 437 2337 timore
456 2281 528 2336 bono
543 2281 576 2335 ab
591 2278 669 2334 inerti
683 2276 791 2333 liberari
816 2274 854 2330 ti·
909 2296 980 2348 mus,
996 2290 1150 2351 quaereutes
1170 2281 1249 2335 eitam
1266 2292 1395 2336 aeternum
1410 2298 1418 2346 3
1436 2281 1515 2338 tertio
1530 2297 1616 2350 vero,
1634 2292 1663 2339 uc
1675 2282 1703 2338 iu

59 2386 137 2429 more
149 2370 328 2430 libertatem?
346 2369 441 2427 Soluto
455 2382 521 2426 vero
534 2368 593 2423 haec
604 2367 659 2422 duo
674 2363 799 2421 animalia
812 2361 856 2417 ad·
907 2368 980 2426 bono
995 2385 1101 2438 semper
1116 2370 1202 2442 magis
1225 2383 1257 2424 ac
1277 2367 1364 2441 magis
1385 2368 1518 2440 proficere
1536 2370 1702 2427 studeamus,

59 2464 197 2519 ducuntur
213 2461 245 2518 ad
260 2460 371 2525 lesum3
387 2475 450 2515 eum
475 2457 623 2514 intentione
643 2470 710 2528 pura
724 2452 767 2509 ιιι
793 2451 854 2506 tluae
907 2457 941 2513 ad
955 2457 1085 2514 interiora
1097 2473 1148 2512 nos
1163 2457 1348 2523 extendentes,
1362 2466 1388 2513 et
1401 2456 1538 2517 sicvenire
1552 2459 1704 2531 cupiamus,

58 2550 342 2608 exercenturvirtutes
356 2549 390 2604 ad
401 2550 518 2605 fructum
533 2562 604 2603 verae
618 2543 714 2601 salutis
727 2541 854 2598 obtiucn-
910 2557 937 2601 et
951 2562 1080 2618 apparere
1097 2552 1159 2601 ante
1182 2544 1279 2601 lacienr
1305 2543 1365 2611 Dei,
1386 2546 1553 2603 desiderium
1575 2547 1706 2606 habemus

59 2642 136 2695 dum.
151 2640 216 2695 Nam
231 2640 309 2715 quasi
324 2640 384 2712 quis
399 2638 444 2693 illa
458 2639 540 2692 habet
550 2634 649 2697 soluta,
660 2633 706 2689 sed
717 2631 750 2687 ad
764 2630 855 2686 iesum
910 2633 1035 2702 dissolvi,
1046 2644 1072 2690 et
1086 2650 1147 2690 esse
1161 2650 1223 2690 eum
1237 2633 1354 2690 Christo.
1367 2635 1499 2692 Plurima
1513 2640 1609 2695 aurem
1623 2638 1706 2695 turta

60 2746 115 2786 non
135 2729 260 2798 adducta,
276 2729 321 2799 <pul
336 2731 384 2783 has
408 2727 518 2799 quidem
533 2724 646 2783 viriliter
665 2728 781 2785 exercet,
807 2718 855 2773 sed
912 2729 1076 2782 straverunt
1090 2723 1362 2782 vestimentasuain
1375 2725 1707 2798 vta391020qu0dh0112

62 2832 111 2889 uro
126 2818 166 2872 eis
185 2818 227 2874 vel
243 2817 365 2872 tutorem
379 2817 537 2881 humanum,
555 2813 597 2869 eet
620 2809 791 2868 commodum
810 2806 858 2861 att·
912 2829 964 2869 suo
984 2813 1097 2868 interne
1111 2813 1138 2867 tn
1154 2813 1234 2869 nobis
1249 2811 1427 2886 cogitationes
1439 2812 1578 2884 deponunt
1592 2814 1619 2869 tn
1634 2813 1703 2871 imo.

66 2911 137 2979 quod
163 2913 309 2973 terrenum,
326 2921 379 2961 non
395 2912 484 2960 autem
498 2900 639 2975 praemium
659 2914 730 2954 verae
763 2896 859 2952 salutis
874 2903 896 2981 c
913 2903 971 2959 rtet
985 2907 1081 2959 eutem
1092 2902 1235 2960 credebant
1249 2918 1343 2959 ramos
1355 2903 1389 2961 de
1402 2903 1585 2963 aroouturer
1596 2907 1706 2962 sterno

906 1940 999 1982 menta
1027 1929 1221 1999 imponuntur;
1244 1929 1390 1984 novissimo
1418 1944 1481 1986 roro
1500 1929 1616 2002 desuper
1642 1929 1702 2002 ipsc
1785 1984 1790 1999 ,

63 2995 172 3068 quaerit.
190 2994 268 3052 Vides
283 3009 349 3067 ergo
365 2993 426 3066 quia
448 3009 503 3047 nou
526 2989 633 3056 suflicit,
649 2986 721 3059 quod
744 2985 816 3040 asina
832 2985 859 3038 in

63 3083 176 3142 castello
192 3093 238 3139 tuo
253 3092 280 3138 et
295 3083 387 3156 pullus
401 3083 550 3153 solvuntur,
565 3077 618 3134 nisi
631 3086 658 3133 et
676 3077 763 3131 soluta
776 3072 860 3128 adJc·

64 3191 125 3231 sum
141 3174 306 3229 adducantur
323 3189 329 3226 :
346 3187 421 3244 quia,
434 3169 582 3227 secuudum
601 3162 858 3226 Panticapaeum,

63 3263 151 3319 reddit
165 3261 237 3317 Deus
247 3262 400 3332 uuicuique
414 3258 568 3316 secuudum
584 3272 667 3328 opero
680 3252 860 3323 scelusque*-

69 3353 133 3410 dem
148 3353 198 3425 qui
213 3350 366 3408 secuudum
374 3349 546 3422 potientium
557 3345 621 3402 boui
631 3343 730 3418 operis,
741 3341 861 3412 pluriora

63 3444 92 3498 ei
107 3441 241 3497 horrorem
256 3444 284 3496 et
299 3438 551 3508 incorruptionem,
560 3432 607 3488 sed
621 3429 811 3502 querentibus
821 3428 861 3481 ei·

68 3536 128 3588 tom
139 3535 276 3587 cateruam
286 3528 408 3600 (souin,
424 3527 452 3592 6,
463 3524 502 3597 7).
518 3524 547 3578 lu
560 3537 593 3577 eo
608 3521 700 3591 itaque
711 3516 785 3588 quod
799 3515 860 3586 glo-

66 3621 132 3675 riam
155 3627 182 3675 et
200 3620 329 3674 honorem
352 3623 380 3671 ot
397 3611 625 3686 incorruptionem
636 3607 678 3664 bis
693 3603 859 3662 redditorum
883 3667 884 3670 Ἴ

65 3707 152 3763 Deum
165 3705 260 3778 ait‚qui
273 3707 417 3761 secundum
437 3700 593 3774 patientiam
607 3702 671 3753 snut
684 3691 748 3750 boni
758 3690 859 3764 operis,

64 3797 168 3853 asinam
183 3795 297 3851 solutam
326 3807 387 3849 csse
400 3801 426 3848 ct
436 3792 539 3865 pullum
549 3787 679 3858 intellige.
694 3785 724 3839 ln
739 3797 772 3839 eo
793 3794 858 3839 vcro

69 3886 140 3957 quod
156 3883 235 3939 audis
250 3884 308 3939 baec
322 3882 375 3937 illis
392 3881 567 3946 redditurum,
583 3877 629 3951 qui
642 3881 765 3948 quaeruut
778 3871 858 3930 vitam

65 3982 206 4038 aeternam,
223 3971 363 4027 adductam
379 3970 413 4024 ad
440 3971 530 4026 Jesum
545 3978 572 4024 et
586 3967 691 4023 asinam
709 3969 736 4017 et
754 3959 859 4031 pullum

64 4076 193 4133 agnosce.

104 4150 149 4205 ιιι.
166 4148 220 4203 Sed
235 4148 293 4203 base
310 4148 363 4202 alta
375 4156 402 4204 et
421 4146 553 4217 prolunda
569 4147 643 4213 sunt,
663 4143 779 4215 solisque
795 4153 857 4210 per·

914 2991 983 3047 buret
993 2990 1026 3046 iu
1037 2991 1098 3056 uio;
1114 2990 1242 3065 quianon
1256 2992 1344 3048 solum
1358 2991 1385 3048 iu
1395 2992 1473 3049 bonis
1482 2993 1609 3064 oporibus
1618 3009 1648 3050 se
1658 2993 1708 3051 bu·

913 3079 1026 3149 milisnt,
1036 3080 1136 3152 quaead
1147 3080 1316 3151 corporalem
1332 3080 1466 3151 pertinent
1476 3080 1708 3153 exercitationem,

913 3183 973 3239 ‹puoe
987 3170 1020 3224 ad
1037 3167 1185 3234 modicum,
1200 3169 1279 3238 iuxta
1292 3169 1454 3241 Apostolum
1469 3213 1477 3239 ,
1493 3169 1567 3226 utilis
1581 3178 1631 3236 est,
1660 3171 1708 3226 sed

914 3266 941 3313 et
959 3257 1035 3326 ipsos
1049 3256 1233 3325 spiritualium
1242 3272 1375 3312 sensuum
1385 3273 1486 3325 ramos,
1500 3271 1569 3330 quos
1579 3259 1612 3313 de
1628 3258 1709 3313 subli-

915 3346 1003 3400 mibus
1018 3345 1276 3415 contemplationum
1290 3345 1434 3401 arboribus
1451 3345 1569 3411 caedunt,
1592 3344 1622 3401 in
1645 3345 1708 3403 imis

914 3432 1052 3504 deiiciuut,
1064 3447 1133 3505 quos
1142 3433 1174 3486 ad
1192 3432 1319 3502 pietatem
1331 3442 1454 3502 spectare
1465 3433 1578 3489 dubium
1589 3442 1706 3500 nonest,

914 3538 974 3596 quae
988 3522 1021 3577 ad
1037 3520 1128 3578 omnia
1141 3520 1214 3575 utilis
1228 3529 1271 3575 est
1283 3521 1311 3591 (l
1325 3520 1395 3577 Tim.
1409 3534 1447 3604 tv,
1463 3521 1502 3595 8).

951 3613 994 3665 18.
1010 3611 1071 3666 Non
1085 3610 1174 3666 solum
1186 3617 1275 3664 autem
1288 3609 1317 3665 in
1330 3609 1435 3666 cunctis
1456 3610 1537 3666 bonis
1564 3609 1708 3669 catenosi-

914 3699 965 3754 bus
979 3698 1121 3771 corporis,
1136 3708 1163 3754 et
1182 3697 1209 3754 iu
1231 3696 1364 3756 universis
1386 3696 1562 3757 interioribus
1577 3697 1709 3758 fructibus

914 3786 1026 3860 spiritus
1039 3804 1068 3844 se
1083 3785 1234 3855 humiliant,
1250 3787 1299 3842 sed
1329 3794 1357 3842 et
1371 3789 1439 3844 iuter
1454 3803 1547 3845 ornnes
1564 3775 1638 3862 quas¹
1660 3789 1709 3843 ha·

914 3878 980 3934 bent
987 3877 1099 3935 virtutes
1114 3893 1162 3935 seu
1176 3892 1227 3949 per
1240 3887 1364 3934 naturam
1377 3876 1503 3948 insertas,
1518 3893 1567 3934 seu
1581 3893 1631 3951 per
1643 3893 1705 3948 gra·

914 3966 977 4021 tiam
1009 3965 1207 4038 superadditas,
1236 3966 1364 4039 precibus
1377 3965 1504 4023 insistunt
1530 3967 1633 4024 devotis
1660 3981 1708 4038 pro

911 4056 998 4112 salute
1007 4066 1109 4114 aeterna
1121 4071 1127 4111 :
1139 4056 1265 4129 quiaque·
1273 4055 1451 4128 priaelrcutet
1459 4057 1510 4128 qui
1518 4058 1709 4130 sequebantur

874 4180 897 4257 n
914 4146 1090 4214 clamabunt,
1102 4148 1244 4203 Hosnnuo.
1260 4145 1427 4201 Festinanter
1441 4144 1491 4200 ista
1512 4144 1707 4215 percurrimus,

70 4238 149 4296 lectis
163 4237 402 4308 conveniuntque
420 4236 501 4291 ctiam
515 4244 578 4291 sunt
591 4249 652 4306 quae
666 4230 801 4303 perlectos
819 4227 859 4282 la*
914 4235 977 4307 quia
1001 4236 1036 4290 ad
1063 4234 1144 4289 finem
1158 4231 1290 4289 sernionis
1304 4248 1491 4305 properamus,
1506 4233 1575 4290 Sunt
1588 4232 1616 4289 iu
1630 4233 1708 4290 nohis

67 4328 153 4386 ciunt.
176 4327 328 4382 Perfectum
342 4340 457 4396 namque
478 4335 502 4380 te
515 4321 641 4387 dixerim,
655 4335 718 4375 curn
733 4330 758 4373 tc
780 4315 860 4372 video
914 4321 1028 4378 attactus
1041 4322 1106 4378 boni
1124 4322 1234 4393 quidam
1250 4337 1300 4391 per
1313 4333 1450 4388 mmmm,
1461 4321 1573 4394 quidam
1587 4336 1636 4393 90,-
1649 4335 1709 4395 gn.

69 4417 195 4473 instantia
208 4414 278 4485 jugi,
293 4424 318 4471 et
338 4424 365 4470 te
379 4415 470 4485 ipsum
493 4412 521 4467 iu
549 4409 653 4468 cunctis
672 4406 790 4463 motibus
807 4402 859 4458 tuis
915 4409 991 4465 iiam.
1009 4410 1044 4465 Et
1059 4410 1096 4465 illi
1117 4410 1228 4481 quidem
1246 4409 1430 4477 presentati
1444 4419 1533 4466 autem
1547 4421 1707 4482 sequuntur.

69 4507 193 4562 districto
218 4504 320 4573 judicio
347 4503 557 4574 reprehendere,
584 4507 610 4555 et
636 4512 700 4569 erqa
723 4493 859 4566 proximos
911 4496 1213 4564 Quaedamnobisbona
1228 4495 1707 4569 inseruitnaturazsedquiasdsa-

72 4603 132 4652 tuos
143 4595 188 4664 pio
202 4592 259 4649 zelo
273 4593 387 4650 fervere.
408 4592 472 4649 ldeo
491 4590 515 4647 si
533 4591 567 4646 ad
582 4586 755 4661 perlectionrs
777 4582 860 4652 buius
913 4585 998 4643 tutem
1013 4602 1068 4642 non
1087 4593 1164 4642 eraut
1189 4581 1362 4654 sufficientia,
1378 4586 1451 4658 quod
1479 4585 1569 4642 minus
1596 4584 1709 4644 eontulit

67 4684 144 4755 cupis
157 4682 262 4754 lastigie
278 4681 470 4752 conscendere,
486 4696 549 4737 cum
563 4677 611 4735 tibi
625 4687 668 4738 tua
683 4673 785 4731 resistit
808 4689 860 4743 pu·
915 4673 1177 4747 ipsa,superaddidit
1192 4672 1287 4747 gratia
1300 4674 1445 4733 Sciendum
1460 4676 1644 4750 tameuquod,
1654 4674 1708 4732 sic·

73 4772 254 4836 sillanimitas
265 4787 298 4826 ne
313 4771 371 4826 hac
386 4770 486 4827 audeas
502 4783 638 4836 exercere,
651 4767 719 4823 scito
737 4759 824 4821 otte
838 4772 863 4818 tc
916 4774 946 4822 ut
959 4779 993 4820 ex
1016 4764 1101 4838 gratia
1121 4773 1184 4821 sunt
1205 4764 1277 4820 bona
1303 4765 1485 4834 couscientia,
1500 4766 1540 4823 sic
1561 4782 1594 4822 ex
1621 4765 1709 4837 qratia

72 4861 132 4917 siue
146 4861 189 4915 his
214 4858 362 4930 perlectum
389 4876 448 4914 esse
472 4873 525 4913 uon
541 4872 631 4930 posse.
655 4855 734 4912 Unde
754 4861 781 4909 et
804 4849 863 4905 istis
899 4855 985 4931 Ιιιοιιι
1001 4863 1064 4911 suut
1077 4864 1179 4911 naturae
1194 4871 1202 4922 3
1218 4853 1265 4911 sed
1278 4853 1323 4909 illa
1339 4871 1373 4911 ex
1384 4856 1471 4929 gratia
1483 4855 1612 4913 creatrice
1634 4861 1708 4922 sunt,

76 4950 211 5005 Donamus
226 4948 369 5020 discipulis
386 4965 393 5003 :
414 4949 443 5004 Si
456 4949 531 5021 quis,
555 4946 650 5018 inquit,
668 4944 743 5002 uobis
756 4942 865 5015 aliquid
917 4945 975 5000 baec
990 4950 1080 5000 auum
1095 4960 1128 5000 ex
1148 4942 1299 5002 saltatrice.
1309 4943 1353 5000 Ex
1371 4943 1417 4999 illa
1429 4944 1529 5000 babent
1543 4944 1615 5000 bona
1628 4952 1709 4998 natu·

72 5039 192 5105 diremit,
208 5037 295 5094 dicite
310 5039 376 5110 puio
391 5037 529 5094 Dominus
543 5035 586 5092 lais
600 5051 668 5109 opus
682 5033 774 5092 laniet.
798 5030 864 5099 Quis
917 5050 955 5090 rae
970 5034 1178 5103 utincboeutur,
1201 5049 1234 5091 ea
1248 5034 1298 5088 ista
1312 5041 1341 5088 ut
1359 5045 1519 5105 augeantur,
1533 5043 1562 5090 et
1574 5040 1653 5089 aucta
1680 5037 1711 5087 ιιι

70 5130 144 5186 euim
161 5126 300 5200 discipulis
314 5129 419 5183 asinam
434 5125 599 5183 solventibus
613 5132 640 5180 ct
653 5123 754 5195 pullum
763 5121 864 5193 aliquid
918 5122 1100 5196 perficiantur.
1117 5123 1170 5179 Sed
1183 5122 1273 5193 inpiis
1287 5122 1492 5197 cogitationibus
1507 5129 1535 5178 et
1550 5121 1622 5177 circa
1634 5120 1711 5177 salu·

69 5218 146 5286 dicit,
161 5218 212 5272 nisi
230 5217 362 5289 cogitatus
382 5217 409 5270 iu
425 5216 505 5270 uobis
524 5213 626 5279 latuus,
646 5212 692 5285 qui
706 5214 769 5269 dum
784 5210 865 5275 turui-
921 5223 973 5270 tem
983 5230 1059 5271 suam
1075 5212 1190 5271 sollicite
1203 5210 1441 5285 vigilantibus,tsm
1456 5209 1713 5282 praenatiauataroe

71 5308 122 5363 dus
135 5316 194 5372 est,
210 5306 295 5362 amori
314 5307 423 5378 quidem
438 5305 466 5360 in
480 5302 568 5367 uobis,
585 5319 619 5358 ne
635 5303 773 5373 puritatem
800 5302 867 5356 sim·
924 5318 1006 5374 quam
1022 5300 1217 5374 subsequentia
1232 5301 1328 5375 gratiae
1341 5299 1594 5358 cbmautttosanm
1612 5310 1663 5358 :ut
1678 5299 1713 5357 sd

77 5395 217 5468 plicitatis,
233 5404 261 5452 et
277 5396 344 5451 darn
360 5393 468 5450 timidus
481 5403 530 5458 est,
550 5391 648 5459 timori,
662 5407 696 5448 ne
711 5391 806 5447 liberet
828 5389 869 5447 vi·
926 5391 1105 5449 obtinendam
1116 5389 1290 5447 salvationem
1304 5398 1443 5459 aeternam,
1457 5405 1514 5448 noa
1527 5399 1583 5448 tam
1595 5389 1642 5448 do-
1654 5402 1714 5447 mo-

43 5554 46 5558 ,
72 5503 179 5562 ,goram
192 5484 334 5551 libertatis,
342 5482 517 5542 contradicit?
531 5482 585 5541 Sed
597 5482 733 5546 Durniuus
746 5479 790 5539 ιιι
802 5496 872 5553 opus
928 5482 1042 5547 sitorum
1056 5480 1138 5538 fidant
1152 5479 1278 5552 qualitate
1289 5486 1316 5538 et
1330 5480 1487 5554 quantitate,
1510 5479 1639 5556 quamde
1650 5494 1717 5538 ora«
