3706 5962
73 95 130 166 ιιι
208 119 218 135 ·

457 76 460 82 ’
496 94 768 177 nuururnonss
790 117 836 176 nx
858 90 887 177 s.
912 114 1079 176 emerant
1102 114 1316 179 sennonteus.

1673 121 1727 183 iii

71 234 95 289 si
111 236 240 289 insanum
254 238 297 290 est
318 234 475 307 centuplum
493 236 566 294 nolle
584 238 719 311 recipere,
739 243 808 299 velle
828 259 874 299 re·
891 258 914 336 g
929 248 1112 313 cooperantur
1124 238 1152 296 in
1171 241 1296 297 bonum?
1320 243 1363 297 dn
1386 256 1450 299 uon·
1462 247 1618 319 centuplum
1641 248 1741 305 habet-

70 322 199 394 linquere
226 320 287 392 plus
314 338 395 395 quam
423 323 549 381 insanum
577 328 638 397 jure
669 338 804 386 censetur.
830 333 874 386 dn

71 427 138 466 rero
153 409 326 484 plangendus
341 411 389 468 tibi
404 411 514 469 videtur
542 416 588 486 qni
602 417 755 474 abstractus
769 429 797 476 ct
811 419 872 475 ille-

71 511 162 555 ctusa
180 499 400 572 concupiscentia
427 518 487 567 sna,
517 512 614 574 sponte
643 505 669 560 id
697 506 810 574 deserit,
839 508 872 562 li·

69 591 140 644 bens
155 587 259 658 abjicit,
284 589 437 644 voluntarie
456 590 634 664 derelinquit;
659 603 687 650 et
711 596 757 668 qrii
773 596 871 652 nntrie-

70 678 151 731 batnr
170 676 198 731 in
214 677 326 740 croceis,
342 679 511 749 amplexatur
525 676 666 737 stercorat
680 684 740 740 Non
749 693 790 740 est
799 685 871 742 unde

67 771 200 821 causetur
219 765 266 837 qni
282 767 417 836 ejusmodi
432 776 484 837 est,
502 777 629 840 tanquam
647 772 673 826 in
695 788 728 828 eo
748 774 872 829 rideatur

67 854 176 908 irritum
205 854 318 910 uerbum
341 855 459 920 Domini,
485 867 530 912 aut
555 869 686 914 evacuata
713 861 868 932 promissio.

66 944 139 998 Dum
157 942 230 997 enim
255 942 362 1015 reliquit
383 946 482 1010 omnia,
500 946 592 1002 habuit
606 949 758 1006 sinedubio
773 967 868 1023 repro·

65 1030 181 1084 missam
206 1031 325 1102 centupli
349 1032 579 1090 benedictionem.
605 1036 669 1093 Sine
692 1054 774 1094 causa
801 1056 869 1096 con-

65 1118 176 1173 tendit:
194 1134 249 1174 non
264 1119 290 1174 ei
304 1121 391 1191 magis
407 1130 501 1193 quam‘
511 1124 618 1180 Christo
642 1126 793 1197 oredimus;
818 1144 869 1185 nec

65 1207 182 1263 omnino
216 1208 398 1280 aquiescimus
431 1211 590 1266 mendacem
624 1230 684 1268 enm
718 1215 868 1288 facereqni

66 1295 204 1365 promisit.

181 1384 249 1440 LVI.
265 1414 300 1425 -
316 1388 351 1441 De
365 1389 496 1459 ceritupto
512 1393 540 1443 et
558 1391 618 1444 cito
635 1397 754 1448 eterna.

101 1476 149 1529 68.
168 1473 348 1546 centuplum,
370 1474 468 1547 inquit,
488 1478 618 1550 acupiet,
634 1484 661 1535 et
677 1483 765 1536 uitam
779 1467 866 1539 eter-

929 330 1058 394 omnium,
1076 328 1121 400 qui
1136 329 1264 399 impletur
1277 329 1378 399 Spiritu
1394 331 1504 398 Sancto,
1520 336 1565 407 qni
1588 336 1741 394 Christum·

929 419 1009 474 habet
1023 418 1050 473 in
1063 415 1145 474 811
1165 418 1298 488 pectore?
1312 419 1371 474 Nisi
1385 424 1457 492 qnod
1472 422 1554 495 longe
1570 424 1630 494 plus
1643 441 1723 495 quam

928 507 1084 581 centuplum
1099 516 1140 563 est
1154 506 1272 563 visitatio
1285 510 1415 580 paracleti
1430 510 1555 582 Spiritus,
1568 518 1593 567 et
1602 528 1724 582 praesen·

928 598 964 651 tia
975 595 1082 652 Christi.
1098 599 1186 666 Duum
1196 613 1312 668 meque,
1324 597 1423 669 inquit,
1434 599 1592 658 multitudo
1602 601 1724 660 dulcat-

928 690 972 742 nis
988 690 1057 752 ture,
1070 687 1196 754 Domine,
1216 702 1300 759 quom
1314 687 1485 746 wscoudisti
1501 690 1665 747 timentibus
1684 694 1722 758 ts,

926 776 1072 848 perfecisti
1081 775 1122 831 eis
1131 777 1179 847 qui
1188 780 1305 847 sperum
1313 777 1345 831 iu
1356 777 1491 848 te!(Psot.
1501 793 1570 844 xxx,
1579 777 1723 850 2⁰.)Vides

925 864 1061 935 quomodo
1089 865 1248 919 memoriam
1272 864 1446 922 abundantiae
1473 867 1614 923 suavitatis
1642 867 1724 938 huius

925 960 1029 1008 eructet
1048 951 1135 1006 anima
1151 954 1267 1007 sancta‘?
1280 954 1415 1025 quomodo
1430 955 1583 1026 exprimere
1601 955 1723 1028 gestiens

926 1041 1009 1096 verba
1026 1040 1203 1111 multiplicet?
1215 1043 1304 1110 Quum
1317 1059 1431 1111 moena,
1443 1043 1539 1114 inquit,
1553 1045 1723 1101 multitado!

923 1131 981 1185 lloc
995 1144 1061 1204 ergo
1075 1129 1233 1199 centuplum
1247 1129 1357 1200 adoptio
1372 1129 1488 1187 filiorum
1503 1141 1555 1197 est,
1571 1132 1682 1187 libertas
1693 1139 1721 1188 et

924 1217 1047 1288 primitia
1061 1217 1181 1290 spiritns,
1197 1218 1301 1274 deliciae
1316 1219 1465 1287 charitatis,
1481 1221 1567 1294 gloria
1582 1221 1721 1277 conscien-

924 1307 977 1372 tiae,
994 1323 1109 1378 regnum
1136 1307 1194 1373 Dei,
1210 1307 1282 1378 quod
1311 1308 1444 1366 intranos
1472 1316 1528 1378 εει,
1543 1326 1598 1367 non
1625 1310 1720 1383 utique

922 1411 984 1450 esea
999 1397 1040 1451 vel
1055 1402 1145 1467 potus,
1162 1396 1210 1450 sed
1237 1396 1341 1465 justitia
1357 1404 1384 1452 et
1413 1414 1473 1467 pax,
1492 1406 1519 1453 et
1547 1398 1675 1470 gaudium
1691 1398 1718 1453 in

923 1483 1023 1554 Spiritu
1036 1490 1130 1538 sancto
1142 1483 1233 1554 (lium.
1251 1499 1307 1549 xiv,
1327 1487 1382 1555 Π),
1410 1485 1544 1541 Gaudium
1572 1501 1638 1541 sane
1663 1501 1718 1542 non

65 1577 135 1616 num
160 1561 325 1634 possidebit.
351 1562 418 1617 Illud
434 1565 548 1620 enimin
564 1566 617 1638 via,
650 1568 749 1625 traecin
780 1562 1107 1641 patriaBmodcinspe
1131 1571 1235 1643 gloriae,
1256 1573 1304 1627 sed
1328 1580 1409 1629 ettam
1432 1574 1458 1628 in
1487 1574 1715 1631 tribulationibus.

64 1656 121 1715 est;
154 1650 209 1705 imo
238 1651 295 1706 liaeo
322 1653 421 1722 patria,
448 1653 513 1707 illud
541 1653 596 1720 via;
626 1655 690 1710 illud
717 1660 865 1717 consolatio

63 1738 212 1809 presentis
235 1739 346 1804 laboris,
371 1741 427 1796 buc
457 1741 552 1797 futurae
576 1743 711 1801 felicitatis
739 1762 864 1803 consum·

63 1826 150 1882 matio
169 1834 221 1883 est.
248 1828 293 1883 Sic
317 1829 446 1884 nimirum
473 1838 500 1886 et
519 1833 650 1903 operariis
669 1834 749 1905 hujus
773 1816 864 1894 saeeeti

63 1913 136 1970 solet
151 1914 229 1970 cibus
243 1915 270 1970 in
284 1931 380 1987 opere,
397 1935 504 1974 merces
522 1919 550 1974 in
571 1919 624 1976 fine
644 1921 711 1990 dari,
731 1923 770 1979 sic
791 1924 863 1979 mili-

62 2002 186 2058 tantibus
205 2012 233 2059 et
254 2003 395 2076 stipendia¹
420 2007 606 2062 ministrantur
623 2025 673 2081 pro
702 2013 864 2069 necessitate

61 2092 206 2163 temporis,
236 2099 264 2147 et
286 2094 430 2150 nouissime
452 2096 606 2153 donativum
627 2099 713 2170 majus
736 2110 865 2175 erogatur

61 2195 112 2249 pru
125 2179 279 2253 quantitate
297 2181 407 2239 laboris.
437 2184 481 2239 Sic
508 2191 536 2240 et
563 2185 624 2242 filiis
651 2186 744 2254 lsrael,
776 2189 864 2246 donec

61 2276 164 2324 terram
185 2271 374 2341 promissionis
402 2272 544 2346 intrarent,
574 2275 599 2329 in
627 2275 737 2332 deserto
765 2294 864 2333 manna

59 2372 116 2412 non
131 2357 241 2413 defuit:
263 2366 291 2413 et
312 2360 345 2413 ab
371 2361 503 2424 Ecclesia,
529 2370 591 2434 post
614 2365 755 2435 quaesitum
785 2367 863 2440 regni

59 2445 183 2502 coelestis
204 2445 361 2513 adventum,
384 2449 558 2519 quotidianus
578 2452 654 2521 panis
672 2453 792 2524 quotidie
811 2471 862 2526 pe-

60 2535 127 2589 titur
141 2533 169 2588 in
184 2535 308 2591 oratione
333 2553 413 2608 quam
428 2537 487 2608 ipse
512 2539 634 2595 Salvator
657 2541 780 2597 instituit.
808 2544 862 2596 lla-

60 2623 110 2680 bes
125 2624 199 2679 hane
222 2623 358 2696 duplicem
382 2627 590 2697 promissionem
621 2637 647 2683 et
675 2630 702 2685 in
730 2632 863 2702 propbeta

59 2713 208 2769 evidenter
221 2728 390 2785 expressam,
411 2716 457 2771 ubi
472 2717 528 2770 ait:
547 2716 653 2774 Reddet
666 2721 739 2777 Deus
754 2706 870 2779 merore

60 2804 123 2874 rtem
138 2804 268 2861 tuborum
282 2809 447 2864 sauctorum
456 2824 581 2877 suorum,
591 2810 619 2863 et
630 2807 746 2865 deducet
756 2809 821 2866 iilos
830 2810 863 2865 in

62 2894 108 2948 sio
123 2893 254 2949 mirabili
267 2894 346 2966 (Sap.
361 2910 390 2949 x.
415 2895 469 2965 tt).
491 2896 551 2966 Ipsa
570 2905 611 2952 est
630 2897 703 2951 enim
722 2898 765 2952 via
786 2865 902 2953 testi-⁰

59 2981 216 3037 monianum
239 2981 358 3047 Domini,
375 2986 471 3055 inqua
495 2984 627 3056 propbeta
652 2985 718 3040 alius
741 2986 811 3042 sicut
834 2986 862 3041 in

58 3069 189 3126 omuibus
204 3069 305 3125 divitiis
319 3070 483 3127 delectatum
508 3088 537 3128 se
561 3089 620 3128 esse
642 3082 756 3130 testatur
776 3060 860 3144 (Psui.

61 3175 159 3231 ειιιιιι,
173 3159 231 3231 rt).
248 3159 345 3230 thuid
360 3175 426 3231 ergo
453 3160 479 3214 in
493 3161 683 3218 incredulitate
699 3163 861 3232 moriemini,

60 3245 292 3304 filiibuminum‘?

107 3336 191 3394 nvn.
208 3366 243 3378 -
260 3335 335 3406 Quod
349 3339 518 3409 centuplum
534 3339 582 3395 ior
597 3339 747 3411 spirituale
762 3341 811 3396 sit.

94 3427 139 3479 eu.
158 3424 196 3479 At
211 3423 281 3480 forte
300 3424 388 3479 adbuc
416 3423 552 3480 saecularis
580 3428 614 3479 ad
644 3426 701 3479 brec
729 3426 862 3498 quispiam

61 3512 151 3569 dieat:
182 3512 305 3569 Ostende
334 3512 401 3567 mihi
428 3513 584 3585 centuplum
614 3513 686 3585 qnod
718 3515 862 3585 promittis,

64 3609 90 3655 ct
102 3599 194 3656 libens
211 3599 339 3656 amuersa
358 3601 493 3673 relinquo.
515 3600 612 3674 thuid
633 3603 799 3658 ostendam?
819 3602 863 3657 Di·

65 3688 200 3745 desenim
218 3703 273 3744 non
304 3690 386 3743 hastrut
413 3688 549 3754 meritum,
580 3689 621 3745 eui
650 3692 767 3745 hnmana
797 3691 863 3747 ratio

66 3777 164 3846 prebet
174 3776 391 3849 experimentum
402 3777 443 3849 (S.
455 3776 545 3832 (lanc.
558 3780 636 3835 Hom.
649 3782 682 3832 ιθ
697 3782 728 3837 iu
742 3779 864 3852 serane.)

66 3863 103 3917 dn
117 3865 207 3935 potius
223 3864 325 3919 bonrini
344 3865 510 3931 ostendenti,
530 3879 611 3935 qnam
632 3865 745 3922 Veritati
765 3868 862 3922 crede-

70 3965 109 4006 res
138 3950 330 4025 promittenti?
360 3951 459 4008 Defiois
487 3958 611 4009 scrutans
639 3954 769 4010 scrutinio
787 3975 793 4010 ι
811 3954 863 4009 nisi

70 4040 221 4107 credideris,
240 4056 295 4097 non
315 4040 462 4112 intelliges.
483 4042 580 4097 Manna
600 4042 790 4098 absconditum
810 4053 863 4113 est,

71 4127 135 4197 quod
175 4129 204 4184 iu
244 4128 407 4202 Apocalypsi
433 4129 546 4185 loannis
578 4129 672 4186 victori
700 4131 902 4227 promittitnrn

72 4214 156 4288 (tpoc.
172 4235 199 4281 n,
216 4219 271 4288 ll).
294 4220 400 4274 Novum
424 4233 524 4273 nomeu
539 4225 590 4287 est,
617 4219 689 4290 quod
706 4236 787 4275 nemo
814 4219 865 4275 scit

73 4303 116 4359 nisi
129 4305 175 4377 qni
197 4306 304 4378 accipit.
326 4305 441 4361 Videtur
459 4306 533 4361 enirn
553 4305 623 4362 forte
638 4306 775 4363 nonnullis
795 4324 864 4381 prae-

74 4398 168 4448 sentem
198 4402 354 4450 sanctorum
372 4395 601 4459 communionem,
614 4393 769 4451 facultatum
790 4397 863 4468 pari-

75 4485 148 4538 teret
162 4483 341 4556 voluntatum,
362 4485 414 4540 hoc
437 4483 497 4540 loco
515 4483 636 4554 centupli
659 4486 768 4539 nomine
793 4485 864 4540 desi-

74 4571 152 4636 gnari.
169 4571 200 4624 Et
215 4587 314 4642 magna
331 4572 441 4645 quidem
456 4573 514 4627 baec
542 4572 599 4644 ipsa
614 4572 783 4628 consolatio:
815 4575 862 4629 sed

74 4661 120 4710 non
134 4657 202 4714 adeo
216 4660 363 4732 generalis,
377 4669 406 4715 ut
428 4659 510 4731 possit
531 4659 720 4714 uniuersaliter
738 4662 864 4716 omnibus

73 4745 221 4802 conuenire.
250 4745 374 4814 Quantos
402 4748 473 4803 enim
502 4756 657 4803 sanctornm
689 4758 737 4803 aut
774 4749 864 4805 volun-

74 4832 132 4889 tarie
145 4850 206 4890 eam
222 4835 388 4903 deseruisse,
405 4846 434 4892 ut
462 4836 655 4901 anachoretas3
685 4848 731 4892 aut
746 4837 864 4892 volentia

70 4924 269 4992 persecutionis,
296 4932 326 4981 ut
355 4935 488 4997 martyres
517 4924 611 4980 exsilio
640 4926 786 5000 relegatos,
817 4928 865 4981 hu.

70 5025 142 5065 mana
153 5012 342 5069 consolatione
357 5013 482 5069 novimus
496 5013 640 5067 carnisse?
665 5014 762 5069 Datum
790 5013 863 5085 opti-

68 5113 135 5155 mum
155 5108 198 5156 est
212 5101 372 5174 centuplum
387 5104 450 5167 boc,
465 5101 607 5156 desursum
622 5101 795 5157 descendite
814 5102 863 5156 Pa-

68 5193 104 5243 tre
117 5188 262 5245 luminum.
616 5210 624 5222 ·

196 5277 288 5334 Lvlll.
303 5277 426 5348 -Quid
439 5278 478 5334 sit
489 5277 539 5333 troc
553 5275 729 5348 centuplum.

95 5365 140 5418 tc.
155 5365 200 5419 Διι
215 5377 270 5418 non
295 5362 413 5436 denique
437 5362 526 5418 omnia
553 5360 683 5432 possidet,
706 5361 748 5415 cui
774 5360 864 5416 onmia

920 1659 969 1714 Hic
983 1667 1024 1714 est
1038 1659 1119 1729 ignis,
1136 1674 1218 1729 quem
1239 1659 1321 1715 voluit
1341 1662 1463 1717 Christus
1475 1664 1651 1718 vehementer
1670 1679 1715 1717 ac·
1752 1716 1760 1727 ,

919 1746 999 1802 cendi
1014 1747 1091 1815 (Luc.
1107 1763 1151 1810 ιιι,
1169 1748 1223 1815 ts).
1239 1747 1303 1802 llaeo
1316 1747 1400 1804 uirtus
1419 1766 1451 1806 ex
1476 1749 1540 1815 alto,
1569 1765 1630 1822 quae
1658 1752 1717 1804 An·

919 1834 1013 1890 dream
1027 1833 1092 1890 fecit
1110 1835 1237 1907 amplecti
1253 1835 1302 1908 [ot.
1313 1836 1481 1910 desiderare]
1504 1852 1627 1910 crucens3
1644 1838 1714 1893 Lau-

919 1922 1038 1982 rentium
1061 1922 1150 1979 ridere
1180 1922 1349 1994 carnificem3
1379 1924 1547 1996 Stephanum
1573 1925 1600 1980 in
1628 1934 1732 1983 morte.

919 2024 969 2080 pro
983 2008 1165 2081 lapidantibus
1179 2009 1292 2065 flectere
1318 2025 1409 2082 genua
1422 2012 1457 2067 sd
1472 2013 1633 2070 emtionem.
1652 2011 1722 2070 lino.

918 2097 963 2152 illa
977 2113 1038 2168 pax,
1059 2113 1139 2169 quam
1163 2097 1220 2152 suis
1238 2098 1349 2170 reliquit
1362 2098 1495 2164 Christus,
1517 2099 1626 2170 qnando
1642 2099 1716 2154 dedit

919 2192 947 2240 et
961 2201 1048 2242 suam.
1064 2185 1205 2256 Siquidem
1219 2186 1320 2242 donum
1340 2194 1368 2241 et
1383 2202 1435 2257 pax
1450 2186 1546 2244 electis
1565 2185 1616 2244 Dei
1635 2187 1713 2262 (Sep.

919 2288 962 2337 ιιι,
975 2276 1023 2341 9);
1040 2289 1092 2344 ρει
1105 2274 1198 2346 utique
1217 2290 1339 2345 praesens
1354 2273 1403 2346 [ut.
1424 2277 1499 2331 mute
1513 2275 1669 2349 praesentis]
1684 2283 1714 2332 et

919 2361 1019 2417 donum
1034 2360 1139 2416 futurae.
1157 2362 1205 2416 llla
1219 2369 1330 2433 superat
1348 2378 1456 2418 omnem
1477 2378 1597 2428 sensum,
1617 2362 1667 2418 sed
1686 2371 1715 2418 et

917 2451 981 2506 lruic
997 2451 1129 2523 quidquid
1148 2451 1198 2505 sub
1215 2453 1273 2508 sole
1292 2452 1392 2522 placet,
1421 2451 1552 2522 quidquid
1572 2450 1599 2506 in
1612 2450 1714 2507 mundo

918 2540 1128 2612 concupiscitur,
1154 2555 1209 2596 non
1232 2540 1333 2612 poterit
1353 2539 1514 2612 comparari.
1540 2540 1602 2595 llaec
1624 2538 1712 2610 gratia

919 2627 1083 2697 devotionis,
1108 2635 1135 2682 et
1164 2629 1253 2683 unctio
1281 2627 1383 2684 doeens
1410 2629 1445 2682 de
1471 2628 1608 2693 omnibus,
1631 2642 1711 2698 qnam

919 2724 1048 2788 expertus
1061 2716 1151 2785 ·novit,
1169 2716 1327 2789 inexpertus
1346 2716 1461 2788 ignorat,
1482 2716 1609 2788 quoniam
1630 2731 1712 2773 nemo

918 2805 971 2861 scit
985 2805 1036 2860 nisi
1053 2805 1100 2878 qni
1116 2805 1224 2876 accipit.
1694 2821 1697 2827 ·

1106 2893 1172 2951 LlX.
1190 2926 1223 2934 -
1239 2893 1409 2950 Exhortatio
1423 2893 1523 2951 breuis.

953 2985 998 3037 tt.
1026 2982 1132 3037 Utinam
1151 2982 1195 3038 hic
1214 2981 1329 3038 filiorum
1348 2982 1490 3039 hominum
1517 2980 1718 3051 concupiscen-

920 3071 954 3124 tia
970 3069 1072 3142 rigilet‚
1087 3069 1189 3124 utinam
1204 3070 1246 3127 rel
1262 3070 1405 3126 curiositas
1419 3070 1563 3136 excitetur,
1580 3078 1610 3124 ut
1622 3067 1718 3127 dicant

918 3158 945 3212 in
960 3158 1087 3214 cordibus
1100 3158 1174 3214 suis:
1190 3159 1251 3215 Non
1266 3159 1374 3214 videtur
1387 3160 1439 3214 huc
1457 3159 1570 3214 uerbum
1584 3157 1715 3213 adinven-

919 3245 999 3301 tionis
1017 3247 1150 3314 humanae,
1166 3246 1209 3302 cni
1223 3246 1262 3301 sic
1276 3251 1426 3303 consonant
1448 3261 1504 3302 nno
1525 3260 1572 3301 ore
1597 3244 1717 3300 testimo·

919 3334 964 3389 nia
983 3333 1192 3406 scripturarum.
1209 3332 1288 3403 Quod
1303 3333 1324 3388 si
1340 3334 1376 3388 ita
1389 3343 1441 3404 est,
1459 3333 1518 3388 sine
1534 3331 1616 3388 dnbio
1629 3333 1714 3389 vehe-

918 3430 1026 3476 menter
1044 3436 1177 3477 erramns.
1194 3421 1312 3476 Probare
1325 3420 1393 3475 libet
1406 3434 1441 3475 an
1467 3421 1526 3475 haec
1548 3419 1588 3474 ita
1610 3435 1640 3477 se
1664 3419 1714 3474 ba-

919 3508 1011 3573 beant,
1027 3515 1137 3582 gustare
1152 3506 1216 3581 qnid
1232 3508 1282 3563 hoc
1297 3506 1486 3562 absconditum
1501 3520 1601 3563 manna
1615 3505 1713 3578 sapiet.

918 3595 1036 3668 experiri
1050 3595 1114 3668 quid
1128 3595 1163 3652 sit
1177 3597 1228 3652 boc
1242 3596 1408 3668 centuplum,
1434 3595 1514 3669 quale
1535 3593 1664 3667 gandium
1685 3595 1714 3650 in

918 3683 1020 3756 Spiritu
1035 3693 1141 3741 sancto.
1158 3685 1224 3739 Cras
1239 3683 1363 3756 profecto
1378 3683 1555 3756 respondebit
1570 3681 1597 3738 ei
1609 3681 1713 3752 justitia

918 3789 976 3843 sna,
999 3773 1085 3846 quiid
1101 3772 1221 3830 studiose
1247 3772 1394 3845 quaesierit.
1415 3769 1563 3828 Confestim
1579 3779 1608 3825 ut
1622 3776 1713 3845 gnsta-

919 3861 998 3932 rerit,
1019 3861 1121 3917 videbit
1134 3861 1262 3935 quonium
1276 3860 1367 3917 suavis
1381 3869 1423 3916 est
1432 3859 1575 3926 Dominus,
1587 3857 1714 3930 quoniam

919 3950 1007 4006 bonus
1022 3965 1078 4006 non
1092 3950 1174 4006 modo
1187 3949 1300 4015 tenenti,
1317 3947 1365 4004 sed
1381 3957 1409 4003 et
1418 3946 1550 4020 quaerenti
1565 3963 1604 4011 se,
1616 3944 1715 4001 animae

919 4039 1039 4110 speranti
1050 4039 1077 4093 in
1088 4055 1117 4094 se
1127 4038 1243 4110 (turen.
1256 4052 1299 4107 ιιι,
1312 4035 1369 4108 25).
1381 4036 1509 4108 Alioquin
1519 4034 1614 4092 uenite
1623 4037 1653 4091 et
1664 4049 1714 4089 cr-

919 4127 1000 4198 puite
1022 4144 1077 4195 me,
1100 4126 1173 4183 dicit
1186 4125 1324 4185 Dominus
1337 4125 1414 4195 (lsai.
1424 4141 1443 4193 ι,
1461 4125 1517 4192 tu),
1529 4123 1551 4177 si
1561 4137 1616 4177 non
1626 4121 1715 4176 omnis·

920 4217 965 4287 qui
986 4214 1129 4287 reliquerit
1142 4223 1260 4286 patrem,
1276 4220 1322 4267 aut
1336 4223 1461 4275 matrem,
1478 4209 1651 4290 autdomum,
1668 4214 1715 4262 aut

920 4321 1014 4377 agrum
1030 4310 1143 4373 propter
1155 4317 1256 4357 nomen
1273 4315 1375 4365 meum,
1390 4295 1546 4368 centuplum
1566 4295 1714 4366 acceperit,

919 4409 991 4448 nunc
1006 4392 1034 4446 in
1049 4392 1101 4446 hoc
1116 4401 1256 4459 tempore:
1273 4403 1370 4459 parurn
1395 4395 1461 4467 est;¹
1477 4391 1505 4440 et
1525 4383 1607 4438 vitam
1630 4390 1713 4438 aeter·

919 4495 981 4534 nam
998 4476 1156 4549 praesidebit.

1132 4564 1190 4619 LX.
1203 4593 1238 4605 -
1255 4563 1361 4619 Deoida
1377 4565 1494 4619 oeterrro.

953 4659 997 4710 ta.
1015 4654 1114 4709 Verum
1131 4654 1154 4709 si
1168 4654 1195 4709 in
1210 4652 1354 4724 presentis
1368 4650 1604 4708 commendatione
1619 4655 1713 4707 centu·

919 4745 955 4818 pli
971 4759 1061 4800 sermo
1076 4743 1178 4812 deficit,
1195 4751 1223 4798 et
1241 4758 1274 4797 ex
1294 4740 1459 4798 abundantia
1479 4741 1568 4797 cordis
1585 4739 1710 4815 augustia

919 4834 973 4889 oris
1001 4832 1161 4904 obstruitnr3
1193 4831 1287 4903 quidni
1306 4831 1340 4886 ad
1367 4830 1575 4903 promissionem
1604 4834 1714 4883 aeternae

919 4923 991 4987 vitae,
1017 4921 1154 4977 detectum
1176 4921 1314 4992 proprium
1340 4919 1398 4992 ipsa
1417 4919 1499 4975 etiam
1521 4915 1649 4988 cogitatio
1670 4912 1713 4967 fa-

920 5010 1029 5066 teatur?
1045 5010 1073 5065 Si
1089 5008 1114 5063 id
1130 5008 1203 5081 qnod
1226 5024 1259 5063 ex
1285 5015 1362 5078 parte
1385 5013 1437 5069 est,
1454 5020 1508 5071 non
1532 5004 1603 5058 valet
1623 5001 1715 5074 eloqui

920 5115 970 5154 nco
985 5104 1132 5166 expertus3
1148 5094 1379 5167 quidinexpertus
1389 5095 1424 5148 de
1433 5089 1602 5163 perfectione
1613 5089 1713 5145 balbu-

921 5188 970 5242 tire
984 5184 1120 5242 couetnr‘?
1133 5182 1235 5238 Oculus
1245 5197 1300 5235 non
1309 5180 1383 5247 vidit,
1394 5181 1478 5245 Deus,
1490 5178 1593 5250 absque
1604 5185 1641 5247 ιε,
1653 5193 1714 5253 qua

920 5269 1075 5346 praeparasti
1086 5268 1261 5340 diligentibus
1272 5275 1308 5325 te.
1334 5269 1386 5322 Pax
1397 5266 1470 5321 enim
1481 5273 1591 5339 estquae
1601 5272 1717 5339 exsupe-

921 5369 961 5416 rat
978 5375 1088 5417 omnem
1109 5372 1230 5421 sensum,
1251 5371 1302 5429 pax
1321 5372 1403 5429 snper
1423 5370 1530 5427 pacem,
1548 5355 1710 5414 indeficiens
