3706 5962
32 211 112 274 421
534 215 704 278 stenelus
723 218 764 277 DE
784 219 899 281 vituts
920 220 1032 282 buhhll
1060 223 1094 285 ΙΝ
1113 223 1222 287 tfflht.
1650 229 1704 290 stt

35 384 38 389 .
93 343 121 395 a.
136 340 236 396 Pacem
248 339 578 414 retiaqucvotts,pacem
590 358 685 400 mecm
705 345 739 401 do
749 345 824 403 uobis
841 365 850 401 .·
865 359 890 439 Α
906 348 967 412 bus,
986 350 1094 420 quando
1109 367 1162 407 nou
1178 351 1229 406 erit
1247 349 1401 407 colluctatio
1423 365 1485 407 curn
1499 367 1579 409 carne
1598 360 1625 409 et
1638 369 1703 409 san-

60 445 120 486 norv
136 428 270 500 quomodo
284 429 405 485 muudus
419 430 480 495 dut,
496 446 542 502 ego
561 432 595 488 do
609 432 696 491 vobis.
715 432 851 491 Dominus
906 436 1004 507 guine;
1020 436 1076 494 imo
1098 440 1188 511 palma
1201 451 1227 496 et
1241 454 1341 497 corona
1365 439 1399 494 de
1414 446 1516 496 certato
1529 456 1626 511 mone,
1641 458 1702 500 cum

61 516 132 572 enim
151 516 241 583 lesus,
264 517 310 572 uhi
338 519 412 574 venit
439 527 554 592 tempus,
580 534 634 592 qno
664 537 711 592 per
739 533 854 578 mortem
910 523 1058 582 viderimus
1071 542 1134 584 curn
1147 529 1226 585 sicmi
1242 537 1294 585 est.

63 619 142 659 suam
157 604 329 674 disposuerat
356 605 502 661 humanum
517 623 602 682 genus
616 609 732 681 salvare,
752 616 779 667 et
792 612 854 666 ani·
947 614 973 668 d.
986 612 1040 670 Sed
1056 615 1125 673 torte
1151 617 1328 674 admirabitur
1347 624 1440 673 noster
1467 617 1584 680 auditor,
1599 633 1661 674 cum
1672 620 1700 674 in

63 707 139 749 mana
153 708 229 748 suam
254 694 319 749 dare
341 694 553 766 redemptionem
582 713 632 767 pro
652 698 755 764 multis,
771 698 855 755 relin-
911 702 961 758 hoc
974 700 1065 759 libello
1079 705 1297 770 servuliChristi,
1312 706 1401 778 ipsum
1420 705 1554 762 invenerit
1567 706 1702 762 Christum

32 821 51 827 -.
63 797 147 850 quere
162 782 290 836 mundum
306 791 333 837 et
352 783 500 839 ascendere
521 784 554 839 ad
582 786 721 842 dexteram
742 787 829 845 Patris
847 803 853 842 :
913 805 1006 860 paoem
1020 791 1128 849 dedisse
1146 793 1287 866 discipulis
1302 793 1368 849 suis.
1388 793 1430 850 bd
1443 809 1524 864 quem
1538 808 1590 867 ego
1604 809 1704 863 pecca·

56 859 213 939 'discipulos
227 885 290 924 snos
305 886 374 941 quos
395 873 529 942 corporali
546 875 688 942 prasentia
703 876 856 948 deserebat,
911 885 955 932 tor
977 878 1074 935 Christi
1086 898 1094 935 :
1105 878 1175 948 Quid
1200 880 1326 938 miraris?
1339 881 1403 953 quid
1418 881 1554 937 turbaris?
1578 884 1629 939 hoe
1649 897 1704 940 non

64 966 122 1013 toto
137 957 272 1012 eharitatis
297 958 395 1015 aflectu
425 961 495 1016 intra
509 962 597 1017 sinum
611 963 713 1020 amoris
728 980 782 1020 non
798 981 857 1019 me·
911 975 1086 1041 estmagnuur
1101 969 1175 1040 quod
1188 971 1278 1029 audis.
1292 969 1364 1039 Quid
1379 976 1459 1041 putas
1472 985 1533 1026 esse
1551 970 1701 1041 abjectius:

34 1085 37 1089 .
61 1046 192 1102 dicenter
205 1047 373 1112 continebat;
398 1048 462 1103 inde
477 1051 550 1105 velut
563 1051 700 1109 recedens
715 1055 748 1108 ab
762 1054 812 1122 eis,
830 1063 858 1110 et
911 1070 945 1109 an
960 1053 1036 1111 flexis
1050 1057 1166 1129 genibus
1179 1058 1376 1127 discipulorum
1392 1059 1475 1129 pedes
1489 1057 1600 1126 lavisse,
1610 1075 1644 1113 an
1656 1073 1704 1116 eos

30 1174 35 1179 .
60 1135 141 1205 quasi
156 1134 284 1188 descrens
310 1135 383 1201 illos,
410 1137 499 1192 modis
514 1138 611 1206 quihus
626 1147 733 1210 poterat
756 1142 791 1195 de
805 1143 856 1196 ab·
911 1142 940 1198 in
957 1143 1031 1215 pacis
1054 1146 1148 1202 osculo
1171 1146 1325 1219 suscepisse
1338 1144 1352 1198 ‘l
1366 1145 1422 1201 lllis
1443 1161 1497 1200 non
1512 1145 1618 1201 horruit
1630 1147 1704 1218 pacis

28 1222 210 1281 ,untiasua
224 1236 272 1277 eos
295 1224 429 1279 consolari
459 1227 593 1282 studebat.
608 1226 662 1283 Sed
676 1236 779 1299 quanto
794 1246 857 1286 ma·
908 1231 1034 1288 osculum
1060 1234 1136 1299 dare,
1168 1248 1216 1304 pro
1243 1233 1341 1305 quihus
1367 1249 1422 1289 non
1451 1233 1539 1290 timuit
1556 1233 1702 1302 patibulum

43 1310 107 1381 .gis
122 1325 168 1366 eoa
182 1310 315 1367 consolari
330 1313 447 1377 volebat,
465 1321 538 1369 tanto
553 1316 643 1387 magis
657 1317 718 1373 illos
741 1319 856 1374 amaris·
911 1319 999 1376 emeis
1005 1319 1105 1376 subire.
1123 1321 1177 1378 Sed
1191 1320 1334 1378 lortediois
1348 1338 1356 1376 t
1372 1320 1433 1394 Ego
1447 1322 1475 1377 in
1486 1321 1615 1392 apostolo
1628 1321 1702 1393 lego,

45 1399 133 1455 ‚simo
148 1414 265 1456 moerore
292 1400 423 1468 replebat.
449 1403 526 1457 Tunc
552 1403 625 1460 velut
652 1404 776 1461 ultimum
797 1407 856 1464 vale
910 1407 983 1476 quod
996 1407 1118 1464 Christus
1131 1409 1273 1480 discipulis
1287 1409 1451 1466 enisdiaerit
1467 1412 1586 1467 :Pacem
1606 1409 1702 1469 relitt-

63 1487 165 1543 laciens
181 1489 244 1554 illis,
256 1503 303 1544 eos
317 1489 483 1558 amplectens
501 1491 529 1545 in
543 1507 636 1548 eorum
650 1494 747 1549 oscula
760 1495 856 1551 torsi·
912 1511 964 1567 quo
974 1495 1058 1562 uotis,
1065 1514 1165 1570 pacem
1175 1514 1268 1554 mcum
1277 1499 1311 1555 do
1321 1498 1412 1567 nullm·
1423 1502 1533 1554 sednon
1544 1498 1615 1573 lego,
1629 1499 1716 1574 quod>

63 1584 108 1630 tan
123 1575 185 1631 ruit.
201 1577 254 1632 Sed
269 1585 386 1648 quantus
402 1576 439 1633 ibi
454 1577 535 1635 luerit
549 1579 648 1637 fluvius
660 1581 855 1652 laerymarum,
911 1600 960 1640 sua
977 1585 1148 1643 sanctissima
1172 1587 1241 1643 labia
1263 1586 1459 1658 discipulorum
1473 1586 1641 1656 impresserit
1660 1587 1703 1642 la-

63 1664 126 1736 quis
147 1664 283 1720 estimare
310 1665 429 1722 valebit?
443 1668 528 1737 Cujus
549 1668 726 1738 cor,‚etiamsi
745 1686 856 1727 saxeum
913 1671 974 1727 hiis.
990 1672 1039 1729 Cui
1054 1687 1138 1744 ergo:
1160 1674 1190 1730 si
1209 1689 1256 1730 ore
1267 1674 1396 1731 Veritatis
1410 1682 1518 1731 constat
1535 1673 1703 1741 ease-prota-

60 1759 144 1821 easet,
160 1760 234 1807 ιιιιιιιι
247 1753 427 1809 redundantis
442 1755 580 1813 charitatis
594 1757 776 1828 lacrymarum
793 1759 857 1815 lon·

62 1850 117 1895 tem
132 1847 218 1896 totum
243 1856 297 1897 uon
325 1841 498 1901 resolvisset?
519 1845 633 1901 Ministri
662 1846 857 1920 laerymarum,

62 1938 127 1984 tunc
141 1936 218 1984 erant
230 1945 306 1986 amor
319 1941 346 1987 et
359 1930 446 1987 dolor.
461 1932 484 1989 0
498 1940 615 2004 quantus
630 1939 720 1993 amor!
737 1951 858 2009 oquen-

62 2025 108 2073 tus
122 2015 213 2072 dolorl
231 2020 265 2073 Et
277 2019 342 2089 quia
355 2017 456 2075 multus
471 2037 555 2087 amor,
569 2021 739 2079 ideomultus
752 2025 832 2080 dolor
848 2044 855 2081 ε

61 2121 124 2162 narn
139 2120 202 2161 eum
227 2121 327 2178 magno
349 2107 443 2162 dolore
461 2107 655 2181 relinquebant,
685 2128 767 2181 quem
795 2128 857 2168 cnm

62 2208 163 2270 magno
177 2210 268 2249 amore
283 2195 464 2264 possidebant.
481 2197 630 2269 Oquantus
645 2200 747 2255 eratibi
762 2200 855 2258 amori

63 2283 133 2338 Nihil
148 2281 220 2338 eliud
239 2283 375 2349 volebant,
396 2284 462 2339 nihil
492 2285 566 2343 aliud
592 2288 759 2358 querebant,
792 2291 857 2346 nihil

37 2437 40 2442 ,
63 2373 139 2430 aliud
149 2372 349 2439 desiderabant,
365 2373 417 2429 nisi
431 2389 489 2430 esse
502 2389 565 2430 curn
579 2376 708 2444 Domino,
719 2377 860 2451 itliusper-

62 2461 118 2516 lrni
133 2459 248 2524 visione,
257 2461 400 2529 jucundari
411 2463 472 2532 ejus
481 2463 798 2535 dulcissimalooutione,
811 2483 858 2522 sa·

913 1770 979 1825 tum,
995 1777 1044 1817 cur
1057 1769 1180 1819 constare
1193 1778 1247 1819 non
1262 1761 1341 1818 debet
1356 1777 1416 1819 ease
1434 1760 1620 1834 completum?
1642 1764 1701 1817 Non

912 1855 954 1904 est
967 1849 1153 1920 periculosum
1177 1850 1217 1906 sic
1230 1849 1359 1917 credarc;
1375 1864 1429 1906 non
1444 1858 1485 1905 est
1498 1848 1650 1906 damnabile
1663 1849 1704 1905 sic

912 1939 1011 1993 sentire
1026 1955 1034 1991 ι
1050 1948 1156 1994 nonest
1167 1947 1263 1995 eontra
1276 1937 1366 1995 fidem.
1376 1938 1523 2011 Sequitur:

947 2027 975 2080 5.
991 2027 1052 2082 Non
1065 2027 1198 2099 quomodo
1211 2027 1335 2084 mundus
1349 2028 1410 2092 dut,
1426 2042 1473 2099 eqo
1487 2027 1521 2085 do
1530 2025 1616 2084 uolt.
1627 2024 1704 2095 Qua-

913 2113 967 2168 lem
990 2129 1084 2185 pacem
1099 2114 1147 2169 dat
1160 2115 1277 2170 mundus
1290 2113 1362 2170 iste?
1377 2115 1473 2169 l’aoem
1482 2111 1588 2178 laium,
1614 2128 1709 2182 paoem

912 2197 1015 2269 lictum,
1040 2217 1133 2273 pacem
1155 2203 1342 2275 sophisticam,
1368 2217 1461 2274 paoem
1484 2199 1629 2271 palliatam.
1656 2201 1711 2255 Pax

912 2298 953 2342 eat
978 2289 1117 2345 vinculum
1150 2290 1262 2356 amoris,
1290 2296 1318 2345 et
1345 2288 1543 2345 indissolubilis
1580 2303 1712 2360 compago

914 2370 1051 2431 charitatis
1068 2395 1075 2442 ;
1098 2377 1145 2431 sed
1165 2377 1230 2449 quid
1244 2383 1316 2432 amat
1330 2376 1468 2431 mundus‘l
1483 2375 1599 2430 Prorsus
1613 2373 1709 2445 utique

913 2461 990 2518 nibil.
1009 2462 1082 2518 Nihil
1097 2472 1179 2532 amat,
1197 2464 1263 2518 nihil
1283 2462 1388 2534 diligit3
1413 2469 1511 2518 nancta
1524 2461 1592 2528 odit,
1614 2471 1712 2518 cuncta

64 2548 124 2603 tisri
137 2547 197 2616 ejus
211 2548 339 2603 melliflua
368 2550 581 2609 conversatione.
604 2552 672 2608 Cum
690 2553 749 2610 heo
766 2555 860 2611 omnia
914 2549 1020 2619 perimit
1038 2550 1186 2607 etooeidit.
1202 2551 1244 2605 Ab
1262 2566 1376 2622 egressu
1391 2549 1509 2621 propriae
1523 2549 1618 2606 matris
1630 2549 1710 2619 uteri,

63 2635 230 2708 cogitabant,
246 2644 304 2692 eto
323 2653 404 2710 quem
417 2638 661 2696 citohisomnibns
679 2650 771 2698 esseut
786 2643 860 2698 cari·
914 2638 1052 2705 usquead
1074 2637 1229 2709 ingressum
1252 2636 1490 2695 sentrisomnium
1514 2635 1619 2702 matris,
1644 2635 1709 2709 quid

63 2726 115 2779 turi
143 2725 177 2778 ad
206 2725 362 2780 memoriam
390 2729 572 2793 revocabant,
597 2737 662 2786 tnnc
688 2746 738 2802 per
762 2730 860 2789 tiuvios
874 2729 896 2808 Β
911 2725 991 2781 habel
1004 2726 1086 2781 homo
1111 2728 1196 2783 miter
1219 2725 1380 2783 mundo?
1393 2725 1513 2791 Famem.
1529 2724 1612 2793 lilim,
1626 2724 1709 2778 nudi·

40 2813 242 2886 -laerymarum
269 2816 430 2870 emanabant
459 2816 568 2873 dolores
597 2817 762 2874 amarissimi
795 2835 857 2877 cor·

63 2901 148 2958 dium.

99 2992 125 3044 3,
141 2988 243 3059 Quanta
258 2998 316 3046 erat
330 2990 478 3049 ibiamoris
496 2992 625 3064 suanus,
641 3005 778 3067 etquanta
793 3012 857 3054 sua·

61 3077 151 3134 vitatis
168 3078 297 3144 charitas,
318 3095 380 3136 cum
409 3080 603 3152 discipulorum
623 3083 702 3140 labiis
718 3085 857 3158 imprime-

63 3174 155 3220 rentur
167 3165 238 3221 labia
263 3166 466 3240 Redemptorisl
492 3172 569 3228 Tune
582 3171 609 3226 in
633 3173 747 3230 veritate
764 3173 802 3230 illi
817 3175 857 3230 di·

62 3269 124 3310 sere
136 3262 268 3327 poterant,
287 3256 339 3312 llal
353 3259 382 3313 et
394 3255 438 3313 luc
455 3259 620 3332 sublingua
641 3264 751 3327 lucret,
768 3266 856 3321 Funus

64 3343 211 3401 distillans
224 3351 294 3402 sunl
304 3346 380 3403 lubio
395 3347 579 3417 tutamentis.
592 3363 631 3412 ιν,
645 3349 704 3420 ιι);
715 3350 785 3406 odor
794 3357 856 3406 tuus

39 3476 42 3480 .
65 3448 172 3490 omnem
187 3434 297 3490 balsami
307 3436 418 3491 odorem
433 3435 548 3500 excedit,
563 3444 591 3490 ot
600 3437 730 3508 quidquid
745 3437 773 3493 in
787 3440 853 3495 odo·

67 3524 141 3576 rihus
155 3525 306 3578 continetur
320 3545 326 3580 :
340 3533 366 3579 et
380 3538 443 3579 vere
458 3523 495 3578 sio
510 3533 579 3579 erat.
596 3522 619 3579 O
636 3531 733 3596 quanta
749 3534 806 3580 erat
820 3525 857 3582 ibi

66 3610 158 3666 odoris
172 3610 326 3681 fragrantia,
343 3611 388 3664 rrhi
401 3620 459 3667 eret
474 3618 545 3666 tanta
562 3612 661 3668 amoris
678 3613 855 3669 abnndantial

66 3705 92 3750 et
106 3705 207 3767 quanta
221 3705 278 3752 erut
288 3696 324 3749 ihi
340 3696 459 3761 tristitia,
476 3695 511 3752 da
527 3695 592 3752 tanti
608 3696 701 3753 odoris
714 3706 742 3753 et
758 3698 857 3756 dulce·

910 2820 1002 2885 tatem,
1018 2814 1107 2887 frigus
1134 2815 1268 2886 orucians,
1288 2830 1383 2872 cauma
1408 2813 1565 2885 petnrbans,
1586 2813 1707 2869 scabiem

910 2905 992 2971 cutis,
1005 2904 1127 2963 dolorem
1139 2905 1245 2980 capitis,
1263 2905 1416 2978 chiragram
1429 2904 1455 2959 in
1471 2904 1606 2967 manibus,
1623 2902 1708 2973 poda-

911 3007 988 3065 gram
1002 2993 1029 3049 in
1044 2993 1169 3062 pedibus,
1186 2993 1311 3051 morbum
1325 2994 1353 3048 in
1366 2993 1448 3059 liene,
1468 2996 1591 3047 morsum
1612 2990 1640 3045 in
1664 2991 1707 3074 je·

911 3095 992 3138 nore:
1017 3081 1138 3155 undique
1157 3081 1304 3150 misenam,
1320 3080 1405 3147 intus,
1430 3087 1457 3136 et
1471 3087 1556 3136 extra.
1580 3079 1660 3135 Foris
1673 3077 1708 3133 il·

910 3168 964 3225 lum
988 3169 1113 3226 interficit
1141 3168 1272 3242 gladius:
1302 3179 1330 3225 et
1356 3170 1430 3225 domi
1459 3183 1532 3223 mors
1554 3166 1650 3222 similis
1668 3174 1709 3222 est

910 3258 1025 3326 (Three.
1040 3273 1061 3327 ι,
1074 3260 1130 3325 20).
1143 3259 1182 3313 lld
1199 3257 1323 3313 ultimum
1337 3263 1425 3312 morte
1438 3269 1511 3310 seva
1520 3262 1632 3311 cuncus
1646 3268 1708 3322 pro·

909 3345 1004 3400 sternit
1017 3353 1045 3399 et
1058 3342 1163 3414 dejicit.
1190 3344 1260 3400 Eoos
1288 3343 1377 3415 qualis
1401 3351 1442 3398 est
1467 3356 1545 3398 amor
1560 3341 1709 3398 mundillt

911 3440 997 3486 tamen
1017 3431 1106 3487 miseri
1119 3432 1243 3487 homines
1256 3428 1350 3486 mundi
1379 3429 1512 3485 intactam
1544 3443 1600 3484 non
1623 3438 1708 3485 atten-

911 3518 1016 3586 dentes,
1031 3520 1169 3575 odientem
1180 3518 1307 3590 diligunt,
1318 3525 1345 3574 et
1359 3533 1432 3574 saevo
1448 3517 1509 3586 ejus
1517 3515 1608 3588 gladio
1623 3531 1707 3585 spon·

913 3613 939 3663 te
955 3605 1025 3662 talla
1038 3605 1210 3662 submittunt.
1225 3606 1271 3662 Isti
1285 3604 1380 3662 miseri
1402 3613 1466 3661 sunt
1488 3603 1547 3660 sine
1579 3602 1706 3668 consilio;

911 3696 956 3749 sed
974 3695 1074 3749 utinam
1089 3704 1215 3765 saperent
1229 3701 1256 3749 et
1268 3693 1461 3767 intelligerent.
1472 3701 1500 3750 et
1516 3693 1558 3748 his
1571 3707 1632 3763 qrtoe
1642 3705 1708 3747 van·

64 3783 136 3839 dinis
158 3784 248 3839 lutura
277 3784 412 3840 absentia!
443 3785 547 3855 Quibus
575 3784 739 3857 singultibus
759 3786 856 3843 existi-
913 3789 971 3837 tura
1001 3789 1064 3838 sunt
1088 3781 1115 3836 in
1143 3780 1301 3839 novissimis
1314 3781 1494 3852 temporibus,
1510 3779 1690 3851 providerent

41 3872 351 3938 ⁴nanbodiseipulorum
366 3873 457 3929 corda
477 3872 560 3930 luisse
574 3882 682 3941 vexata,
697 3874 876 3931 dumaudi··
912 3870 1036 3928 Proiecto
1060 3869 1191 3928 mundum
1225 3870 1290 3927 odio
1314 3870 1454 3936 haberent,
1480 3884 1531 3927 nee
1554 3867 1707 3944 diligerent·

65 3969 144 4015 rent:
160 3962 259 4016 Pacem
273 3960 504 4028 meumdcuotts,
513 3978 613 4033 pacem
623 3963 857 4036 relinqueretis?
910 3957 1014 4015 Dicitur
1031 3959 1110 4016 ctiam
1126 3958 1204 4016 aliter
1219 3957 1348 4023 mundus,
1374 3957 1480 4014 scilicet
1504 3973 1595 4012 rerum
1616 3963 1708 4012 trans·

64 4048 106 4104 lhi
134 4061 232 4102 moeror
258 4055 317 4102 erat
341 4059 367 4104 ot
390 4050 487 4119 luctus,
502 4066 597 4108 omnus
611 4061 688 4108 crant
714 4070 768 4108 uns
790 4069 856 4111 vocs
911 4047 1034 4103 euntium
1057 4056 1203 4104 amatores.
1216 4046 1273 4103 Sed
1285 4045 1374 4125 qualis
1393 4045 1429 4102 ait
1452 4061 1504 4116 pas
1519 4054 1546 4101 et
1562 4045 1708 4102 concordia

65 4134 233 4206 plangentes.
250 4136 362 4202 Pacem,
378 4137 465 4205 inquit
479 4138 612 4194 Dominus
629 4140 710 4196 lesus
719 4140 858 4212 discipulis
872 4091 896 4171 υ
912 4132 1069 4207 interillos,
1087 4135 1197 4203 sapiens
1222 4134 1336 4208 quisqm
1355 4133 1496 4189 advertere
1511 4132 1590 4190 lacile
1609 4141 1708 4205 potest.

64 4221 237 4284 mistrectum
247 4223 281 4278 do
291 4222 477 4297 uobispncem
487 4228 616 4299 relinquo
629 4227 705 4284 volta
714 4247 723 4283 .·
732 4245 789 4286 noa
798 4245 861 4303 quo
913 4224 997 4298 igitur
1011 4233 1103 4296 spreta
1122 4224 1311 4295 hujusmundi
1327 4236 1393 4294 paee
1406 4228 1433 4276 et
1450 4219 1603 4285 concordia,
1620 4220 1709 4277 adbuc

64 4310 144 4367 awdo
158 4311 281 4367 mundus
295 4311 354 4375 dul,
372 4327 419 4383 ego
432 4311 466 4370 ulo
483 4313 569 4369 uobis.
584 4315 645 4387 Ego
658 4314 746 4371 iturus
759 4317 793 4371 sd
803 4318 854 4372 Pa·
912 4314 946 4367 ad
975 4329 1065 4382 paoem
1094 4311 1203 4368 Domini
1231 4311 1317 4367 nostri
1337 4311 1402 4366 lesu
1428 4308 1528 4366 Christi
1553 4306 1708 4374 redeamus,

66 4408 145 4468 trem,
160 4414 253 4469 pacem
269 4399 389 4472 relinquo
404 4401 481 4456 vohis
497 4419 503 4457 ι
520 4409 547 4456 et
563 4417 613 4458 vos
628 4403 810 4471 perducturus
823 4405 858 4460 ad
915 4417 994 4472 quam
1009 4402 1069 4468 titt
1092 4398 1263 4455 dilttfiffltem
1276 4412 1339 4454 0⁸³0
1353 4403 1380 4452 el
1393 4396 1513 4460 θιθᾱθιθι
1538 4411 1591 4466 qua
1616 4394 1709 4450 ⁶5¹&st

66 4489 181 4552 Patrem,
194 4503 286 4559 paoem
296 4504 381 4544 meam
391 4489 582 4546 dovobis.iloo
592 4492 715 4562 estquod
727 4494 859 4561 propheta
915 4501 975 4556 uros,
985 4496 1013 4542 et
1024 4485 1090 4542 lavit
1104 4501 1154 4541 uos
1168 4501 1184 4539 a
1208 4487 1321 4555 moestis
1341 4483 1442 4538 nostris
1456 4483 1484 4537 in
1501 4483 1634 4556 sangnine
1647 4497 1708 4549 suo,

65 4575 128 4631 dicit
139 4590 145 4629 :
156 4577 567 4649 Pacemsuperpuuem5etallhi
580 4578 863 4652 :nomtcadalhpu
916 4575 1021 4630 videtur
1036 4588 1089 4630 non
1108 4586 1169 4655 esse
1187 4572 1346 4630 absurdum.
1361 4572 1425 4628 fleo
1448 4576 1491 4626 est
1519 4570 1567 4627 illa
1590 4570 1707 4635 dileetio,

65 4679 126 4720 cem
133 4663 227 4730 achim
237 4669 415 4737 paceaugusta
422 4665 453 4720 ln
462 4670 490 4721 te
499 4664 674 4738 speravimus
684 4667 862 4735 (lsa.xxvr,3,
916 4678 970 4736 qua
993 4664 1067 4719 Deus
1081 4660 1212 4716 mundum
1235 4662 1277 4718 sic
1290 4660 1383 4716 dilexit
1398 4669 1427 4717 ut
1444 4676 1473 4716 se
1497 4659 1598 4715 mundo
1616 4659 1707 4716 homi·

67 4754 125 4818 tt).
137 4754 191 4808 Pas
207 4761 248 4808 est
259 4754 287 4807 in
299 4752 351 4809 hoc
365 4754 476 4822 soeculo,
492 4755 519 4809 in
534 4771 588 4826 qua
601 4764 741 4810 manentes
755 4755 860 4810 bostem
914 4768 976 4807 nem
991 4750 1076 4818 daret,
1091 4754 1121 4803 ut
1135 4747 1223 4804 omnis
1242 4747 1289 4821 qui
1301 4746 1387 4804 credit
1402 4747 1516 4802 inillam
1531 4763 1586 4802 non
1601 4755 1707 4818 pereat,

65 4839 208 4908 vincimus,
225 4840 339 4897 invicem
354 4841 502 4913 diligimus,
513 4850 541 4896 et
561 4842 596 4896 de
608 4842 724 4898 occultis
745 4841 862 4898 invicem
913 4840 960 4895 sed
988 4839 1084 4894 haheat
1103 4836 1184 4892 vitam
1211 4847 1351 4895 aetemam.
1378 4836 1453 4891 lianc
1479 4851 1582 4906 pacem,
1608 4833 1709 4932 scilieet

64 4947 117 4987 non
129 4931 292 5000 judicamus.
309 4933 362 4986 Pax
378 4933 429 4987 erit
451 4935 479 4987 in
502 4932 605 5004 lutuno,
619 4947 680 4990 cum
699 4934 759 4988 sine
783 4933 861 4989 hoste
913 4927 1077 4992 charitatem,
1094 4924 1149 4980 illis
1163 4925 1279 4999 reliquit,
1296 4939 1358 4982 eum
1381 4923 1497 4979 aninraur
1514 4938 1590 4978 suam
1603 4936 1653 5019 pre
1672 4920 1708 5019 ul·

63 5020 247 5093 regnabimus,
268 5020 315 5075 ubi
329 5020 395 5075 alter
408 5021 443 5076 ab
457 5023 544 5076 altero
563 5036 618 5076 nou
631 5022 733 5093 poterit
746 5020 857 5076 diesen·
913 5013 1001 5070 lorum
1015 5014 1102 5069 saluta
1115 5013 1205 5078 dedit;
1231 5016 1282 5070 ¹100
1301 5020 1342 5068 etl
1361 5027 1460 5084 0⁰tp118
1477 5010 1544 5066 iliud
1565 5018 1708 5106 ΝΜ·

64 5108 124 5175 tire,
142 5108 188 5163 ubi
207 5108 390 5166 omniserunt
404 5109 489 5177 nuda,
508 5105 592 5165 691
603 5119 631 5165 et
644 5118 751 5178 aperta;
764 5117 791 5166 et
800 5111 859 5165 laus
912 5119 995 5170 mum,
1012 5102 1087 5175 ΨΜ
1100 5101 1136 5157 (1⁰
1152 5104 1312 5157 iflltmelffl
1326 5099 1437 5174 Vlline
1458 5106 1597 5165 ⁸¹¹¹¹¹l³¹¹¹¹¹¹
1611 5111 1640 5151 ¹¹¹
1656 5103 1707 5184 Μ

63 5194 209 5270 unicuique
226 5213 241 5251 a
256 5199 324 5253 Deo.
335 5195 420 5252 lnillo
433 5204 523 5254 autem
537 5205 579 5252 est
593 5206 707 5268 utraque
719 5212 782 5268 pax.
798 5197 860 5269 lpse
911 5191 1046 5248 horrendo
1074 5190 1182 5247 elimate
1196 5188 1285 5245 crucis
1301 5187 1392 5260 posuit
1410 5184 1569 5243 confusione
1584 5192 1708 5243 oontem-

63 5290 102 5340 eet
118 5301 168 5357 pax
183 5295 287 5350 nostra,
301 5286 365 5355 quia
380 5300 430 5341 nos
445 5283 597 5356 pacificavit
611 5285 668 5340 Deo
684 5299 731 5355 per
745 5285 859 5358 sangui-
911 5287 968 5352 pta.
984 5280 1160 5350 flaurepacem
1174 5274 1392 5346 nohisrctiquit.
1408 5275 1478 5329 sicut
1497 5275 1592 5329 beatus
1606 5273 1705 5335 Petrus

63 5390 125 5430 nem
140 5389 228 5430 suum.
244 5374 299 5428 Erit
327 5389 381 5445 pax
394 5381 485 5429 vestra
503 5373 530 5429 in
546 5373 647 5440 laturo,
663 5388 725 5430 oum
740 5372 859 5430 tradide·
911 5368 1047 5440 apostolus
1061 5372 1158 5420 atterit
1178 5367 1294 5420 diceus:
1319 5361 1452 5419 Christus
1470 5375 1568 5433 limi
1596 5363 1641 5418 ⁶⁸2
1653 5374 1707 5433 Μ

63 5463 97 5522 rit
109 5477 224 5533 regnum
236 5462 293 5516 Deo
307 5469 335 5521 et
349 5461 419 5517 Patri
433 5479 440 5518 ι
452 5466 540 5535 eterit
549 5462 624 5522 Deus
633 5461 725 5521 omnia
734 5461 762 5517 in
773 5461 859 5520 omni·
910 5453 1087 5522 animandis
1098 5451 1708 5537 relinquens·eanuplum,utaequoruurueu
