3706 5962
667 212 752 275 nna
770 213 921 277 aranas.
1562 224 1618 287 aar
1687 192 1690 199 ’

78 356 138 400 cres
152 337 331 410 appellantur,
346 336 409 408 qnia
422 335 584 408 virginitatis
598 337 694 392 tlorem
714 335 763 394 liiii
780 353 806 432 Ι
820 338 879 398 licre
893 348 955 395 sunt
971 339 1160 413 cogitationes,
1176 358 1238 415 quaa
1252 359 1267 400 a
1281 343 1390 402 cancta
1410 342 1525 403 ineante
1539 358 1615 421 aunt,

78 436 130 485 aot.
151 427 202 482 llos
217 425 299 498 igitur
317 424 364 496 qui
377 421 498 479 dellorati
517 438 571 478 non
585 431 659 485 aunt,
675 423 702 478 id
725 432 765 480 est
821 437 848 486 at
866 430 902 485 ab
916 429 976 501 ipso
989 430 1093 485 ceteris
1107 429 1264 487 familiarius
1284 441 1432 505 usurpata,
1447 434 1483 490 ita
1498 442 1528 490 ut
1548 453 1618 508 pro·

78 532 100 583 t,
114 515 180 572 dore
193 514 241 568 lilii
256 514 283 568 in
306 513 432 585 praesenti
448 510 575 567 volumus
597 512 765 582 nuncupari:
821 518 880 590 pria
891 517 1034 573 character
1055 517 1159 573 diaboli
1186 518 1293 575 dicatur
1307 521 1449 591 snperbia.
1465 522 1619 598 Cogitatio·

77 603 216 661 edicendo
231 600 344 656 tacimus
366 598 493 668 injuriam
515 599 716 654 continentibus
740 607 769 654 et
822 606 1024 661 aesmundanre
1038 613 1102 660 suot
1116 604 1181 671 ilia,
1200 621 1262 678 qnae
1281 607 1402 663 animum
1418 611 1617 681 coucupiscen-

77 692 116 749 is.
143 692 204 746 Non
237 689 319 753 enim,
347 703 408 743 cum
447 687 588 741 laudamus
615 687 768 743 castitatem
824 694 870 748 tiis
885 709 977 749 rernm
990 693 1154 765 illaqueant3
1170 703 1200 749 ut
1217 694 1272 750 illis
1285 697 1461 769 acquirendis
1475 700 1558 755 nimia
1570 702 1623 757 sol·

77 794 93 845 i,
107 777 290 849 vituperamus
298 775 455 847 conjugium
470 775 602 834 Abrahae:
618 791 678 845 nec,
694 791 771 833 eom·
823 781 905 838 licitae
918 783 1052 849 insistant,
1078 791 1107 839 et
1133 783 1276 857 acquisitis
1304 785 1385 843 nimis
1412 786 1565 846 delectetur
1587 807 1622 847 ae

77 866 125 922 ado
145 865 325 937 virginitatem
342 863 443 928 Mariae,
461 863 615 918 viduitatem
629 864 716 920 Annae
728 879 770 920 re·
825 871 1008 943 proximorum
1027 872 1234 928 necessitatibus
1254 882 1413 946 erogantur,
1439 886 1468 932 ct
1490 877 1529 935 sic
1553 879 1619 936 liant

77 970 130 1010 aas.
143 953 196 1008 Sed
211 951 310 1006 habent
324 951 425 1024 singuli
435 951 531 1007 merita
545 967 603 1016 sua,
621 966 675 1008 nou
688 967 772 1024 parra
825 959 907 1014 alieni
917 974 932 1015 a
941 958 1070 1015 charitate
1081 960 1209 1031 [teignis
1219 960 1349 1032 scripturn
1361 970 1412 1017 eat:
1428 965 1482 1033 Qui
1492 965 1623 1024 babuerit

79 1041 210 1116 dignitate
224 1040 355 1096 distincta.
367 1039 434 1106 Quis
453 1048 541 1094 eutem
556 1039 675 1096 tructam
689 1040 769 1097 trice·
824 1046 1014 1103 substantiam
1023 1045 1109 1118 bajas
1122 1045 1237 1118 maadi,
1248 1051 1277 1105 et
1291 1047 1396 1106 viderit
1404 1053 1528 1122 fratrem
1538 1071 1623 1111 saum

95 1146 150 1185 non
174 1128 267 1185 laudet
294 1130 320 1182 ia
344 1128 507 1202 conjugatis,
523 1129 725 1201 sexagesimum
744 1130 772 1184 in
826 1131 1026 1188 necessitatem
1048 1134 1218 1204 potientem,
1241 1138 1269 1189 et
1289 1137 1426 1193 clauserit
1444 1155 1497 1196 sua
1514 1140 1624 1199 viscera

77 1238 82 1281 t
102 1218 164 1274 licet
182 1218 225 1272 bis
242 1217 406 1272 excellenter
421 1216 579 1288 praeferatur
593 1217 694 1274 tructus
709 1231 774 1274 can·
827 1219 909 1289 abeo,
925 1219 1059 1292 quomodo
1068 1221 1197 1279 alteritas
1206 1224 1256 1279 liei
1264 1231 1364 1282 maaet
1375 1227 1483 1298 lacot!
1490 1229 1624 1299 lcaamn,

77 1305 396 1378 arirginitatisliltottlt.
413 1320 475 1374 utar,
493 1306 550 1374 23.)
829 1307 1089 1384 illicogitationes
1103 1310 1306 1380 carnalessant,
1321 1329 1384 1385 quae
1399 1314 1528 1373 homines
1539 1318 1572 1373 ad
1583 1318 1625 1373 lu-

77 1394 111 1451 lis
126 1397 175 1450 bae
190 1393 272 1467 igitur
291 1393 377 1466 gratia
390 1392 449 1457 lilii,
465 1393 492 1447 in
517 1409 571 1464 quo
591 1393 660 1450 Vitis
683 1400 775 1450 nostra
831 1396 940 1453 soriam
953 1395 1115 1468 pertrabunt
1128 1398 1228 1465 carnis,
1244 1407 1338 1471 utpote
1352 1404 1626 1473 qnandoinordinata

99 1481 225 1549 locuturi,
241 1480 393 1546 rideamus,
420 1496 483 1536 vera
508 1481 568 1537 lnce
591 1496 641 1538 nos
669 1482 772 1538 illumi·
829 1483 977 1540 dilectione
986 1492 1013 1540 et
1022 1484 1202 1541 delectatione
1212 1487 1333 1560 cogitatu
1348 1488 1402 1544 riri
1411 1491 1445 1545 de
1454 1491 1625 1561 mulieribus,

86 1585 172 1643 quare
195 1576 267 1624 tante
289 1568 378 1624 virtus
397 1584 445 1639 per
467 1569 554 1625 lilium
579 1568 719 1642 figuretur.
739 1571 774 1627 El
830 1573 872 1630 rel
882 1571 1013 1629 mulieres
1027 1573 1137 1631 desiria
1155 1592 1163 1630 ι
1185 1575 1249 1647 quia
1271 1576 1347 1632 atntti
1362 1577 1486 1635 homines
1501 1595 1625 1637 amorem

77 1667 115 1716 ate
139 1657 247 1729 quidem
275 1658 403 1723 occurrit,
429 1658 493 1728 quia
515 1667 626 1730 propter
648 1659 776 1716 madoris
792 1621 814 1700 Β
829 1660 968 1733 appellare
981 1670 1162 1734 presumunt,
1173 1663 1247 1735 quod
1258 1664 1350 1720 verius
1360 1667 1451 1722 odium
1467 1678 1562 1738 posset
1574 1683 1625 1740 ap·

77 1749 143 1813 iiam,
160 1762 213 1817 qua
226 1746 274 1801 iile
297 1745 347 1799 llos
361 1748 464 1802 caeteris
482 1744 595 1804 tioribus
617 1755 659 1803 est
682 1748 777 1819 praela·
828 1749 935 1823 paliari.
946 1750 997 1806 Est
1010 1760 1037 1807 et
1054 1751 1159 1807 luxuria
1172 1751 1295 1809 cibomm
1309 1761 1337 1809 et
1350 1762 1475 1826 potuum,
1491 1771 1552 1812 cuna
1564 1755 1626 1812 lau·

77 1837 117 1892 inc
130 1851 195 1890 sane
213 1833 346 1888 munditia
369 1833 510 1908 virginalis
525 1835 622 1892 merito
645 1835 776 1908 liguratur
829 1841 899 1895 tiara
913 1845 941 1896 et
952 1840 1119 1897 delicatioris
1133 1848 1245 1912 propter
1258 1842 1345 1898 solum
1360 1859 1486 1914 saporem
1496 1861 1629 1918 quaerum

78 1922 116 1978 iii.
136 1922 234 1978 Nullus
249 1923 457 1992 praeteraaalius
471 1921 521 1979 tios
536 1925 576 1979 vel
593 1925 651 1995 ipso
665 1940 776 1996 prospe·
830 1937 882 1995 tur,
905 1941 960 1984 non
989 1937 1102 1998 propter
1128 1928 1269 1985 sanitatem
1288 1931 1500 1998 adipiscendam.
1531 1934 1628 1990 Posset

77 2016 144 2063 atam
160 2024 216 2079 prae
236 2024 265 2064 se
280 2009 333 2063 tert
346 2010 451 2081 gratim,
462 2020 591 2080 quantum
616 2012 661 2066 bic
683 2026 774 2067 unus:
830 2014 892 2087 qais
918 2014 958 2071 nti
974 2014 1098 2070 delicatis
1126 2031 1188 2071 cum
1216 2017 1403 2075 moderatione
1419 2035 1427 2074 τ
1442 2021 1516 2093 quod
1533 2031 1627 2076 umen

83 2098 179 2152 marito
197 2095 385 2165 mundissima,
400 2106 428 2151 et
441 2097 568 2154 omnibus
586 2099 640 2169 piis
658 2100 776 2170 gratiosa
830 2101 943 2159 oilbcils
956 2103 1127 2160 observatur.
1144 2104 1238 2160 Simile
1260 2104 1393 2174 judiciam
1408 2115 1453 2164 est
1464 2109 1500 2164 de
1522 2108 1565 2163 bis
1580 2107 1628 2180 qni

81 2195 121 2241 tas
138 2200 185 2254 per
200 2185 271 2239 iruna
283 2182 420 2256 figuratur
442 2185 546 2241 liorem.
567 2185 674 2255 Quibus
687 2188 777 2259 itaque
830 2191 998 2248 veetirnentis
1011 2190 1135 2247 delicatis
1149 2193 1188 2247 uti
1201 2193 1369 2250 desiderant.

76 2288 106 2328 us
125 2281 151 2327 te
174 2270 325 2339 citarem,o
350 2271 488 2344 virginalis
511 2273 638 2329 candor?
661 2274 777 2330 Prorsus
867 2281 913 2336 titi.
927 2279 1051 2336 Perditur
1068 2280 1217 2352 proprietas
1231 2281 1280 2337 lilii
1298 2288 1325 2338 et
1348 2283 1514 2356 virginitatis
1537 2284 1630 2352 decor,

76 2400 82 2415 ·
97 2359 179 2431 Atqui
194 2361 358 2414 nescientem
374 2376 416 2414 ¹¹¹0
431 2359 527 2416 ‘¹⁰⁰²‘st
551 2361 687 2433 ⁸i⁰ffl¹⁸l⁰
710 2361 776 2417 illud
832 2371 855 2425 si
875 2368 959 2425 radici
972 2368 1043 2425 desit
1055 2369 1165 2436 albedo,
1180 2381 1209 2427 et
1221 2370 1381 2444 cogitationi
1396 2372 1534 2444 virginalis
1545 2389 1629 2429 mun·

78 2448 219 2518 ,increata
235 2447 282 2502 bei
297 2446 430 2518 sapientia
453 2447 587 2503 Dominus
606 2449 693 2517 lewe,
713 2448 776 2504 uni·
832 2456 908 2513 ditia.
924 2455 1032 2512 tiamsi
1059 2471 1161 2528 corpas
1186 2457 1356 2514 extrinsecus
1377 2459 1413 2514 sit
1438 2460 1581 2529 mnndum,
1600 2470 1628 2518 et

77 2552 91 2592 s
108 2534 192 2590 Patris
207 2534 290 2604 tilius,
304 2543 331 2589 et
345 2536 442 2592 unicus
455 2534 527 2591 iilius
547 2536 596 2591 liiii
620 2536 776 2609 singularia,
832 2544 961 2619 aegimio
976 2545 1140 2600 intrinsecus
1154 2545 1189 2602 sit
1202 2545 1385 2618 polluta31'am
1398 2563 1454 2602 non
1467 2548 1563 2616 virtus,
1575 2549 1624 2605 aed

79 2623 261 2696 ,castissimae
291 2623 415 2696 Virginis!
428 2624 531 2689 matris,
556 2622 643 2682 ¹158
663 2641 725 2705 (μῦ)
751 2628 779 2681 in
831 2633 984 2707 hypocrisis
1012 2631 1172 2706 appellanda
1193 2640 1246 2690 est.
1272 2636 1330 2692 Hoc
1361 2643 1452 2692 tamen
1473 2636 1627 2703 sciendum,

76 2713 98 2767 io
114 2712 254 2782 utriusque
267 2709 334 2781 legis
349 2722 441 2767 return
455 2712 627 2769 consecrarit
640 2725 781 2784 perpetuae
795 2679 818 2759 c
834 2729 904 2779 regie
918 2721 1051 2794 Gregorio
1066 2723 1172 2792 (uorat.
1187 2722 1233 2779 tib.
1250 2738 1304 2788 xxi,
1322 2738 1346 2781 c.
1363 2725 1419 2796 23),
1431 2725 1504 2795 quod
1518 2725 1624 2800 cogita.

77 2800 204 2873 gertlmae
215 2798 386 2870 virginitatis.
397 2801 508 2868 Doceat,
521 2800 781 2872 inquam,me,quo·
836 2810 873 2867 tio
886 2809 1086 2882 quantumlibet
1096 2810 1234 2865 immunda
1253 2819 1370 2868 mentem
1381 2827 1436 2868 non
1458 2812 1567 2884 polluit,
1582 2813 1627 2871 cni

78 2904 127 2960 per
140 2887 384 2944 considerationem
402 2889 449 2944 lilii
463 2890 620 2958 materialis,
632 2889 679 2946 lilii
698 2890 780 2964 virgi·
834 2899 904 2955 ratio
918 2914 972 2955 non
986 2898 1131 2954 consentit.
1146 2897 1214 2970 Quis
1226 2897 1300 2954 enim
1309 2899 1488 2973 cogitationes
1512 2917 1575 2957 suas
1590 2905 1628 2958 ita

76 2975 279 3032 fimlmslassllas
293 2993 443 3050 ³8⁰⁰⁸⁰0f0
466 2979 581 3036 illem·
597 2979 712 3052 Pf⁰lll⁴³r
734 2981 782 3036 ¹²⁸⁸
836 2990 975 3047 refrenare
990 2995 1089 3060 potest,
1106 2996 1200 3044 utnon
1213 2990 1332 3060 qnalibet
1345 2989 1518 3047 immunditia
1529 2991 1623 3048 titille-

79 3065 259 3136 preprietates
283 3082 351 3136 quas
376 3068 432 3136 jam
463 3068 665 3137 proposuimus,
694 3068 780 3138 ipsum
836 3070 899 3127 tur?
914 3069 966 3126 Sed
983 3069 1214 3126 continuatalium
1228 3069 1422 3143 cogitationum
1436 3070 1629 3127 insuitussunt

84 3151 222 3207 materiale
238 3152 521 3222 inradiceettrunco,
537 3154 620 3220 toliis,
635 3163 661 3211 et
683 3157 710 3210 ia
740 3156 782 3211 bia
835 3157 1016 3229 reprimendi3
1041 3164 1071 3211 ut
1093 3156 1167 3212 uada
1194 3158 1320 3226 sperabat
1348 3173 1378 3213 ae
1397 3159 1482 3215 hostia
1509 3161 1629 3226 vincere,

75 3238 183 3294 losculis
198 3239 244 3311 qui
265 3241 334 3294 intra
352 3239 427 3295 illum
452 3241 651 3298 concluduntur
672 3243 781 3299 studio·
836 3261 885 3317 per
893 3246 947 3300 boc
954 3242 1044 3314 magis
1058 3242 1148 3299 victus
1157 3244 1296 3299 abscedat.
1308 3242 1387 3312 Quod
1396 3243 1435 3310 tit,
1449 3249 1557 3318 quoties
1567 3262 1630 3318 pra·

76 3328 216 3401 staatigare
231 3343 367 3385 curemus.
390 3329 537 3398 Speremus
552 3331 636 3394 enirn,
652 3332 726 3402 quod
740 3331 782 3386 his
835 3334 878 3387 ris
895 3337 922 3387 et
935 3329 1083 3386 immundis
1108 3329 1321 3400 cogitationibus
1340 3332 1457 3397 attracti,
1483 3332 1575 3388 statim
1596 3337 1631 3389 ad

76 3430 110 3473 nt
132 3415 282 3486 specialiter
306 3415 496 3481 consideratis,
519 3417 783 3474 commendationem
837 3418 947 3489 signam
960 3416 1059 3481 cruda,
1088 3416 1123 3470 ad
1150 3416 1286 3487 passionis
1304 3416 1446 3473 dominice
1461 3420 1631 3477 recordatio·

76 3513 111 3563 ta
124 3503 285 3577 virginitatis
299 3504 418 3561 invenire
432 3504 578 3575 possimus.
837 3521 901 3560 nem
911 3511 938 3560 et
947 3503 1126 3575 laerymarum
1140 3502 1259 3559 subsidia
1273 3503 1459 3576 confugimus,
1475 3515 1503 3563 et
1516 3522 1566 3563 suo
1576 3506 1631 3563 telo

274 3637 390 3696 CAPUT
408 3638 489 3695 XIX·
836 3590 1433 3751 mgdeflsslgzmsflofffffirhtffzbwdmet
1445 3681 1560 3739 eandida
1575 3681 1633 3739 sire

75 3774 126 3836 lice
141 3776 208 3845 lilii,
219 3773 248 3831 id
266 3779 308 3833 est
321 3771 540 3846 cogitationibus
551 3770 585 3828 ia
598 3770 680 3830 corde
695 3772 784 3830 lateat·
836 3769 980 3843 splendida
993 3777 1037 3825 est
1049 3768 1125 3824 radix
1140 3768 1199 3825 litii.
1214 3769 1339 3827 Candore
1351 3777 1440 3827 auem
1462 3772 1521 3829 sire
1535 3771 1632 3844 splen·

344 3848 426 3902 tibus.
836 3861 904 3916 dore
917 3857 1080 3914 hilaritatem
1093 3857 1178 3914 animi
1200 3857 1309 3916 ridetur
1322 3857 1479 3934 designare.
1494 3860 1564 3917 Sunt
1577 3875 1629 3918 au-

80 3953 165 4012 lladix
184 3952 233 4008 liiii
246 3953 458 4023 ⁴commendator
471 3949 498 4006 in
519 3950 623 4006 tribus:
648 3949 709 4006 alba
726 3956 777 4018 est,
795 3950 819 4030 n
836 3956 889 4007 mm
917 3946 1052 4017 nonnalli,
1075 3946 1121 4020 qui
1144 3947 1217 4003 bona
1244 3947 1353 4021 quidem
1367 3962 1453 4020 opera
1466 3948 1571 4006 iaciunt
1583 3952 1628 4008 rel

75 4042 126 4097 lida
139 4050 191 4109 est,
207 4041 354 4095 tractabitis
371 4050 421 4095 est.
438 4039 511 4106 Quid
534 4051 622 4095 autem
650 4056 700 4113 per
719 4039 785 4098 radi
836 4036 988 4103 coactione,
1002 4036 1044 4094 ael
1059 4035 1232 4102 necessitate,
1246 4037 1288 4095 rel
1302 4037 1518 4104 consuetudine,
1535 4038 1583 4095 sed
1597 4038 1632 4094 ad

75 4144 86 4184 a
104 4137 175 4186 terra
196 4127 332 4196 latentem,
350 4126 402 4181 nisi
415 4127 544 4201 cogitatio
557 4128 644 4184 latens
657 4126 686 4184 in
700 4128 784 4184 corde
837 4126 895 4183 taaec
907 4125 1014 4199 agema
1035 4126 1109 4181 nulla
1122 4123 1259 4183 alacritate
1273 4132 1430 4198 morentur,
1444 4126 1517 4198 qaod
1531 4127 1630 4183 vitium

75 4215 141 4272 tur-‘t
166 4215 217 4269 Per
236 4212 388 4269 albedinem
416 4229 482 4284 ergo
504 4214 603 4270 radicis
625 4216 784 4271 munditiam
837 4214 954 4287 propriae
965 4213 1060 4269 acedia
1074 4213 1181 4269 dicitur.
1195 4214 1228 4268 Et
1242 4214 1294 4270 boc
1307 4214 1494 4284 quidemritio
1509 4213 1632 4288 religiosi

75 4303 159 4360 ‚donis
174 4301 335 4374 accipimus.
351 4300 421 4370 Quid
442 4315 509 4373 ergo
530 4302 662 4358 munditia
684 4303 782 4370 camb,
837 4303 962 4359 bomines
978 4303 1093 4356 maxime
1107 4300 1279 4373 aiiliguntur.
1294 4302 1362 4357 Naar
1377 4303 1519 4361 saeculares
1534 4304 1631 4358 admo·

75 4393 193 4449 nunditia
206 4391 378 4463 cogitationis
392 4389 458 4447 ilie
477 4390 527 4446 bac
545 4389 666 4462 precipit
688 4390 783 4446 Domi·
836 4392 900 4448 dum
914 4389 1005 4463 pauci,
1025 4397 1054 4445 et
1068 4388 1092 4443 ai
1119 4388 1172 4444 boc
1195 4388 1235 4444 ait.
1256 4389 1362 4456 vitium,
1391 4404 1446 4446 non
1477 4390 1631 4446 advertant.

75 4482 229 4549 iaoamiai,
245 4479 343 4551 inquit,
357 4479 459 4534 maadi
472 4482 570 4534 estote.
584 4479 653 4533 Nam
667 4486 785 4535 neette·
836 4479 937 4535 Mando
951 4479 1023 4534 enim
1054 4477 1165 4548 alligati,
1195 4475 1343 4548 spiritualis
1368 4476 1427 4534 vitii
1452 4476 1500 4533 rix
1514 4485 1630 4548 possunt

75 4570 257 4625 imunditiam
269 4565 434 4639 intelligeres
444 4566 540 4635 solam,
551 4565 707 4638 subjunxit:
723 4567 783 4624 Aa·
837 4566 1039 4639 apprehendere
1050 4578 1151 4620 nornen
1167 4579 1175 4619 ε
1191 4579 1252 4618 cum
1268 4571 1360 4620 maren
1379 4565 1431 4622 boc
1442 4564 1539 4622 vitium
1562 4565 1633 4622 inter

75 4657 180 4714 actum
190 4656 563 4727 cogitaticaamaeslraram
572 4655 703 4712 adoratis
713 4655 784 4712 meis
837 4665 940 4726 septem
959 4651 1119 4725 principalia
1131 4652 1295 4708 nominetur.
1306 4651 1384 4710 Nunc
1397 4668 1465 4730 ergo
1479 4654 1633 4722 spirituali-

79 4762 99 4816 s,
115 4748 171 4815 te).
195 4746 329 4802 Perversae
356 4745 428 4800 enim
455 4744 634 4816 cogitationes
660 4753 785 4815 separant
838 4744 890 4801 bus
905 4741 989 4801 aea
999 4742 1151 4814 loquamur,
1172 4741 1219 4814 qai
1237 4742 1289 4798 boc
1307 4740 1401 4797 vitium
1420 4755 1533 4814 possm
1549 4744 1633 4801 intel-

75 4850 95 4891 1ε
109 4842 136 4891 et
154 4833 224 4889 sicut
238 4832 341 4889 Veritas
359 4840 480 4900 testatur,
499 4837 537 4891 lle
556 4833 639 4890 corde
663 4838 783 4904 exeunt,
838 4834 933 4905 ligere.
950 4830 1051 4890 Vitium
1063 4829 1164 4887 acediae
1178 4829 1312 4900 est,qaod
1335 4832 1482 4903 quemdam
1496 4842 1633 4904 torporem

74 4923 173 4980 itiones
187 4919 452 4990 matatomicidta,
466 4922 786 4994 adulteria,surta,bta·
839 4921 938 4978 incutit
962 4918 1068 4987 aaimo;
1088 4927 1120 4975 nt
1145 4918 1198 4991 ipsi
1217 4919 1309 4976 omnia
1333 4921 1462 4979 exercitia
1483 4921 1634 4995 spiritualia

75 5009 134 5077 sta,
162 5018 190 5065 et
212 5022 319 5080 caetcra,
344 5026 405 5082 qaoe
428 5010 617 5082 coinquinant
641 5010 785 5069 bominem
839 5010 917 5083 quasi
932 5008 1050 5081 insipida
1071 5008 1223 5078 rideantur,
1241 5008 1308 5065 etin
1332 5026 1415 5082 grava
1438 5011 1548 5067 taedium
1563 5024 1633 5066 con-

74 5099 102 5155 lt.
116 5113 164 5168 xv,
180 5103 224 5169 te,
240 5099 296 5170 to).
311 5100 381 5154 Sunt
396 5106 486 5153 autem
504 5098 684 5171 cogitationes
699 5099 786 5172 nigrae
839 5097 1107 5171 coruscansque
1126 5095 1208 5152 taedio
1223 5096 1290 5153 dicit
1304 5097 1438 5167 Psalmus,
1461 5097 1635 5158 Dormitaoit

74 5187 181 5258 allata,
198 5186 632 5258 compertumcompertnm,
651 5189 785 5245 carnales.
839 5183 1371 5261 aniciameaproetoedio(l’sal.cxvrn)
1382 5185 1504 5252 :etatibi
1519 5187 1635 5246 ommia

74 5275 169 5348 adquis
183 5292 213 5332 se
228 5277 280 5331 alio
295 5276 435 5333 meliorem
459 5273 586 5344 estimat,
602 5289 664 5330 cum
682 5274 730 5331 alli
747 5275 786 5330 si·
840 5293 935 5337 escam
942 5276 1107 5334 abominata
1117 5273 1265 5330 estaaima
1273 5275 1635 5351 eorummtapprcpinqaa·

76 5365 230 5424 esaeaideri
244 5366 311 5435 vult,
323 5365 370 5437 qni
384 5379 417 5422 eo
432 5366 517 5435 major
527 5371 584 5432 est;
598 5363 640 5421 ael
654 5378 717 5420 cum
731 5378 787 5420 non
839 5370 1038 5439 maestusque
1053 5361 1196 5435 adportas
1206 5359 1308 5418 mortis
1323 5360 1473 5432 (Psalcvt,
1486 5364 1542 5435 lit).
1565 5366 1636 5423 Taa-

75 5455 199 5526 abjectus
212 5469 272 5512 esse
285 5455 310 5511 ei
325 5455 372 5526 qui
386 5453 437 5510 sibi
459 5452 586 5525 praelatus
607 5460 666 5524 est,
687 5451 784 5510 diabo-
838 5461 894 5511 urm
908 5452 1009 5528 quippe
1023 5449 1169 5521 siquando
1187 5446 1317 5520 alitigitur
1330 5447 1383 5509 boc
1399 5450 1464 5511 titio
1478 5453 1569 5509 anima
1582 5453 1636 5514 bo-
