3706 5962
176 199 228 259 679
868 196 952 257 virts
970 193 1118 257 trisulci.
1764 194 1812 258 mo

175 320 298 378 venirent
310 321 344 377 sd
357 321 476 394 ρειιεειε
491 321 578 395 regni,
592 321 637 394 qui
656 320 742 378 fortes
769 321 832 378 iacti
855 328 918 376 sunt
939 321 968 376 ιε
1020 317 1128 390 vigilite,
1146 314 1321 373 intolerabilis
1335 314 1413 371 labor
1425 315 1484 372 sine
1492 314 1597 388 requie,
1618 315 1720 374 duritia
1733 316 1812 377 lemo-

175 407 247 466 bello
263 406 356 480 (llelr.
371 424 413 476 xi,
428 410 485 481 et),
497 424 551 464 non
567 409 592 463 ιε
609 411 799 480 prosperitate.
1021 422 1093 472 rum,
1108 403 1369 470 laborisassiduitas,
1385 414 1411 460 et
1424 403 1604 476 superomnia
1614 404 1813 465 abrenuntiatio

208 498 253 552 75.
279 497 463 569 Tempestates
477 504 567 554 autem
592 507 714 553 truncum
740 497 786 552 lilii
809 496 894 553 nostri
917 498 968 552 im·
1021 495 1140 567 proprie
1154 493 1310 560 voluntatis,
1326 509 1388 550 cum
1412 492 1533 564 periculo
1548 492 1678 548 talsorum
1693 493 1814 565 tratrum,

176 592 340 660 pugnantes,
356 586 507 641 manifestae
521 584 700 642 adversitates
711 594 792 657 sunt3
821 586 848 642 in
870 587 969 658 quibus
1021 582 1120 638 duritia
1134 582 1318 652 prelatorum.
1333 581 1432 653 Ecquis
1445 581 1535 637 omnia
1548 582 1746 638 enumerabit?
1774 584 1814 641 ln.

176 673 352 744 quaerendum
370 671 453 731 151
478 681 518 728 εει
535 675 641 729 εειεεει
673 682 701 730 ει
727 675 863 746 singulare
878 689 969 729 reme.
1023 670 1201 726 numerabiles
1215 676 1277 724 sunt
1296 670 1322 724 tri
1339 684 1444 726 vermes
1465 667 1644 738 pessimarum
1660 672 1815 743 suggestio·

177 762 261 831 dium,
278 763 324 819 ille
334 762 453 834 optimus
468 762 599 829 medicus,
624 764 677 819 dux
696 778 749 818 non
764 765 902 829 εειιεεεεε,
922 777 969 817 ren
1023 773 1098 826 nurn,
1115 767 1236 813 truncum
1249 755 1311 811 boni
1335 755 1467 826 propositi
1492 756 1650 830 gravissime
1670 760 1815 816 comoder-

176 865 241 906 suos
256 852 373 922 erigens,
389 849 491 905 athleta
509 849 723 921 fortissimus,in
737 851 833 907 suiset
848 867 899 922 pro
915 850 970 905 suis
1024 856 1074 901 tes.
1089 844 1208 901 Omnino
1223 846 1400 900 resistundum
1415 853 1456 899 est
1468 843 1510 899 liis
1530 845 1680 917 vermibus,
1695 847 1815 919 omnino,

174 953 302 1010 pugnans
315 949 342 992 et
355 936 476 1004 vincens,
492 944 519 992 et
543 937 606 993 inde
633 938 745 994 victores
763 955 898 995 coronans
917 939 970 992 Do-
1022 944 1048 992 ει
1062 949 1199 989 sacrarum
1214 932 1413 1002 scripturarum
1431 932 1582 989 rationibus
1596 942 1663 989 sunt
1676 938 1814 996 enecandi.

176 1025 266 1083 minus
279 1026 369 1081 lesus.
385 1025 456 1095 Quid
465 1025 576 1097 quoecis,
586 1028 656 1096 quod
669 1027 755 1083 inillo
764 1042 818 1082 non
829 1026 969 1083 invenias?
1057 1024 1103 1077 77.
1120 1023 1222 1077 vermis
1238 1021 1323 1093 igitur
1342 1021 1388 1093 qui
1407 1020 1553 1079 indiscrete
1573 1022 1643 1079 adeo
1662 1024 1813 1083 chunutus

175 1113 204 1168 Si
219 1122 340 1186 aegrotus
364 1129 403 1175 es.
417 1111 541 1169 medicus
555 1121 606 1170 εει.
624 1113 650 1169 Si
666 1116 785 1183 exsules,
799 1114 855 1170 dux
874 1124 925 1169 est.
941 1113 970 1168 Si
1023 1120 1051 1167 ει
1074 1109 1266 1166 misericordia
1281 1108 1495 1178 compassionem
1509 1112 1665 1180 persuadet,
1693 1113 1814 1171 occiden-

174 1201 312 1259 desolatus
325 1218 367 1268 es,
383 1218 428 1258 rex
443 1210 498 1257 εει.
523 1201 551 1256 Si
567 1202 744 1276 impugnaris,
771 1202 844 1276 pugil
868 1210 918 1257 est.
939 1192 970 1256 Si
1024 1198 1074 1254 dus
1087 1205 1127 1253 est
1140 1205 1280 1269 unguento
1304 1197 1445 1251 dominicas
1464 1197 1611 1265 sententias,
1628 1198 1763 1256 dicentis:
1787 1203 1815 1259 Si

176 1289 245 1360 sitis,
262 1297 341 1360 potus
355 1297 407 1345 εει.
424 1288 453 1344 Si
467 1287 553 1363 alges,
568 1290 756 1344 vestimentum
770 1299 822 1345 est.
838 1289 866 1344 Si
878 1289 969 1345 trista·
1023 1290 1086 1359 quac
1099 1288 1177 1342 venit
1188 1284 1286 1349 adme,
1297 1290 1325 1341 ει
1336 1301 1392 1340 uon
1403 1285 1463 1341 odit
1474 1288 1589 1356 putrem
1598 1291 1626 1342 ct
1641 1291 1775 1355 neutram,
1789 1295 1815 1347 ει
1852 1307 1853 1311 ’

175 1378 223 1448 ris,
239 1378 371 1448 gaudium
385 1388 435 1434 εει.
451 1378 481 1434 Si
494 1377 691 1445 obtenebraris,
705 1377 749 1434 lux
764 1377 851 1434 est.Si
870 1378 969 1450 orpha·
1022 1391 1142 1431 uxorem
1152 1378 1180 1430 et
1193 1373 1278 1444 filios,
1289 1375 1444 1445 ctsrotres,
1455 1374 1813 1443 cemmendandam

175 1481 277 1536 nuces,
295 1474 370 1536 pater
380 1477 432 1523 εει.
447 1466 568 1538 Sponsus
578 1475 627 1536 εει,
639 1465 741 1523 anticus
755 1475 806 1532 εει,
821 1465 905 1521 trater
915 1474 965 1534 εει,
1021 1465 1049 1516 ει
1059 1461 1189 1517 unimam
1198 1477 1292 1529 suam,
1301 1477 1359 1517 non
1373 1465 1417 1516 εει
1423 1475 1469 1516 mc
1478 1459 1582 1532 dignm
1593 1464 1676 1532 (Luc.
1687 1479 1748 1532 xro,
1761 1466 1811 1537 ιι),

176 1571 308 1624 summus,
331 1555 461 1628 optimus,
489 1555 767 1624 misericordissimus,
796 1555 965 1621 fortissimus,
1023 1549 1145 1619 Qualiter
1167 1558 1257 1606 autem
1280 1548 1421 1622 diligendi,
1445 1557 1473 1606 et
1493 1549 1609 1622 qualiter
1633 1551 1755 1619 odiendi,
1769 1570 1813 1625 per

176 1643 664 1714 pulcherrimus,sapientissimusest,
680 1643 770 1698 omnia
783 1642 843 1698 sine
856 1643 969 1715 flnegu·
985 1610 1008 1689 Β
1023 1653 1118 1696 vaccas
1136 1640 1272 1695 trahentes
1294 1638 1440 1706 plaustrum
1457 1654 1519 1694 oum
1541 1652 1604 1695 arce
1623 1638 1736 1695 Domini
1755 1657 1812 1711 per·

176 1734 302 1787 bernaus.
318 1731 388 1801 Quid
403 1741 493 1786 autem
505 1730 619 1786 laboro?
634 1729 731 1786 Omnis
744 1731 880 1801 quaevelle
894 1741 970 1803 potes
1023 1725 1172 1782 docemur:
1202 1741 1313 1797 quarum
1343 1725 1418 1780 vituli
1433 1726 1496 1781 dum
1511 1735 1603 1782 esseut
1617 1726 1718 1782 reclusi
1735 1728 1813 1796 domi,

176 1826 204 1873 et
217 1820 308 1884 debes,
317 1830 357 1874 est
368 1818 499 1873 Dominus
506 1819 586 1873 lesus
600 1818 734 1873 Christus.
749 1818 878 1873 besidera
887 1819 968 1888 huuc,
1023 1812 1089 1885 ipsae
1103 1829 1191 1869 vaccae
1205 1828 1295 1869 arcam
1309 1819 1444 1883 gestantes
1457 1823 1484 1869 ει
1497 1823 1570 1870 recto
1591 1813 1691 1871 itinere
1705 1831 1814 1889 perges·

171 1905 284 1977 require
302 1908 382 1960 liuuc.
399 1905 469 1974 Quia
482 1903 541 1960 haec
550 1912 591 1960 εει
605 1905 649 1959 illa
663 1920 716 1959 una
729 1906 848 1976 pretiosa
861 1922 971 1978 marga·
1025 1912 1067 1960 tes
1080 1902 1248 1969 Bethsames,
1263 1917 1324 1957 cum
1339 1902 1464 1957 audirent
1485 1917 1564 1958 voees
1585 1889 1751 1970 vitulorum,
1771 1905 1813 1961 de·

178 1993 240 2058 rita,
251 2008 302 2063 pru
313 2008 366 2065 qua
375 1991 492 2048 emenda
501 1991 730 2047 etiamveudenda
738 2002 802 2048 sunt
810 1991 901 2048 omnia
909 2007 970 2064 quae
1023 1993 1121 2045 derunt
1135 1990 1244 2060 quidem
1260 1993 1404 2059 mugitum,
1420 1989 1468 2059 qui
1483 1999 1540 2044 erat
1566 1989 1677 2062 signum
1691 1992 1815 2049 εειιιειΙιι

175 2087 221 2136 ιεε
235 2088 314 2152 εεει;
331 2096 382 2152 qus
396 2080 488 2135 habita
512 2079 610 2135 nullius
633 2081 800 2152 tempestatis
823 2080 968 2152 procellam
1023 2076 1153 2134 atl'ectus:
1170 2093 1219 2133 nec
1229 2085 1316 2131 tamen
1330 2092 1359 2132 se
1381 2078 1415 2132 ab
1429 2088 1537 2148 arrepto
1560 2080 1647 2134 semel
1661 2078 1759 2136 itinera
1770 2083 1813 2137 de-

176 2167 294 2221 tinebis.
311 2167 352 2222 Sit
366 2166 486 2222 illefinis
501 2167 633 2240 propositi
649 2168 697 2234 tui,
713 2167 790 2222 sitin
812 2168 859 2224 illo
883 2167 970 2239 posita
1022 2165 1154 2221 tlexerunt
1171 2165 1198 2236 (l
1208 2167 1272 2236 llcp.
1288 2180 1324 2235 rr,
1342 2166 1446 2234 ιι-ιι).
1471 2167 1512 2220 Tu
1534 2181 1600 2222 vero
1614 2168 1638 2223 si
1657 2167 1716 2237 iam
1730 2178 1814 2240 portes

174 2251 306 2310 tortitudo
322 2266 377 2326 tua,
393 2272 448 2312 εοε
460 2255 489 2311 in
503 2255 606 2312 viribus
620 2256 683 2326 tuis,
695 2263 722 2311 ει
731 2255 892 2312 nullomodo
906 2272 969 2313 con·
1022 2255 1079 2310 sive
1092 2253 1263 2324 professione
1277 2261 1369 2322 aperta
1383 2260 1409 2309 ει
1418 2254 1543 2318 solemni,
1559 2255 1617 2310 sive
1641 2257 1753 2313 occulto
1763 2271 1814 2329 pro

174 2341 301 2416 iringeris
314 2360 321 2411 3
335 2344 398 2415 quia
416 2344 485 2414 ipse,
500 2353 528 2399 et
542 2345 695 2411 usualius,
719 2354 760 2399 εει
773 2344 929 2425 verissimus
942 2352 969 2400 et
1022 2341 1112 2415 posito
1125 2343 1220 2413 jugum
1236 2341 1356 2406 Domini,
1374 2341 1401 2395 id
1424 2351 1464 2397 est
1476 2342 1605 2413 Regulam
1621 2359 1813 2419 quamcumque

174 2431 295 2503 optimus
309 2433 467 2490 consolator
481 2433 675 2490 adversitatum
697 2439 724 2487 et
739 2449 932 2506 pressurarum.
1022 2447 1071 2502 per
1099 2429 1227 2501 Spiritum
1251 2438 1402 2485 sanctuma
1422 2430 1546 2485 Patribus
1565 2430 1771 2502 institutsm;si
1790 2440 1814 2491 tr

445 2537 560 2594 ggppp
582 2538 687 2595 xxm·
1022 2518 1212 2589 predictorum
1224 2520 1354 2572 vermium
1369 2517 1558 2591 suggestiones
1575 2517 1712 2591 incipiant
1725 2534 1814 2578 ειπε-

175 2625 215 2683 Dc
229 2626 367 2684 ommibus
380 2627 430 2699 qut
443 2625 598 2685 corrodunt
608 2631 757 2694 truncum,
769 2627 799 2682 id
815 2631 868 2692 εει,
883 2629 968 2684 mulir
1020 2606 1097 2678 dere,
1119 2603 1325 2703 ‘¹5⁸‚immfe
1339 2620 1437 2661 “⁰⁰⁸⁵
1450 2604 1660 2677 3¹¹⁰Ph5¹⁰f¹¹m
1683 2615 1815 2680 mmm

174 2698 394 2769 suppressionibus
410 2697 696 2769 tonumpropositum
709 2701 966 2770 corrumpentibus.
1021 2709 1110 2749 arcam
1137 2695 1259 2749 Domini:
1286 2692 1369 2749 redde
1396 2695 1543 2765 mugitum,
1558 2694 1586 2750 id
1605 2705 1650 2751 εει
1662 2695 1815 2770 signaturi-

208 2784 506 2839 ‘ltillermestruncum
521 2784 584 2837 boni
601 2784 734 2856 propositi
750 2793 966 2856 corrumpentes,
1021 2784 1118 2853 tectus,
1132 2782 1185 2838 lioc
1199 2791 1249 2852 est,
1275 2780 1402 2851 condole,
1427 2790 1592 2852 compatere,
1614 2783 1760 2841 consolare
1772 2800 1815 2842 eoa

174 2878 239 2925 sunt
252 2870 415 2925 tentationes
442 2870 605 2935 intrinsecae,
637 2886 699 2942 quae
725 2878 800 2926 tanto
827 2870 968 2928 viciniores
982 2890 1005 2969 c
1019 2874 1067 2941 εει
1092 2870 1208 2926 naturali
1235 2886 1327 2926 amore
1353 2870 1492 2940 conjuncti
1519 2879 1595 2941 suut3
1626 2872 1713 2928 nibito
1727 2878 1814 2927 tamen

173 2965 244 3024 snut,
261 2963 361 3030 quanto
371 2956 574 3026 familiariores,
590 2973 661 3028 saepe
675 2957 727 3014 sub
742 2958 805 3011 boni
813 2960 901 3028 specie
915 2960 968 3016 bo·
1020 2959 1112 3014 minus
1139 2975 1219 3015 serva
1241 2960 1313 3016 viam
1341 2959 1495 3030 incoeptam,
1517 2958 1569 3013 boc
1582 2967 1636 3027 est,
1653 2958 1755 3031 pertice
1767 2961 1814 3016 bo·

174 3061 240 3100 num
259 3043 430 3116 propositum
440 3055 653 3116 cormmpentes.
664 3045 712 3099 Est
726 3044 799 3100 enim
812 3046 908 3119 aliquis
921 3048 969 3119 qui
1021 3063 1085 3102 num
1101 3049 1267 3118 propositum
1281 3047 1422 3119 dirigendo
1448 3048 1529 3121 pedes
1545 3057 1606 3103 tuos
1620 3064 1720 3106 versus
1738 3051 1815 3108 betir-

173 3133 208 3188 da
225 3133 304 3188 bcnae
318 3132 489 3204 cogitationis
504 3132 603 3199 radice,
621 3133 685 3188 boni
700 3135 830 3203 propositi
844 3143 968 3190 truncum
1020 3149 1121 3200 sames,
1143 3151 1240 3191 versus
1261 3139 1376 3191 ιιειεειιι
1397 3133 1472 3203 εειιε,
1494 3135 1547 3191 hoc
1561 3143 1611 3205 est,
1630 3136 1664 3193 ad
1678 3136 1814 3194 αειεειεει

174 3219 273 3278 emisit.
284 3219 414 3290 Proponit
428 3219 517 3276 omnin
535 3235 596 3292 qum
611 3219 703 3274 mundi
723 3227 787 3276 snut
807 3221 966 3293 relinquere,
1020 3226 1144 3293 patriam,
1160 3223 1206 3279 nbi
1220 3232 1261 3279 est
1282 3230 1425 3280 summast
1447 3224 1592 3294 spiritualis
1607 3225 1743 3282 habitatin
1754 3226 1814 3282 solia

172 3319 202 3366 ut
216 3311 304 3366 nudus
326 3309 460 3366 Christum
488 3311 590 3365 nudum
604 3319 749 3382 εεεεειεες
778 3309 827 3364 sed
850 3310 968 3368 nascitur
1019 3312 1103 3368 nostri
1127 3311 1236 3368 Domini
1256 3312 1332 3379 lesu,
1347 3312 1394 3381 qui
1408 3322 1450 3368 est
1464 3310 1505 3368 sol
1524 3313 1648 3383 justitiae,
1667 3314 1716 3386 qui
1730 3313 1814 3370 inrita

171 3396 334 3454 intrinsecus
356 3396 454 3455 vermis
470 3412 559 3467 pravoe
574 3396 770 3469 suggestionis,
787 3396 879 3454 dicens
905 3397 942 3454 ita
958 3412 965 3452 :
1019 3399 1101 3455 domo
1115 3401 1187 3457 lucet
1202 3400 1231 3455 iu
1246 3400 1347 3457 virtute
1372 3415 1432 3468 sua,
1447 3400 1571 3455 habitans
1587 3399 1677 3457 lucem
1693 3401 1813 3459 ιεεεεεε-

172 3485 294 3543 indotata
307 3485 352 3542 ribi
367 3499 444 3541 soror
457 3494 508 3556 est,
525 3485 688 3557 paupercula
701 3491 807 3552 mater;
832 3495 895 3541 sunt
909 3487 966 3543 ior·
1020 3488 1140 3546 sibilem.
1151 3489 1196 3546 Sic
1219 3497 1281 3546 sunt
1293 3487 1403 3545 οιιεειιι
1421 3488 1509 3555 ειειει,
1526 3496 1556 3545 ut
1579 3488 1697 3547 allectam
1719 3490 1815 3547 amoris

173 3575 254 3631 tussis
268 3575 373 3639 iratres,
396 3572 440 3629 vel
464 3572 522 3639 tilii,
544 3574 601 3629 sive
629 3573 674 3629 alii
689 3574 853 3646 quicumque
875 3575 964 3644 amici,
1019 3593 1083 3651 erga
1097 3578 1158 3634 illos
1170 3585 1362 3635 conservetur:
1383 3576 1423 3633 sio
1445 3586 1545 3634 suntet
1558 3579 1666 3634 amandi
1680 3585 1712 3635 ει
1724 3593 1814 3637 eorum

169 3663 210 3718 rei
222 3663 363 3719 familiaris
379 3660 470 3731 iuopia
485 3661 647 3728 laborantes,
663 3664 709 3732 qui
724 3664 758 3719 de
781 3673 805 3718 te
824 3664 882 3718 solo
902 3680 964 3735 pen·
1019 3680 1095 3721 amor
1121 3680 1294 3737 nequaquam
1322 3663 1411 3720 emori
1426 3663 1474 3719 Dei
1501 3663 1669 3737 praeieratur.
1695 3665 1754 3722 lmo
1767 3680 1814 3721 nac

171 3749 246 3817 deut,
265 3761 290 3806 te
306 3765 388 3804 unum
409 3748 579 3820 respiciunt:
604 3766 675 3822 quos
694 3752 719 3806 si
741 3752 891 3824 reliqueris,
920 3761 966 3808 aut
1017 3755 1226 3810 animoenostrae
1238 3755 1412 3812 commodum
1426 3753 1513 3810 amori
1527 3753 1746 3828 illinspraeierre
1765 3755 1813 3812 de·

173 3837 364 3894 mendicabunt
383 3836 507 3908 turpiter,
536 3837 663 3893 nimirum
682 3838 709 3894 iu
724 3839 763 3894 tui
778 3840 884 3914 generis
910 3855 963 3911 op·
1018 3843 1128 3898 bemus:
1158 3844 1206 3898 sed
1230 3850 1357 3914 tanquam
1382 3840 1474 3899 εᾱιεεε
1495 3842 1598 3898 εειιεεε
1616 3854 1728 3900 nostras
1748 3842 1814 3900 atui·

173 3924 334 3997 probrium;
351 3932 397 3979 aut
418 3923 527 3991 furtive,
551 3923 594 3980 vel
618 3926 753 3982 uiolenter
770 3939 843 3984 certe
862 3929 966 3998 rapient
1017 3933 1108 4004 gendo
1124 3931 1315 4003 illasjejuniis,
1328 3931 1440 4004 vigiliis,
1465 3931 1700 4004 castigationibus,
1720 3941 1751 3989 ut
1763 3933 1812 3990 do·

173 4012 272 4082 aliena,
286 4020 313 4068 ει
327 4013 367 4068 ειε
380 4012 408 4066 ιε
421 4025 536 4083 corpore
550 4013 629 4068 simul
643 4013 711 4067 etin
726 4015 815 4070 anima
829 4015 963 4088 peribunt.
1018 4036 1126 4077 εεειεεε
1144 4035 1191 4076 εεε
1207 4019 1350 4078 dominicis
1372 4019 1485 4076 obedire
1497 4020 1650 4092 preceptis.
1675 4020 1732 4079 Ros
1747 4034 1813 4093 quo·

172 4099 285 4172 Quodsi
298 4108 338 4168 ιε,
358 4098 467 4169 quibis
488 4102 592 4169 poteris
612 4101 755 4159 subvenire
778 4105 915 4161 menende
937 4104 965 4160 iu
1020 4108 1074 4183 ciue
1099 4124 1215 4182 quornm
1242 4109 1359 4181 inopiam
1379 4106 1494 4179 implere
1516 4123 1660 4181 possemus
1673 4108 1704 4166 in
1717 4108 1812 4167 secuto

171 4189 345 4262 possessione
360 4198 413 4256 tua,
430 4188 480 4243 tros
490 4187 516 4242 in
532 4197 611 4245 certo
633 4188 754 4261 periculo
769 4190 908 4262 reliquisse
922 4192 965 4248 vi·
980 4168 1004 4247 [i
1018 4198 1215 4270 permanendo,
1228 4197 1319 4254 eidem
1335 4197 1586 4253 commendabimus
1598 4197 1811 4262 conservom.

170 4278 287 4345 deberis,
302 4285 330 4333 ει
354 4275 483 4334 clausisse
503 4277 607 4335 viscera
622 4287 670 4335 tua
697 4278 731 4334 ab
751 4280 801 4349 eis,
830 4282 964 4352 quomodo
1019 4286 1066 4358 qui
1082 4295 1124 4343 est
1137 4288 1193 4344 tter
1205 4302 1315 4359 regum,
1329 4293 1356 4341 et
1369 4285 1444 4341 dives
1458 4286 1486 4340 iu
1501 4300 1596 4341 omues
1619 4285 1667 4358 qni
1690 4286 1813 4344 invocant

170 4367 287 4424 charitas
300 4366 351 4422 Dei
365 4378 458 4422 manet
469 4366 497 4421 in
507 4368 552 4422 tei
566 4369 639 4441 llrgo
659 4375 689 4423 ut
700 4384 811 4426 maneas
831 4369 859 4426 in
872 4371 963 4427 chari·
1018 4391 1091 4443 eum,
1109 4385 1219 4431 orantes
1232 4385 1261 4431 ut
1289 4390 1383 4431 corum
1403 4382 1501 4429 statum
1515 4373 1554 4430 ite
1571 4374 1719 4445 gubernet,
1744 4373 1812 4430 siout

169 4463 234 4526 tate,
248 4471 327 4512 mane
341 4471 402 4512 curn
417 4455 487 4527 illis;
508 4456 573 4529 quie
586 4457 644 4513 siue
664 4457 796 4515 charitate
814 4458 880 4513 nihil
897 4475 963 4530 pro·
1018 4463 1069 4520 scit
1082 4479 1175 4520 eorum
1191 4462 1272 4519 saluti
1284 4463 1423 4533 expedire.

169 4545 241 4602 derit
254 4544 313 4615 tibi,
326 4545 456 4618 quidquid
467 4561 542 4620 agas.
559 4546 638 4618 Quod
651 4548 674 4603 si
689 4547 739 4603 tibi
752 4547 833 4605 ειιεεε
849 4550 965 4621 prodes·
1053 4554 1099 4607 78.
1129 4553 1261 4609 Caeterum
1292 4566 1398 4606 vermes
1425 4558 1601 4621 suggerentes
1630 4549 1811 4608 austeritatem

170 4639 221 4700 set,
235 4634 330 4689 melius
343 4644 431 4689 tamen
449 4643 522 4690 esset
544 4644 574 4691 ει
587 4635 685 4692 ειειιεε
703 4640 802 4707 tecum,
816 4653 896 4711 quam
921 4652 966 4694 so-
1018 4640 1081 4698 vitm
1096 4640 1238 4714 regularis,
1254 4639 1383 4697 velociter
1395 4641 1572 4705 necabuntur,
1588 4639 1613 4694 si
1628 4648 1811 4697 meummno·

170 4718 228 4775 lum
245 4727 271 4776 te
286 4736 420 4778 servares.
435 4722 564 4795 Nunquid
583 4733 748 4796 preceptum
768 4734 810 4782 est
828 4726 927 4784 alicubi
948 4743 963 4782 a
1017 4739 1100 4786 stram
1115 4729 1233 4801 myrrha,
1249 4727 1276 4782 id
1290 4741 1331 4783 est
1345 4727 1519 4783 amaritudine
1537 4726 1682 4783 dominicae
1710 4726 1811 4800 passin-

167 4808 295 4879 Domino,
315 4810 447 4866 mundum
475 4812 585 4868 omnino
611 4812 645 4867 ab
672 4815 799 4870 omnibus
827 4815 962 4887 relinquit
1016 4819 1069 4886 nis,
1083 4817 1267 4872 curaverimus
1282 4817 1423 4888 inungere,
1442 4816 1486 4871 cui
1499 4814 1631 4887 quidquid
1641 4815 1700 4888 pati
1712 4826 1809 4891 εειεε-

167 4898 240 4970 Quin
263 4908 291 4955 et
317 4899 405 4973 magis
433 4898 561 4972 operibus
579 4900 769 4958 misericordiae
793 4905 963 4961 commenda·
1015 4907 1101 4963 rimus
1132 4916 1328 4977 comparatum,
1348 4913 1394 4961 aut
1418 4922 1522 4978 pamm,
1545 4915 1591 4963 aut
1618 4906 1688 4963 nibil
1714 4905 1810 4979 poterit

165 4987 269 5046 buntur
281 4988 362 5044 electi
380 4994 408 5044 et
426 4987 548 5044 salvandi
566 4988 594 5042 in
612 4990 725 5046 extremi
748 4994 879 5049 examinis
906 4993 960 5051 die.
1015 4995 1151 5053 aestimari.
1173 4994 1241 5050 Sunt
1255 5005 1345 5051 antem
1359 4995 1387 5050 hi
1401 5011 1507 5052 vermes
1528 4995 1646 5052 maxime
1664 4994 1807 5069 importuni

165 5076 236 5147 Quid
252 5092 320 5152 ergo
339 5077 440 5149 quaeris
453 5087 528 5134 extra
550 5079 691 5150 mundum,
711 5080 784 5152 quod
803 5082 832 5136 in
861 5082 961 5139 mundo
1014 5083 1157 5156 proposito
1182 5082 1315 5156 virginali,
1346 5098 1379 5140 eo
1406 5083 1480 5155 quod
1507 5084 1639 5157 magister
1678 5085 1806 5142 vermium

166 5168 264 5224 melius
283 5169 381 5225 trabere
399 5167 499 5240 poteris
521 5176 549 5224 et
576 5166 724 5225 securim?
753 5167 897 5226 Adduntur
919 5170 961 5226 tris
1013 5172 1177 5241 Beelzebud,
1191 5172 1237 5244 qui
1251 5172 1373 5243 primitus
1386 5171 1469 5230 Evam
1483 5170 1617 5248 virginem
1631 5172 1729 5232 ieviter
1744 5188 1805 5245 sup-

165 5258 304 5316 vermibns
328 5256 375 5314 alii
400 5273 510 5314 vermes
532 5255 674 5326 mortiteri,
694 5257 795 5315 scilicet
819 5258 962 5315 ditticnltas
1013 5263 1154 5337 plautavit,
1169 5264 1291 5320 semodo
1303 5265 1366 5334 jure
1379 5263 1472 5322 doleat
1485 5279 1501 5319 a
1515 5261 1687 5337 virgunculis
1707 5262 1805 5320 utnus-

166 5342 350 5402 claustralium
365 5355 571 5420 preceptorum,
594 5357 621 5403 et
637 5347 711 5419 quod
731 5349 821 5419 major
846 5356 889 5403 est
914 5361 961 5404 ca·
1013 5368 1066 5425 qua
1079 5367 1159 5408 serus
1175 5352 1254 5408 toties
1266 5352 1444 5423 supplantari.
1460 5351 1529 5410 Vide
1541 5364 1609 5422 ergo
1624 5361 1652 5409 ει
1677 5350 1805 5425 praevide,

163 5443 226 5505 tus,
254 5433 301 5488 ubi
322 5434 402 5490 ειιιεε
427 5436 540 5510 gradus,
562 5435 686 5494 ciborum
713 5437 830 5509 parcitas
845 5436 959 5509 ieiunis,
1013 5446 1042 5498 et
1062 5457 1184 5514 precave
1205 5454 1312 5497 vermes
1332 5441 1382 5498 tibi
1410 5441 1578 5517 insidiantes,
1597 5442 1678 5515 virgo
1699 5439 1805 5500 Christi.
