3706 5962
141 202 194 262 ati

690 198 880 261 initiatos
898 197 940 258 nt
956 197 1125 260 ttttttiuoitt
1144 197 1243 259 botro.

1734 196 1787 258 stt

141 343 220 394 creo;
241 326 381 384 etiterum
395 325 504 383 easdem
519 325 617 382 eadem
631 324 767 383 falcilitate
782 325 873 396 deleo,
889 324 932 384 rel
949 324 1021 418 giis
1034 327 1167 398 locorum,
1182 332 1209 383 et
1231 323 1370 384 solumina
1397 328 1549 394 tempomm
1575 321 1646 378 mira
1675 321 1788 380 festina-

77 439 83 445 ·
140 415 193 473 alio
207 424 286 488 atque
300 415 352 471 alio
380 415 460 472 modo
475 413 660 484 multipliciter
685 414 770 471 vario.
807 414 877 471 lllud
890 416 933 472 ιιι

141 505 208 562 illud
236 505 336 561 babere
364 503 498 572 desidero,
517 502 577 559 talis
606 503 651 560 vel
669 503 729 560 talis
755 518 815 559 esse
842 503 933 576 cupio,

141 594 218 667 quasi
233 595 309 649 Deus
322 591 388 649 illud
398 592 471 659 dare,
488 593 530 649 ιιι
544 595 625 650 talem
637 609 681 649 me
696 593 784 650 facore
794 592 933 661 nescierit,

141 688 256 757 autnon
274 682 402 754 potuerit.

63 767 64 771 ’
176 772 221 827 li.
238 771 261 828 0
276 776 367 828 custos
380 769 482 836 cordis,
498 785 579 842 quam
593 769 731 827 modicum
754 776 781 827 et
805 770 934 842 cupidum

140 861 300 919 corbabesl
327 875 440 931 parvum
468 869 518 929 est,
535 867 562 916 et
582 875 680 932 inagna
708 860 792 931 cupit.
822 861 874 916 Vix
902 859 936 915 ad

140 951 224 1008 nnius
238 947 311 1006 milvi
338 947 512 1005 refectionem
535 947 659 1006 sufficere
686 956 788 1021 posset,
814 956 841 1005 et
863 955 935 1003 totus

140 1039 260 1095 mundus
273 1039 299 1093 ei
316 1053 371 1094 non
390 1036 498 1094 sufficit.
515 1036 579 1093 Solo
592 1037 674 1093 corde
689 1053 738 1107 per
760 1043 844 1093 toturn
859 1052 937 1091 mun·

139 1127 204 1183 darn
217 1141 289 1198 vago
301 1134 377 1182 motu
396 1124 534 1182 discurris.
551 1125 614 1181 Sine
626 1125 740 1197 pedibus
754 1125 851 1191 curris,
877 1123 936 1181 sine

140 1214 266 1273 manibus
293 1215 421 1288 operaris,
449 1214 507 1269 alas
534 1229 587 1269 non
617 1214 711 1285 babes,
736 1222 763 1270 et
776 1213 866 1271 volare
881 1228 937 1271 non

140 1317 242 1360 cessas.
254 1302 368 1361 Divitias
391 1300 512 1375 quotidie
540 1315 702 1373 congregas,
731 1310 758 1357 et
772 1300 864 1358 satiari
882 1315 936 1358 non

138 1400 221 1464 potes
237 1391 349 1464 aepulas
366 1390 400 1446 ad
415 1388 685 1460 refectionemparas,
700 1388 804 1445 atinde
819 1405 874 1447 non
885 1404 936 1447 co-

140 1480 244 1545 medis:
261 1480 319 1536 baec
333 1487 361 1535 et
384 1479 429 1534 illa
442 1479 556 1551 cogitas,
580 1485 607 1533 et
621 1477 719 1535 falsum
737 1479 864 1551 estquod
888 1493 937 1534 oo-

139 1567 220 1642 gitas.
232 1566 304 1622 dudi
321 1566 467 1639 quomodo,
485 1575 515 1623 ut
528 1567 562 1622 de
576 1573 675 1623 caetero
688 1566 737 1624 tibi
753 1582 858 1624 caveas.
873 1566 938 1625 For·

138 1655 210 1713 ιιιιιι
225 1658 327 1730 mgn'tas
341 1655 423 1713 modo
437 1656 472 1712 de
486 1657 555 1726 sole,
570 1657 613 1713 rel
626 1656 661 1712 de
673 1656 765 1730 aliquo
780 1655 868 1714 enrico
879 1666 934 1729 tuo,

140 1750 188 1801 aut
201 1744 235 1801 de
248 1755 274 1802 te
288 1745 357 1817 ipso.
374 1743 403 1800 Si
417 1760 487 1800 unus
502 1753 544 1801 est
558 1744 608 1811 sol,
623 1744 705 1801 falsus
721 1753 763 1801 est
780 1746 832 1802 iste
855 1761 936 1818 quem

989 414 1063 472 tione
1087 426 1259 487 pertranseo.
1286 413 1411 485 Undique
1424 417 1499 483 patet
1512 411 1579 467 mibi
1599 410 1686 468 facilis
1700 419 1789 468 trans·

989 506 1051 575 itus,
1068 506 1146 581 agilis
1159 506 1309 572 discursus,
1321 505 1355 561 de
1370 501 1483 559 summis
1497 503 1532 558 ad
1547 503 1611 571 ima,
1632 508 1659 557 et
1676 501 1711 557 de
1725 502 1788 559 imis

990 594 1023 649 ad
1037 610 1157 668 summa3
1173 595 1208 652 de
1226 593 1321 669 primis
1348 593 1381 648 sd
1405 592 1560 660 novissima,
1577 593 1612 647 de
1629 591 1788 648 novissimis

989 683 1024 740 ad
1039 686 1133 755 prima.
1150 685 1238 758 Digne
1251 682 1383 756 explicare
1397 697 1450 737 non
1467 695 1587 752 possum,
1613 679 1686 752 quod
1701 681 1787 736 alter-

988 774 1108 830 nationis
1134 774 1230 830 modos
1244 771 1442 829 momentaneis
1470 769 1713 840 permutationibus
1742 770 1785 824 in·

989 861 1054 931 dao,
1069 871 1097 920 et
1114 879 1196 936 quarn
1211 861 1414 919 multiformiter
1423 874 1466 915 rna
1482 858 1671 915 alternantium
1686 857 1788 915 vicissi-

988 953 1112 1009 tudinum
1134 952 1252 1010 motibus
1270 950 1377 1008 variare
1400 949 1539 1014 consuevi,
1554 958 1580 1005 et
1603 947 1702 1019 quibus
1725 962 1786 1018 per-

988 1041 1186 1098 turbationibus
1197 1039 1319 1114 quotidie
1339 1037 1453 1096 afficior.
1473 1037 1552 1095 blodo
1567 1053 1609 1094 me
1623 1037 1650 1092 in
1661 1037 1784 1093 fiduciam

989 1129 1075 1202 erigo,
1091 1128 1212 1185 modain
1225 1127 1401 1184 diffidentiam
1415 1126 1493 1183 cado.
1508 1126 1585 1182 iluna
1599 1143 1649 1199 per
1661 1131 1786 1182 constan·

992 1217 1056 1274 tiam
1071 1218 1150 1290 rigor,
1165 1232 1237 1273 nunc
1251 1216 1393 1274 subitaneo
1400 1222 1505 1272 terrore
1519 1215 1677 1272 concutior:
1704 1212 1785 1269 niodo

989 1321 1032 1362 me
1046 1305 1193 1373 turbatim,
1207 1305 1290 1364 modo
1304 1305 1400 1380 ingens
1413 1302 1490 1360 furor
1504 1303 1633 1375 exagitat.
1648 1303 1705 1358 Nec
1721 1299 1788 1357 illud

990 1393 1058 1451 adeo
1080 1394 1191 1463 miram,
1216 1394 1289 1466 qnod
1312 1392 1394 1450 variis
1419 1391 1592 1465 qualitatibus
1615 1390 1788 1462 diversisque

992 1482 1239 1554 perturbationibus
1253 1497 1302 1553 per
1321 1481 1430 1553 singula
1444 1487 1582 1536 momenta
1601 1478 1723 1548 afficior3
1738 1477 1787 1535 scd

991 1572 1059 1630 illud
1073 1588 1154 1646 snpra
1178 1573 1289 1630 modum
1322 1569 1497 1642 stupendum,
1523 1569 1595 1640 quod
1609 1568 1660 1624 sub
1690 1567 1787 1623 eodem

993 1677 1062 1734 pene
1076 1669 1214 1718 momento
1230 1676 1303 1732 sape
1314 1657 1456 1719 contrariis
1466 1655 1654 1713 affectionibus
1669 1663 1784 1726 tangor:

992 1767 1064 1808 nuno
1076 1751 1149 1818 odio,
1161 1766 1233 1807 nnnc
1247 1764 1338 1807 amore
1353 1748 1454 1816 ducor3
1471 1747 1552 1803 modo
1579 1743 1688 1816 gaudio,
1705 1742 1787 1800 modo

138 1839 172 1890 tu
186 1834 307 1908 cogitans
321 1833 403 1908 fingis
419 1849 426 1889 :
443 1835 570 1908 quoniam
584 1834 631 1892 ille
645 1834 726 1890 certis
747 1833 815 1892 locis
830 1843 857 1890 et
870 1842 939 1890 tem·
993 1854 1109 1897 moerore
1123 1838 1261 1895 detrahor.
1277 1837 1364 1906 Quam
1379 1851 1451 1907 saepe
1462 1836 1533 1891 inter
1546 1835 1614 1889 mira
1627 1831 1786 1905 gratulatio·

142 1924 254 1997 poribus
266 1938 378 1981 cursum
392 1939 470 1980 suurn
490 1923 605 1995 peragit,
621 1924 701 1980 istum
720 1938 785 1981 vero
800 1923 939 1983 constituis
993 1927 1037 1985 nis
1051 1943 1119 1983 mete
1133 1925 1259 1998 tripudia,
1276 1925 1469 1997 superveniens
1484 1923 1628 1995 subitoque
1643 1936 1789 1993 emergens

142 2011 191 2069 ubi
206 2012 256 2069 vis.
274 2012 302 2068 Si
321 2028 392 2069 unus
407 2018 450 2069 est
462 2011 507 2069 illo
521 2012 623 2069 amicus
637 2020 709 2079 tuus,
725 2012 809 2070 falsus
833 2022 875 2070 est
888 2013 938 2070 iste
998 2015 1114 2073 tristitiae
1128 2031 1208 2073 causa
1222 2030 1267 2071 me
1281 2014 1456 2071 vehementer
1465 2012 1585 2070 concutit
1598 2027 1629 2067 ac
1643 2009 1746 2081 dejicit,
1761 2019 1789 2068 et

144 2116 224 2173 quem
238 2100 363 2173 cogitans
381 2099 482 2177 fingis:
504 2100 692 2173 quoniamille
708 2101 812 2174 ubisit,
828 2101 938 2171 nescis3
993 2118 1103 2162 ornnem
1130 2104 1204 2161 illam
1227 2102 1385 2160 exsultantis
1408 2102 1492 2158 animi
1512 2101 1564 2158 mei
1588 2100 1788 2158 solemnitatem

142 2188 225 2248 istum
240 2198 330 2246 autem
344 2190 392 2248 ubi
409 2190 461 2258 vis,
482 2189 572 2266 fingis.
597 2192 681 2247 Porro
709 2197 736 2245 te
769 2190 858 2264 ipsum
886 2191 939 2247 boc
992 2193 1084 2252 subito
1097 2193 1126 2249 iu
1140 2207 1284 2250 moerorem
1298 2192 1394 2250 vertit!
1413 2192 1492 2264 Saepe
1507 2192 1553 2247 diu
1568 2190 1735 2261 multumque
1747 2187 1789 2243 di-

144 2293 207 2335 esse
222 2280 280 2336 loco
291 2280 389 2347 sentis,
404 2287 431 2335 et
456 2287 547 2335 tamen
562 2277 691 2351 figmento
705 2277 876 2352 cogitationis
888 2293 938 2336 ra·
993 2279 1065 2338 fecta
1079 2279 1163 2338 nimio
1190 2280 1364 2352 postmodum
1378 2281 1440 2337 odio
1469 2294 1630 2351 prosequor,
1658 2286 1686 2333 et
1704 2277 1788 2332 vetre-

136 2364 188 2422 dis
201 2366 246 2422 ubi
256 2366 307 2435 vis,
322 2366 479 2440 etloqueris
493 2381 553 2422 curn
564 2366 723 2438 quibusvis,
737 2376 763 2423 et
777 2366 829 2424 lroc
845 2381 939 2424 verum
993 2380 1097 2427 menter
1117 2373 1267 2445 approbata
1284 2378 1366 2442 atque
1379 2369 1532 2426 desiderata
1548 2368 1637 2424 subito
1656 2367 1787 2423 detestor.

139 2469 198 2512 -non
217 2463 269 2525 est,
284 2455 346 2529 quia
363 2455 444 2512 modo
458 2455 494 2510 ibi
509 2471 562 2513 non
577 2471 616 2512 es.
628 2454 761 2525 Quoniam
776 2469 843 2530 ergo
871 2453 940 2510 falsa
994 2458 1047 2516 Sed
1070 2459 1132 2534 quis
1151 2460 1272 2517 omnium
1294 2475 1414 2516 mearum
1442 2457 1619 2515 affectionum
1642 2453 1789 2528 qualitates

143 2553 207 2601 tunt
220 2545 289 2615 baec,
305 2544 361 2601 noli
371 2548 469 2602 amodo
480 2543 543 2600 talin
557 2544 684 2617 cogitare,
700 2544 828 2613 sedjacta
837 2543 938 2618 cogita·
993 2555 1155 2606 enumerett
1181 2548 1243 2622 quis
1257 2563 1349 2606 omnes
1363 2546 1521 2603 variationis
1533 2560 1602 2601 meae
1616 2545 1712 2601 modos
1734 2558 1785 2598 ex-

139 2639 199 2696 tum
220 2641 297 2690 tuum
311 2633 339 2688 in
365 2633 491 2703 Domino,
505 2631 552 2705 qui
566 2640 592 2690 te
610 2630 672 2689 fecit
689 2644 717 2690 et
731 2631 834 2700 refecit.
858 2631 940 2706 elegit
993 2637 1094 2710 plicare
1109 2636 1244 2696 satietate
1261 2639 1332 2693 eene
1346 2644 1412 2708 quot
1435 2644 1498 2693 sunt
1511 2634 1681 2692 diversitates
1696 2648 1786 2693 rerum

120 2753 125 2766 =
144 2721 294 2789 etvocavit,
308 2721 480 2793 iudicabitet
493 2721 614 2778 salvabit.
993 2734 1032 2784 tot
1047 2735 1111 2784 sunt
1119 2726 1260 2784 varietates
1274 2726 1445 2783 affectionum
1461 2740 1589 2782 arearum.

178 2810 224 2865 ts.
239 2809 263 2867 Ο
277 2819 343 2883 quot
355 2820 383 2867 et
397 2810 492 2883 quanti
507 2811 558 2867 baa
577 2811 719 2866 haraeum
733 2823 766 2866 eo
777 2808 936 2881 loquuntur,

144 2913 264 2972 eamque
278 2900 306 2956 in
320 2900 472 2974 semetipsis
485 2898 693 2974 amplexantur!
720 2909 748 2956 ιιι
760 2912 826 2955 vero
844 2898 872 2954 in
895 2897 938 2953 his
1265 2854 1380 2911 CAPUT
1407 2853 1537 2909 XXXVI·

143 2989 288 3047 delectaris
305 3007 366 3063 quae
389 2999 504 3064 pereunt
525 2998 552 3047 et
571 2995 720 3057 transeunt,
734 2996 761 3046 ιι
774 2996 863 3045 tecam
877 3003 939 3045 ma·
955 2961 978 3042 0
994 2969 1145 3045 Responsio
1177 2969 1273 3044 flami
1296 2969 1472 3042 spiritualis,
1504 2984 1590 3042 fuam
1614 2967 1655 3024 δι’
1701 2964 1788 3023 ιἰὶῑῑῑ

143 3095 209 3138 nere
223 3096 276 3139 non
291 3082 418 3154 possunt!
431 3081 577 3138 Considera
592 3096 673 3154 quam
687 3079 860 3138 multimodo
879 3094 939 3136 mo-

143 3169 269 3238 riuntur;
289 3169 386 3243 quibus
401 3170 425 3228 si
439 3171 497 3228 lraec
515 3171 580 3227 bora
594 3171 629 3226 ιιι
651 3168 786 3243 agendum
801 3168 939 3244 poeaiten-

139 3257 207 3317 tiam
228 3261 431 3330 concederetur,
448 3275 508 3333 quae
523 3260 570 3317 tibi
586 3275 715 3318 concessa
729 3268 780 3329 est,
801 3261 939 3333 quomodo

145 3364 196 3421 per
216 3349 317 3420 altaria,
346 3357 372 3408 et
392 3365 473 3423 quam
508 3348 666 3405 festinanter
693 3357 841 3416 currerent,
861 3355 888 3406 et
901 3347 938 3405 ibi

144 3437 224 3496 ιιιιιίι
237 3440 362 3514 genibus,
377 3439 421 3495 rel
436 3446 509 3496 certe
524 3448 579 3495 toto
588 3452 702 3510 corpore
715 3437 743 3495 in
758 3448 856 3495 terram
871 3454 938 3510 pro-

145 3535 228 3586 strato
243 3528 345 3584 tamdiu
364 3527 540 3599 suspirarent,
557 3526 699 3598 plorarent,
711 3534 738 3582 et
752 3536 872 3593 orarent,
888 3528 938 3581 do-

144 3632 196 3675 nec
210 3616 397 3689 plenissimam
409 3624 583 3689 peccatorum
602 3613 708 3673 veniam
731 3615 817 3671 abeo
839 3629 939 3673 conse-

145 3705 192 3777 qui
206 3705 392 3761 mererentur?
416 3704 456 3759 Tu
478 3719 542 3761 rero
557 3702 732 3774 comedendo,
748 3702 877 3770 bibendo,
891 3705 939 3775 jo-

145 3793 246 3865 cando,
261 3801 288 3849 et
312 3792 439 3863 ridendo,
457 3798 565 3863 tempus
591 3791 677 3848 otiose
698 3790 813 3847 virendo
832 3790 937 3862 perdis,

148 3880 221 3954 quod
237 3879 284 3936 tibi
298 3878 446 3936 indulserat
463 3879 538 3934 Deus
552 3879 586 3934 sd
608 3876 799 3954 acquirendam
814 3879 937 3952 gratiam,

113 3972 117 3977 ’
146 3978 175 4026 ιι
189 3968 223 4024 ad
238 3968 445 4040 promerendam
459 3967 584 4038 gloriam.
600 3967 695 4041 Cogita
709 3967 787 4024 etiam
801 3968 938 4040 quoteni·

1203 3057 1364 3118 neccssaria
1377 3058 1424 3115 sai
1437 3057 1571 3132 cognitio.

1028 3168 1073 3224 ιιι.
1096 3167 1165 3225 Cum
1179 3166 1354 3224 interamnis
1376 3165 1512 3233 animalia,
1541 3167 1685 3221 humanum
1700 3176 1787 3234 genus

994 3264 1052 3314 tum
1065 3255 1183 3330 digniori
1197 3255 1294 3325 forma,
1325 3264 1382 3312 ιιιιιι
1407 3253 1523 3328 digniori
1538 3254 1657 3327 potentia
1671 3250 1787 3325 dignius

994 3344 1157 3417 reperiatur;
1183 3345 1256 3401 nulla
1283 3343 1392 3400 scientia
1411 3343 1506 3400 molior
1532 3350 1574 3400 est
1596 3341 1652 3410 illa,
1668 3355 1724 3414 qua
1737 3354 1787 3395 co-

993 3433 1190 3509 gnoscitbomo
1204 3450 1234 3491 se
1251 3434 1350 3507 ipsum.
1370 3434 1500 3506 Relinque
1511 3447 1580 3504 argo
1593 3431 1700 3497 caetera,
1717 3436 1745 3484 et
1760 3438 1788 3486 te

992 3521 1081 3594 ipsum
1096 3523 1199 3582 discute
1214 3541 1222 3580 ε
1237 3539 1288 3596 ριι
1302 3533 1329 3580 ιι
1342 3539 1429 3593 curre,
1446 3520 1515 3578 etin
1540 3528 1567 3576 te
1581 3521 1707 3576 consiste.
1722 3517 1745 3571 Δ
1760 3523 1787 3571 ιι

993 3612 1103 3684 incipiat
1117 3612 1244 3686 cogitatio
1259 3620 1315 3681 tua,
1329 3612 1391 3670 etin
1407 3620 1432 3668 te
1441 3610 1563 3678 liniatur3
1575 3625 1624 3666 uec
1638 3608 1738 3664 fmstra
1758 3604 1786 3661 in

994 3700 1045 3758 alia
1056 3702 1221 3759 distenderis
1248 3709 1274 3758 te
1298 3701 1434 3773 neglecto.
1455 3700 1558 3755 Praeter
1572 3699 1688 3754 salutern
1712 3703 1787 3751 tuam

993 3790 1059 3847 nibil
1074 3791 1195 3865 cogites3
1211 3789 1339 3863 quoniam
1365 3790 1393 3845 ia
1422 3789 1602 3862 acquisitione
1624 3785 1719 3844 salutis
1733 3792 1787 3839 tue

992 3894 1072 3936 nemo
1087 3887 1128 3935 est
1143 3879 1190 3935 tibi
1199 3877 1366 3953 germanior,
1389 3893 1469 3933 nemo
1483 3876 1663 3950 propinquior
1678 3874 1786 3945 teipso.

992 3967 1023 4025 Si
1036 3982 1101 4026 vero
1115 3967 1218 4040 aliquid
1232 3966 1387 4041 cogitationi
1402 3973 1454 4022 tuse
1468 3983 1498 4022 se
1522 3966 1628 4031 offerat,
1644 3963 1717 4036 quod
1731 3977 1787 4018 non

144 4071 199 4113 arae
218 4057 245 4112 in
259 4055 365 4115 inferno
393 4071 465 4112 nunc
488 4055 641 4113 cruciantur
659 4055 719 4113 sine
737 4071 786 4126 spe
804 4055 893 4115 reniae
910 4065 938 4114 et
993 4071 1103 4130 quoquo
1117 4056 1199 4113 modo
1213 4057 1247 4112 ad
1270 4055 1404 4129 tuiipsius
1418 4055 1532 4111 salutem
1550 4056 1692 4128 pertineat,
1715 4051 1788 4108 illico

144 4145 349 4203 misericordie.
366 4144 394 4201 st
409 4159 484 4204 antor
498 4142 547 4201 Dei
560 4152 686 4201 tetenerc
700 4160 755 4201 non
773 4152 870 4216 potest,
882 4146 937 4201 sal·
990 4160 1088 4217 respue
1099 4153 1127 4202 et
1139 4160 1252 4219 crispus,
1267 4155 1296 4201 ut
1314 4160 1428 4216 'semper
1447 4153 1473 4201 te
1485 4145 1575 4218 possis
1597 4142 1741 4212 inspicere,
1757 4146 1786 4196 et

147 4242 204 4292 tem
219 4241 309 4292 teneat
322 4240 349 4292 et
363 4241 462 4292 terreat
475 4233 557 4292 timor
567 4233 674 4305 judicii,
690 4242 779 4290 metus
795 4235 935 4307 gebennae,
953 4235 1025 4318 nde
1036 4234 1190 4310 cognitione
1206 4235 1243 4292 tui
1254 4235 1349 4292 venire
1362 4235 1397 4290 ad
1417 4234 1601 4307 cognitionem
1614 4232 1676 4289 Dei.
1689 4229 1788 4303 Agno-

147 4322 237 4395 laquei
255 4322 359 4391 mortis,
374 4322 483 4382 dolores
502 4322 610 4390 inferni,
625 4322 698 4396 ignis
718 4337 813 4390 urens,
840 4323 939 4381 vermis
992 4340 1067 4382 scere
1090 4339 1120 4382 sc
1139 4324 1220 4382 debet
1235 4325 1327 4391 homo,
1342 4323 1378 4379 ad
1407 4339 1468 4397 quta
1490 4324 1562 4380 bona
1576 4323 1611 4379 sit
1633 4318 1789 4377 naturaliter

147 4411 303 4480 corrodens,
320 4411 434 4483 sulpbur
449 4410 663 4480 fetens,ifamma
673 4416 797 4479 tartarea,
808 4417 836 4467 et
848 4411 940 4467 omnia
991 4413 1153 4487 promptior,
1168 4415 1208 4472 ιιι
1224 4413 1259 4469 ad
1274 4429 1334 4486 quae
1348 4411 1417 4469 mala
1431 4413 1591 4486 proclivior:
1608 4412 1708 4485 quibus
1724 4419 1788 4467 stu·

147 4501 228 4558 mala.
245 4502 352 4558 Discute
365 4500 455 4558 adbuc
474 4509 501 4557 te
516 4500 616 4573 ipsum,
631 4508 663 4558 at
688 4499 757 4556 scias
774 4499 840 4573 quid
868 4499 940 4557 desit
992 4502 1045 4560 diis
1059 4505 1159 4561 debeat
1171 4505 1360 4561 vehementius
1374 4504 1512 4572 insistere,
1526 4512 1620 4559 contra
1641 4518 1703 4575 quae
1716 4500 1787 4556 mala

148 4588 207 4659 tibi,
222 4604 256 4644 ne
270 4589 296 4644 in
314 4588 362 4645 illa
374 4588 469 4646 ultima
482 4588 649 4645 discussione
666 4586 754 4646 882
769 4604 861 4645 coram
877 4603 938 4646 ont-
992 4594 1089 4650 debeat
1104 4594 1248 4650 instantius
1273 4594 1406 4669 vigilare:
1421 4593 1519 4668 quibus
1542 4592 1678 4649 exercitiis
1702 4591 1791 4649 valeat

146 4675 228 4741 Ιιιιιιιιι
242 4676 423 4748 confundaris,
438 4678 462 4733 si
486 4678 596 4734 inventa
610 4677 689 4735 fuerit
703 4678 731 4734 in
757 4683 783 4736 ιι
802 4677 938 4752 iniquitas.
993 4684 1090 4740 melius
1103 4683 1268 4757 promoveri,
1282 4683 1381 4755 quibus
1406 4683 1480 4740 vitiis
1498 4683 1583 4741 valeat
1596 4674 1703 4739 facilins
1727 4693 1791 4736 cor·

420 4766 534 4823 CAPUT
553 4767 669 4824 XXXV·
993 4774 1083 4846 rumpi
1099 4791 1106 4831 :
1127 4775 1226 4847 quibus
1245 4773 1332 4846 culpis
1346 4775 1495 4847 subjaceat,
1512 4774 1555 4830 ιιι
1574 4771 1672 4846 quibus
1685 4766 1791 4827 meritis

149 4854 249 4928 Pergit
261 4855 393 4927 confiteri
407 4855 502 4913 carias
516 4860 546 4911 et
559 4855 709 4915 instabiles
722 4856 890 4928 affectiones
908 4873 940 4914 oc
994 4863 1121 4931 emineat,
1136 4871 1164 4920 ιι
1186 4863 1251 4937 quid
1274 4879 1323 4935 pro
1346 4864 1389 4919 bis
1411 4879 1500 4937 poenae
1513 4861 1555 4922 vel
1575 4861 1678 4936 praemii
1693 4873 1792 4929 exspe-

396 4944 627 5018 pertorbotiones
641 4962 716 5005 suos.
994 4959 1068 5010 ctare
1081 4954 1176 5010 debeat
1193 4968 1199 5009 :
1215 4963 1347 5026 quantum
1369 4954 1489 5026 quotidie
1509 4952 1642 5024 proficiat,
1657 4950 1701 5006 vel
1720 4946 1792 5004 defi·

184 5037 231 5092 ιι.
259 5034 347 5112 Digne
365 5049 492 5108 pensare,
508 5043 534 5090 et
557 5035 722 5093 sufficienter
735 5037 869 5094 estimare
885 5050 941 5093 non
994 5041 1067 5100 ciat:
1083 5058 1143 5100 curn
1162 5049 1262 5116 quanta
1276 5042 1356 5099 animi
1371 5042 1504 5099 industria
1525 5047 1633 5114 satagat
1656 5038 1792 5111 praeterita

149 5127 238 5199 valeo,
258 5143 320 5197 (ιιι
334 5127 368 5183 sit
378 5124 424 5181 illa
440 5135 492 5181 tam
507 5125 648 5199 multiplex
660 5125 855 5199 cogitationum
866 5141 941 5182 rnsa-
995 5134 1065 5187 mata
1087 5131 1163 5201 tlere,
1180 5133 1324 5205 praesentia
1344 5119 1491 5201 declinare,
1508 5130 1599 5186 futura
1617 5126 1791 5201 prevenire:

149 5230 210 5271 rum
224 5216 384 5285 volubilitas,
401 5225 428 5271 et
453 5221 509 5271 tam
522 5215 645 5289 inquieta
659 5226 687 5273 at
706 5214 881 5289 infatigabilis
895 5231 942 5273 ιι-
995 5236 1057 5277 cum
1070 5227 1170 5292 quanta
1182 5221 1264 5278 animi
1280 5221 1429 5278 constantia
1444 5219 1551 5276 studeat
1565 5232 1692 5290 reparare
1721 5215 1794 5272 bona

148 5301 256 5372 1001185.
271 5322 331 5377 ιιι
350 5322 398 5377 titt
413 5312 466 5360 iim
487 5305 583 5375 mulli,
598 5313 653 5361 lim
667 5304 751 5372 latii.
771 5311 825 5361 itm
837 5303 944 5359 infinifa
997 5311 1108 5381 amissa,
1123 5311 1258 5368 custodire
1272 5319 1300 5367 et
1314 5310 1497 5383 multiplicare
1520 5322 1654 5379 possessa.
1672 5304 1696 5362 0
1711 5318 1792 5376 quarn

150 5387 302 5450 discurrere
313 5411 358 5451 ms
372 5395 445 5453 facit.
466 5393 628 5453 Nullaenim
643 5393 830 5453 boraetnulfo
844 5403 945 5464 tempo-
996 5401 1150 5458 necessaria
1169 5399 1303 5458 discussio
1331 5408 1358 5456 et
1376 5415 1456 5471 quarn
1482 5396 1606 5454 miranda
1631 5393 1792 5468 speculatio,

152 5477 191 5535 ἰ’
201 5489 335 5540 mmm
348 5483 490 5557 (ιῑῐῑθιωῐθ
503 5497 626 5555 limum,
640 5482 688 5540 led
701 5499 750 5558 titt
763 5481 868 5541 infiniti
881 5496 944 5557 ιιι·
997 5495 1038 5547 tot
1048 5488 1132 5546 animi
1145 5488 1268 5561 virtutes,
1291 5494 1331 5546 tot
1356 5489 1416 5560 cius
1428 5485 1647 5556 exercitationes,
1668 5491 1707 5542 tot
1733 5485 1796 5554 eius
