3706 5962
168 142 222 231 ner
726 158 764 221 ιιι
783 158 885 221 ιιιιι
899 159 922 220 ιι
943 155 1121 218 assensus
1140 154 1259 218 sunno.
1338 162 1344 179 ·
1768 159 1820 223 saa

166 290 194 346 in
208 290 283 363 igne,
305 303 359 345 non
384 286 410 343 in
430 286 537 362 spiritu,
562 287 652 344 sedin
677 286 757 344 sibilo
780 303 854 345 anrae
876 286 963 345 tennis
979 301 1004 380 g
1019 286 1074 342 duo
1088 287 1197 356 pariter,
1214 283 1317 340 nisibis
1330 285 1486 342 convenerit
1503 284 1648 344 i0beatn
1662 290 1822 363 conventio,

165 379 239 434 visus
253 387 294 435 est
307 378 485 449 pertransisse
508 379 562 450 (ΙΙΙ
580 380 644 451 llep.
669 379 827 448 xrx,9·13).
851 376 901 433 llic
923 383 965 431 est
1020 388 1102 446 quam
1129 373 1161 429 ad
1191 373 1303 429 invicem
1332 381 1475 431 susurrant
1507 376 1591 431 oratio
1617 386 1645 433 et
1671 377 1821 438 meditatio.

165 466 210 523 ille
225 465 317 524 radius
341 466 517 522 suavissimus
535 465 784 539 contemplationis,
799 481 854 538 quo
876 465 965 521 anima
1018 462 1140 520 Proiecto
1159 463 1198 519 ire
1217 462 1372 519 desiderant
1391 463 1418 519 in
1437 465 1567 519 Emmaus
1581 466 1737 534 castellnm,
1753 469 1823 540 quod

164 572 215 629 per
239 555 392 612 cincinnum
426 556 522 627 capitis
544 555 677 622 elevatur;
707 571 767 612 cum
793 553 965 611 meditatione
1018 552 1052 607 ab
1084 551 1232 607 Jerusalem
1256 559 1297 607 cst
1324 552 1351 607 in
1379 552 1465 624 spatio
1490 552 1638 610 stadiorum
1670 557 1822 628 sexaginta.

164 645 366 715 exardescente,
390 653 416 699 ct
439 644 560 700 oratione
585 643 755 710 scintillante,
787 643 904 700 nascitur
937 642 964 697 in
1019 640 1217 713 sexagenarius
1231 655 1360 696 numerus
1374 657 1406 697 ex
1421 641 1533 698 denario
1547 646 1821 714 constatetseuario,

165 734 246 791 corde
269 733 373 803 jubilus
400 732 523 805 quidum,
556 732 661 788 scilicet
692 731 836 789 melliiluus
874 729 964 786 cordis
1017 745 1078 801 quae
1099 728 1189 786 sexies
1209 727 1311 796 decem,
1327 730 1368 785 vel
1388 729 1478 786 decies
1492 746 1538 786 scu
1554 729 1657 788 iaciunt
1671 736 1823 807 sexaginta.

166 822 247 891 risus,
262 837 344 894 quem
359 836 437 877 nemo
458 821 508 878 seit
531 821 584 877 nisi
612 822 658 893 qui
687 822 782 887 sentim
810 837 859 877 nec
883 821 964 876 etiarn
1018 816 1135 873 Stadium
1163 818 1239 873 locus
1258 826 1299 874 est
1322 817 1349 873 in
1369 833 1423 890 qno
1439 819 1568 875 curritur.
1587 819 1721 878 usuarius
1735 826 1822 897 signi-

165 909 282 984 ipsequi
298 910 387 980 sentit,
407 908 471 981 qnia
489 909 543 967 cito
563 911 715 982 pertransit.
737 909 810 964 Felix
826 908 961 975 bora,sed
1017 904 1081 961 iicet
1098 906 1276 978 Decalogum,
1300 907 1395 978 inquo
1415 907 1506 963 decem
1536 909 1726 967 mandatomm
1741 913 1824 970 series

164 996 258 1055 breuis
284 1013 369 1068 mora,
405 1000 468 1070 quia
498 1000 595 1056 iactum
617 1006 658 1055 est
686 999 821 1054 sitentium
841 998 869 1052 in
894 997 963 1052 coeio
1017 990 1335 1052 considerassemus
1358 994 1464 1052 senario
1488 995 1823 1073 veroiiguratursaeculi

165 1086 245 1159 quasi
273 1086 360 1143 media
387 1087 454 1143 hora
478 1088 573 1160 (Apoc.
592 1101 654 1154 vus,
672 1086 709 1158 l).
733 1087 839 1142 Norunt
862 1083 963 1158 experti
1017 1082 1225 1151 abrenuntiatio,
1241 1090 1267 1138 et
1282 1098 1387 1139 morum
1403 1084 1555 1153 conversio,
1573 1086 1690 1156 abjectio
1704 1091 1821 1161 propria

166 1190 227 1247 quae
242 1177 312 1244 dico,
324 1175 371 1248 qui
389 1175 448 1232 haec
463 1177 627 1246 experientia
651 1175 791 1233 suavitatis
805 1175 905 1230 intima
920 1173 963 1228 di·
1017 1171 1173 1237 voluntutis.
1190 1182 1215 1227 et
1238 1171 1353 1241 abjectio
1376 1172 1435 1228 sine
1461 1171 1523 1228 inco
1546 1173 1729 1233 simulationis
1744 1194 1752 1243 ;
1772 1195 1820 1236 cu·

166 1265 291 1322 dicerunt
307 1281 313 1319 :
330 1264 392 1335 quia
406 1280 467 1320 cum
484 1266 509 1320 in
520 1264 633 1323 fervore
653 1263 785 1320 orationis
799 1262 964 1319 admiscetur
1017 1259 1104 1317 stodia
1117 1259 1216 1327 cordis,
1230 1259 1436 1331 circumspectio
1457 1261 1600 1318 sermonis.
1627 1263 1656 1318 ln
1671 1263 1716 1319 his
1730 1266 1821 1322 stadiis

166 1353 247 1410 ardor
261 1352 452 1426 meditationis,
467 1353 586 1426 erumpit
604 1352 648 1408 ille
666 1350 902 1423 contemplationis
917 1365 963 1405 ra·
1016 1348 1180 1405 currendum
1202 1357 1260 1416 est,
1285 1358 1315 1404 nt
1341 1364 1403 1404 cnm
1434 1348 1567 1406 Dominus
1593 1350 1750 1409 dilataverit
1776 1371 1822 1412 cor

167 1440 228 1498 dius
242 1442 275 1499 dc
289 1441 380 1497 medio
394 1457 497 1510 earum,
514 1443 593 1515 quasi
609 1441 714 1513 specics
728 1440 829 1508 electri,
844 1441 897 1496 hoc
911 1447 962 1508 est,
1018 1445 1151 1508 nostrum,
1177 1452 1315 1492 curramus
1336 1436 1365 1491 in
1391 1436 1460 1494 viam
1483 1437 1673 1496 mandatorum
1697 1456 1819 1512 suorum,

165 1529 302 1587 demedio
329 1529 416 1605 ignis;
437 1538 464 1587 et
485 1529 608 1587 scintitlae
631 1529 706 1603 quasi
728 1530 789 1585 aris
817 1527 964 1594 candentis,
1018 1533 1125 1596 etpost
1146 1524 1321 1581 devolvamur
1341 1524 1472 1595 perviam
1489 1543 1496 1580 ε
1512 1526 1638 1585 etinbis
1653 1528 1820 1603 viisappro·

167 1619 282 1692 suspiria
295 1618 399 1675 seilicet
412 1619 587 1675 conscientia!
599 1618 750 1689 jubilantis.
981 1575 1154 1686 Bpinquans
1175 1613 1307 1670 Domitius
1324 1613 1414 1670 veniel
1435 1614 1522 1682 nobis,
1538 1615 1605 1672 sicut
1629 1617 1762 1691 scriplum
1782 1632 1821 1677 esi

202 1710 230 1763 l.
247 1708 429 1766 Ocutinutem
443 1708 561 1763 illorum
572 1706 751 1773 terrebuntur,
767 1722 802 1763 ne
812 1707 897 1763 ilium
916 1723 966 1777 np-
1020 1701 1054 1758 dc
1064 1702 1210 1773 Sapientia,
1226 1702 1289 1773 quia
1299 1706 1480 1774 preoccupes
1496 1703 1584 1775 quise
1597 1708 1820 1780 concupiscunt,

166 1801 326 1854 noscerent.
345 1794 509 1851 infirmitatis
529 1807 617 1851 aurem
635 1811 691 1851 suae
714 1795 820 1851 conscia
848 1796 967 1849 bumana
1020 1793 1050 1847 ira
1065 1790 1118 1847 uiis
1132 1792 1256 1848 ostendit
1271 1806 1300 1847 se
1310 1791 1369 1847 illis
1383 1791 1528 1858 hilariter,
1543 1798 1572 1849 ct
1585 1795 1618 1850 in
1632 1797 1716 1851 omni
1733 1801 1822 1869 prori-

166 1884 341 1952 oonscicntia,
365 1899 421 1954 prae
445 1882 572 1938 ineiiabili
600 1892 679 1939 tantm
717 1883 855 1940 suavitatis
878 1882 967 1954 gloria
1020 1878 1818 1952 deutinmtenditseiliis(Sup.v1,tl,t'l).iitaitadillos:

63 1978 66 1989 '
166 1971 359 2028 corrtrcmiscit.
381 1970 459 2027 Unde
473 1970 547 2028 Elias
571 1971 677 2027 vultum
704 1971 822 2044 operuit,
853 1971 965 2041 Elipbaz
1055 1973 1082 2025 6.
1105 1969 1243 2038 Quicunt
1258 1969 1288 2024 iri
1302 1983 1455 2037 sermones,
1471 1972 1821 2043 quoscocsertisndinui

166 2069 239 2118 totus
272 2060 426 2116 inhorruit:
448 2076 498 2115 nec
524 2061 632 2132 lloyses
659 2075 742 2115 ausus
777 2072 818 2116 est
845 2060 966 2131 aspicere
1020 2075 1080 2116 cern
1103 2057 1291 2124 ambulantes,
1312 2061 1340 2114 et
1357 2059 1425 2114 estis
1437 2058 1553 2115 tristes?
1571 2061 1757 2134 interrogatio
1775 2064 1820 2118 ista

165 2157 258 2206 oontra
272 2149 418 2206 Dominum
435 2148 535 2220 (Eruci.
546 2164 588 2204 ιιι.
605 2148 643 2222 6).
659 2150 731 2206 Etsi
744 2151 854 2207 evenerit
865 2148 901 2205 ed
911 2167 965 2220 me,
1020 2146 1120 2203 amoris
1134 2144 1320 2201 subministrat
1333 2145 1468 2215 incendia,
1479 2157 1506 2202 et
1514 2147 1592 2219 quasi
1607 2149 1703 2205 oleum
1713 2152 1820 2222 projici·

166 2238 203 2294 ait
216 2237 277 2307 lob,
290 2254 347 2295 nort
358 2236 614 2308 eustermonat,
630 2253 670 2308 rx,
688 2238 743 2307 til.
756 2237 836 2295 Oculi
850 2238 965 2295 iliorum
1020 2235 1101 2291 turin
1111 2234 1229 2290 ilanrma.
1245 2234 1314 2289 Dum
1331 2234 1403 2290 enim
1418 2235 1577 2308 peregrinus
1593 2237 1749 2311 interrogat
1761 2240 1820 2313 quid

168 2327 349 2386 tenebantur.
366 2325 389 2383 0
402 2326 425 2382 si
439 2327 586 2383 Dominum
610 2335 818 2400 cognoscerent,
838 2337 965 2398 quantum
1021 2324 1110 2381 tristes
1124 2323 1284 2380 adinvicem
1299 2323 1500 2395 colloquuntur,
1514 2334 1541 2381 et
1554 2324 1601 2380 iile
1620 2342 1706 2399 quern
1720 2337 1772 2384 tam
1786 2328 1820 2384 di

166 2416 335 2491 gauderent!
352 2414 491 2484 Quantum
513 2416 563 2488 ipsi
585 2417 777 2490 gauderemus,
798 2416 820 2471 si
848 2431 909 2471 curn
938 2417 967 2471 iu
1020 2413 1136 2471 lexerant
1150 2422 1177 2468 ct
1199 2408 1290 2469 adbnc'
1309 2411 1433 2485 diligunt,
1448 2412 1660 2470 admemoriam
1676 2415 1818 2487 reducitur,

166 2504 277 2578 propria
298 2505 388 2576 specie
402 2505 514 2578 propius
528 2503 702 2563 videremusl
718 2505 787 2575 Quis
814 2520 869 2562 non
884 2520 965 2561 acce·
1020 2502 1108 2558 dulcis
1122 2501 1200 2560 dolor
1223 2509 1423 2573 augmentatur,
1444 2511 1471 2557 ct
1496 2516 1572 2558 amor
1585 2502 1782 2562 semimortuus
1795 2508 1817 2562 in

165 2593 252 2661 deret,
269 2593 323 2651 imo
337 2585 456 2652 cur'reret
465 2603 491 2650 et
506 2602 609 2651 teneret
618 2596 703 2666 pedes
718 2594 798 2664 ejus?
811 2593 865 2650 Sed
879 2595 967 2651 adbuc
1020 2592 1153 2647 caminum
1170 2605 1348 2662 prorumpens
1356 2590 1390 2644 de
1398 2589 1526 2663 igniculo,
1538 2591 1564 2645 in
1579 2590 1713 2648 cordibus
1727 2609 1818 2650 eorum

166 2681 288 2754 loquitur
313 2683 415 2755 loseph
439 2698 488 2754 per
512 2682 688 2754 interpretem
718 2680 847 2738 iratribus
879 2682 964 2737 suis:
1021 2680 1208 2736 vehementius
1230 2678 1422 2735 debacchatur.
1453 2678 1507 2748 Qui
1525 2682 1595 2735 sunt
1615 2680 1647 2736 lui
1668 2696 1817 2754 sermones,

166 2769 256 2827 adbuc
269 2770 421 2826 dissimulat
434 2786 510 2825 suram
534 2770 612 2825 nobis
630 2769 758 2827 exhibere
779 2769 966 2826 dulcissimam
1020 2784 1099 2843 pecs,
1127 2779 1178 2826 etc.
1197 2769 1288 2834 Putas,
1320 2767 1347 2822 in
1368 2765 1530 2824 elocutione
1550 2768 1688 2841 peregrini
1705 2771 1817 2844 aliquan

166 2858 308 2918 visionem.
338 2858 408 2929 Quid
437 2858 508 2914 enim
523 2858 537 2916 l
552 2858 680 2915 mortales
694 2874 797 2927 snmus,
825 2869 852 2916 et
873 2859 967 2917 exsilio
981 2854 1003 2933 c
1018 2873 1073 2915 non
1101 2855 1279 2930 persentirent
1305 2855 1476 2913 dnlcedinem
1503 2856 1604 2913 amoris
1631 2857 1747 2917 divini?
1765 2862 1818 2917 lrno

166 2946 302 3021 degimus,
318 2963 367 3004 neo
385 2947 457 3002 illam
487 2947 615 3017 perfectae
641 2947 755 3004 visionis
782 2948 964 3004 laetabundum
1019 2955 1091 3004 totus
1115 2946 1142 3002 in
1170 2945 1294 3001 medullis
1311 2960 1406 3002 eorum
1434 2944 1530 3003 revixit
1556 2954 1583 3003 et
1607 2948 1730 3004 reiloruit
1748 2966 1820 3006 amor

165 3034 360 3092 beatitudiuem
373 3052 429 3106 prae
437 3035 608 3093 multitudiue
617 3036 710 3112 glorie
722 3051 818 3108 cupere
832 3036 963 3094 valemus.
1018 3034 1128 3092 Christi.
1147 3037 1199 3105 Qui
1207 3039 1276 3091 sunt
1287 3035 1317 3091 bi
1327 3048 1480 3102 sermones,
1491 3052 1565 3108 quos,
1575 3044 1625 3092 etc.
1636 3035 1726 3108 Dens,
1736 3038 1817 3103 Deus,

164 3122 232 3193 Quis
241 3125 312 3181 enim
326 3131 418 3197 posset
431 3125 502 3182 inter
515 3125 564 3182 illa
584 3125 774 3198 superfluentis
795 3125 965 3197 jubilationis
1017 3131 1134 3198 quantas
1172 3123 1347 3194 jubilationes
1375 3125 1433 3180 istae
1460 3124 1576 3180 tristitiae
1603 3134 1765 3199 genuerunt,
1796 3136 1820 3185 et

162 3213 262 3288 gandia
277 3214 391 3287 spIrare,
406 3230 468 3288 quae
496 3216 634 3272 dabuntur
655 3215 683 3271 in
703 3215 808 3288 patria3
837 3232 897 3272 cum
917 3217 963 3274 iila
1017 3231 1098 3289 quarn
1117 3230 1213 3271 suaves
1235 3215 1383 3272 suavitates
1411 3213 1561 3280 mminatae,
1583 3221 1612 3270 et
1633 3232 1717 3288 qnam
1731 3215 1819 3274 dulcis

163 3302 325 3362 etiamstiila
339 3303 499 3371 dulcedinis,
529 3321 609 3377 quam
637 3305 715 3361 nobis
736 3305 763 3360 in
781 3305 825 3362 via
843 3306 961 3379 exhibet,
1016 3307 1133 3378 suspirie
1147 3312 1307 3377 percurrunt
1321 3304 1347 3358 in
1368 3304 1450 3360 corde
1468 3302 1475 3359 l
1493 3304 1566 3360 Dono
1583 3305 1661 3374 lesu,
1681 3323 1764 3380 quarn
1775 3308 1818 3377 ju·

161 3391 189 3448 in
213 3393 297 3464 petria
311 3393 467 3468 peregrina,
484 3400 566 3450 totam
588 3402 707 3451 mentem
723 3393 847 3461 inebriet,
862 3402 889 3451 et
916 3404 961 3452 to·
1015 3395 1104 3450 cundo
1131 3393 1283 3450 consolaris
1307 3392 1439 3459 susurrio,
1463 3407 1534 3464 quos
1555 3391 1591 3450 de
1606 3401 1655 3450 tua
1668 3394 1750 3451 vides
1771 3397 1818 3451 ab·

160 3486 213 3538 tam
243 3482 332 3540 cordis
362 3483 530 3540 latitudinem
556 3483 633 3542 novis
654 3482 759 3541 deliciis
780 3484 962 3555 coangustet?
1015 3483 1100 3541 sentia
1127 3481 1316 3540 contristatos!
1340 3482 1429 3551 Quam
1450 3482 1564 3539 libenter
1578 3489 1652 3538 astas
1667 3485 1816 3553 orantibus,

158 3569 223 3627 ldeo
239 3573 399 3629 tenebantur
412 3571 484 3630 oculi
503 3589 608 3640 eornm,
630 3573 696 3645 quia
714 3573 847 3628 Dominus
862 3581 918 3629 erat
934 3575 961 3630 in
1014 3583 1041 3630 et
1065 3572 1169 3630 assistis
1200 3571 1408 3642 suspirantibus,
1432 3570 1580 3642 respiciens
1600 3587 1653 3643 per
1678 3571 1816 3641 fenestras,

159 3660 252 3716 babitu
266 3661 413 3735 peregrini.
429 3662 464 3718 Et
487 3677 550 3717 cum
564 3677 624 3718 eum
639 3661 760 3733 qnotidie
776 3662 960 3733 perspicimus
1014 3662 1186 3736 prospiciens
1210 3677 1260 3734 per
1284 3658 1437 3717 carveellosl
1455 3658 1541 3727 Quam
1564 3659 1708 3730 jucundus
1737 3662 1818 3718 butu

157 3747 187 3804 in
205 3747 281 3803 altari
293 3750 345 3805 sub
360 3751 451 3821 specie
466 3750 544 3820 panis
564 3749 665 3805 etvini
693 3749 835 3807 nobiscum
856 3750 959 3806 babitat
1014 3762 1076 3824 post
1090 3750 1221 3824 parictem
1244 3757 1375 3816 nostrum,
1403 3759 1432 3805 ut
1445 3748 1540 3805 audias
1568 3764 1653 3806 voces
1675 3750 1815 3817 orantium,

155 3835 186 3892 in
202 3837 295 3894 babitu
323 3839 472 3909 peregrini.
487 3839 584 3894 Nonne
609 3854 656 3908 per
684 3840 778 3895 oculos
804 3839 958 3914 intelligere
1013 3853 1040 3901 et
1067 3841 1224 3898 dulcescant
1258 3838 1304 3895 tibi
1331 3838 1443 3895 dolores
1466 3837 1649 3909 diligentium,
1673 3841 1710 3896 de
1736 3839 1817 3913 poenis

158 3938 305 3996 possumus
324 3939 443 3981 amorem
464 3934 490 3982 et
509 3925 674 3982 desiderium
690 3928 704 3984 ‘l
721 3926 862 3999 Diligimns
884 3929 956 3984 enim
1012 3931 1104 3987 rideas
1119 3927 1326 3985 innocentium!

157 4010 244 4070 Deum
260 4021 287 4070 et
304 4012 457 4086 proximum
475 4031 482 4068 τ
498 4013 684 4070 desideramus
699 4023 825 4087 regemet
839 4031 962 4088 regnum.
1052 4023 1080 4076 l.
1092 4023 1127 4078 lit
1137 4018 1309 4091 respondens
1320 4033 1405 4089 uuus,
1416 4016 1577 4075 cuinomen
1587 4018 1816 4092 cteoptccpttctt

156 4099 209 4158 Sed
223 4103 298 4176 qrria,
314 4113 343 4159 ut
356 4101 392 4158 ait
415 4102 513 4159 heatus
538 4102 699 4177 Gregorius,
720 4103 887 4176 incognitum
917 4115 957 4163 cst
1013 4113 1055 4173 et:
1070 4108 1197 4167 luscius
1208 4106 1374 4180 percprinns
1385 4122 1413 4165 es
1427 4107 1459 4163 in
1473 4106 1649 4176 Jerusalem,
1664 4112 1694 4164 et
1710 4126 1815 4170 nocco

155 4189 245 4259 nobis,
260 4192 324 4247 dnm
340 4192 367 4246 in
396 4192 449 4250 boc
462 4207 578 4265 corpore
594 4208 698 4261 sumus,
714 4203 844 4264 qnantum
860 4192 957 4268 diliga—
1014 4199 1138 4276 pnovr’sti
1152 4213 1214 4270 pace
1222 4195 1532 4268 sectaruntinitlalris
1543 4196 1662 4254 melus?
1673 4198 1813 4273 diespiter,

154 4295 218 4337 mus
235 4282 321 4337 Deum
335 4287 363 4338 et
377 4282 543 4354 proximum,
559 4290 586 4339 et
600 4283 709 4355 qnando
733 4299 766 4339 ex
781 4283 832 4341 boc
860 4284 956 4341 exsilio
1015 4290 1061 4365 qui
1077 4291 1267 4359 interpretatur
1291 4286 1444 4360 increpans
1469 4302 1525 4353 cre,
1546 4284 1662 4341 sormam
1694 4287 1815 4345 orationis

154 4369 378 4444 transmigrantes
409 4371 591 4443 adipiscamur
620 4387 743 4446 regnum,
764 4383 792 4429 et
819 4372 957 4430 videamus
1011 4380 1118 4439 videtur
1132 4376 1295 4448 exprimere,
1311 4390 1372 4447 qnae
1387 4374 1464 4446 ponit
1487 4390 1578 4431 coram
1592 4374 1655 4431 Deo
1671 4376 1814 4446 judicium,

153 4459 250 4528 Deum,
266 4459 413 4517 caecitatem
438 4461 554 4530 patimur
569 4461 724 4519 oculorum.
753 4462 828 4518 Unde
846 4463 874 4518 in
889 4463 956 4518 Ezc-
1009 4480 1035 4527 ss
1052 4467 1137 4542 replet
1163 4463 1393 4539 increpationibus
1417 4481 1448 4521 os
1474 4479 1570 4533 sunm3
1602 4479 1679 4522 nunc
1692 4479 1815 4524 assumus

154 4547 244 4606 cbieie
258 4548 367 4615 dicitur,
382 4548 447 4622 qnia
459 4557 536 4622 porta
551 4558 579 4607 et
598 4550 731 4608 thalamus
748 4551 832 4608 babet
855 4560 957 4609 tectum
1011 4556 1246 4625 cordisduritiam,
1267 4568 1340 4611 nnuc
1352 4553 1560 4610 inconstantiam
1577 4570 1585 4625 ;
1603 4569 1681 4611 nnnc
1706 4553 1815 4626 torporis

156 4634 269 4707 (lisseio
284 4652 332 4706 ιι,
348 4638 404 4709 13).
1011 4647 1112 4721 irigore
1126 4645 1312 4711 constrictum,
1332 4659 1403 4699 nunc
1422 4644 1514 4715 inepta
1529 4641 1624 4700 laetitia
1641 4643 1814 4701 dissolutum.

154 4734 160 4771 .·
194 4728 221 4780 tt.
236 4725 292 4781 Nec
308 4726 569 4795 praetermittendum
593 4735 634 4784 cst
658 4729 730 4799 quod
758 4728 956 4787 confabulando
1016 4740 1054 4795 ln
1069 4738 1146 4794 solus
1157 4735 1321 4808 peregrinus
1345 4733 1397 4805 es?
1415 4732 1502 4791 Corda
1521 4732 1590 4788 solet
1610 4733 1767 4790 amantium
1779 4731 1815 4786 la·

160 4812 957 4893 gradiuutnriucastellumlimmnus,quodcrutinspatio
1010 4825 1139 4883 miliarius
1168 4838 1268 4880 moeror
1297 4820 1513 4895 compunctionis
1535 4819 1661 4891 afficere,
1692 4838 1758 4881 cum
1783 4828 1816 4877 tot

155 4904 693 4977 stratorumrecapmtacolementum.
707 4907 957 4982 uutcccotloquium
1010 4915 1101 4975 videm
1121 4913 1187 4969 iude
1207 4912 1359 4984 specialiter
1379 4911 1498 4968 fastidire
1519 4909 1621 4976 studia,
1642 4918 1673 4966 et
1688 4912 1815 4968 caesur-

151 5002 185 5050 ct
211 4990 275 5050 ielix
317 4992 516 5062 confabulatio,
551 5010 611 5052 cum
640 4996 841 5053 meditationem
864 5005 958 5055 tractat
1010 5005 1051 5060 rio
1079 5003 1198 5059 eoetestis
1213 5002 1319 5072 pstriae
1348 5001 1511 5073 tepescentis
1525 4998 1648 5071 speciem
1664 5001 1814 5073 pietatisin

154 5081 252 5142 oratio.
281 5082 388 5138 liabent
410 5084 481 5138 cuim
510 5085 563 5141 mci
577 5092 605 5142 et
625 5086 665 5142 lac
692 5086 720 5141 in
741 5086 843 5161 lingna.
874 5087 956 5143 labia
1011 5094 1070 5151 solo
1083 5090 1208 5151 exteriori
1219 5092 1311 5147 babitu
1325 5093 1451 5147 retinere.
1471 5088 1629 5162 Respondet
1644 5106 1717 5164 ergo
1738 5092 1814 5148 Cleo·

153 5186 249 5229 eorum
268 5172 340 5231 sicut
354 5173 421 5229 vitta
436 5173 573 5245 coccinea,
590 5178 654 5232 dnm
667 5177 726 5232 brec
737 5173 831 5232 inritat
845 5177 880 5232 ad
892 5193 958 5233 con·
1011 5183 1088 5254 pbas,
1104 5183 1211 5255 quotics
1232 5179 1325 5237 talium
1351 5177 1494 5252 perditioni
1521 5195 1553 5234 cx
1583 5178 1692 5236 intimis
1717 5180 1813 5238 condo-

159 5268 291 5331 emptum
319 5262 428 5329 mundi,
457 5277 485 5321 et
510 5263 556 5322 illa
571 5265 665 5323 incitat
692 5266 726 5321 ad
748 5280 868 5323 amorem
898 5266 958 5327 oet.
1011 5272 1109 5341 lentes,
1139 5273 1202 5328 uses
1221 5270 1249 5327 in
1272 5269 1393 5326 oratioue
1419 5267 1586 5343 protundum
1605 5267 1814 5342 quaerimonias:

156 5344 235 5406 Dnde
249 5349 347 5409 dicium
360 5353 388 5408 in
402 5354 530 5412 Emmaus
557 5353 698 5427 proficisci,
725 5353 800 5427 quod
827 5355 960 5427 interpre·
1011 5361 1137 5430 Domine,
1167 5369 1197 5418 tu
1225 5361 1299 5417 solus
1319 5358 1394 5416 inisti
1416 5366 1537 5430 tempore
1555 5358 1708 5430 passionis,
1735 5358 1815 5414 abus·

157 5438 231 5501 iiiut
258 5439 432 5502 ἀσείἀιήιιιη
458 5445 583 5505 consilii.
617 5445 753 5523 Numquid
780 5441 956 5504 ambulabunt
1000 5459 1091 5529 ‚gente
1106 5453 1195 5523 Petro,
1211 5448 1333 5527 fugiente
1348 5447 1577 5526 discipuloqueuu
1596 5449 1723 5527 amabas,
1737 5446 1817 5511 oblito
