3706 5962
97 207 153 270 659
784 201 866 263 lllls
885 199 1036 262 ttlsttm.
1689 201 1758 267 600}

98 341 202 391 matum
223 333 363 390 charitatis
376 332 410 389 ad
437 331 566 402 ioricam,
594 338 624 387 ιι
646 331 727 387 istum
748 328 844 400 lilium,
861 336 891 384 ιι
907 342 931 421 Α
947 336 1011 384 sunt
1024 328 1125 399 recepti
1141 346 1148 384 :
1163 327 1235 385 unde
1248 327 1356 395 Paulus,
1371 328 1558 387 Reconciliati
1572 344 1675 386 samaa
1690 331 1744 390 Dea

98 422 178 478 istam
197 429 311 478 matrem
326 420 462 476 habendo.
481 420 596 494 Oquam
609 417 751 475 munificus
764 418 894 474 tacturas
945 433 996 491 per
1009 417 1178 490 sanquinem
1192 420 1284 490 ipsias
1297 418 1386 489 (Rom.
1402 433 1431 484 v,
1445 420 1473 483 ll,
1488 420 1546 487 id).
1561 416 1667 485 Tertia,
1682 434 1746 492 quas

98 511 127 566 in
150 510 253 582 nuptiis
275 509 337 574 tuis,
363 525 409 564 rex
434 518 463 565 st
486 522 598 581 sponse,
617 508 689 563 bone
706 505 789 563 Jesul
805 505 894 576 Quam
946 507 1078 563 habentur
1099 521 1164 578 erga
1182 521 1231 562 eos
1252 505 1299 578 qui
1319 520 1461 578 uunquam
1484 504 1594 562 luerunt
1613 506 1745 564 inimici:

98 598 174 670 large
189 614 249 668 quse
264 595 380 654 habuisti
394 597 484 652 omnia
498 595 650 652 tradidisti!
667 597 737 652 Ecoe
752 596 819 665 ipsis
833 611 894 652 cru-
946 598 980 652 de
994 611 1049 669 qua
1061 594 1147 662 idem,
1165 595 1317 667 operemur
1330 593 1433 650 bonum
1442 594 1478 651 ad
1491 609 1598 660 munes,
1609 596 1743 653 maxims

98 686 254 744 ciiiroribus
278 686 329 743 tuis
347 685 478 742 orationis
497 685 635 751 allectum,
651 685 761 740 Latroni
784 684 893 756 paradi·
946 689 1044 743 aulem
1057 682 1094 739 ad
1103 681 1343 752 domesticosfidci
1355 681 1462 754 (Galat.
1477 696 1514 737 m.
1527 683 1683 755 lt).Prima
1695 701 1745 741 au-

97 792 169 841 sum,
184 776 262 830 illatri
277 773 374 842 filium,
391 773 446 829 lilio
460 783 583 838 matrem,
606 775 718 830 mortuis
731 772 823 839 ritum,
840 789 894 829 ma·
947 780 1002 830 tem
1016 773 1152 830 charitatis
1166 770 1270 841 species
1288 771 1366 826 nobis
1386 770 1594 827 commendator
1607 770 1636 826 io
1651 772 1761 843 primo.

102 865 186 920 nibus
200 864 283 919 Patris
298 863 416 918 animam
430 872 513 927 tuam,
530 861 578 918 toti
591 865 693 918 mundo
708 862 785 933 signa
799 869 894 932 poten·
947 862 1040 928 verbo,
1064 860 1111 917 ubi
1134 859 1267 916 Dominus
1293 859 1371 915 lesus
1384 866 1444 915 orat
1471 874 1520 928 pro
1538 859 1668 916 inimicis.
1688 862 1742 918 Sc·

103 953 147 1009 tiae
156 961 208 1008 tuoe
219 951 365 1020 contulisti,
378 965 427 1022 pro
436 951 594 1006 redimendo
604 965 682 1007 servo
697 965 750 1006 non
760 965 793 1005 ex
807 957 894 1020 parte,
947 949 1047 1018 cunda,
1076 949 1120 1005 ubi
1154 947 1263 1004 Latroni
1290 946 1390 1016 petenti
1417 946 1571 1015 paradisum
1598 948 1744 1020 promittit.

102 1041 151 1098 sed
166 1050 249 1097 totum
273 1039 433 1113 sanguinem
451 1054 484 1095 ex
498 1039 590 1094 multia
604 1046 632 1095 et
653 1038 737 1110 largis
754 1037 895 1094 foramini-
948 1038 1048 1106 Tertia,
1067 1038 1114 1094 ubi
1132 1036 1233 1093 amicos
1255 1035 1407 1107 praecipuos
1433 1036 1586 1095 committit.
1600 1037 1743 1112 legamus
1769 1034 1776 1045 ‘

102 1129 154 1184 bus
165 1128 296 1198 effudisti,
312 1129 442 1201 proditori
456 1135 502 1184 tuo
521 1134 613 1184 reatus
625 1128 666 1183 sui
680 1142 801 1199 poenam,
816 1136 895 1183 terrae
948 1144 1017 1203 ergo
1035 1129 1132 1184 horum
1158 1126 1253 1182 umbra
1275 1124 1415 1181 loliorum.
1444 1124 1594 1181 Audiamus
1610 1131 1641 1182 et
1662 1142 1754 1184 exau·-

100 1232 203 1288 corpus
212 1233 267 1274 uon
277 1217 514 1290 corrumpendum,
522 1214 570 1271 sed
580 1216 615 1272 ad
627 1225 734 1287 tompus
742 1214 895 1273 reddidisti.
950 1219 1056 1275 diamus
1071 1217 1121 1273 hos
1138 1222 1237 1271 nostrae
1250 1213 1358 1270 citharae
1376 1228 1459 1269 sonos
1472 1213 1631 1271 dulcissima
1645 1216 1746 1271 modu·

137 1310 181 1362 3⁸.
199 1306 253 1363 Sed
268 1313 366 1363 movet
391 1321 447 1375 me,
466 1304 539 1376 quod
553 1320 617 1361 cum
636 1304 760 1372 dixisset,
784 1305 894 1375 ilalim,
950 1305 1046 1369 lantes,
1063 1310 1119 1358 eta
1141 1301 1247 1358 lemare
1271 1299 1360 1357 omnis
1377 1300 1494 1368 insidiae,
1508 1301 1575 1368 odii,
1596 1304 1657 1369 irre,
1673 1309 1701 1358 et
1712 1302 1747 1358 ab

100 1408 162 1451 scae
176 1393 256 1464 filias
272 1397 357 1459 tuam·
377 1392 525 1464 subjunxit,
541 1392 610 1450 Ecce
631 1395 725 1448 mater
745 1395 898 1447 tauream
951 1392 1026 1449 omni
1047 1390 1226 1447 amaritudine
1240 1389 1421 1454 detractionis,
1437 1389 1609 1459 adulationis,
1629 1390 1758 1447 simulam

98 1481 193 1554 utique
211 1481 292 1537 etiam
307 1481 331 1538 si
345 1482 397 1537 hoc
417 1496 473 1536 non
494 1481 686 1551 subjunxisset,
710 1479 891 1536 necessarium
945 1481 1036 1546 tionis,
1053 1480 1198 1550 adjuvante
1211 1477 1326 1535 Domino
1340 1477 1387 1550 qui
1402 1485 1445 1534 est
1457 1478 1660 1548 veracitaritas,
1676 1487 1746 1535 tem·

97 1570 193 1627 luisset
206 1585 266 1627 eam
289 1585 351 1627 asse
374 1579 487 1626 matrem
503 1568 589 1626 443
603 1569 683 1638 illius,
704 1567 749 1640 qui
763 1567 790 1623 in
805 1567 890 1624 lilium
954 1584 1081 1647 peremne
1107 1567 1197 1640 ipsum
1223 1566 1251 1623 in
1278 1567 1404 1622 omnibus
1431 1566 1568 1623 charitatis
1588 1567 1748 1640 spedonna,

100 1658 152 1714 sibi
168 1658 248 1714 datus
262 1661 332 1714 crat.
345 1657 398 1713 sed
419 1659 471 1712 hoc
493 1665 595 1712 mutuae
608 1656 746 1712 charitatis
766 1654 894 1713 allectum
914 1612 937 1690 Β
953 1661 1043 1719 animo
1058 1659 1144 1715 simas
1159 1663 1186 1713 et
1206 1655 1333 1728 operibus
1347 1654 1494 1712 imitantes.

98 1746 167 1801 milri
182 1744 372 1801 commendare
385 1744 500 1800 ridetur.
526 1743 594 1799 Sunt
614 1743 686 1798 enim
700 1742 833 1812 nonnulli,
847 1745 895 1815 qui

100 1834 135 1889 ab
150 1831 276 1888 omnibus
290 1829 375 1886 amari
391 1831 494 1896 volunt,
515 1831 563 1886 sod
576 1830 667 1886 nullos
690 1829 788 1888 allecta
801 1842 895 1886 mutuo

98 1918 324 1990 complectantur.
346 1917 449 1974 Nolunt
467 1926 497 1973 ιι
518 1932 612 1974 eorum
626 1918 733 1974 labores
747 1928 773 1974 at
787 1917 896 1975 dolores

98 2007 268 2071 allevientur,
284 2012 312 2061 et
325 2020 389 2062 cum
403 2003 524 2060 letantur
543 2018 560 2060 a
582 2005 715 2075 pluribus,
730 2005 782 2076 ipsi
796 2006 896 2062 nullius
987 2013 1088 2071 uastis.
1103 2029 1165 2085 cap.
1180 2024 1265 2075 xxva,
1280 2007 1303 2081 ἢ]
1316 2011 1361 2065 46.

98 2110 182 2152 onera
196 2094 290 2151 solunt
310 2102 428 2163 portare,
445 2102 500 2149 etc.
522 2093 583 2149 Non
608 2093 661 2149 hoo
679 2094 751 2150 enim
772 2094 896 2151 Christus
986 2105 1031 2158 ιο.
1056 2101 1111 2157 Sed
1127 2102 1185 2171 jam
1208 2100 1243 2155 ad
1264 2108 1389 2170 quartum
1415 2097 1513 2153 iulium
1532 2096 1692 2164 ridendum,
1719 2104 1762 2154 st.

99 2183 202 2250 docuit,
225 2190 272 2238 aul
285 2181 361 2249 iecit.
385 2181 505 2238 Portaril
523 2180 593 2236 enim
609 2196 694 2238 onera
709 2189 764 2253 lua,
780 2183 896 2239 invitans
949 2200 1072 2265 quartam
1091 2190 1221 2247 chordam
1244 2186 1418 2254 audiendam,
1432 2187 1543 2243 oculum
1557 2185 1639 2241 simul
1654 2196 1682 2243 aa
1693 2199 1746 2244 gu.

98 2279 137 2335 te.
153 2279 180 2326 el
200 2278 230 2326 lu
248 2286 331 2327 onero
353 2277 444 2339 Ρῡῐῑθδ
457 2269 538 2336 illius,
556 2270 582 2324 id
602 2279 654 2338 0⁸¹2
669 2280 699 2326 1¹²
714 2283 742 2326 ¹1¹
756 2272 896 2343 μθιίθῠθδ
950 2295 1008 2336 rem
1022 2278 1114 2336 cordis
1125 2277 1292 2348 adaptemus.
1311 2277 1414 2330 acutos
1427 2275 1493 2345 petit
1505 2276 1559 2331 hoc
1571 2273 1666 2330 lolium
1680 2289 1746 2331 ocu·

98 2359 172 2415 illius
186 2357 311 2416 imiteris.
327 2358 453 2415 Christus
466 2358 538 2414 euim
562 2374 661 2431 passus
679 2369 720 2416 est
742 2359 896 2429 relinquens
950 2368 999 2434 10³,
1013 2382 1092 2423 aures
1105 2366 1175 2421 bene
1190 2371 1319 2435 purgatas
1342 2364 1400 2418 ιιι
1414 2363 1514 2419 chorda
1533 2378 1541 2417 τ
1566 2361 1621 2419 imo
1636 2371 1666 2419 et
1686 2360 1747 2429 ipss

98 2447 178 2503 nobis
191 2448 354 2517 exemplum,
374 2454 404 2501 ut
417 2461 561 2519 sequamur
575 2447 686 2522 vestigia
705 2446 765 2516 ejus
778 2448 805 2518 (l
816 2450 895 2506 Patr.
950 2470 1068 2529 purgare
1082 2459 1110 2509 et
1123 2467 1220 2508 acuere
1243 2458 1334 2524 potest
1347 2465 1428 2506 aures
1447 2457 1474 2505 et
1492 2450 1596 2515 oculos,
1610 2450 1678 2521 quia
1690 2450 1747 2520 ism

98 2553 130 2605 n,
146 2536 203 2608 at).
220 2537 277 2593 Hoc
292 2548 319 2592 et
333 2536 425 2593 docuit
439 2552 500 2592 cum
512 2537 626 2591 narrem
638 2535 788 2607 Discipulo.
803 2549 830 2593 et
844 2538 897 2592 tta-
950 2560 1005 2600 non
1018 2540 1175 2614 sinpliciter
1189 2542 1241 2597 noc
1255 2540 1365 2596 vernum
1379 2547 1410 2596 ut
1423 2547 1518 2595 aaran
1531 2537 1597 2593 dicit
1613 2536 1747 2593 Dammae

100 2625 134 2681 lli
158 2623 323 2696 Discipulum
343 2634 440 2681 mutuo
461 2624 681 2682 commendavit:
698 2624 826 2681 nimirum
844 2641 895 2681 ιο·
949 2633 1043 2702 lesus,
1060 2630 1280 2687 seduttastatur
1299 2626 1561 2700 evangelistarum
1579 2626 1675 2681 horam
1692 2638 1747 2680 aa·
1785 2680 1788 2684 .

99 2715 160 2770 lens
182 2721 212 2769 ιι
226 2713 345 2770 charitas
366 2712 513 2785 spiritualis
526 2729 557 2768 er
574 2729 627 2768 una
641 2723 716 2784 parte
732 2713 828 2787 trigida
850 2729 895 2770 re·
949 2717 1268 2777 numenclamatitlcsas
1281 2732 1348 2772 voce
1358 2730 1463 2787 magna,
1475 2714 1545 2780 aaa,
1557 2712 1763 2782 dalidam·

98 2807 241 2868 maneret;
255 2801 302 2856 sed
317 2810 346 2855 ιι
358 2800 437 2856 simul
452 2799 626 2868 dormientes,
642 2800 670 2856 id
684 2810 735 2867 est,
749 2801 777 2857 in
791 2819 855 2861 vera
868 2813 896 2862 el
948 2807 1139 2866 sabacthani?
1161 2805 1232 2878 paad
1250 2809 1292 2861 est
1314 2804 1549 2875 interpretatam,
1564 2803 1640 2858 detta
1654 2815 1763 2863 matta.-

100 2907 167 2961 pura
182 2889 311 2946 charitate
326 2888 406 2945 simul
419 2889 599 2958 quiescentes,
614 2894 706 2945 mutuo
721 2891 851 2960 calefiant,
867 2894 895 2949 id
910 2877 932 2956 c
947 2901 1020 2955 Deus
1030 2912 1121 2962 meus,
1132 2892 1237 2966 utquid
1247 2893 1422 2964 dereliquisti
1430 2909 1476 2949 mc
1487 2890 1563 2958 ,90ιί
1572 2890 1643 2946 oculi
1652 2888 1747 2946 iulium
1760 2912 1765 2921 ·

100 2988 150 3044 est,
167 2978 237 3034 alter
249 2980 284 3033 ab
298 2975 382 3035 altero
395 2977 429 3032 ad
442 2976 580 3032 charitatis
594 2977 722 3033 exercitia
736 2988 831 3035 mutuo
846 2997 895 3039 ac·
951 2987 1000 3041 hoc
1014 3000 1069 3039 aon
1083 2983 1213 3039 rideant?
1227 2979 1295 3048 Quae
1309 2997 1388 3038 aures
1397 2980 1467 3034 hanc
1480 2977 1608 3034 chordam
1621 2991 1679 3032 nou
1693 2992 1747 3032 au·
1761 2998 1765 3021 =

99 3067 257 3122 cantantur.
273 3067 330 3121 Hoc
344 3064 417 3119 euim
431 3075 473 3119 est
485 3063 581 3120 efficax
597 3065 705 3137 signum
720 3081 792 3123 rarae
807 3075 834 3123 at
847 3086 896 3140 pu·
950 3072 1025 3128 diant
1034 3074 1048 3127 l
1058 3072 1148 3140 Quare
1157 3086 1223 3140 erpo
1238 3068 1369 3133 clamarit,
1386 3067 1438 3122 nisi
1452 3074 1482 3121 ιι
1496 3064 1749 3122 lortiusaudiaturi

102 3171 140 3210 rae
153 3154 302 3220 charitatis,
313 3152 385 3224 quod
406 3152 433 3206 ιιί
446 3152 494 3221 qui
507 3151 684 3221 spiritualiter
698 3165 897 3213 connectuntur
951 3159 1049 3229 Quanti
1064 3158 1114 3215 luit
1126 3156 1239 3225 doloris,
1250 3165 1339 3228 putas,
1355 3154 1531 3210 acerbissima
1540 3154 1598 3208 ltssc
1610 3151 1748 3225 magnitu-

1236 1760 1352 1818 carot
1379 1761 1443 1817 ΧΠ.

949 1876 989 1933 Dc
1003 1876 1103 1946 paarto
1122 1868 1285 1943 sollertiis,
1304 1883 1353 1924 seu
1367 1871 1470 1941 quarto
1483 1867 1563 1924 vario
1579 1867 1690 1926 Christi
1705 1853 1762 1924 ‘lat'

985 1957 1077 2007 cruca,
1092 1944 1178 2005 Deus,
1194 1939 1269 1995 Deus
1283 1954 1369 2006 meus,
1383 1938 1479 2012 utquid
1492 1938 1662 2011 dereliquisti
1677 1938 1763 1996 mei·

100 3259 151 3315 per
174 3258 270 3315 puram
290 3240 444 3296 charitatem
468 3242 501 3296 ud
516 3240 645 3297 exercitia
660 3241 808 3311 spiritualia
823 3245 895 3301 alte·

101 3340 207 3387 rutrum
221 3331 380 3395 accendunt,
400 3339 430 3386 ut
444 3328 571 3386 devotius
585 3345 673 3397 orare,
694 3331 794 3403 sapius
807 3349 896 3405 penu-

101 3419 220 3488 llcctare,
237 3417 408 3493 frequentius
429 3417 601 3489 disciplinam
623 3419 792 3490 corporalem
808 3423 897 3479 susci·

100 3524 166 3579 pere
178 3509 280 3573 libeat;
295 3507 432 3581 praecipue
441 3522 503 3562 cum
517 3522 569 3564 nec
582 3507 713 3572 invideat,
723 3507 778 3564 imo
789 3516 818 3565 ιι
831 3524 898 3566 con·

102 3597 219 3669 gaudeat
234 3611 328 3652 amans
342 3595 464 3668 quisque,
491 3595 514 3651 si
534 3596 630 3653 tertius
651 3595 694 3651 vel
717 3604 838 3669 quartus,
852 3597 896 3653 vel

103 3685 194 3755 plures
208 3685 242 3738 ad
261 3683 419 3739 chamlatem
437 3682 512 3737 illius
535 3698 616 3754 quem
635 3693 736 3753 amant,
752 3700 782 3740 se
796 3686 896 3757 adjun-

102 3779 188 3843 gant:
205 3770 353 3826 dummodo
367 3770 433 3824 tales
447 3768 511 3835 sint,
531 3784 647 3840 quorum
662 3770 827 3829 familiaritas
842 3789 897 3830 non

102 3862 137 3914 sit
149 3865 291 3929 suspecta3
316 3865 344 3914 at
359 3857 385 3912 in
400 3856 441 3911 his
464 3856 600 3924 omnibus,
617 3866 643 3913 et
657 3858 684 3912 in
698 3859 740 3914 his
762 3860 896 3917 similibus

103 3945 242 4003 charitatis
260 3947 366 4001 fervore
385 3945 612 4015 perseverantiam
635 3956 805 4009 conservent.
833 3951 895 4006 Non

104 4035 177 4090 enim
193 4035 294 4090 bonum
310 4033 416 4089 ridetur
436 4022 561 4089 habuisse
574 4034 676 4091 iontem
692 4036 766 4091 rivus
781 4038 895 4094 chanta-

951 3250 995 3315 do,
1010 3263 1071 3304 cum
1096 3249 1149 3302 hoc
1166 3245 1298 3300 Dominus
1313 3244 1379 3299 lesu
1393 3250 1450 3298 toto
1469 3256 1587 3313 corpore
1607 3239 1748 3296 distensus

952 3334 1104 3392 clamabat?
1119 3334 1174 3390 Sed
1189 3347 1254 3389 care
1277 3346 1310 3387 ne
1328 3341 1437 3401 pmpter
1457 3330 1602 3386 clamorem
1618 3337 1701 3400 putes
1712 3327 1748 3386 ad

952 3423 1147 3496 impatientiam
1161 3421 1295 3491 dilapsum
1310 3419 1454 3475 Dominum
1473 3419 1579 3481 Jesump
1596 3430 1660 3472 cum
1673 3417 1747 3471 enin

952 3511 979 3566 in
995 3508 1080 3567 sm
1090 3525 1195 3566 summa
1208 3506 1296 3565 crucis
1308 3515 1379 3562 esset
1388 3503 1577 3570 amaritudine,
1587 3501 1655 3558 nihil
1664 3501 1749 3558 exirit

951 3599 986 3656 de
1001 3598 1062 3671 ejus
1076 3599 1167 3666 eorde,
1183 3596 1234 3652 nisi
1253 3592 1378 3651 dulcedo.
1402 3594 1559 3650 Patientiam
1575 3590 1661 3658 anim,
1676 3589 1749 3648 siout

950 3688 978 3744 in
990 3686 1186 3760 sequantilolio
1195 3693 1223 3741 et
1232 3682 1335 3741 chorda
1344 3680 1526 3750 ostendemus,
1541 3679 1569 3733 in
1578 3678 1748 3734 amarissima

950 3775 1077 3848 passione
1089 3773 1214 3837 retinuit3
1231 3771 1311 3828 ataui
1324 3767 1427 3826 doloris
1436 3766 1748 3840 magnitudinemostatt·

951 3864 991 3919 dit
1005 3881 1013 3918 :
1028 3861 1142 3934 quadiu
1160 3864 1237 3916 nesto
1252 3859 1314 3924 Job,
1328 3858 1374 3932 qui
1384 3857 1575 3925 interpretatur
1590 3854 1704 3919 Dolens,
1719 3859 1747 3908 al

950 3949 1041 4008 tarbis
1056 3959 1083 4006 et
1095 3949 1173 4006 lactis
1189 3950 1249 4019 ejus
1268 3947 1345 4020 prius
1356 3953 1492 4002 ostensum
1503 3944 1572 4013 luit;
1588 3942 1634 4013 qui
1647 3941 1748 3998 auditis

950 4039 1104 4095 nuntiorum
1119 4036 1209 4094 serbis
1223 4034 1429 4092 amaritudinem
1444 4031 1527 4088 ammi
1543 4031 1612 4087 loris
1626 4030 1747 4088 ostendit

104 4124 139 4180 tis
153 4122 296 4196 aliquando
314 4123 480 4178 decrescens.
496 4123 627 4178 Amemus
641 4139 708 4197 ergo
722 4131 750 4179 et
763 4140 812 4180 nos
825 4126 894 4182 inri-
911 4142 935 4221 n
950 4127 978 4183 in
993 4126 1093 4184 verbis.
1109 4125 1207 4182 Scissis
1220 4124 1293 4181 enim
1307 4123 1427 4181 restibus
1441 4132 1468 4177 at
1482 4128 1560 4176 tonso
1578 4118 1655 4175 edna
1667 4117 1746 4188 capi-

102 4228 173 4278 com,
197 4222 225 4268 et
252 4211 353 4268 amoris
379 4209 527 4278 silicas-iam
550 4212 677 4282 operibus
695 4215 895 4284 approbemus3
950 4216 984 4271 tis
1005 4215 1106 4272 corruit
1120 4216 1147 4271 in
1163 4225 1273 4271 terram.
1286 4214 1358 4269 Eece
1376 4207 1535 4282 magnitudo
1549 4207 1665 4264 doloris.
1678 4206 1748 4264 Post

101 4302 165 4376 quia
177 4301 237 4358 talis
247 4301 363 4358 charitas
375 4316 408 4357 ex
423 4300 481 4356 Deo
492 4306 544 4371 est,
555 4316 616 4372 quae
631 4299 692 4356 linis
704 4307 746 4358 est
755 4303 895 4375 praecepti,
952 4305 1003 4360 hoc
1017 4305 1055 4360 ait
1077 4321 1084 4361 ι
1105 4305 1242 4362 Dominus
1255 4301 1342 4364 dedit.
1366 4299 1504 4357 Dominus
1518 4295 1656 4364 abstultis
1669 4297 1748 4354 sicat

100 4402 127 4448 et
140 4408 201 4465 qaae
215 4391 301 4463 legem
317 4389 422 4463 implet.
952 4393 1070 4451 Domino
1084 4394 1203 4467 placuit,
1215 4395 1259 4450 ita
1268 4393 1380 4465 sactum
1395 4394 1437 4445 eat
1448 4407 1457 4444 :
1467 4388 1507 4444 sil
1517 4402 1621 4446 momen
1630 4385 1747 4442 Mati

410 4477 525 4536 carot
543 4477 590 4535 Xl.
951 4479 1128 4540 benedictam
1142 4482 1211 4554 (lob.
1227 4496 1247 4545 ι,
1266 4480 1323 4549 il).
1347 4478 1417 4533 Ecca
1440 4475 1527 4532 virtus
1553 4473 1698 4544 patientias.
1714 4471 1745 4529 Si

102 4589 138 4643 lle
152 4585 243 4643 tribas
252 4585 405 4643 claritatis
415 4584 625 4667 φθάσωμεν
637 4581 696 4638 tria
707 4585 804 4655 priora
814 4585 896 4644 verpa
948 4570 1082 4640 patienter
1095 4567 1222 4625 sustinuit
1235 4567 1286 4622 lob
1299 4563 1423 4621 miserias
1432 4577 1508 4626 suas,
1522 4569 1623 4632 quanto
1637 4557 1745 4632 patieu-

385 4656 598 4712 commendatss.
950 4656 1004 4713 tius
1013 4655 1245 4728 putasDominum
1258 4655 1352 4710 lesum
1361 4649 1519 4708 sustinuisse
1532 4661 1642 4704 crucem
1651 4661 1743 4717 snam,

138 4745 183 4798 39.
198 4741 251 4798 Sed
265 4743 293 4797 in
310 4743 395 4797 tribus
409 4743 528 4797 verbulis
553 4745 722 4812 pertractatis
736 4754 790 4802 tres
802 4746 894 4803 chari-
949 4759 999 4816 pro
1014 4759 1066 4817 qua
1080 4744 1240 4800 sustinenda
1253 4739 1387 4799 venerati

101 4831 162 4889 tatis
176 4829 281 4902 species
295 4831 361 4885 mihi
390 4830 574 4886 commendari
587 4830 723 4888 videntur.
749 4834 817 4902 Una,
833 4849 894 4906 quoe
985 4835 1029 4888 dl.
1044 4831 1123 4900 Quod
1137 4839 1223 4886 autam
1238 4830 1296 4886 haec
1314 4829 1394 4884 verba
1408 4825 1566 4896 loqueretur
1578 4835 1612 4878 ex
1626 4834 1745 4894 persona

98 4922 215 4977 liabetur
228 4919 261 4975 ad
277 4918 400 4973 mimicos
422 4915 502 4971 etiam
523 4917 689 4974 reconciliari
704 4920 839 4987 nolentes,
860 4922 895 4979 de
948 4921 1066 4977 hominis
1080 4921 1222 4993 assumpti,
1235 4919 1280 4977 oui
1299 4934 1360 4975 cum
1375 4916 1434 4986 ipso
1449 4916 1507 4971 Deo
1529 4911 1600 4970 Filio
1612 4927 1668 4968 uns
1681 4925 1744 4981 par·

97 5027 152 5081 qua
166 5009 232 5066 dicit
240 5009 370 5070 loannes,
384 5007 542 5077 attipomas
556 5007 717 5078 Dominam,
729 5011 777 5082 pai
791 5008 894 5068 drama
947 5025 1015 5065 sona
1038 5008 1098 5078 luit,
1125 5015 1199 5082 patet
1218 5023 1265 5079 per
1293 5007 1347 5062 hoa
1369 5004 1444 5076 quod
1466 5005 1513 5073 ait,
1528 5000 1649 5059 Doralns
1667 5001 1743 5057 mm

97 5115 148 5154 nos
162 5098 189 5169 (l
212 5101 293 5155 loon.
315 5109 355 5160 tv,
376 5092 432 5167 ta),
448 5108 509 5149 oum
525 5094 612 5151 adhuc
629 5110 753 5151 essemus
770 5097 892 5154 inimici:
947 5096 1296 5169 meusrquodutiqoenon
1307 5089 1744 5164 diaeretipsequiuuusastileas

98 5196 125 5244 et
136 5188 188 5243 hoc
201 5195 243 5242 est
256 5200 361 5242 summa
376 5194 402 5241 et
416 5186 505 5258 magia
520 5184 679 5241 admiranda
693 5184 811 5242 dilectio.
827 5186 893 5242 Dili-
947 5201 1009 5243 cum
1024 5187 1110 5255 Patre,
1122 5185 1173 5242 nisi
1187 5184 1324 5240 hominem
1338 5180 1540 5252 assumpsisset.
1552 5177 1623 5246 Quid
1637 5188 1682 5236 est
1692 5193 1744 5234 au·

97 5291 163 5346 gere
177 5275 248 5330 cuim
270 5273 394 5332 inimicos
410 5273 496 5349 magis
509 5274 628 5330 divinum
642 5282 683 5331 est
697 5290 777 5347 qnam
793 5276 891 5330 leuma-
946 5279 1000 5326 tam
1016 5273 1146 5347 hocquod
1156 5271 1203 5340 ait,
1218 5270 1319 5346 atrata
1331 5286 1376 5328 mc
1394 5265 1588 5340 dereliquisti?
1606 5263 1743 5336 numquid

57 5418 60 5427 ,
96 5378 173 5421 num.
193 5363 325 5434 Secunda,
349 5379 410 5436 qma
433 5364 549 5421 habetur
562 5365 596 5420 ad
609 5377 659 5421 eos
681 5365 728 5437 qui
747 5364 891 5438 aliquando
945 5359 1021 5418 Pater
1029 5377 1113 5418 unum
1122 5376 1201 5416 suum
1210 5359 1309 5415 Filium
1320 5364 1423 5428 poterat
1432 5351 1738 5428 derelinquereidbsit.

94 5449 714 5524 tumntmntamapmareemamtnue,
730 5454 758 5510 n
772 5453 890 5528 prmum
945 5439 1744 5521 &speonnamsuetoscproaupronum
