3706 5962
48 218 106 283 493
604 216 716 278 usblr.
737 216 777 277 DE
796 217 933 279 HUllde
951 217 1156 283 tolutatura
1506 234 1512 243 '
1650 225 1705 289 let

47 339 84 396 m
99 342 152 397 boc
165 349 205 396 est
219 346 305 395 totum
318 338 420 393 bonum
436 338 584 410 bominum,
610 355 691 397 nosse
708 340 809 398 scilicet
823 349 850 397 et
866 355 889 433 g
906 357 985 413 quam
1001 357 1118 414 sequens
1133 343 1289 415 coinquinat
1299 342 1385 413 culpa.
1409 344 1505 402 Omnis
1523 348 1611 404 bonus
1638 348 1703 405 obe-

54 444 148 485 amare
163 427 320 484 Creatorem
336 443 423 482 suurn.
904 428 981 485 diens
998 430 1044 484 dat
1061 447 1141 486 suum
1163 430 1240 497 velle,
1262 442 1288 487 et
1311 448 1389 488 sunm
1405 433 1485 500 nolle,
1501 446 1529 490 ut
1552 437 1637 506 possit
1655 437 1702 494 di-

85 519 131 572 ta.
153 516 221 586 Quae
234 531 301 590 ergo
316 530 367 569 nos
378 515 432 587 agit
442 516 561 582 vesania,
574 516 698 572 vitiorum
713 517 789 573 sitire
802 520 850 572 ab·
903 533 966 574 cere
978 535 984 573 :
995 521 1134 577 Paralum
1144 523 1388 588 corrneom,Dcus,
1403 525 1594 593 puratumcor
1608 542 1702 584 menan

55 604 202 674 sintbium,
218 604 301 674 liujus
319 603 413 659 mundi
436 604 512 676 sequi
526 605 705 680 naufragium,
719 607 781 662 uitae
808 606 849 661 la·
903 607 993 678 (Psoi.
1008 624 1074 680 eurr,
1090 608 1128 681 1).
1152 611 1280 665 Paratum
1295 610 1474 684 quodcunque
1488 613 1650 685 preceperis
1664 615 1703 670 ia·

48 693 143 750 beatis
157 694 215 766 pati
230 692 417 761 infortunium,
432 691 522 765 impim
536 695 682 766 tyrannidis
702 695 772 752 ferre
795 695 849 751 do·
904 711 975 766 cere,
1010 705 1134 769 paratum
1165 698 1311 754 adnutum
1331 698 1410 754 citius
1433 700 1551 768 obedire,
1579 711 1701 774 paratum

50 783 177 854 minium,
193 790 289 839 elnon
312 780 399 855 magis
419 781 561 840 convolare
574 783 608 838 ad
624 791 779 841 sanctorum
793 783 850 839 ieli-
903 784 952 840 tibi
980 802 1085 856 vacare,
1109 787 1239 858 proximis
1254 786 1415 855 ministrare,
1444 788 1578 860 meipsum
1606 799 1702 848 custo·

47 870 169 940 citatem,
186 873 220 927 ad
235 871 401 944 Angelorum
411 869 498 928 825
512 875 688 939 societatum,
712 873 745 928 ad
754 872 850 929 solem·
903 873 973 943 dire,
993 874 1059 930 etin
1084 875 1234 932 coelestium
1263 875 1490 948 contemplatione
1517 877 1700 951 requiescere.

45 961 160 1018 nitatem
176 975 303 1032 superna
325 958 434 1033 laetitiae,
450 969 477 1016 et
505 961 538 1016 ad
559 961 756 1030 jucunditatem
780 977 849 1019 oon·
903 961 1033 1019 Amabilis
1048 964 1149 1032 socius,
1178 964 1305 1021 omnibus
1331 973 1371 1020 nst
1404 964 1558 1033 officiosus,
1588 975 1614 1023 et
1638 969 1703 1026 nulli

50 1048 222 1123 templativae
245 1048 315 1116 vitae,
345 1056 374 1104 ut
389 1047 524 1121 possimus
545 1050 643 1107 intrare
668 1051 695 1105 in
716 1050 850 1122 potentias
903 1066 1046 1110 onerosus.
1061 1052 1195 1109 Omnibus
1213 1061 1253 1109 est
1282 1052 1433 1119 officiosus,
1450 1054 1512 1126 quia
1535 1055 1649 1113 deuotus
1666 1057 1701 1113 ad

47 1136 173 1204 Domini,
195 1145 223 1194 et
236 1137 326 1193 ridere
341 1139 590 1210 superabundantes
603 1137 709 1197 divitias
723 1139 782 1194 illas
797 1140 848 1195 bo·
903 1136 997 1205 Deum,
1010 1140 1143 1214 benignus
1156 1141 1189 1196 ad
1204 1142 1366 1212 proximum,
1381 1142 1490 1198 sobrius
1503 1143 1537 1197 ad
1551 1145 1699 1214 mundum;

48 1225 221 1284 nitatis‘llbi
236 1225 402 1294 vacabimus,
431 1235 457 1282 et
478 1226 627 1284 uidebimus
654 1244 734 1301 quam
763 1227 850 1284 dulcis
904 1228 1009 1284 Domini
1040 1245 1145 1296 servus,
1176 1229 1294 1301 proximi
1322 1233 1426 1298 socius,
1455 1231 1698 1294 mnndidominns.

46 1326 86 1376 est
104 1317 254 1385 Dominus,
274 1324 301 1372 et
325 1332 408 1389 quam
423 1331 522 1391 magna
541 1319 684 1375 multitudo
698 1316 848 1374 dulcedinis
905 1315 1053 1388 Superiora
1076 1318 1155 1374 habet
1183 1317 1216 1372 ad
1245 1319 1385 1390 gaudium,
1410 1318 1572 1392 aequaliaad
1590 1336 1701 1380 consor·

45 1407 116 1478 ejus.
134 1404 297 1461 Videbimus
314 1406 409 1481 gloriae
437 1406 571 1474 decorem,
588 1416 741 1464 sanctorum
757 1406 850 1478 splen·
903 1405 981 1474 tium,
997 1406 1125 1463 inferiora
1136 1406 1168 1461 ad
1184 1406 1334 1465 servitium.
1346 1407 1421 1464 Nulli
1435 1416 1476 1465 est
1492 1424 1638 1482 onerosus,
1653 1412 1701 1468 sed

46 1495 185 1554 deremet
212 1493 294 1571 regiae
308 1496 447 1565 potestatis
469 1496 616 1553 honorem.
645 1495 849 1570 cognoscemus
906 1491 1034 1553 inferiora
1044 1495 1145 1568 redigit
1159 1495 1192 1550 ad
1210 1494 1348 1552 utilitatem
1365 1496 1528 1563 mediorum,
1557 1505 1584 1555 et
1599 1499 1632 1554 ad
1647 1500 1701 1555 bo·
1784 1529 1789 1535 ·

49 1582 136 1641 Patris
157 1584 317 1656 potentiam,
347 1582 406 1638 Filii
428 1584 596 1654 sapientiam,
621 1583 739 1656 Spiritus
762 1583 848 1639 sancti
904 1599 999 1641 norem
1027 1584 1221 1653 superiorum:
1249 1584 1388 1656 superiora
1421 1601 1549 1657 sequens,
1571 1586 1700 1646 inferiora

46 1670 271 1744 maigmssimam
285 1670 471 1741 clementiam
487 1681 514 1729 et
537 1671 574 1729 ita
595 1671 756 1728 habebimus
778 1671 850 1728 noti·
866 1631 889 1707 Β
904 1674 1026 1743 trabens3
1039 1672 1072 1726 ab
1092 1671 1145 1726 illis
1170 1688 1318 1742 possessus,
1350 1673 1399 1728 ista
1421 1673 1574 1744 possidens.
1599 1675 1700 1732 Fidelis

50 1762 115 1818 uam
140 1759 221 1817 illius
249 1776 363 1817 summae
385 1760 531 1816 Trinitatis.
556 1761 638 1817 Nunc
658 1775 774 1833 corpora
802 1777 849 1832 per
903 1777 998 1817 servus
1014 1771 1055 1816 est
1073 1760 1100 1814 in
1115 1758 1342 1832 contemplatione
1360 1760 1419 1828 Dei,
1439 1770 1466 1817 et
1493 1763 1616 1820 custodia
1648 1765 1725 1837 sui„

48 1864 149 1922 corpus
174 1847 310 1920 ridemus,
335 1849 467 1925 imagines
491 1850 569 1905 etiam
589 1864 734 1923 corporum
755 1849 849 1922 spiritu
904 1847 1041 1906 Custodiae
1051 1863 1117 1921 ergo
1132 1858 1184 1904 tuae
1194 1849 1292 1904 adhibe
1306 1849 1381 1920 prius
1395 1864 1501 1906 omnem
1520 1848 1699 1922 diligentiam.

48 1939 213 1996 cernimus:
229 1945 369 1995 tuncuero
387 1938 473 2011 ipsam
494 1937 649 1994 Trinitatem
663 1953 731 2010 puro
745 1939 849 2010 ¹mentis
907 1938 1013 1994 Deinde
1027 1937 1184 2010 intelligens
1198 1945 1224 1993 te
1239 1953 1377 2010 nunqnam
1393 1952 1474 2010 posse
1487 1937 1613 1996 suilicere
1627 1941 1660 1996 ad
1676 1948 1702 1998 ta

49 2026 144 2084 intuitu
157 2024 320 2082 ridebimus.
337 2026 360 2082 0
374 2027 451 2082 beata
464 2026 546 2083 risiol
559 2026 652 2083 videre
666 2029 753 2084 Deum
765 2027 792 2082 in
807 2043 849 2082 se·
902 2014 1109 2084 'custodiendum
1138 2034 1181 2082 tua
1199 2026 1340 2093 industria,
1364 2026 1481 2085 divinam
1508 2025 1623 2100 implora
1642 2029 1701 2087 cle-

49 2113 117 2187 ipso,
132 2114 234 2171 ridere
247 2113 276 2170 in
291 2115 381 2186 nobis,
398 2125 424 2170 et
448 2130 497 2172 nos
520 2115 546 2169 in
561 2131 594 2171 ao
609 2115 680 2172 lelici
695 2115 850 2186 jucundita·
907 2116 1046 2173 mantiam.
1056 2116 1178 2187 itemque
1193 2115 1226 2170 ad
1240 2115 1474 2186 contemplandam
1489 2116 1515 2171 in
1530 2123 1557 2172 te
1567 2115 1703 2174 Crantoris

51 2216 72 2260 te
97 2213 129 2260 et
156 2203 279 2274 jucunda
309 2202 447 2260 felicitate!
465 2203 601 2275 Quidquid
629 2203 849 2278 desiderabimus,
905 2203 944 2261 tui
955 2204 1121 2262 uoluntatem
1135 2203 1232 2260 bonam
1256 2211 1283 2259 et
1299 2203 1517 2273 beneplacentem
1531 2211 1612 2277 atque
1635 2221 1701 2277 per-

52 2301 134 2348 totum
151 2292 326 2358 babebimus,
362 2291 428 2346 nibil
457 2292 572 2363 amplius
599 2292 783 2350 desiderantes
801 2312 807 2349 :
825 2300 852 2349 et
906 2292 1017 2361 lectam,
1037 2290 1186 2365 angelicam
1209 2306 1290 2348 exora
1316 2291 1437 2360 tutelam,
1472 2292 1704 2366 patrociniumque

53 2381 183 2454 quidquid
212 2381 377 2450 ridebimus,
395 2380 556 2452 amabimus,
572 2380 633 2452 ipso
657 2396 747 2437 amore
761 2382 850 2448 beati;
907 2381 1027 2439 omniurn
1047 2397 1109 2438 cum
1133 2379 1239 2436 Christo
1262 2378 1432 2454 regnantium
1455 2396 1538 2451 super
1565 2388 1591 2437 te
1625 2396 1702 2453 roga.

51 2469 118 2527 beati
134 2467 281 2527 dulcedine
296 2469 395 2527 amoris
418 2477 444 2525 et
459 2469 592 2525 suavitate
605 2470 851 2542 contemplationis.
910 2469 993 2525 Curre
1003 2484 1054 2540 per
1068 2468 1200 2542 singulos,
1224 2468 1348 2539 supplica
1362 2466 1486 2539 singulis,
1503 2475 1529 2524 ει
1546 2470 1625 2524 simul
1641 2485 1703 2526 om-

53 2557 111 2616 llaec
136 2559 193 2615 erit
218 2573 323 2614 summa
353 2557 424 2614 illius
444 2557 687 2629 contemplationis,
715 2559 776 2615 hoec
802 2558 853 2615 erit
909 2558 988 2614 nibus
1008 2558 1134 2613 clamaet
1155 2556 1218 2612 dic:
1240 2556 1413 2611 Miseremini
1435 2558 1501 2627 mei,
1527 2555 1705 2616 miseremini

55 2661 156 2705 marma
170 2646 247 2703 illius
265 2646 411 2719 felicitatis,
426 2647 554 2721 quoniam
582 2645 748 2718 intelligetur
761 2646 788 2703 iu
803 2661 852 2703 suo
909 2648 976 2715 cnei,
989 2647 1092 2705 saltem
1105 2661 1161 2714 cos,
1177 2644 1265 2700 amici
1284 2645 1341 2702 mei
1355 2643 1414 2717 (lob
1432 2659 1488 2712 xrr,
1504 2644 1561 2716 11).
1585 2645 1706 2719 Recipite

56 2751 118 2806 puro
133 2751 197 2793 esse
226 2735 332 2792 sincera
355 2734 489 2805 divinitas,
504 2735 747 2807 comprehendetur
770 2735 797 2790 in
821 2752 853 2792 ea
909 2733 1050 2807 fugitivum
1071 2743 1203 2803 vestrum,
1232 2732 1280 2788 sed
1300 2732 1465 2803 fratruelem,
1481 2733 1529 2788 sed
1543 2734 1706 2808 mnsaugui·

10 2830 12 2887 ξ
59 2823 335 2896 incomprehensibilis
363 2824 490 2879 Trinitas.
514 2824 646 2881 Patebunt
665 2839 763 2886 arcana
784 2824 854 2880 dici·
911 2839 992 2880 neum
1008 2822 1036 2878 in
1055 2821 1186 2894 sanguine
1208 2820 1411 2892 Redempturis.
1433 2821 1473 2876 En
1488 2837 1591 2895 pauper
1605 2828 1660 2878 stat
1674 2823 1706 2879 ad

60 2912 158 2978 uiuum
175 2912 313 2970 ridebitur
327 2919 354 2968 et
372 2913 505 2968 amabitur
522 2912 597 2969 Deus
612 2932 619 2968 :
635 2919 661 2967 ει
676 2914 736 2969 boec
749 2912 817 2968 visio
830 2923 857 2969 et
872 2908 894 2987 c
912 2911 1022 2979 ostium,
1038 2911 1134 2967 clamat
1161 2918 1188 2967 et
1202 2910 1304 2983 pulsat.
1320 2909 1431 2982 Aperite
1451 2910 1578 2983 pulsanti,
1598 2919 1625 2967 et
1638 2927 1707 2969 cun·

62 3001 200 3058 delectatio
222 3008 308 3057 totum
331 3015 378 3057 cor
404 3000 521 3057 luuninis
544 3000 660 3072 implens
684 3009 711 3056 et
737 3001 854 3068 satians,
910 3001 1000 3058 ducito
1014 3016 1076 3057 eum
1103 3015 1190 3073 usque
1205 2999 1239 3054 ad
1252 2998 1365 3071 Degem,
1390 3005 1420 3054 ut
1443 3006 1598 3070 prostratus
1617 3015 1709 3058 coram

62 3097 108 3148 tota
122 3090 176 3147 erit
192 3088 266 3145 illius
291 3088 465 3145 beatitudinis
491 3089 694 3145 consummatio.
723 3090 782 3145 Una
805 3091 856 3146 erit
911 3104 944 3146 eo
972 3089 1092 3145 indicem
1113 3085 1202 3146 aee
1215 3087 1241 3144 ei
1254 3103 1348 3145 omnes
1365 3087 1489 3144 miserias
1503 3097 1530 3144 et
1548 3104 1644 3147 omnes
1661 3104 1708 3145 ne·

15 3180 19 3215 ἱ
64 3179 176 3235 omnium
207 3178 310 3253 lingua,
333 3177 462 3248 jubilatio
477 3177 619 3246 indelessa,
650 3177 854 3244 unusallectus,
910 3178 1050 3235 cessitates
1064 3191 1132 3250 quas
1155 3177 1251 3250 patior.
1281 3177 1323 3232 Ad
1352 3183 1504 3233 extremum
1518 3193 1583 3235 reru
1597 3177 1708 3251 prelato

17 3278 21 3317 t
66 3281 131 3326 anor
148 3276 277 3324 eternus.
302 3266 406 3323 Patebit
421 3267 528 3336 veritas,
544 3265 700 3338 implebitur
725 3266 853 3330 charitas;
910 3274 956 3323 tuo
970 3282 1015 3325 eor
1039 3276 1116 3322 tuum
1139 3265 1288 3322 cumomni
1309 3264 1439 3336 progenie
1454 3265 1624 3339 reconsigna.
1639 3265 1709 3327 Nule

18 3342 24 3421 'l
69 3356 164 3415 sterit
196 3355 301 3430 integra
331 3355 454 3427 corporis
469 3366 495 3411 ει
520 3354 616 3410 animae
643 3357 858 3426 societas[sortc
909 3356 1002 3412 lumin
1031 3360 1217 3411 eoremaneat
1237 3359 1385 3424 peccatum,
1402 3352 1708 3426 quodnonpnracon·

70 3443 193 3519 munel.
212 3443 337 3519 Fulgebit
360 3445 429 3501 sicut
451 3444 489 3500 sol
504 3443 659 3500 humanitas
682 3443 854 3515 glorificata:
907 3442 1025 3501 sessione
1038 3443 1172 3499 doleatur.
1199 3439 1288 3498 lesum
1307 3440 1443 3497 Christum
1461 3441 1543 3496 etiam
1561 3458 1645 3516 super
1661 3458 1710 3501 cor

66 3533 146 3604 quien
158 3534 212 3591 crit
235 3542 262 3589 et
280 3548 394 3591 concors
412 3532 500 3590 camis
521 3539 549 3588 et
572 3533 681 3604 spiritus
709 3532 821 3589 societas
846 3550 852 3587 :
909 3549 986 3589 suum
1014 3530 1085 3587 siout
1106 3529 1275 3604 signaculum
1294 3544 1375 3601 pone.
1401 3529 1557 3586 cumcuim
1585 3529 1708 3589 Christus

66 3622 219 3695 Angelorum
244 3631 270 3679 et
285 3621 424 3678 hominum
441 3621 492 3679 erit
505 3619 635 3694 gaudium
650 3636 745 3685 unum,
768 3635 853 3676 unum
909 3620 998 3679 cordis
1008 3618 1103 3675 ostium
1118 3617 1245 3690 custodit,
1260 3624 1339 3675 otest
1351 3617 1442 3675 cordis
1465 3618 1602 3690 ostiarius,
1616 3627 1645 3676 ut
1660 3637 1709 3691 per

65 3709 230 3783 colloquium,
255 3727 337 3768 unum
352 3710 514 3768 convitium.
530 3709 590 3767 Non
605 3708 748 3784 languebit
761 3724 853 3779 amor,
909 3709 988 3765 illum
1016 3708 1206 3782 ingrediantur
1233 3713 1260 3764 et
1300 3706 1472 3782 egrediantur
1486 3723 1582 3764 omncs
1600 3708 1708 3765 iamdiae

65 3798 239 3871 nacliquefiet
270 3797 391 3856 dilectio.
408 3797 599 3864 Praesentibus,
616 3799 742 3855 omuibus
765 3799 855 3868 bonis,
910 3797 1011 3867 cordis,
1040 3804 1238 3871 consequenter
1252 3797 1350 3853 adsunt
1368 3795 1453 3853 millia
1475 3797 1588 3853 millium
1611 3797 1705 3873 Ange-

65 3886 129 3943 rulla
142 3887 195 3944 erit
208 3887 347 3945 dilationis
369 3886 489 3958 afflictio,
511 3886 640 3959 quoniam
663 3886 787 3943 beatifica
809 3888 853 3942 di·
908 3890 996 3945 lorum
1014 3887 1047 3942 ad
1076 3886 1149 3944 iores
1162 3885 1324 3943 exteriorum
1351 3900 1480 3943 sensuum
1508 3887 1708 3958 excubantium,

63 3974 127 4032 rinae
151 3977 304 4049 majestatis
316 3977 460 4049 prasentia
475 3975 602 4033 omnibus
625 3976 675 4031 erit
701 3976 801 4043 omnia,
829 3987 857 4034 ει
909 3991 960 4032 nec
975 3975 1056 4032 audet
1070 3974 1223 4048 alienigena
1242 3974 1392 4048 irmmpere
1408 3975 1540 4032 terribiles
1551 3975 1611 4033 illas
1625 3976 1707 4046 acies,

63 4063 109 4120 erit
133 4064 287 4123 eommunis
318 4065 442 4123 omniunt
471 4063 677 4138 omnipotentia,
706 4064 851 4137 sapientia,
911 4072 1021 4138 propter
1047 4064 1150 4123 ostiarii
1175 4064 1363 4136 reverentiam,
1381 4071 1408 4122 et
1422 4065 1589 4140 Angelorum
1613 4073 1708 4124 custo·

60 4167 119 4226 prr,
139 4153 255 4225 justitia,
279 4163 307 4210 et
333 4153 518 4229 intelligentia.
539 4153 599 4210 Non
618 4153 671 4210 erit
693 4153 719 4209 in
734 4153 778 4209 illa
791 4169 855 4225 pace
908 4154 992 4211 diam.

63 4240 205 4303 diuersitas
218 4242 392 4317 linguarum,
413 4243 459 4298 sed
484 4242 593 4315 pacifica
606 4250 633 4298 et
660 4257 773 4300 concors
786 4258 853 4301 con·
1222 4241 1335 4296 CAPUT
1350 4242 1384 4298 V.

60 4329 154 4389 cordis
167 4347 275 4388 morum
292 4339 319 4388 et
343 4329 498 4390 affectuum.
515 4332 545 4386 ln
560 4340 676 4388 torrente
690 4330 762 4387 illius
775 4331 852 4388 volu·
1033 4335 1069 4389 Dc
1086 4327 1255 4402 quotidiano
1268 4331 1313 4385 soi
1332 4331 1421 4402 ipsius
1439 4331 1582 4388 examine.

60 4419 141 4491 plutis
166 4419 232 4476 nihil
255 4421 325 4478 ultra
344 4428 452 4493 appetet
473 4421 608 4476 cumulata
634 4419 756 4489 satietas;
781 4429 854 4477 tanta
945 4422 988 4478 11.
1014 4417 1177 4490 integritatis
1214 4426 1266 4472 tusa
1289 4417 1414 4474 curiosus
1445 4418 1597 4491 explorator
1626 4419 1706 4476 ritum

58 4508 109 4567 erit
129 4508 252 4565 ielicitas.
267 4509 308 4565 lbi
337 4509 470 4580 siqnidem
494 4510 547 4566 erit
571 4508 697 4566 cumulus
711 4507 854 4577 felicitatis,
908 4520 980 4566 tuam
1012 4508 1040 4562 in
1062 4503 1217 4577 quotidiana
1243 4504 1412 4562 discussione
1437 4505 1571 4564 examina.
1594 4508 1711 4564 Attende

58 4597 264 4671 supereminens
276 4597 373 4672 gloria,
389 4607 415 4654 et
429 4597 655 4671 superabundans
668 4596 769 4654 laetitia.
912 4597 1056 4670 diligenter
1068 4598 1198 4666 quantum
1212 4591 1347 4663 proficias,
1364 4593 1406 4653 rel
1433 4601 1563 4670 quantum
1586 4595 1707 4654 delicias,

95 4689 143 4743 13.
170 4686 222 4743 Sed
249 4687 282 4742 ad
311 4687 368 4743 baec
391 4686 451 4759 quis
473 4686 605 4743 idoneus?
631 4686 755 4744 Proiecto
777 4702 857 4743 verns
910 4684 997 4759 qualis
1011 4682 1049 4738 sis
1058 4682 1085 4736 in
1099 4680 1231 4752 moribus,
1248 4689 1275 4738 et
1289 4681 1375 4753 qualis
1389 4683 1415 4738 in
1431 4684 1576 4742 allectibus
1595 4703 1603 4743 z
1628 4702 1709 4761 quam

61 4774 209 4849 paenitens,
234 4775 323 4832 bonus
338 4776 479 4843 obediens,
501 4775 623 4831 amabilis
649 4775 749 4847 socius,
773 4774 859 4831 fidelis
910 4771 1005 4831 similis
1026 4772 1064 4828 sia
1088 4771 1160 4843 Deo,
1180 4771 1222 4829 vel
1244 4788 1322 4844 quam
1337 4772 1499 4833 dissimilis:
1519 4792 1600 4849 quam
1615 4791 1708 4850 prope,

59 4878 168 4924 servus.
184 4863 273 4921 llerus
285 4863 419 4937 poenitens
433 4880 539 4935 semper
552 4863 580 4919 in
594 4864 686 4921 labore
700 4875 728 4921 et
741 4864 856 4920 dolore:
910 4864 952 4920 vel
968 4877 1048 4934 quam
1061 4862 1154 4935 longe,
1169 4876 1224 4918 non
1239 4861 1363 4919 locorum
1376 4862 1590 4939 intervallis,sed
1603 4880 1709 4922 morum

10 4942 12 4959 '
58 4954 134 5012 dolet
160 4953 194 5008 de
218 4953 373 5027 praeteritis,
403 4953 506 5011 laborat
528 4970 577 5025 pro
601 4952 698 5012 inturis
720 4954 859 5012 cauendis.
914 4950 1070 5007 alieotibus.
1081 4949 1164 5008 Stude
1178 4962 1378 5026 cognoscerete
1394 4972 1400 5012 :
1419 4970 1499 5026 quam
1514 4956 1599 5013 multo
1614 4952 1708 5010 melior

60 5042 133 5098 Vera
160 5040 292 5114 siquidem
317 5042 476 5116 paenitentia
490 5049 542 5109 est,
558 5042 615 5100 sine
631 5044 760 5117 temporis
773 5045 859 5101 inter·
913 5049 939 5097 et
952 5038 1114 5097 laudabilior
1129 5039 1200 5115 es,si
1210 5049 1235 5100 tc
1250 5042 1404 5114 cognoscis,
1417 5059 1497 5114 quam
1512 5043 1536 5098 si
1546 5051 1570 5099 te
1584 5040 1708 5115 neglecto

10 3696 24 3723 ’l

69 5129 200 5188 missione
214 5130 248 5188 de
267 5132 383 5203 peccatis
396 5131 496 5187 dolere.
513 5131 557 5187 Sic
580 5131 684 5206 plangit
706 5135 860 5202 commissa,
914 5145 1095 5202 cognosceres
1109 5146 1218 5188 cursum
1233 5130 1362 5198 siderum,
1379 5130 1448 5190 uires
1463 5131 1616 5203 herbarum,
1631 5145 1709 5188 com·

66 5228 94 5278 ut
109 5236 166 5278 non
181 5221 334 5278 committat
348 5220 511 5294 plangenda.
535 5220 630 5278 irrisor
643 5238 759 5295 namque
783 5232 822 5279 est
835 5231 862 5279 ει
916 5219 1059 5292 plexiones
1075 5219 1230 5289 hominum,
1245 5225 1354 5275 naturas
1380 5218 1544 5289 animalium,
1569 5229 1596 5276 et
1622 5219 1711 5277 babe-

66 5326 123 5368 non
138 5325 219 5368 serus
232 5309 377 5382 poenitens,
393 5309 440 5383 qui
463 5309 550 5366 adhuc
565 5310 706 5383 agitquod
721 5312 861 5382 poeniteat.
919 5325 963 5366 res
987 5308 1108 5366 omnium
1140 5307 1288 5363 caelestium
1313 5315 1341 5364 et
1368 5307 1532 5365 terrestrium
1560 5309 1712 5370 scientiam.

68 5399 98 5459 Si
111 5414 181 5475 ergo
195 5399 326 5460 sisverus
338 5396 475 5473 poenitens
489 5415 560 5466 esse,
575 5415 652 5456 cessa
666 5415 682 5455 a
696 5407 817 5470 peccato,
837 5407 864 5458 et
925 5397 1019 5459 Redde
1033 5412 1100 5470 ergo
1115 5404 1141 5452 te
1156 5395 1212 5467 tibi,
1228 5403 1255 5452 et
1270 5397 1291 5451 ri
1306 5412 1359 5455 non
1373 5412 1491 5472 semper,
1508 5400 1550 5458 rel
1562 5415 1648 5476 sepe3
1660 5401 1716 5461 sal·

69 5489 126 5553 nott
142 5489 262 5565 amplius
280 5506 404 5564 peccare;
419 5488 546 5564 quoniam
560 5488 647 5547 inanis
661 5497 700 5546 est
712 5488 870 5561 poenitentia
924 5495 977 5545 tem
990 5487 1135 5546 interdum.
1149 5485 1224 5559 Rege
1238 5498 1299 5545 tuos
1312 5485 1438 5559 allectus,
1453 5487 1539 5565 dirige
1551 5500 1638 5559 actus,
1652 5507 1716 5548 cor-
