3706 5962
100 141 168 204 taor
450 162 457 185 ι
551 137 557 146 ’
667 143 766 208 umus
786 142 829 205 [id
847 139 938 205 dotto
958 138 1042 201 asts
1061 142 1208 209 tlvsllm.
1682 143 1733 206 iffi

97 283 131 326 cx
146 275 202 326 lota
229 267 359 325 memoria
373 284 381 326 c
395 277 426 326 ot
440 283 548 327 omnem
570 261 735 328 intellectum
750 277 777 327 et
799 284 893 327 omnes
909 281 933 361 g
950 275 1024 339 tem3
1039 270 1104 344 qula
1116 272 1189 330 Dens
1207 267 1324 328 elarius
1336 270 1388 326 εει.
1403 267 1436 324 ιιι
1446 267 1492 339 qni
1514 281 1571 324 noo
1587 265 1735 340 diligitis

98 357 278 430 cogitationes
297 366 414 427 nostras,
435 369 463 415 cl
485 376 592 417 omnem
614 361 696 416 vitam
721 370 840 417 nostram
858 359 892 416 ad
949 363 1018 414 trem
1034 375 1112 417 suum
1136 377 1217 434 quem
1232 359 1305 416 sidet
1319 357 1403 415 oculis
1429 357 1569 428 corporis,
1598 371 1660 442 ιιοιι
1679 357 1737 414 sita

98 464 160 505 eum
187 446 347 522 dirigamus,
372 464 389 504 a
412 465 466 520 quo
488 450 577 505 omnia
601 450 674 506 bona
699 451 848 519 babemus3
864 458 894 505 ut
947 447 1033 505 oculis
1053 450 1150 507 mentis
1164 450 1190 507 in
1206 466 1235 507 se
1255 455 1408 504 manentem
1421 446 1522 512 Deum,
1539 443 1652 503 scilicet
1664 447 1738 503 eban-

99 536 173 593 nulla
188 552 251 609 para
264 536 326 593 vitre
341 544 441 593 nostrae
460 538 547 594 otiosa
561 539 734 612 relinquatur,
751 538 799 595 sed
814 538 894 612 quid·
949 542 1031 592 tatem
1048 553 1054 592 :
1079 538 1141 611 quia
1165 538 1188 594 si
1205 539 1232 594 in
1249 544 1368 595 coesset
1390 535 1521 600 charitas,
1546 536 1628 591 licus
1639 537 1739 593 εεεειιι

99 625 163 699 quid
179 626 204 681 in
215 625 333 682 animam
347 626 463 694 venerit,
478 626 542 682 illuc
556 626 698 700 dirigatur,
720 627 765 682 ubl
777 627 894 701 impetus
946 640 991 691 eo,
1007 625 1071 698 quia
1084 628 1158 684 Deus
1171 627 1289 685 ebaritas
1302 631 1353 682 εει.
1372 624 1511 680 Debemus
1526 624 1615 680 etiam
1638 624 1742 698 diligere

100 713 252 772 dilectionis
275 715 366 772 currit.
384 715 477 786 Igitur,
495 730 570 771 soror
590 715 760 781 charissima,
785 715 892 788 dignis·
946 715 1112 787 propinquos
1126 723 1244 782 nostros,
1259 715 1281 770 si
1297 712 1362 770 boni
1376 721 1449 782 ειιιι,
1466 718 1494 767 ει
1505 711 1531 767 si
1540 712 1605 768 Deo
1621 713 1740 770 serrimt

85 807 198 859 ‘simum
213 811 254 859 εει
269 810 296 859 ει
310 803 387 859 ualde
404 803 483 860 nobis
501 803 693 874 necessarium,
710 812 739 859 ut
765 805 850 860 Deum
865 803 893 859 in
946 801 1008 858 Plus
1019 803 1151 860 debemus
1165 804 1276 878 diligere
1290 811 1440 868 extrancos,
1455 801 1505 874 qui
1516 800 1601 857 nobis
1616 810 1743 859 suutcoa

100 892 229 949 omuibus
243 900 269 948 ει
280 908 361 964 super
375 895 464 948 omnia
478 892 631 963 diligamus,
647 893 692 964 qui
707 899 747 949 est
759 909 893 949 summnm
944 892 1031 962 juncti
1045 893 1153 949 viuculo
1173 892 1313 950 charitatis
1331 891 1443 961 Christi,
1468 907 1554 963 qnam
1580 891 1743 962 propinquos

100 983 213 1038 bonum.
229 982 368 1037 Summum
383 997 449 1053 ergo
470 982 571 1038 bonum
597 981 710 1054 diligere
732 998 838 1039 summa
853 989 894 1039 est
946 981 992 1053 qui
1007 983 1089 1037 Deum
1108 997 1163 1039 non
1178 981 1305 1054 diligunt,
1325 995 1377 1036 nec
1399 981 1457 1035 Deo
1479 978 1744 1052 seminabimini

100 1070 249 1128 beatitudo.
264 1069 370 1138 Quanto
392 1070 507 1142 quisque
531 1072 618 1128 Deum
634 1070 747 1141 amplius
760 1069 892 1138 dilexerit,
945 1068 1015 1138 Quia
1030 1071 1147 1126 sanctior
1170 1080 1213 1126 eat
1232 1070 1330 1143 copula
1347 1069 1470 1126 cordium
1485 1085 1572 1141 quum
1593 1084 1743 1141 corpomm

102 1167 175 1216 tanto
200 1159 287 1230 magis
310 1159 404 1214 beatus
426 1160 487 1215 erit.
511 1159 562 1231 Qui
577 1160 663 1215 Deum
686 1159 783 1232 diligit,
806 1159 893 1214 bonus
947 1158 1049 1213 omns
1064 1157 1157 1214 fideles
1180 1160 1304 1215 homiues
1322 1158 1451 1215 debemus
1464 1157 1610 1231 diligere,
1629 1157 1743 1216 cedma

100 1256 150 1305 εει.
172 1247 201 1304 Si
219 1248 307 1304 bouus
330 1258 383 1314 est,
407 1263 474 1320 ergo
497 1248 601 1304 beatus.
623 1248 701 1305 Unde
724 1248 850 1304 Salomon
866 1248 893 1302 ιιι
947 1247 1074 1304 omnihus
1091 1248 1221 1319 prodesse
1235 1262 1290 1304 nou
1306 1262 1460 1318 possumus,
1475 1246 1533 1302 illis
1547 1247 1672 1304 maxime
1684 1264 1743 1305 coc·

78 1316 217 1394 ‘canticis
234 1336 401 1394 canticorum
418 1350 425 1391 τ
441 1339 533 1396 Fortis
556 1340 600 1395 est
623 1342 658 1395 ot
680 1353 756 1394 mors
776 1336 893 1396 dileetio
948 1336 1090 1391 solendum
1112 1344 1163 1406 εει,
1183 1335 1229 1409 qui
1257 1351 1306 1407 pro
1326 1337 1447 1392 locorum
1465 1342 1493 1392 et
1520 1340 1745 1407 temperamus

100 1428 198 1498 (dont.
213 1441 274 1491 ιιιι,
290 1427 328 1496 ι).
343 1426 413 1481 llere
425 1427 475 1482 Dei
490 1425 596 1483 dilectio
610 1425 760 1483 lortisesse
775 1435 894 1482 utmors
946 1424 1129 1497 quarumlibet
1169 1441 1260 1482 rerum
1290 1424 1541 1497 opportunitatibus
1575 1425 1744 1482 coustrioixx

100 1515 219 1588 dicitur3
238 1515 302 1587 quia
321 1513 392 1571 sicut
406 1531 479 1573 mors
497 1515 630 1571 violenter
649 1523 755 1586 separat
775 1515 893 1571 animam
949 1513 1038 1579 nobis,
1052 1514 1129 1585 quasi
1153 1514 1269 1587 quadam
1289 1521 1370 1582 sorte,
1390 1513 1614 1586 conjunguntur.
1636 1514 1695 1570 Pari
1707 1515 1743 1570 di·

98 1619 253 1678 aoorpore,
278 1604 315 1660 its
338 1603 435 1661 dilecto
450 1603 499 1660 Ilei
517 1604 650 1659 violenter
673 1613 780 1676 separat
802 1602 893 1660 bomi-
911 1557 1065 1658 Blectione
1086 1609 1126 1657 εει
1141 1602 1256 1672 optanda
1273 1601 1329 1660 rita
1350 1609 1452 1657 aetcma
1470 1600 1606 1657 omnibus
1636 1602 1743 1658 borniai-

99 1709 161 1751 nem
176 1711 192 1748 a
215 1691 316 1750 mundo
339 1700 367 1748 et
389 1693 488 1749 carnali
504 1708 605 1750 amore.
621 1693 690 1748 Vere
710 1693 759 1748 Ilei
788 1691 894 1748 dilectio
947 1692 1008 1746 bus.
1022 1690 1122 1747 Omnes
1136 1690 1259 1747 homines
1279 1689 1379 1746 ειιειιιι
1395 1689 1539 1746 charitatis
1553 1690 1692 1746 debemus
1704 1692 1743 1748 di-

98 1781 176 1839 lortis
190 1790 273 1838 estut
285 1795 373 1852 mors,
394 1781 458 1852 quia
473 1782 538 1839 dum
556 1797 607 1853 per
621 1781 792 1838 dilectionem
807 1781 857 1836 Dei
877 1795 894 1836 a
947 1778 1041 1852 ligere,
1057 1779 1158 1835 scilieet
1171 1785 1202 1835 ut
1216 1780 1275 1836 Deo
1289 1778 1417 1848 serviant,
1435 1782 1503 1834 elul
1518 1777 1590 1836 salvi
1607 1777 1685 1834 liant.
1698 1779 1744 1835 Sed

99 1869 171 1926 uitiis
199 1868 402 1935 mortificamur,
429 1869 501 1940 quod
524 1886 597 1925 morx
625 1870 681 1941 agit
708 1871 735 1925 in
768 1869 894 1927 sensibus
947 1882 1029 1938 opera
1044 1867 1237 1924 misericordie
1257 1883 1311 1924 non
1336 1868 1465 1923 debemus
1480 1867 1616 1922 omnibus
1631 1867 1744 1923 homiui·

100 1954 233 2028 oorporis,
256 1956 309 2011 hoo
326 1955 381 2029 agit
395 1954 504 2011 dilectio
518 1954 568 2011 Dei
584 1954 611 2010 in
628 1955 721 2012 saeculi
735 1955 893 2026 cupiditati·
946 1956 997 2013 bus
1023 1956 1162 2028 aqualiter
1189 1956 1355 2029 impendere,
1383 1955 1432 2011 sed
1456 1954 1518 2011 aliis
1538 1956 1645 2023 miuus,
1674 1966 1746 2031 atque

100 2045 162 2100 bus.
179 2043 250 2100 oens
273 2042 428 2118 diligendus
442 2050 482 2100 est
497 2051 608 2116 propter
621 2045 806 2116 semetipsum,
830 2045 892 2118 quia
946 2045 1006 2100 aliis
1020 2045 1117 2119 magis.

100 2139 143 2189 εει
162 2147 269 2188 summe
292 2133 390 2200 bouus,
417 2140 444 2187 ει
467 2132 529 2204 quia
554 2148 604 2190 nos
627 2132 729 2190 crearit
742 2149 776 2189 ex
797 2134 890 2191 nihilo.
983 2137 1026 2190 ll.
1042 2135 1126 2190 Soror
1140 2133 1244 2201 dilecta,
1261 2133 1284 2188 si
1310 2148 1402 2192 aeram
1416 2141 1443 2188 et
1464 2133 1621 2203 perfectam
1638 2135 1748 2191 charita·

102 2221 225 2279 Charitas
246 2229 288 2277 est
302 2220 420 2288 dilectio,
436 2236 490 2292 qna
508 2217 627 2293 diligitur
640 2223 713 2278 Deus
728 2231 839 2295 propter
851 2240 890 2290 se,
945 2231 998 2278 tem
1013 2224 1140 2279 volumus
1161 2223 1310 2293 custodire,
1333 2222 1367 2277 ad
1390 2230 1520 2279 eternam
1537 2223 1672 2293 patriam
1697 2224 1747 2280 Deo

99 2317 129 2367 et
140 2310 284 2383 proximus
299 2318 412 2382 propter
430 2310 529 2368 Deum.
550 2311 579 2364 ln
594 2310 681 2381 primo
696 2311 755 2368 loco
770 2312 891 2385 diligitur
945 2312 1088 2382 adjuvante
1110 2327 1255 2382 possumus
1273 2310 1422 2382 pervenire.
1452 2311 1590 2367 Praeterea
1618 2312 1749 2369 debemus

99 2401 183 2464 Deus,
203 2398 339 2468 alentiam
363 2398 528 2470 dictumest,
554 2397 582 2453 in
602 2399 736 2468 omnibus,
760 2407 787 2455 et
809 2416 892 2473 super
944 2399 1055 2471 diligere
1081 2400 1208 2457 inimicos
1231 2410 1338 2457 nostros
1366 2407 1477 2472 propter
1506 2400 1607 2465 Deum,
1635 2401 1708 2458 sieut
1726 2409 1749 2457 ει

98 2489 200 2546 ειιιιιε.
217 2489 248 2543 ιιι
262 2487 382 2544 meando
396 2503 461 2544 tero
480 2487 599 2559 diligitur
617 2488 757 2561 proximus
778 2489 806 2545 iu
824 2491 889 2558 lieo,
944 2487 1003 2558 ipse
1018 2489 1054 2544 ait
1071 2489 1097 2543 in
1111 2488 1261 2563 Evangelio
1278 2487 1414 2560 :Diligite
1426 2487 1564 2546 inimicos
1573 2495 1696 2558 uestros,
1707 2490 1750 2547 ιε·

99 2579 151 2634 boc
165 2585 217 2646 eat,
233 2576 259 2631 iu
275 2575 357 2634 bono.
945 2578 1073 2649 oetocite
1091 2578 1135 2634 liis
1149 2577 1198 2651 qui
1216 2579 1339 2635 oderunt
1361 2592 1407 2633 uos
1422 2591 1432 2628 .·
1450 2574 1538 2633 m
1553 2583 1584 2634 ει
1602 2583 1690 2634 orote
1702 2595 1750 2650 pro

137 2668 181 2721 13.
197 2663 409 2722 Charitashcbet
422 2663 476 2721 duo
491 2663 616 2720 mandata
632 2685 639 2722 t
656 2680 740 2721 unum
755 2664 892 2735 pertinens
944 2667 1176 2739 persequentibus
1188 2671 1215 2723 et
1234 2665 1479 2723 sollemniootillus
1492 2682 1552 2735 uos,
1566 2671 1604 2722 ιιι
1618 2667 1687 2723 sitis
1695 2669 1750 2736 filii

99 2756 133 2810 ad
148 2751 317 2808 dilectionem
334 2751 393 2817 Dei,
409 2752 482 2824 quod
499 2763 541 2809 est
555 2753 699 2809 maximum
718 2755 891 2823 mandatum,
946 2755 1044 2810 Patris
1054 2754 1142 2810 uestri
1151 2753 1199 2827 qui
1214 2753 1247 2809 in
1256 2754 1333 2809 caelis
1343 2757 1386 2810 est
1398 2755 1474 2822 (lue.
1489 2768 1527 2820 vt,
1541 2756 1587 2820 at,
1602 2757 1650 2819 28,
1667 2758 1714 2825 35,
1724 2760 1751 2810 ει

99 2844 211 2900 alterum
226 2856 292 2897 vero
305 2841 442 2913 pertinens
453 2841 487 2897 ad
497 2842 670 2898 dilectionem
680 2843 806 2914 proximi,
822 2841 894 2913 quod
910 2827 932 2906 0
947 2843 1046 2899 ιιιιιιι.
1061 2859 1088 2907 ι,
1105 2842 1214 2914 ι3-ιιι).
1229 2841 1323 2915 lgitur,
1340 2840 1501 2897 venerabilis
1515 2856 1604 2906 soror,
1618 2858 1750 2897 ιιεεεεεε-

99 2941 140 2987 εει
152 2931 239 2986 simile
252 2928 325 2999 huic,
337 2929 407 2987 sicut
417 2930 594 3002 scriptumest
606 2948 613 2985 ε
625 2932 727 3006 Diliges
740 2933 894 2990 Dominum
948 2933 988 2988 ria
1002 2937 1043 2987 εει
1057 2932 1135 2988 nobis
1148 2931 1274 2996 ebaritas,
1289 2931 1348 2986 sine
1362 2945 1416 3003 qua
1430 2931 1517 2986 nullus
1531 2938 1621 2999 potest
1633 2930 1750 3001 placere

99 3021 187 3075 Deum
211 3022 304 3083 tuum,
328 3021 356 3072 et
380 3018 543 3090 proximum
558 3024 641 3076 tuum
662 3021 738 3076 sicut
756 3026 783 3077 ιε
796 3020 894 3093 ipsum
948 3022 1016 3077 Dro.
1029 3022 1114 3076 Deum
1129 3035 1184 3076 non
1198 3020 1296 3094 diligit,
1306 3020 1352 3092 qui
1364 3019 1493 3075 homiuem
1507 3018 1642 3075 odit.Nec
1657 3019 1747 3073 Deum

100 3109 181 3177 (beet
195 3120 234 3170 ιι,
252 3108 283 3170 5;
299 3118 339 3169 ιι,
357 3109 409 3170 ι3;
427 3105 525 3174 bottis,
547 3122 615 3171 xxrt,
631 3110 676 3172 37,
699 3111 744 3173 39,
761 3118 788 3165 ει
808 3111 892 3165 ltere.
948 3109 1043 3180 diligit,
1060 3110 1106 3180 qui
1121 3108 1169 3163 Dei
1185 3117 1318 3178 praeoepta
1332 3107 1484 3164 contemnit.
1499 3105 1630 3161 Charitas
1646 3114 1691 3160 εει
1704 3122 1746 3159 ra-

99 3212 151 3264 xrr,
168 3198 212 3261 30,
226 3194 282 3260 llll.
299 3192 371 3250 llosi
382 3192 483 3249 diceret
498 3210 505 3250 ε
522 3194 563 3249 ltd
579 3195 632 3250 boo
644 3194 725 3250 debes
740 3197 892 3269 proximum
948 3198 994 3253 dix
1008 3197 1128 3253 omnium
1142 3197 1281 3253 uirtutum.
1297 3197 1361 3252 Siue
1371 3195 1502 3253 charitate
1515 3194 1590 3250 euim
1606 3195 1746 3264 quodcun-

100 3294 176 3343 tuum
195 3283 318 3355 diligere,
334 3282 369 3337 ad
386 3281 414 3336 id
428 3283 500 3353 quod
520 3282 610 3357 diligis
632 3292 657 3340 ιε
672 3285 775 3354 ipsum3
792 3286 894 3343 scilicet
947 3302 1001 3359 que
1015 3286 1138 3356 iacimus,
1153 3285 1218 3340 nibil
1232 3285 1311 3340 nobis
1334 3285 1453 3355 prodest.
1479 3283 1612 3338 Nostrum
1626 3282 1745 3338 stadium

98 3382 129 3431 ut
142 3375 230 3429 bonus
244 3371 288 3441 sit,
308 3377 335 3426 ει
348 3377 377 3426 ut
391 3370 424 3425 ad
439 3372 519 3426 uitam
535 3381 663 3427 aeternam
678 3374 819 3445 pervenire
829 3391 894 3446 pos·
948 3383 989 3431 est
1002 3389 1125 3438 saeuum,
1142 3373 1165 3428 si
1181 3388 1235 3429 non
1255 3373 1386 3429 habemus
1405 3371 1576 3437 charitatem,
1591 3371 1656 3442 qaia
1675 3371 1747 3425 Deus

98 3462 144 3519 sit.
160 3462 201 3517 De
214 3462 263 3516 bac
271 3458 415 3516 dilectione
431 3460 478 3515 Dei
493 3466 521 3514 et
535 3461 650 3529 proximi
662 3460 689 3516 iu
705 3462 822 3519 canticis
832 3479 894 3520 can·
949 3463 1065 3521 charitas
1080 3472 1129 3518 est.
1145 3462 1184 3517 lbi
1207 3470 1302 3534 regnat
1326 3461 1442 3517 carnalis
1464 3459 1612 3532 cupiditas,
1634 3458 1682 3514 nbi
1696 3472 1746 3514 nou

99 3552 215 3609 tioorum
235 3564 362 3621 sponsus,
378 3548 479 3606 scilieet
494 3549 626 3615 Christus,
643 3550 763 3623 loquitur
776 3566 893 3624 sponsae,
948 3559 990 3607 est
1003 3551 1052 3606 Dei
1067 3551 1193 3606 charitas.
1209 3550 1285 3606 Tunc
1300 3551 1382 3606 bomo
1400 3556 1442 3604 εει
1465 3547 1618 3619 perlectus,
1639 3547 1746 3619 quando

100 3639 201 3697 seilicet
215 3638 354 3709 Ecclesiae,
371 3653 419 3693 sen
435 3637 532 3693 animae
546 3646 654 3705 sanctae,
670 3638 764 3694 dicens
780 3657 786 3694 :
806 3642 895 3710 θεειε
950 3649 990 3696 εει
1004 3639 1133 3697 charitate
1148 3639 1254 3707 plenus.
1276 3639 1341 3694 Siue
1361 3653 1454 3693 amore
1468 3637 1612 3693 charitatis
1627 3636 1745 3706 quamvis

97 3727 227 3802 pulolsroe
241 3731 310 3783 suot
323 3731 535 3794 mommoetuoe,
552 3727 711 3799 sorormeel
724 3745 845 3801 spuerem·
868 3734 896 3787 et
951 3729 1065 3801 quisque
1093 3736 1165 3784 recte
1188 3727 1291 3792 credat,
1319 3726 1353 3782 ad
1380 3726 1579 3782 beatitudinem
1606 3724 1743 3797 pertenire

100 3818 393 3887 odoramentorum
408 3819 523 3872 tuorum
543 3832 629 3888 super
651 3816 750 3872 omnio
764 3822 895 3875 oromate
949 3831 1004 3871 non
1019 3823 1116 3886 potest.
1137 3815 1222 3871 Tanta
1241 3824 1283 3870 est
1310 3816 1392 3870 etiam
1414 3813 1499 3870 virtus
1522 3813 1668 3878 clrxriuds,
1682 3826 1742 3882 qaae

101 3906 198 3974 (Cant.
213 3918 253 3972 tv,
270 3902 325 3973 ιιι).
341 3901 412 3970 Quid
432 3919 483 3974 per
505 3918 637 3957 mammas
650 3905 853 3962 convenientius
868 3906 894 3961 in
950 3903 972 3958 si
987 3903 1066 3966 desit.
1082 3901 1180 3958 trustra
1191 3903 1331 3967 habentur,
1346 3909 1453 3957 caeteroe
1471 3900 1594 3957 virtutes
1608 3918 1617 3958 ι
1631 3899 1744 3970 εἰιιειι,

101 3991 237 4052 hocloco,
251 4003 335 4060 quarn
353 3989 411 4058 ipsa
425 3988 534 4045 dileetio
548 3989 598 4043 Dei
611 3998 637 4044 ει
652 3993 776 4060 proximi,
792 3993 826 4047 de
841 4009 896 4064 qna
950 3999 1023 4046 reete
1038 3991 1172 4046 habentur
1187 3992 1287 4045 omnia.
1302 3990 1356 4059 Qui
1370 3990 1457 4046 Deum
1470 4004 1527 4045 non
1542 3990 1646 4065 diligit,
1661 4003 1746 4044 nesse

101 4077 228 4149 superius
250 4076 382 4143 diximus,
411 4076 587 4148 intelligitur?
611 4077 662 4132 Per
679 4095 748 4150 quas
765 4096 895 4136 mammas
911 4091 934 4170 fl
951 4080 1039 4150 ipsum
1063 4080 1162 4152 diligit.
1190 4080 1268 4135 Nunc
1290 4095 1355 4151 ergo
1368 4093 1468 4135 moneo
1493 4087 1531 4147 ιε,
1554 4076 1749 4135 honestissime

102 4182 178 4223 mons
193 4173 286 4222 sancta
301 4180 396 4220 omnes
410 4181 507 4221 sensus
529 4181 595 4221 suos
610 4182 657 4237 por
680 4182 756 4223 suam
770 4168 894 4224 dilertio·
952 4169 1038 4240 virgo,
1053 4179 1083 4224 ut
1098 4185 1145 4238 por
1168 4184 1288 4226 amorem
1308 4166 1483 4239 conjungaris
1497 4167 1631 4224 invisibili
1649 4181 1749 4238 sponso

101 4272 165 4313 uem
194 4255 286 4323 nutrit,
311 4270 371 4311 cum
395 4254 451 4311 Deo
474 4269 525 4310 suo
549 4255 686 4313 charitatis
705 4257 896 4329 conjunctione
947 4258 1012 4314 lesu
1026 4257 1142 4324 Christo,
1162 4267 1189 4313 et
1202 4262 1232 4311 ut
1245 4255 1342 4313 ardeas
1359 4257 1420 4326 ejus
1433 4255 1586 4312 desiderio.
1602 4255 1684 4312 Nulla
1695 4258 1748 4326 jan

101 4343 310 4416 conglutinatur,
328 4350 356 4398 et
367 4343 494 4413 proximis
509 4343 565 4398 suis
579 4344 713 4416 quidquid
729 4344 793 4401 boni
806 4354 897 4417 potest
949 4362 1010 4418 quae
1025 4346 1052 4401 in
1067 4346 1168 4404 mundo
1178 4352 1240 4400 sunt
1253 4345 1438 4416 concupiscas.
1450 4344 1667 4418 longitudinem
1682 4359 1751 4418 pro·

99 4434 225 4507 largitur.
238 4435 272 4488 lit
282 4432 348 4490 odor
358 4437 568 4504 unguentorum
580 4437 789 4506 tuorumsuper
798 4436 897 4492 omnio
950 4436 1034 4492 sentis
1048 4436 1108 4492 ritae
1121 4450 1229 4506 poenam
1245 4434 1372 4499 aestimes,
1397 4433 1472 4491 exire
1495 4433 1530 4487 de
1543 4433 1651 4490 saeculo
1673 4431 1749 4489 lesti-

101 4524 241 4580 oromuto.
259 4520 308 4578 Per
331 4528 468 4592 unguenta
490 4519 590 4593 qnippe
611 4521 897 4595 ipsissimusque
949 4540 999 4581 ιιεε
1021 4542 1029 4579 c
1048 4525 1152 4579 nullam
1175 4523 1390 4580 consolationem
1417 4521 1562 4592 praeseutis
1588 4520 1655 4578 uitae
1681 4522 1752 4578 reci·

100 4625 137 4665 ειι
152 4608 280 4664 charitate
302 4615 457 4675 nascuntur,
472 4607 657 4680 intelligimus.
678 4610 816 4666 Debemus
829 4626 895 4682 pro·
949 4612 1017 4684 pias,
1038 4612 1086 4667 sed
1101 4611 1135 4667 ad
1150 4612 1284 4667 Christum
1298 4627 1379 4683 quem
1394 4609 1496 4682 diligis,
1517 4617 1576 4666 tota
1594 4619 1692 4667 mente
1705 4626 1751 4665 ει-

100 4696 187 4752 ximus
201 4704 309 4751 nostros
330 4695 358 4750 in
376 4696 447 4752 bono
473 4697 673 4770 rliligore,quia
698 4698 745 4769 qui
775 4699 801 4753 in
826 4701 896 4755 malo
949 4701 1050 4770 spires,
1066 4700 1180 4765 terreas,
1203 4699 1322 4766 anheles,
1341 4698 1469 4762 anxieris,
1485 4697 1592 4767 etipsa
1616 4698 1696 4754 salus
1716 4698 1751 4753 tui

100 4785 187 4857 diligit
208 4784 359 4856 proximum
382 4801 435 4840 non
455 4784 544 4858 diligit
565 4784 727 4855 proximum,
758 4788 805 4842 sed
833 4787 896 4844 odio
949 4787 1081 4858 corporis,
1096 4803 1177 4843 cansa
1200 4787 1300 4843 amoris
1318 4786 1428 4853 Christi,
1453 4784 1499 4841 liat
1517 4785 1569 4841 tibi
1594 4785 1670 4854 vilis,
1693 4786 1751 4842 ιιιι-

100 4875 192 4930 habet.
217 4872 270 4942 Qui
285 4888 343 4931 nou
359 4873 455 4946 diligit
469 4876 592 4945 [mtrem
607 4890 690 4930 suum
701 4875 794 4947 'quem
808 4876 894 4943 videt,
948 4893 1015 4931 ιιειε
1030 4874 1129 4932 ειιοιιε
1146 4875 1322 4947 transfigaris,
1337 4876 1375 4930 ite
1389 4883 1418 4929 ut
1431 4881 1505 4930 recte
1518 4873 1616 4931 valeas
1629 4874 1750 4930 dicere:

98 4965 187 5020 Deum
200 4977 281 5037 quem
291 4977 349 5018 nori
363 4961 438 5017 uidet
448 4961 580 5034 quomodo
587 4966 680 5035 potest
690 4961 807 5035 diligere
818 4962 895 5020 tlte·
949 4964 1089 5021 Vulnerata
1104 4964 1231 5020 charitate
1244 4980 1296 5037 ego
1310 4980 1383 5021 sum.
1404 4964 1488 5019 Soror
1500 4962 1529 5018 iu
1552 4962 1671 5019 Christo
1686 4964 1752 5020 dilo-

99 5066 247 5122 quoquam.
259 5049 346 5123 lgitnr
360 5048 506 5120 diligamus
518 5065 568 5105 nos
577 5049 610 5105 ad
623 5049 747 5119 invicem,
759 5051 821 5122 quia
831 5052 895 5108 cha·
945 5062 991 5112 ota
1007 5052 1082 5119 mibi,
1094 5052 1157 5108 audi
1173 5053 1252 5108 rerba
1266 5054 1328 5108 lesu
1344 5050 1443 5109 Christi
1456 5050 1550 5121 sponsi
1566 5051 1625 5108 tui:
1642 5053 1702 5122 Qui
1712 5052 1752 5108 di·

97 5139 162 5194 ritas
171 5156 202 5194 ex
214 5141 269 5196 Deo
278 5147 328 5196 est.
340 5141 376 5195 Ει
389 5138 440 5211 qui
449 5138 548 5211 diligit
560 5143 682 5211 fratrem
692 5156 785 5203 suum,
795 5155 831 5194 ex
841 5142 892 5199 Deo
948 5144 1012 5216 tigit
1021 5158 1076 5212 me,
1087 5141 1251 5215 diligeturo
1263 5144 1346 5199 Putre
1355 5146 1465 5207 mco‚·el
1474 5156 1522 5212 ego
1532 5139 1750 5213 diligemensi,

96 5232 249 5293 natusest,
264 5233 292 5286 et
306 5227 382 5286 videt
399 5231 485 5285 Deum
500 5230 526 5300 (l
537 5230 619 5288 loon.
631 5244 670 5298 ιι,
682 5231 727 5298 20,
738 5228 777 5299 7).
788 5227 841 5298 Qui
850 5228 890 5284 di·
946 5231 1170 5301 etmooisestobo
1183 5233 1210 5286 ei
1222 5247 1268 5288 me
1281 5233 1377 5303 ipsum
1392 5229 1486 5300 (loos.
1501 5242 1559 5288 ιιι.
1580 5228 1641 5300 ιι).
1663 5231 1751 5304 Diligo

95 5313 275 5387 ligitlratrem
290 5333 368 5372 suum
382 5333 464 5388 quem
485 5318 558 5374 videt
572 5318 658 5374 oculis
676 5315 891 5389 corporis,videt
944 5337 1012 5394 ergo
1020 5336 1094 5392 eum,
1109 5319 1277 5389 charissima,
1291 5319 1319 5374 in
1333 5320 1384 5375 bac
1398 5319 1462 5384 rita,
1477 5326 1508 5373 ut
1521 5318 1581 5390 ipsc
1601 5325 1629 5375 ιε
1645 5319 1750 5394 digne-

95 5401 182 5458 oculis
195 5404 326 5462 mentisin
341 5417 536 5463 cumanensem
551 5406 648 5476 Deum,
661 5407 763 5466 scilicet
776 5405 890 5464 charita·
942 5418 988 5467 tur
1000 5409 1113 5484 diligere
1127 5424 1189 5467 oum
1204 5407 1318 5467 Petreio
1333 5406 1630 5467 exermbeatttudtnc.
1647 5411 1749 5485 amu,
