3706 5962
94 228 162 289 leit

127 353 214 409 llomo
233 351 360 409 dietoses
372 351 407 406 ab
421 350 522 417 humo;

92 440 151 496 Cito
167 442 275 504 transis,
291 441 355 512 quia
369 440 443 495 lumo

93 531 194 587 Similis
206 530 332 586 efficeris.

93 618 238 689 Nunquam
249 620 277 674 in
292 620 389 675 eodem
403 625 472 673 statu

93 717 249 785 Permaues‚
265 716 329 771 dum
339 717 390 771 sub
404 722 492 772 rotatu

94 803 181 873 llujus
195 804 257 861 vitae
270 804 398 869 volveris,

130 894 154 947 0
168 908 228 948 sors
241 893 333 964 gravis
349 892 356 948 l
372 910 389 949 o
404 909 465 949 sors
481 892 568 948 durni

95 980 176 1035 Olor
188 980 258 1048 dira,
278 997 358 1053 quam
374 989 479 1037 natura.
539 980 547 989 '

782 226 875 289 tuitii
892 227 1051 291 blitrrtttl.

652 352 835 427 Promulgarit
844 353 952 411 miseris
968 354 974 408 l

652 444 737 503 llomo
753 460 866 501 nueens
878 460 941 502 eum
960 460 1085 508 moerore,

653 533 740 589 l'itam
755 535 831 590 duois
845 548 908 590 oum
921 532 1023 595 labore,

653 622 684 674 Et
701 638 763 678 oum
774 630 846 677 metu
860 623 983 681 moreris.

686 714 759 785 Ergo
769 712 792 766 si
807 711 861 767 sois
879 711 1033 783 qualitatem

651 802 716 857 Tuae
726 799 816 868 sortis,
831 798 995 870 uoluptatem

651 888 745 944 Carnis
753 903 837 960 quare
848 885 972 958 sequeris

652 981 784 1035 Memento
799 983 825 1030 te
840 973 1010 1041 moriturum,

1667 233 1736 305 1318

1208 351 1241 407 Et
1257 362 1444 426 postmortem
1459 357 1486 412 id
1501 373 1662 427 messurum,

1210 440 1288 509 Quod
1304 443 1346 497 bie
1361 444 1548 503 seminaveris.

1243 532 1356 585 Terram
1373 533 1448 596 teris,
1462 541 1560 589 terrain
1574 537 1654 608 geris,

1211 617 1240 672 Et
1256 619 1281 671 in
1302 627 1400 675 terram
1415 623 1567 689 reuerteris,

1209 705 1260 774 Qui
1275 706 1308 762 de
1324 717 1393 762 terra
1411 711 1536 776 sumeris,

1209 796 1369 866 Cernequid
1384 814 1425 864 es,
1440 808 1467 854 et
1482 798 1547 870 quid
1561 816 1627 865 eris,

1210 885 1289 941 blodo
1303 886 1353 941 llos
1367 902 1408 955 es,
1419 894 1447 942 et
1459 889 1573 945 verteris

1212 974 1242 1027 ln
1258 974 1371 1030 favillam
1391 976 1500 1032 cineris.

398 1356 606 1439 JUBlLUS
634 1350 962 1435 unlubutcus,
990 1350 1057 1428 DE
1085 1349 1278 1430 NOMINE
1305 1350 1436 1430 insu.

94 1680 180 1740 898
196 1683 260 1739 lesu
274 1682 361 1738 duleis
376 1679 516 1749 memoria,
546 1708 550 1716 ·

93 1773 243 1827 Donavere
255 1771 331 1827 cordi
346 1769 448 1842 gaudia
463 1786 470 1822 :

95 1861 146 1915 Sed
160 1876 243 1930 super
257 1862 309 1916 mel
330 1871 355 1916 et
369 1858 460 1914 omnia

95 1947 158 2017 Ejus
174 1947 259 2003 dulcis
275 1947 429 2019 praesentio.

129 2036 170 2090 Nil
188 2037 292 2091 eanuur
308 2035 428 2101 suavius,

94 2123 139 2177 Nil
158 2123 266 2178 auditur
278 2121 434 2195 jucundius,

92 2211 136 2265 Nil
147 2211 282 2284 cogitatur
295 2211 411 2276 dulcius,

94 2302 184 2370 Quam
198 2299 276 2355 iesus
291 2298 341 2354 Dei
356 2297 446 2352 Filius.

129 2388 207 2444 lesus
221 2404 285 2458 spes
300 2386 501 2458 paenitentibus,

93 2475 180 2544 Quam
197 2477 258 2548 pius
272 2488 312 2532 est
330 2475 489 2547 petentibus,

94 2569 179 2634 Quam
190 2567 278 2622 bonus
292 2573 318 2621 te
331 2562 514 2635 quaerentibus
529 2563 536 2615 l

94 2654 147 2707 Sul
159 2652 224 2723 quid
240 2651 451 2708 invenientibus!

129 2741 206 2795 iesus
219 2739 336 2796 duloedo
349 2737 488 2796 oordiuml

95 2830 167 2885 Fons
180 2828 267 2899 vivus,
285 2830 374 2884 lumen
392 2827 532 2893 mentium,

95 2917 236 2972 Excellens
250 2933 331 2972 omiie
344 2915 484 2988 gaudium,

95 3004 128 3059 Et
140 3021 220 3060 oinne
233 3004 408 3060 desiderium.

131 3093 187 3148 Neo
202 3092 293 3166 lingua
307 3094 378 3147 volet
388 3092 489 3159 dieere,

95 3182 154 3237 Neo
167 3181 258 3236 littera
272 3180 425 3251 exprimere
440 3198 446 3233 :

95 3271 228 3341 Expertus
238 3279 324 3341 potest
337 3267 457 3331 eredere,

96 3357 166 3426 Quid
178 3360 213 3415 sit
231 3361 323 3415 iesum
338 3357 463 3430 diligere.

132 3447 221 3503 lesum
237 3463 356 3518 quoeram
368 3445 395 3500 in
410 3445 518 3510 lentulo,

97 3536 195 3591 Clauso
208 3534 299 3592 cordis
312 3532 441 3590 oubieulo
455 3549 462 3586 :

96 3622 223 3680 Privatim
236 3630 265 3679 et
278 3622 304 3679 in
320 3621 429 3694 publioo

95 3710 219 3780 Quaeram
233 3727 325 3768 amore
337 3709 432 3768 sedulo

98 3800 164 3854 Cum
179 3800 261 3854 llario
276 3800 396 3857 diluenlo

96 3888 189 3944 lesum
204 3903 323 3958 quaeram
336 3888 362 3942 in
378 3886 493 3958 tumulo,

97 3974 222 4029 Clamore
235 3975 326 4028 cordis
335 3975 460 4045 querulo,

99 4063 185 4116 ltente
200 4075 329 4130 queram,
345 4076 398 4116 nori
411 4060 501 4117 oeulo.

132 4147 268 4203 Tumbam
284 4146 444 4220 perfundam
456 4147 573 4215 deibus,

99 4237 199 4291 locum
215 4235 322 4306 replens
336 4234 481 4308 gemitibus
496 4253 504 4305 3

99 4324 166 4380 lesu
182 4323 324 4395 provolvar
337 4323 464 4395 pedibus,

98 4412 205 4468 strictis
219 4412 327 4468 herens
335 4411 512 4482 amplexibus.

135 4502 198 4558 lesu
212 4518 260 4558 rex
270 4500 438 4557 admirabilis
452 4519 459 4555 :

101 4592 134 4646 Et
147 4589 327 4662 triumphator
339 4588 447 4656 nobilis,

107 4678 228 4735 Duluedo
247 4678 390 4734 ineffabilis

100 4766 184 4821 Totus
198 4765 350 4822 desirabilis

140 4856 215 4909 Mane
233 4857 387 4924 nobiseum,
408 4854 531 4921 Domine,

99 4942 131 4997 Et
146 4958 196 4998 nos
211 4942 312 4998 illustre
327 4943 438 5011 lumine,

99 5031 176 5087 Pulsa
191 5033 288 5089 mentis
303 5034 428 5105 ealigine,

98 5120 226 5177 iluudum
242 5124 347 5194 replens
361 5122 512 5178 drileedine.

134 5206 246 5275 Quando
256 5224 304 5268 eor
318 5216 437 5266 nostram
454 5211 556 5279 visitas,

104 5295 258 5354 Tuuoluoet
270 5298 295 5353 ei
308 5299 415 5364 veritas,

102 5385 194 5442 llundi
208 5388 313 5446 uilesoit
326 5389 437 5445 iunius

101 5475 134 5530 Et
145 5475 221 5532 intus
238 5477 321 5537 miset
334 5477 460 5536 ebaritas

653 1678 739 1732 Amor
753 1677 816 1733 lesu
829 1674 1003 1732 duleissimus

652 1767 759 1823 Etrere
775 1763 963 1832 suauissimus,

653 1854 717 1907 Plus
730 1852 829 1907 millies
844 1850 1023 1924 gratissimus,

652 1940 738 2009 Quam
754 1940 845 1997 dicere
859 1938 1021 1995 sufficimus.

690 2031 746 2084 lloo
757 2030 853 2100 probat
866 2031 925 2095 ejus
939 2024 1043 2089 Passio,

655 2117 713 2172 lloo
732 2115 872 2186 sanguinis
884 2113 991 2178 allusio,

654 2205 708 2260 Per
721 2220 801 2276 quam
817 2204 895 2259 uoltis
910 2200 1061 2271 redemptio

656 2294 747 2360 Datur,
760 2306 786 2349 et
801 2294 848 2348 Dei
862 2292 941 2349 visio.

689 2383 781 2438 lesum
795 2397 890 2437 omues
903 2378 1052 2454 agnoscite,

654 2472 781 2527 Amorem
795 2472 855 2541 ejus
868 2470 974 2543 poenite
988 2487 997 2536 ;

653 2558 746 2614 lesum
761 2558 890 2614 ardenter
901 2557 1024 2629 querite,

654 2646 805 2717 Quaerendo
820 2646 990 2702 inardescite.

688 2735 734 2791 Sin
747 2741 884 2790 amantem
897 2733 1011 2804 diligite,

653 2823 759 2879 Amoris
771 2823 857 2879 rieem
871 2821 989 2887 reddite,

652 2912 683 2965 ln
698 2913 770 2967 burro
786 2911 897 2967 odorem
906 2911 1018 2977 currite,

654 3000 689 3056 lit
703 3002 843 3058 rotovotis
859 3000 974 3058 reddite.

691 3089 753 3144 Jesu
769 3097 862 3146 auetor
876 3087 1036 3157 elementiae,

653 3176 748 3232 Totius
757 3192 821 3248 spes
835 3177 944 3244 letitiae,
985 3247 990 3256 .

654 3264 782 3322 Dulooris
796 3265 857 3321 lons
871 3265 1011 3339 etgraiie.

653 3351 735 3408 Verae
750 3352 839 3409 cordis
848 3350 963 3409 delioiae.

689 3440 753 3496 iesu
769 3440 804 3497 mi
819 3443 899 3509 bone,
912 3440 1037 3509 sentiam,

655 3528 764 3584 Amoris
784 3529 820 3583 tui
837 3529 954 3601 copiam,

655 3618 696 3671 Da
710 3617 776 3672 mibi
796 3633 844 3687 per
860 3618 1032 3690 presentiam

653 3706 738 3761 Tuam
751 3705 842 3762 ridere
854 3705 975 3779 gloriam.

687 3795 754 3850 Cum
782 3794 862 3868 dique
876 3794 950 3867 loqui
964 3811 1095 3867 nequeam

655 3884 692 3938 De
712 3893 747 3953 te,
765 3891 854 3939 tamen
868 3899 902 3941 ne
915 3884 1007 3941 sileam
1024 3902 1031 3941 :

655 3975 739 4030 Amor
752 3972 816 4029 lucit
830 3981 860 4028 ut
873 3974 996 4047 sumam,

659 4061 724 4118 Cum
740 4064 773 4118 de
788 4072 814 4119 te
828 4062 916 4120 solum
931 4064 1077 4136 gaudeam.

689 4149 756 4216 Tua,
771 4152 846 4220 lesu,
862 4151 979 4218 dileetio,

656 4236 740 4293 Grata
753 4240 854 4296 mentis
868 4239 989 4305 relectio,

583 4390 590 4401 ι
656 4324 772 4396 Replens
785 4327 841 4383 sine
856 4325 974 4397 fastidio,

657 4410 745 4469 890
759 4415 829 4470 Dans
847 4415 944 4473 lamam
958 4417 1102 4475 desiderio.

694 4500 746 4569 Qui
760 4512 786 4557 te
800 4508 911 4575 gustant
925 4505 1045 4563 esuriunt
1058 4525 1065 4577 3

657 4587 707 4658 Qui
726 4589 830 4656 bibunt,
846 4590 935 4649 adbuo
948 4594 1063 4649 sitiunt:

658 4677 816 4734 Desideraro
829 4680 952 4737 nesciunt

657 4765 715 4823 Nisi
725 4767 826 4836 lesum,
841 4784 926 4840 quern
936 4769 1059 4846 diligunt.

693 4853 780 4924 Quem
795 4864 857 4911 tuus
871 4872 947 4914 amor
960 4860 1059 4928 ebriet,

657 4941 738 5001 Novit
751 4943 816 5015 quid
829 4944 911 5003 lesus
924 4948 1013 5018 sapiet
1026 4966 1032 5008 :

660 5031 746 5102 Quam
759 5032 823 5090 felii
838 5045 891 5105 est,
904 5051 985 5109 quem
998 5038 1091 5095 satiotl

662 5122 721 5181 Non
735 5131 776 5178 est
794 5123 867 5180 ultra
879 5125 953 5197 quod
967 5127 1068 5197 sopiat.

693 5211 772 5280 iesu,
793 5211 876 5269 deeus
890 5212 1053 5286 angelicum,

656 5298 687 5356 ln
700 5316 765 5356 nure
779 5300 859 5357 duloe
873 5302 1016 5366 canticum.

659 5389 689 5444 ln
707 5402 755 5445 ore
769 5390 821 5446 mol
835 5388 989 5459 murdrum,

654 5478 684 5534 ln
698 5479 783 5535 eorde
794 5487 887 5537 noetsr
897 5479 1037 5540 eoeiiesni.

1249 1672 1379 1730 Desidere
1395 1685 1421 1730 te
1434 1674 1542 1747 millies,

1215 1761 1250 1817 tii
1268 1762 1350 1833 Josu3
1363 1764 1471 1836 quondo
1486 1767 1597 1824 venies?

1213 1851 1256 1906 lle
1273 1850 1364 1908 letum
1377 1855 1487 1926 quaudo
1501 1853 1602 1912 facin?

1213 1941 1257 1995 lle
1271 1939 1305 1994 de
1319 1948 1344 1996 te
1358 1944 1467 2014 quando
1481 1945 1581 2004 saties?

1249 2028 1335 2085 Amor
1348 2041 1410 2087 tuus
1423 2033 1566 2090 continuus

1213 2115 1276 2170 llilii
1284 2115 1398 2191 languor
1411 2119 1547 2189 assiduus,

1214 2204 1278 2258 lllhi
1301 2204 1403 2263 lructus
1427 2206 1571 2266 mellifluus

1216 2293 1263 2347 list
1281 2304 1309 2349 et
1324 2295 1384 2351 titae
1397 2305 1550 2368 perpetuus.

1249 2382 1329 2451 iesu,
1344 2401 1451 2442 summa
1473 2386 1633 2461 benignius,

1217 2468 1283 2525 ldira
1297 2471 1386 2528 sordis
1396 2472 1553 2544 jucunditas

1217 2558 1443 2631 incomprehensa
1469 2563 1585 2620 bonitas.

1220 2645 1277 2703 Tua
1300 2663 1343 2704 me
1356 2649 1469 2720 stringet
1494 2652 1622 2708 ebaritas.

1251 2734 1355 2791 Bonum
1384 2736 1449 2793 mibi
1474 2739 1589 2815 diligere

1215 2821 1318 2889 lesum,
1334 2825 1371 2879 nil
1385 2826 1455 2882 ultra
1468 2843 1598 2899 querere,

1215 2911 1278 2965 llilii
1293 2927 1402 2981 prorsus
1415 2913 1539 2987 delirare,

1217 2998 1250 3055 Ut
1264 2999 1302 3053 illi
1318 3017 1414 3072 queam
1424 3003 1526 3062 vivers.

1251 3087 1354 3144 Olesu
1369 3091 1405 3147 mi
1420 3092 1586 3158 dulcissime,

1215 3176 1284 3243 Spes
1297 3179 1457 3248 suspirantis
1470 3181 1576 3238 sninrae.

1214 3262 1253 3318 Te
1260 3273 1386 3333 quaerunt
1396 3266 1447 3338 pire
1460 3267 1596 3341 lacrymae,

1214 3350 1253 3406 Te
1265 3352 1366 3409 elamor
1380 3354 1478 3411 mentis
1490 3356 1589 3414 intime

1214 3436 1383 3512 Quocunque
1393 3442 1453 3501 loeo
1468 3445 1557 3514 luero,

1219 3527 1321 3584 lleeum
1336 3530 1429 3589 lesum
1442 3533 1567 3592 desidero
1584 3551 1591 3591 :

1218 3613 1305 3683 Quam
1320 3618 1406 3688 letus,
1431 3635 1493 3677 eum
1506 3622 1647 3681 invenero!

1218 3703 1303 3773 Quam
1320 3706 1392 3777 lelix,
1406 3725 1468 3768 oum
1482 3713 1609 3770 tenuero!

1249 3794 1325 3852 Tune
1360 3796 1508 3869 amplexus,
1551 3808 1615 3859 tuno
1641 3805 1743 3872 oscula,

1216 3881 1284 3950 Quae
1298 3884 1413 3943 vineunt
1424 3887 1512 3945 mellis
1527 3894 1634 3962 poeula,

1221 3970 1298 4029 Tune
1312 3972 1377 4031 felix
1389 3975 1489 4033 Christi
1501 3978 1617 4050 oopula3

1219 4060 1270 4116 Sed
1286 4061 1314 4118 in
1330 4063 1373 4119 his
1387 4080 1469 4135 paria
1481 4066 1596 4126 morula.

1255 4150 1313 4205 lam
1334 4157 1404 4222 quod
1419 4155 1542 4224 quesivi,
1563 4156 1661 4213 video:

1217 4234 1294 4303 Quod
1307 4239 1451 4312 concupivi
1464 4247 1543 4298 teneo
1556 4260 1563 4296 :

1214 4327 1311 4383 amore
1322 4328 1387 4384 lesu
1401 4326 1518 4403 langueo

1217 4416 1251 4472 Et
1263 4417 1345 4474 eorde
1359 4427 1432 4474 totus
1445 4419 1541 4476 ardeo.

1255 4505 1335 4561 lesus
1349 4521 1410 4562 eum
1424 4507 1597 4580 siediligitur,

1222 4593 1270 4649 llio
1281 4609 1356 4650 amor
1369 4611 1424 4653 non
1436 4598 1630 4670 exstinguitum

1221 4685 1281 4740 Non
1296 4684 1417 4756 tepeseit,
1442 4700 1493 4743 nee
1514 4686 1643 4753 moritur:

1224 4774 1289 4831 Plus
1303 4775 1408 4845 erescit,
1423 4783 1451 4832 et
1462 4775 1627 4833 aseenditnr.

1261 4861 1312 4919 llio
1330 4879 1405 4921 amor
1418 4864 1495 4922 ardet
1515 4866 1628 4939 jugiter,

1222 4950 1357 5009 Dulceseit
1368 4951 1535 5021 mirabiliter,

1229 5038 1307 5110 Sapit
1320 5039 1525 5102 delectabiliter.

1226 5124 1347 5183 Delectat
1374 5129 1539 5192 etielioiter.

1264 5213 1312 5271 llic
1331 5231 1409 5273 amor
1422 5219 1636 5278 missnsooelitus

1222 5301 1312 5359 Haeret
1339 5305 1404 5361 milii
1430 5307 1596 5375 medullitus,

1232 5393 1349 5448 lientem
1372 5394 1490 5452 ineendit
1516 5397 1631 5468 mribus,

1223 5482 1280 5541 lloe
1303 5480 1452 5541 delectata
1477 5485 1599 5559 spiritus,
