3706 5962
107 183 140 242 rr
711 142 718 158 ‘
759 176 953 243 cuasarum
971 180 1106 242 assarta
1719 171 1758 232 ιι

109 307 225 363 miorem
238 304 375 362 mollescit
389 317 500 372 sexum;
516 311 544 362 ιι
557 312 671 379 propter
685 304 815 362 socialem
823 320 942 406 copo-p
958 309 1104 366 decurtare
1126 303 1228 363 vultis?
1249 301 1324 359 Nihil
1347 308 1404 357 tam
1418 298 1518 375 exiguo
1540 294 1756 355 imminuendam

106 395 162 451 lam
185 396 219 452 dc
244 394 330 450 lutere
353 394 403 451 viri
427 393 543 450 formata
559 403 600 450 est
622 394 729 463 mulier,
746 395 800 451 imo
815 395 842 450 in
856 411 903 453 so·

105 485 176 543 ciam
192 485 333 541 mulierem
347 483 433 539 Adam
448 485 506 556 ipse
521 486 695 553 convertitur,
707 492 735 541 et
749 484 902 541 conforma-

80 641 82 645 ,
107 576 180 631 tione
190 574 308 646 quadam
320 573 425 628 transiit
435 574 463 628 in
473 576 629 646 conjugem.
642 574 707 630 ldco
718 576 781 630 dum
791 575 902 648 evigilat

106 663 246 720 charitatis
259 678 356 719 vocem
370 662 487 734 primam
502 662 608 731 emittit,
625 663 654 718 iu
673 663 795 736 compari
810 681 859 719 sua
872 680 902 720 se

106 752 194 824 ipsum
217 766 394 825 agnoscens:
411 756 465 809 lloc
485 769 564 810 ecee
582 769 621 820 os,
638 753 735 825 inquit,
752 754 784 811 de
797 754 902 811 ossibus

106 842 186 907 mets,
198 846 226 898 et
240 858 306 901 cero
320 842 353 898 de
365 857 451 898 corne
464 858 526 899 meo
536 841 616 912 (Gen.
634 857 665 908 ιι,
674 846 780 913 st-as),
791 845 833 898 An
847 857 903 898 non

106 930 155 985 tibi
177 930 276 986 Paulus
299 929 407 987 videtur
430 929 537 985 virilem
560 929 720 1004 dignitatem
735 931 764 986 in
777 930 903 986 humilio-

107 1035 165 1076 rem
178 1035 273 1077 sexum
288 1018 436 1077 deflectere
449 1036 512 1076 curn
524 1018 589 1074 dicit
609 1035 639 1075 se
663 1020 765 1075 iactum
786 1018 902 1074 infirmis

105 1107 267 1165 infirmum?
285 1109 312 1179 (l
334 1111 396 1167 Cor.
413 1125 452 1178 rx,
468 1108 525 1180 22),
540 1107 624 1178 Quasi
648 1108 795 1180 spiritualis
814 1107 902 1163 Adam

105 1199 164 1256 Eva
185 1198 312 1267 eflicitur,
328 1198 393 1254 durn
416 1198 548 1268 subjectis
571 1198 733 1269 compatitur
752 1196 902 1269 apostolica

105 1285 241 1343 firmitas:
258 1296 286 1344 et
299 1288 451 1344 sublimitas
465 1285 516 1343 41
537 1286 644 1344 virtutis
668 1298 696 1343 et
716 1286 838 1342 scientiar
853 1301 901 1342 so·

104 1373 219 1433 brietate
234 1377 351 1450 quadam
370 1376 512 1448 capacitati
533 1384 700 1448 temperatur
719 1375 900 1430 infirmorum.

30 1512 33 1518 .
104 1465 183 1521 Etsi
206 1475 298 1521 mente
322 1465 430 1521 excedit
455 1466 524 1531 Deo,
547 1465 654 1520 sobrius
676 1471 766 1520 tamen
794 1464 824 1520 fit
841 1464 901 1521 aliis

104 1553 147 1626 (ll
161 1556 222 1613 Cor.
238 1571 267 1625 v,
283 1555 340 1623 13),
356 1553 455 1609 llcntis
471 1569 600 1610 excessus
624 1555 712 1610 bonus
735 1561 776 1610 est
795 1565 901 1626 sopor:

957 405 999 455 est
1020 401 1170 454 momento.
1196 394 1312 449 Fruatur
1333 389 1443 447 interim
1463 387 1551 444 libere
1565 387 1634 444 hora
1651 385 1754 463 lugaci.

956 488 1131 545 Exsuscitate
1149 501 1212 542 eam
1234 483 1325 554 vultis,
1348 487 1377 538 ιι
1399 478 1518 537 avellere
1540 477 1576 534 ad
1598 492 1648 536 vos
1671 493 1754 550 quarn

956 575 1080 632 Christus
1101 572 1258 640 exsuscitat,
1282 578 1310 627 et
1330 568 1359 623 i'n
1374 585 1403 625 se
1418 566 1548 641 evigilare
1571 563 1656 622 lacit?
1671 564 1755 621 Doni-

955 680 1009 735 que
1023 663 1075 719 etsi
1089 661 1190 720 dormit
1203 661 1271 733 ipsa,
1283 659 1332 716 sed
1346 673 1395 715 cor
1408 656 1468 725 ejus
1483 653 1577 727 vigilat
1591 653 1620 709 in
1634 652 1753 711 Christo.

956 751 1052 809 Petrus
1066 760 1093 809 et
1108 751 1154 824 qui
1168 767 1229 808 oum
1249 749 1308 821 ipso
1327 754 1406 805 erant
1419 745 1448 800 in
1462 752 1555 801 moute
1570 742 1677 816 gravati
1691 753 1756 798 suut

955 858 1060 907 somno,
1091 850 1118 898 ιι
1147 840 1308 913 evigilantes
1329 836 1457 895 viderunt
1481 835 1654 905 majestatem
1677 832 1753 892 lesu.

954 934 1029 989 Bene
1049 931 1154 1004 gravati
1170 945 1277 996 somno,
1292 928 1320 984 in
1340 927 1439 1000 quibus
1458 926 1594 980 humanus
1616 922 1753 995 reprime-

955 1024 1035 1078 batur
1058 1038 1167 1078 sensus.
1183 1019 1355 1077 Gravabatur
1373 1024 1401 1073 et
1425 1013 1624 1088 reprimebatur
1639 1012 1667 1067 in
1686 1010 1755 1084 ipsis

955 1111 1102 1183 quoderat
1121 1127 1155 1168 ex
1179 1109 1254 1183 ipsis,
1277 1116 1308 1164 ut
1321 1107 1357 1162 ad
1367 1121 1400 1163 ca
1414 1121 1476 1179 quae
1492 1103 1587 1159 mundi
1609 1107 1672 1158 sunt
1687 1100 1753 1158 caeci

954 1208 983 1256 et
997 1201 1120 1270 hebetes,
1137 1208 1243 1255 tanturn
1267 1197 1302 1253 ad
1316 1192 1507 1269 cognoscenda
1529 1208 1590 1265 quae
1612 1190 1663 1247 Dei
1678 1198 1751 1257 sunt,

955 1288 1053 1361 spiritu
1081 1288 1240 1360 evigilarent
1255 1285 1363 1343 excitati
1386 1283 1490 1341 dimno.
1506 1281 1691 1354 Evigilontes,
1707 1278 1752 1334 in-

956 1378 1024 1450 quit,
1037 1376 1170 1436 viderant
1180 1379 1361 1449 majestatem
1375 1374 1454 1446 (loe.
1471 1387 1512 1440 rx,
1528 1371 1585 1442 32).
1601 1370 1675 1425 Bene
1685 1383 1753 1441 ergo

954 1466 1058 1539 vigilat,
1075 1467 1122 1539 qui
1132 1467 1197 1521 talia
1210 1466 1294 1531 videt,
1310 1463 1356 1536 qui
1370 1463 1445 1519 videt
1459 1459 1574 1536 gloriam
1584 1457 1723 1529 Unigeniti
1737 1473 1753 1513 a

955 1556 1050 1621 Patre;
1061 1555 1108 1628 qui
1123 1553 1197 1611 audit
1212 1569 1312 1610 arcana
1326 1552 1420 1620 verba,
1432 1566 1494 1622 quae
1507 1563 1562 1604 non
1576 1547 1639 1603 licet
1649 1545 1753 1602 bomini

103 1658 161 1698 non
184 1643 341 1715 superbiam
351 1642 495 1710 inducens,
522 1642 571 1698 sed
584 1643 760 1698 sobrietatem
784 1643 900 1699 docens.
954 1643 1040 1718 loqui.
1059 1645 1120 1700 Non
1142 1644 1206 1701 licet
1222 1644 1247 1700 ei
1270 1642 1325 1698 dici
1343 1643 1371 1696 in
1386 1655 1441 1713 quo
1456 1637 1537 1696 Filius
1558 1637 1607 1693 Dei
1629 1635 1752 1692 nondum

103 1732 490 1804 rtdjorooosrreeasaaeitetr's
500 1733 900 1805 dilectamdeeecipseoetit:
915 1714 938 1795 fl
954 1735 1113 1791 resurrexit.
1127 1735 1228 1802 Videte,
1239 1730 1452 1806 inquit,nemici
1459 1729 1596 1785 visionem
1606 1724 1749 1791 dixeritis,

105 1827 133 1874 θῑ
145 1818 168 1872 δί
183 1825 275 1873 meme
285 1817 392 1873 interim
402 1819 509 1874 excedit
518 1820 583 1886 000,
595 1819 695 1874 ilerum
705 1827 797 1874 lamen
808 1818 900 1873 SObriss
954 1825 1142 1884 deceerttios
1151 1814 1750 1888 immicisomortuisresurgetildottltxvu,

103 1903 161 1963 flei-
178 1907 207 1963 Si
230 1906 312 1963 modo
335 1906 446 1975 dormit,
476 1906 615 1980 evigilabit
641 1924 758 1976 rursum,
782 1917 810 1963 et
837 1907 901 1965 vina
954 1917 992 1986 9).
1004 1916 1066 1970 Non
1081 1921 1169 1986 potest
1181 1913 1206 1969 ei
1224 1910 1279 1967 dici
1291 1909 1370 1976 visio,
1382 1909 1409 1963 in
1421 1922 1474 1980 quo
1489 1906 1611 1961 nondum
1626 1903 1752 1959 Christus

104 2012 165 2069 qum
181 1997 292 2069 reperit,
308 2012 370 2052 cum
395 2005 610 2068 temperamento
630 1997 748 2069 quodam
763 1997 840 2054 vobis
856 2014 899 2054 rc·
953 2000 1111 2056 resurrexit.
1129 1998 1252 2070 Denique
1271 1994 1357 2052 simile
1371 1993 1475 2049 dictum
1497 1998 1540 2047 est
1556 1989 1648 2045 Mariae
1664 2002 1670 2041 τ
1687 1987 1752 2044 llett

103 2085 209 2143 fundet.
224 2087 287 2158 lpse
305 2085 380 2142 novit
403 2086 512 2157 quando
526 2087 628 2145 dividat
645 2088 767 2158 praedam
786 2087 899 2144 domes·
952 2108 997 2149 me
1008 2089 1269 2163 tangere;eondcm
1279 2084 1358 2141 euim
1365 2081 1526 2139 ascendiod
1536 2082 1649 2136 Patrem
1656 2078 1750 2147 (loen.

104 2174 177 2241 licis,
192 2188 218 2231 et
232 2174 334 2230 cibaria
353 2175 469 2231 ancillis.
483 2176 625 2247 Quomodo
649 2192 704 2232 non
728 2176 900 2233 miserebitur
953 2194 1004 2245 xx,
1021 2181 1078 2251 l'l).
1094 2180 1154 2234 Non
1169 2177 1232 2232 licet
1246 2175 1271 2231 ei
1285 2173 1349 2238 dici,
1367 2171 1414 2244 qui
1428 2175 1540 2226 nonest
1555 2175 1648 2240 raptus
1661 2165 1690 2221 in
1705 2180 1753 2237 pa·

103 2262 220 2319 filiarum
242 2265 313 2320 uteri
327 2265 379 2331 sui,
396 2283 457 2338 quae
470 2282 521 2322 nec
535 2266 648 2323 ancillas
662 2266 804 2339 praeterit?
818 2265 900 2322 Bonae
953 2268 1086 2337 radisum,
1103 2267 1130 2322 in
1145 2267 1237 2322 locum
1251 2262 1420 2327 deliciarum,
1432 2260 1461 2316 in
1474 2260 1563 2316 locum
1578 2257 1612 2313 de
1626 2272 1679 2328 quo
1700 2257 1751 2311 Pe·

103 2361 194 2409 tamen
217 2352 281 2411 tiliae
305 2354 417 2411 ancilias
440 2371 470 2411 se
491 2364 627 2427 reputant,
642 2363 668 2412 et
686 2356 836 2412 naturalem
850 2371 899 2411 ne·
953 2365 1010 2413 trus
1023 2356 1091 2412 dixit
1106 2371 1113 2411 :
1130 2359 1291 2413 Bonumest
1305 2370 1355 2409 eos
1367 2350 1412 2408 tte
1423 2367 1481 2408 erse
1495 2347 1610 2418 (daret.
1621 2360 1692 2412 xvir,
1710 2346 1749 2416 t).

103 2443 193 2498 sciunt
209 2443 374 2510 libertatern,
391 2444 456 2501 dum
471 2444 594 2500 veritatis
608 2444 705 2516 spiritu
725 2445 853 2500 liberatas
869 2461 898 2501 se
951 2448 1026 2504 Beue
1041 2447 1232 2511 exsuscitatur,
1249 2443 1295 2516 qui
1319 2444 1347 2497 in
1366 2444 1438 2498 hunc
1461 2457 1523 2496 curn
1542 2438 1626 2494 Paulo
1645 2435 1751 2509 rapitur

102 2545 164 2586 esse
179 2538 333 2586 recensent.
350 2530 418 2588 Vere
434 2533 509 2586 enirn
523 2531 618 2588 liberae
629 2540 702 2602 sunt,
717 2549 785 2605 quas
798 2533 899 2588 liberat
951 2537 1110 2609 paradisum
1125 2536 1163 2607 (ll
1182 2536 1243 2591 Cor.
1259 2548 1311 2599 ιιι,
1324 2532 1369 2603 ι);
1392 2530 1439 2602 qui
1457 2527 1581 2585 ascendit
1595 2542 1658 2584 cum
1668 2527 1751 2582 Petro

102 2618 205 2676 veritas
221 2635 228 2673 :
245 2624 272 2673 et
284 2617 346 2674 ideo
360 2619 440 2673 aliam
453 2619 608 2674 libertatem
621 2619 760 2690 ignorant,
774 2636 836 2692 quae
849 2636 898 2689 per
952 2625 980 2680 in
989 2634 1121 2694 montem,
1138 2623 1185 2696 qui
1199 2623 1238 2679 vel
1254 2637 1309 2677 una
1323 2636 1385 2677 cum
1400 2619 1508 2676 Christo
1521 2624 1608 2690 potest
1622 2617 1692 2672 bora
1706 2616 1750 2672 vi·

102 2706 278 2776 adoptionem
301 2705 432 2760 liberatas
455 2723 485 2762 ιι
504 2707 636 2778 gaudent.
653 2707 779 2779 Denique
795 2715 898 2778 quanto
951 2715 1048 2786 gilare,
1064 2728 1146 2785 quern
1160 2727 1215 2767 non
1230 2711 1312 2765 horno
1327 2708 1423 2781 tangit,
1444 2716 1473 2764 ut
1488 2705 1633 2763 exsuscitet
1652 2713 1679 2762 et
1693 2705 1751 2762 evi-

101 2793 190 2867 mcgis
205 2798 248 2847 est
260 2791 378 2864 gratuita
392 2791 510 2864 adoptio,
527 2799 602 2849 tanto
617 2800 659 2849 est
676 2794 796 2864 abjectio
811 2796 896 2853 devo·
951 2803 1038 2879 gilare
1051 2801 1134 2858 iaciat
1157 2799 1290 2857 Christus.
1306 2800 1341 2853 Et
1364 2799 1474 2853 Petrum
1496 2796 1554 2869 ipse
1572 2794 1669 2866 tetigit,
1686 2793 1751 2850 ideo

102 2880 164 2937 tior.
180 2880 292 2935 Eaedem
306 2895 373 2953 ergo
387 2888 414 2936 ιι
429 2880 534 2938 ancillae
548 2890 619 2950 sunt,
637 2890 665 2939 et
680 2880 756 2952 filtae;
773 2884 835 2956 quia
850 2883 898 2940 ubi
951 2891 1086 2965 evigilavit
1101 2896 1128 2946 et
1148 2889 1215 2945 vidit
1229 2889 1400 2959 majestatem
1413 2888 1484 2956 ejus.
1501 2883 1634 2957 ‚Denique
1648 2890 1675 2939 et
1689 2883 1750 2939 haeo

102 2975 190 3041 major
204 2977 247 3026 est
264 2970 294 3025 in
311 2970 457 3041 adoptione
476 2970 607 3045 dignatio,
623 2972 662 3028 ibi
675 2973 774 3043 justior
787 2973 816 3029 in
832 2974 897 3031 sub·
951 2979 1010 3051 ipsa
1025 2978 1126 3034 dilecta
1135 2977 1197 3034 vide
1207 2975 1294 3048 qualis
1308 2981 1438 3047 exsurgat
1451 2973 1486 3029 de
1500 2971 1594 3044 sponsi
1608 2970 1748 3042 amplexu.

99 3059 219 3130 iectione
233 3060 353 3116 devotio·
955 3071 1022 3138 Qreoe
1036 3071 1078 3126 est
1089 3070 1155 3136 ista,
1167 3064 1264 3137 inquit,
1277 3081 1341 3138 qaae
1352 3061 1480 3121 ascendit
1490 3064 1572 3136 quasi
1582 3059 1691 3133 virgula
1700 3062 1749 3133 su·

137 3152 163 3204 6.
181 3150 219 3207 Νι
233 3151 375 3207 suscitetis
390 3166 463 3219 eam,
479 3150 566 3207 donec
579 3151 641 3223 ipsa
655 3151 735 3208 stelit.
747 3151 809 3223 lpsa
823 3149 898 3209 novit
912 3111 934 3190 c
950 3159 993 3214 mi
1002 3158 1017 3212 t
1027 3157 1124 3228 (Cant.
1141 3170 1183 3224 ιιι,
1200 3154 1240 3226 ι.)

24 3240 29 3245 ’
101 3237 210 3309 quando
234 3237 338 3294 dividat
360 3238 479 3310 praedam
501 3237 671 3309 domesticis,
687 3247 715 3294 et
730 3239 833 3296 cibaria
847 3255 896 3295 an·
985 3249 1013 3302 7.
1035 3244 1088 3300 Sed
1102 3260 1153 3301 nos
1170 3244 1228 3313 jarn
1243 3240 1287 3297 lric
1302 3240 1497 3297 ascendentem
1511 3252 1671 3296 revocemus
1687 3253 1747 3294 ser·

100 3328 178 3385 ciliis.
196 3330 257 3386 Non
272 3336 315 3385 est
338 3329 372 3385 de
397 3331 448 3387 ista
472 3329 650 3387 metuendum
673 3334 746 3403 quod
768 3331 894 3404 legitur:
949 3349 1075 3400 monem;
1089 3341 1117 3388 et
1127 3331 1277 3404 capitulum
1291 3331 1343 3385 lroc
1358 3328 1435 3384 alteri
1449 3343 1588 3386 servemus
1601 3325 1745 3399 principio,

100 3418 175 3474 Filia
186 3418 286 3493 populi
299 3421 356 3475 mei
369 3419 502 3490 crudetis,
513 3420 596 3492 quasi
608 3420 734 3477 struthio
745 3423 777 3478 in
788 3420 896 3478 deserto
949 3423 1004 3479 irno
1019 3422 1059 3476 illi
1074 3420 1121 3494 qui
1134 3421 1169 3475 do
1184 3436 1215 3477 se
1225 3418 1285 3491 ipso
1295 3417 1361 3475 dicit
1373 3436 1379 3476 :
1392 3421 1446 3489 Epo
1455 3418 1642 3491 principium,
1655 3415 1705 3489 qai
1719 3419 1749 3470 et

100 3504 215 3575 (Three.
232 3521 271 3565 tv.
287 3507 326 3579 3).
338 3506 459 3564 Strutlrio
473 3508 700 3579 pennaespeciem
715 3509 809 3577 habet,
821 3518 896 3566 caret
951 3513 1047 3585 loquor
1060 3510 1134 3567 vobis
1144 3511 1225 3581 ileon
1240 3523 1301 3576 rur,
1322 3508 1379 3578 ιιι).
1393 3506 1447 3576 Qui
1460 3506 1565 3561 utinam
1575 3504 1657 3565 nobis
1671 3503 1706 3560 sit
1720 3512 1749 3560 et

100 3602 188 3650 tamen
209 3595 309 3651 ellectu
331 3596 451 3653 volandi.
466 3597 560 3653 Nescit
573 3614 623 3668 per
637 3598 737 3654 mentis
751 3615 896 3655 excessum
949 3599 1085 3657 sermonis
1105 3597 1279 3671 principium,
1294 3604 1320 3652 et
1335 3594 1426 3654 cordis
1441 3596 1569 3662 verbum;
1586 3602 1615 3650 ut
1628 3609 1689 3667 quae
1702 3591 1746 3648 lo-

99 3682 212 3752 volare,
232 3691 378 3755 propterea
401 3683 523 3754 speciem
547 3700 602 3740 nou
628 3685 718 3742 visitat
742 3702 830 3757 suam,
846 3687 896 3744 sed
949 3689 1038 3746 cuturi
1053 3703 1147 3743 sumus
1162 3687 1196 3742 de
1210 3686 1280 3759 ipso,
1307 3684 1382 3757 prior
1395 3685 1454 3756 ipse
1468 3685 1595 3757 loquatur
1612 3682 1640 3739 in
1654 3681 1745 3739 nobis.

99 3769 264 3843 derelinquit
286 3771 315 3826 in
338 3779 411 3827 terra
429 3787 481 3828 ova
494 3788 553 3828 sua.
568 3771 744 3830 Obliviscitur
758 3775 832 3848 quod
846 3792 896 3847 pes
949 3778 1082 3851 Loquere,
1099 3775 1225 3842 Domine,
1237 3774 1350 3847 loquere
1365 3774 1442 3847 mihi,
1458 3781 1485 3831 et
1494 3772 1606 3848 loquere
1624 3787 1748 3845 prome.

98 3861 241 3917 conculcet
255 3876 298 3927 ea,
314 3861 402 3916 bestia
417 3867 548 3918 conterat.
563 3861 625 3918 Non
640 3863 716 3920 novit
729 3863 758 3918 in
772 3872 895 3921 contem·
948 3869 1065 3938 increpa
1075 3882 1124 3939 pro
1135 3882 1179 3921 me
1188 3865 1268 3932 filias,
1280 3881 1335 3920 non
1345 3864 1505 3935 Jerusalem,
1517 3864 1567 3920 sed
1577 3861 1747 3934 Babylonis:

98 3947 227 4019 piationis
250 3964 377 4021 soporem
391 3964 537 4022 assurgere
552 3949 677 4017 struthio,
693 3949 756 4007 ideo
776 3967 806 4008 se
820 3965 895 4008 com·
947 3956 994 4013 dic
1013 3953 1069 4012 42
1084 3963 1114 4010 ut
1133 3954 1229 4011 sedeat
1244 3960 1271 4011 et
1285 3961 1373 4010 taceat
1387 3952 1443 4010 iilia
1457 3953 1654 4010 Chaldaeorum.
1670 3951 1749 4006 Deus

98 4039 232 4112 passionis
253 4039 351 4097 allecta
375 4055 430 4096 non
450 4040 548 4097 induit.
564 4041 607 4096 Ad
627 4040 801 4097 commodum
820 4041 894 4097 enim
946 4046 1029 4112 bone,
1046 4053 1154 4119 quantae
1175 4051 1239 4100 suut
1259 4044 1340 4100 bodie
1362 4043 1424 4101 filiae
1448 4040 1602 4116 Babylonis,
1617 4056 1680 4113 qnae
1694 4056 1747 4096 ne-

97 4136 206 4202 ⁸P⁰⁰i³⁸
229 4128 344 4185 filistiim
363 4129 392 4185 1¹¹
403 4129 503 4186 mimis
517 4145 631 4186 0¹⁰2⁵⁵¹¹
647 4130 773 4186 dormitio
786 4131 892 4197 maltis,
947 4135 1038 4193 sciunt
1049 4135 1157 4191 cantica
1172 4134 1247 4201 Sion,
1263 4141 1374 4205 propter
1384 4149 1452 4205 quas
1461 4147 1565 4204 organa
1578 4135 1672 4188 nostra
1687 4145 1749 4187 sus·

99 4227 127 4275 et
151 4225 237 4275 totum
257 4219 293 4276 de
316 4218 479 4291 compendio
501 4227 543 4276 est
565 4219 640 4291 quod
660 4219 808 4292 spiritualis
830 4220 892 4290 ejus
945 4223 1103 4297 pendimus!
1126 4221 1226 4292 Quanti
1249 4231 1312 4278 sunt
1334 4221 1383 4279 filii
1397 4223 1497 4290 Edam,
1512 4221 1559 4294 qui
1580 4236 1631 4277 nos
1650 4218 1747 4275 exina-

99 4323 211 4365 somnus
235 4309 410 4381 protrahitur.
425 4308 491 4366 ideo
504 4309 570 4365 dicit
586 4327 592 4363 :
609 4309 713 4381 ldjaro
732 4326 824 4367 vosne
840 4328 893 4368 es·
946 4313 1023 4368 niunt
1051 4322 1078 4371 et
1105 4312 1268 4369 exhauriunt
1295 4311 1388 4366 laetitia
1412 4309 1561 4384 spirituali!
1586 4307 1745 4380 Compescis

97 4400 242 4455 emeretis
257 4400 402 4472 dilectam,
413 4398 500 4455 donec
510 4399 573 4472 ipsa
586 4398 663 4456 velit.
673 4398 747 4454 Bona
756 4397 892 4469 adjuratio
945 4402 1016 4458 tilias
1026 4404 1177 4459 Jerusalem
1187 4402 1222 4457 ab
1236 4400 1408 4457 infestatione
1419 4400 1534 4457 dilecta.
1546 4398 1656 4456 Uticam
1664 4396 1743 4468 milri,

96 4503 148 4561 per
168 4503 249 4561 quam
273 4496 300 4544 ιι
320 4488 402 4545 matri
423 4488 553 4561 parcitur,
567 4495 595 4544 et
608 4487 748 4559 proiectus
761 4488 891 4561 quaeritur
906 4501 930 4580 ῃ
946 4492 1072 4563 Domine,
1088 4508 1104 4547 a
1123 4491 1231 4548 filiabus
1251 4505 1350 4562 parcas
1372 4490 1531 4562 Babylonis.
1546 4488 1644 4561 Dispar
1667 4485 1743 4542 enim

97 4575 225 4633 filiarum.
240 4578 349 4646 Quanto
364 4576 437 4633 enim
453 4577 565 4634 liberius
582 4584 660 4633 vacat
674 4584 700 4634 et
713 4576 798 4646 videt,
815 4583 889 4633 tanto
946 4590 996 4649 cst,
1012 4590 1039 4638 et
1052 4583 1119 4639 satis
1133 4580 1275 4638 molestior
1295 4579 1402 4636 vexatio
1424 4579 1642 4656 malignantium,
1658 4591 1743 4648 quam

95 4663 206 4718 uberius
239 4664 459 4721 adolescentulas
486 4664 588 4723 revisit.
616 4665 724 4735 Quanto
748 4665 890 4721 sublimius

96 4751 283 4822 suspenditur,
299 4761 374 4808 tauto
389 4751 531 4809 descendit
545 4753 681 4822 humilius,
696 4753 890 4812 condescendit

94 4839 196 4897 atilius.
208 4840 277 4902 Quid
285 4841 366 4897 vultis
375 4848 498 4912 tempora
507 4841 680 4912 dispensare,
690 4859 751 4914 quae
772 4860 889 4916 sponsus

94 4930 186 5002 posuit
200 4928 228 4985 in
241 4929 379 4987 voluntate
392 4930 520 4987 dilectat
534 4932 573 4988 Ne
587 4935 778 5005 exsuscitetis,
790 4932 887 5004 inquit,

93 5019 281 5091 ttlcmmeoec
290 5021 354 5093 ipso
363 5019 524 5076 velitluno
535 5019 607 5077 volet
616 5035 677 5075 cum
687 5021 722 5075 ab
734 5021 819 5078 oculis
830 5023 890 5092 ejvs

95 5109 244 5167 evolaverit
254 5109 322 5167 visio
337 5108 438 5166 dilecti.
449 5108 564 5166 Lubrica
573 5116 615 5164 est
624 5109 686 5178 ejus
697 5111 845 5180 presentia,
861 5118 889 5166 et

95 5194 644 5271 elabitursuoiroapo,inquietasset
653 5198 739 5256 adme
748 5200 889 5257 conversio

95 5282 260 5354 ejrts)daot.
275 5303 325 5359 vu,
336 5289 392 5362 to),
404 5287 475 5357 Quid
488 5296 542 5344 tarn
556 5294 680 5343 sanctum
696 5288 807 5344 tentatis
817 5302 891 5345 oom-

97 5372 230 5430 mercium
245 5382 306 5430 ante
320 5385 426 5450 tempus
440 5376 592 5436 divelleret
604 5378 689 5432 Beata
702 5377 822 5444 collatio,
839 5376 889 5432 scd

95 5459 187 5519 brevis
206 5461 285 5519 liora.
301 5462 423 5524 Sufficiet
444 5465 484 5523 illi
506 5465 626 5525 brevitas
649 5479 698 5521 sua
714 5479 721 5519 :
736 5464 803 5538 quid
816 5466 889 5525 illam

944 4670 1104 4727 amantium.
1119 4671 1174 4727 Sed
1195 4679 1287 4727 tamen
1308 4669 1402 4728 nescio
1426 4685 1481 4743 qua
1504 4667 1593 4725 nostri
1612 4665 1745 4736 temporis

944 4762 1025 4832 hujus
1040 4760 1150 4816 miseria
1172 4760 1225 4831 ipsi
1238 4769 1362 4817 amantes
1383 4758 1450 4815 iacti
1463 4767 1526 4814 sunt
1548 4757 1742 4830 malignantes.
1772 4797 1774 4800 -

944 4849 1052 4920 Quanta
1065 4849 1229 4923 malignatur
1251 4851 1333 4907 hodie
1348 4851 1452 4907 amicus
1466 4849 1495 4904 in
1509 4847 1621 4904 sancto?
1640 4843 1744 4902 dixisse

943 4937 1036 5006 debui,
1062 4936 1205 5004 iuimicus3
1232 4938 1281 4994 sed
1301 4939 1356 4994 dixi
1384 4938 1458 5012 quod
1476 4936 1565 5009 magis
1584 4934 1668 4991 dolet.
1688 4933 1744 5005 lpsi

943 5025 1024 5082 amici
1038 5025 1103 5083 lacti
1117 5034 1181 5082 sunt
1195 5025 1308 5085 inimici.
1324 5028 1415 5085 Amici
1428 5027 1598 5099 professione
1616 5039 1622 5078 :
1639 5022 1744 5079 inimici

943 5114 1097 5174 allectione.
1109 5115 1207 5187 Specie
1221 5117 1303 5173 amici
1320 5132 1326 5172 :
1343 5118 1392 5174 sed
1407 5117 1533 5174 auncitiae
1547 5114 1673 5174 virtutem
1689 5111 1746 5168 dil·

943 5202 1060 5261 fitentes.
1081 5203 1194 5261 Amicus
1216 5205 1347 5277 Absalon,
1373 5207 1439 5280 quia
1461 5205 1547 5271 filius;
1571 5203 1622 5260 sed
1640 5209 1746 5275 quanta

943 5293 1110 5367 malignatus
1124 5300 1167 5351 ιιι
1187 5293 1335 5352 sceleratus
1349 5294 1378 5353 in
1397 5303 1503 5364 sancto,
1526 5292 1600 5350 tilius
1613 5291 1642 5347 in
1654 5298 1744 5364 patre,

942 5382 1067 5441 Absalon
1082 5382 1110 5441 in
1124 5384 1234 5443 David?
1254 5385 1375 5443 absalon
1385 5389 1447 5442 Poe
1459 5387 1553 5459 petris
1568 5381 1679 5439 dicitnr.
1695 5380 1746 5435 Bo-

943 5489 1010 5532 num
1028 5474 1109 5550 plane
1122 5492 1225 5536 nomen
1237 5491 1244 5533 :
1255 5476 1305 5536 sed
1316 5475 1375 5550 ipse
1392 5472 1510 5535 nominis
1523 5473 1606 5545 huius
1614 5471 1746 5532 virtutem
