3706 5962
168 235 224 295 1299
724 223 906 283 uouonlrlo
924 223 956 282 lu
980 219 1078 281 EPlS'b.
1098 222 1260 285 ablaunis,
1364 224 1378 283 ῤ’
1763 224 1819 284 300

170 361 295 432 epistola
305 374 369 412 cam
379 355 448 412 aliis
458 352 549 407 eidem
559 354 670 406 auctiori
680 351 851 406 uindicatur.
864 349 1179 406 ilernbrunoeoerbabuc
1189 352 1294 420 reterre
1303 349 1480 421 noupiqebit.
1494 369 1506 399 a
1522 350 1817 474 Porruinqeniisuiac

175 431 265 486 sludii
276 430 462 483 morunnenta
471 441 527 478 non
538 418 1025 493 contemnendareliquit,ecquibus
1034 438 1068 475 en
1076 421 1340 493 solumnolaboqure
1351 421 1412 475 uisu
1421 425 1450 475 el
1459 421 1636 492 lecllonepro
1654 425 1710 478 eoi.
1723 423 1816 479 l'ilnm

175 501 269 557 sancti
280 497 416 552 bernardi
427 494 547 549 scribere
557 510 709 565 oppressus,
719 510 787 564 opus
799 508 994 547 consummare
1004 508 1062 548 non
1069 493 1180 564 potuit:
1190 492 1294 548 librum
1303 497 1398 548 lamen
1406 492 1779 565 unum‚etipsumprimum,
1788 499 1816 549 el

175 590 232 628 uon
243 569 361 624 modicae
371 565 686 640 quantitatis‚absoloit.
696 568 801 620 Contra
808 564 976 633 maqistrum
982 565 1100 618 Petrum
1108 563 1294 621 aratorium.
1302 561 1617 636 quiquoedamfideinon
1627 565 1817 622 consonasuis

176 642 302 714 operibus
312 641 482 699 inseruerat,
497 636 600 692 librum
608 651 699 689 unam
709 635 796 690 edidit
808 632 1326 705 eloquiooenuslurn,fideeatbolicum,
1335 635 1446 689 ratione
1453 647 1614 690 nervosum.
1626 636 1699 691 Fecit
1709 652 1817 708 quoque

177 716 244 772 duos
254 710 374 767 libellos:
386 725 505 781 quorum
515 706 754 776 unum,AEniqma
764 705 845 774 fidei3
856 706 989 769 alterum,
1001 703 1223 775 Speculumfidei
1227 704 1401 761 nominauit:
1410 703 1547 776 inquibus
1558 705 1817 789 breuiteretaperte

177 783 244 852 quid
254 784 292 837 sil
303 780 471 836 credendum
483 777 616 834 ostendit.
625 778 714 848 Super
725 776 843 831 Cantica
852 777 1030 830 canticorum
1038 776 1173 832 moralem
1183 775 1387 846 repositionem
1395 776 1752 847 composuilscujusoperrs
1761 794 1816 831 me·

177 856 264 910 minii
275 853 307 906 in
323 852 383 908 l'ita
394 852 488 905 sancti
498 848 646 904 bernardi.
655 851 702 902 Est
709 846 912 916 aliusejusdem
922 844 1030 900 liberdc
1037 847 1146 902 Natura
1157 853 1183 901 el
1191 846 1332 918 diqnitnle
1343 849 1457 911 amoris.
1470 862 1550 917 quem
1561 846 1714 905 secundum
1723 848 1815 919 ipsias

177 923 331 980 materiam
344 922 562 976 Anti-Nasonem
572 934 720 992 possumus
732 919 884 988 appellare.
898 918 1054 973 tneoenim
1072 934 1168 972 aerum
1180 920 1302 972 instruit
1314 916 1523 989 philosophum,
1540 916 1815 989 quibusqradibuset

178 995 270 1050 modis
297 985 1817 1059 assitetdebeatinbcidilcctioncproficere.LibellumetiamunarndirenitFratribusCa'rtusicebabitanti-

179 1011 437 1129 businssontc-Dei:
445 1064 494 1132 qui
501 1060 612 1115 liceteis
623 1058 1053 1130 loquuturspecialiler,cunctis
1065 1063 1207 1115 tomencsl
1218 1057 1377 1114 commodus
1383 1059 1414 1112 in
1421 1057 1562 1141 Reliqlone
1565 1058 1665 1129 perfici
1669 1059 1813 1130 capienti-

179 1128 1816 1205 bus.Depbqsica,ideslraatrrraoorporisetanimu‚breuemcompilationemformauit:ulqaiaseipsnmcoqnoscore

178 1202 713 1278 fructusesldicendipracipuasjuuta
724 1199 919 1271 illudquodde
928 1198 1144 1254 calodescendil
1155 1203 1231 1254 Γηῶθι
1240 1200 1351 1267 σεαυτὸν,
1362 1199 1502 1270 simplices
1514 1201 1628 1257 lectores
1639 1200 1674 1254 ad
1686 1202 1814 1271 aliquam

177 1275 416 1334 oetincboatioam
422 1277 468 1329 sui
473 1275 660 1354 coquitionem
666 1274 832 1326 instrueret.
840 1273 921 1324 Estet
929 1270 1039 1326 libellus
1050 1272 1151 1341 ipsius,
1160 1271 1207 1326 cui
1218 1270 1309 1326 tiulas
1319 1275 1359 1325 esl
1370 1272 1407 1326 De
1418 1276 1529 1326 contem
1549 1269 1632 1325 lando
1644 1271 1752 1326 bomin
1778 1289 1814 1327 uo
1831 1340 1838 1350 ¹

177 1345 386 1418 sinedubiopro
408 1340 1356 1413 leradrficatiorrernleqentiarudesualoquituroontempiationebis
1366 1340 1467 1396 uerbis:
1479 1289 1811 1412 ‹Efuonnunquumffbo-

177 1420 265 1484 mine,
277 1419 358 1489 quasi
367 1365 472 1472 eliensis
482 1416 569 1472 oeulis
580 1413 614 1468 ad
625 1417 653 1467 te
664 1412 768 1467 ieiunii.
785 1437 794 1458 ‹
810 1414 901 1466 mittis
912 1412 984 1466 mibi
993 1410 1026 1465 in
1036 1427 1064 1466 os
1070 1412 1170 1477 cordis,
1182 1412 1312 1482 quodnon
1321 1411 1667 1484 licetmibiscireqaidsil.
1681 1413 1814 1485 Saporem

176 1491 279 1561 quippe
288 1490 380 1543 sentio
388 1486 511 1548 dulcem,
522 1485 588 1541 adeo
596 1487 817 1554 comortantem.
830 1487 861 1535 at
873 1487 896 1538 si
903 1482 1183 1553 perficereturinme,
1191 1482 1519 1555 nibilultraquoererem.
1529 1502 1540 1530 π
1551 1483 1748 1555 Composuilet
1756 1488 1816 1537 tra·

176 1565 353 1615 clatumnon
363 1573 481 1630 paruam
490 1605 493 1615 ,
502 1557 627 1625 eujusest
638 1555 822 1626 epiqrummn,
834 1553 1002 1608 btedilatiuoe
1016 1555 1167 1618 orationes,
1178 1554 1209 1607 in
1220 1570 1273 1627 qno
1283 1552 1815 1618 amnunaulilurmateria.ecddiversa

162 1688 165 1696 ¹
177 1624 659 1701 disserilcapitnlo,etinplerisque
668 1624 1283 1696 Deumalinquenspropriammultipormem
1291 1624 1626 1680 discutitconscicntiam.
1634 1625 1669 1679 Iu
1678 1625 1816 1695 bocopere

177 1693 1005 1842 billliberauerat-'iiiilleillesintii?
1019 1694 1817 1838 liiniiiiii?’i‘ltfaiii‘ittiin‘dilf

177 1843 241 1896 nori
261 1839 452 1896 estimatione
466 1837 604 1909 proficiet.
621 1837 680 1891 b'on
696 1834 795 1892 dubito
808 1835 879 1907 quin
893 1835 952 1890 alia
966 1834 1077 1890 cuderit
1092 1838 1242 1907 opuscula:
1252 1836 1299 1892 sed
1307 1834 1482 1906 praterhac
1492 1835 1817 1910 bactenaenullapolui

176 1929 205 1966 re
226 1925 336 1965 ttt'lre.»

164 2009 167 2013 ·
204 1929 246 2035 Ili.
256 1984 392 2036 Hactenus
400 1981 482 2033 uetus
491 1977 664 2037 membrana,
676 1981 706 2032 in
717 1977 965 2047 cajusprincipiou
978 1976 1446 2047 GuitlelmusapadLeodinmclaro
1456 1993 1552 2049 qaaere
1562 1981 1659 2042 nolus,
1670 1999 1680 2028 ι
1692 1981 1817 2049 tratrem

177 2050 473 2123 babuisseperbibetur
483 2048 713 2102 Simonemtcum
721 2063 774 2118 quo
785 2050 881 2102 ttamos
892 2050 1044 2118 protectus,
1053 2048 1085 2102 in
1097 2048 1208 2105 abbatia
1218 2049 1448 2114 Sancti-Nicasii,
1461 2050 1493 2102 in
1502 2066 1558 2121 qua
1569 2070 1580 2098 ι
1593 2047 1659 2106 odor·
1671 2048 1773 2105 bonoeo
1795 2050 1819 2102 i·

176 2124 268 2180 aionis
280 2128 368 2176 »tanc
379 2124 468 2182 erata
481 2119 723 2189 sacroereliqlonie
731 2117 864 2173 tabitam
875 2118 1024 2189 »sumpsil
1035 2121 1168 2175 t’roeessu
1178 2067 1818 2201 umpoissrmonpacruscseaoaasSanculli-

175 2194 248 2250 colai
259 2192 291 2246 dc
302 2193 394 2253 bosco,
408 2191 454 2244 abi
467 2206 530 2246 cum
540 2192 678 2259 frutribus
688 2212 697 2237 ι
707 2189 756 2242 diu
766 2193 794 2245 et
806 2188 935 2259 retiqiose
943 2189 1115 2259 profuisset,
1128 2189 1227 2262 plenus
1237 2191 1346 2244 dierum
1357 2195 1384 2243 et
1395 2195 1504 2246 rartnte
1513 2195 1728 2246 consummatus
1737 2189 1817 2246 beato

174 2267 230 2335 fine
239 2266 343 2335 querit.
355 2264 392 2316 rit
403 2276 465 2315 uero
475 2259 594 2315 domna-s
610 2259 761 2316 Witlelmus
771 2259 803 2313 iu
813 2258 940 2315 abbatem
949 2258 1233 2320 Sancti-Tneoderici.
1242 2260 1292 2333 qui
1302 2260 1453 2316 laonsurbi
1468 2260 1596 2318 ilemcnsi
1610 2261 1753 2326 imminet,
1768 2277 1817 2316 as-

174 2340 305 2406 sumptus
315 2338 366 2397 est,
379 2347 499 2401 »nempe
505 2345 581 2385 anno
590 2335 601 2384 i
609 2335 668 2396 iio,
674 2334 736 2401 post
744 2346 833 2385 annos
841 2330 983 2386 secdecim
987 2330 1242 2403 sactusmonacbus
1252 2332 1441 2402 Siqniacensis
1449 2331 1562 2388 Ordinis
1569 2332 1818 2397 cisterciensium

174 2407 205 2461 in
217 2404 296 2462 [totis
310 2401 464 2473 pudoribus
479 2399 516 2455 ad
531 2401 669 2455 bernardi
683 2400 830 2472 epistolam
842 2405 886 2464 85,
903 2405 971 2456 torn.
988 2401 1010 2471 1,
1026 2404 1078 2457 col.
1096 2403 1157 2456 860.

210 2480 235 2530 8.
248 2478 291 2530 Eu
297 2474 341 2527 bis
350 2471 482 2528 omnibus
491 2476 618 2542 apparet,
629 2484 690 2527 non
696 2472 787 2528 solum
797 2471 946 2542 epistolam
958 2468 996 2526 ad
1003 2476 1110 2542 tratres
1120 2472 1153 2528 dc
1163 2472 1329 2539 Monte-Del,
1339 2472 1481 2529 sedetiam
1487 2477 1629 2529 tractatus
1638 2474 1677 2528 ite
1686 2477 1817 2530 oontem-

162 2571 167 2583 ¹
169 2544 275 2618 plaudo
286 2546 349 2612 Deo,
357 2559 389 2598 uc
399 2545 438 2597 Dc
447 2547 551 2596 natura
562 2545 588 2595 et
600 2541 739 2613 diqnilate
748 2545 861 2611 amoris,
869 2542 920 2666 qui
931 2542 1071 2599 Bernardo
1082 2543 1221 2616 suppositi
1229 2546 1360 2615 fuerunt,
1372 2559 1429 2602 esse
1438 2544 1587 2616 ipsiusmet
1597 2542 1756 2602 Guiltelmi:
1769 2547 1818 2601 cui

172 2616 291 2689 proinde
301 2630 347 2670 eos
357 2616 517 2674 restituere,
530 2616 611 2684 atque
619 2612 766 2684 prodictu
776 2612 866 2684 episto
880 2613 963 2668 abac
972 2613 1005 2668 ia
1015 2614 1139 2671 editione
1150 2614 1286 2686 subjicere
1295 2615 1388 2669 uisum
1397 2621 1449 2670 est.
1462 2615 1525 2671 Alia
1535 2614 1659 2685 ejusdem
1668 2613 1816 2672 Guillelmi

173 2688 319 2760 opuscula,
335 2702 369 2740 su
390 2686 467 2738 erius
477 2682 615 2751 indicata,
632 2687 748 2738 exstant
762 2685 792 2737 in
810 2688 883 2738 tomo
898 2685 913 2737 1
921 2685 939 2738 V
951 2683 1130 2743 Bibliotheca
1146 2684 1349 2743 cisterciensis.

163 2769 165 2772 '
209 2703 456 2814 accumulando
467 2753 691 2836 esltipistqluad
716 2758 809 2836 ratres
818 2754 852 2808 de
862 2754 1094 2826 Monte-Deiqnoe
1104 2755 1194 2811 ueluti
1204 2754 1341 2826 quoddam
1352 2757 1817 2814 absolutissimavitemonaslicse

172 2829 461 2900 enernplorcensclur
471 2824 504 2880 ab
516 2839 685 2897 usquimeo
705 2825 1817 2894 emoetaqenereeucetlunt:tametsiloannesGersoninsermonedeCoenaDo·

172 2898 247 2956 mini
259 2901 501 2963 lectoremmonet,
511 2915 522 2943 r
531 2900 564 2951 ul
575 2895 805 2962 debacmateriu,
814 2917 826 2943 s
834 2895 1348 2969 nempedeuaionepersectorumcum
1355 2902 1418 2964 Deo,
1429 2899 1645 2970 acurrteleqatur
1655 2898 1818 2954 bernardus

172 2970 338 3095 wsmari}
348 2967 545 3093 detbtonlcdlei
557 2966 626 3021 libro
638 2966 767 3031 secundo,
788 2987 799 3014 u
815 2966 860 3020 bic
872 2983 951 3021 nuru.
965 2966 1010 3023 62.
1025 2967 1072 3024 ilbi
1090 2968 1175 3030 uides,
1189 2968 1263 3023 lianc
1283 2970 1432 3040 epistotam
1443 2970 1475 3030 in
1487 2968 1554 3024 duos
1566 2969 1649 3026 libros
1664 2969 1820 3042 aliquando

170 3047 260 3114 tuisse
288 3058 312 3095 rs
329 3055 376 3093 mc
392 3055 448 3094 am.

911 3151 1099 3184 “OD-¹¹·-

608 3259 921 3352 annoanlo
985 3263 1039 3351 1).
1108 3259 1376 3353 nassum!

762 3446 797 3501 IN
817 3445 1027 3515 SEQUENTEM
1053 3446 1248 3504 EPISTOLAM

371 3576 437 3647 Qua
458 3571 592 3658 Guigoni
613 3592 668 3637 seu
691 3571 831 3659 antigoni,
847 3571 975 3658 Majoris
994 3574 1152 3639 Corlusiae
1184 3573 1282 3660 priori
1307 3573 1433 3661 quina,
1448 3571 1611 3643 asseritur.

210 3738 234 3790 i.
252 3734 291 3789 De
300 3736 415 3788 auclore
424 3729 565 3800 sequentis
576 3728 709 3799 Epistola
719 3745 767 3784 seu
782 3733 928 3786 tractatus
934 3733 997 3802 jam
1007 3733 1115 3789 dudum
1125 3735 1208 3804 capit
1220 3733 1356 3790 dubitari.
1365 3733 1505 3805 Fuerequi
1511 3733 1652 3790 bernardo
1659 3734 1822 3791 tribuerent

173 3812 200 3866 el
212 3805 263 3860 sub
274 3805 334 3875 ejus
345 3801 462 3856 nomine
475 3797 637 3868 laudarent,
649 3802 681 3855 ul
692 3801 813 3857 loannes
825 3801 938 3866 Gerson,
954 3804 1146 3861 cancellarius
1160 3804 1342 3873 turinensis,
1350 3804 1382 3860 in
1397 3819 1523 3860 sermone
1533 3805 1567 3859 de
1583 3805 1666 3861 Cana
1680 3805 1819 3873 bornini,·

173 3878 320 3948 eodemque
331 3878 456 3946 tempore
466 3873 587 3928 loannes
598 3870 630 3924 de
641 3871 761 3941 Requsio
772 3872 847 3943 apud
859 3873 1008 3930 ilenricum
1021 3874 1168 3931 denisium
1178 3875 1209 3931 in
1223 3879 1297 3932 toruo
1317 3877 1365 3931 111
1382 3875 1478 3948 Antiq.
1494 3877 1567 3931 tect.
1577 3891 1640 3948 paq.
1657 3879 1725 3946 2403
1742 3881 1771 3933 et
1783 3877 1821 3933 iis

175 3950 255 4018 lonqe
265 3945 409 4016 antiquior
419 3945 528 4006 auctor,
541 3941 633 4012 quide
644 3942 726 3996 laude
738 3943 966 4000 Carlusiensium
977 3945 1114 4002 scribebat
1125 3951 1193 4001 ante
1202 3946 1529 4018 anuosqnadrinqcntos,
1540 3949 1822 4019 cajusopusmunus·

175 4020 300 4090 criptum
311 4019 407 4070 ecstal
418 4015 451 4068 in
463 4013 595 4068 Gortusia
605 4013 831 4069 Montis-briscai
842 4016 996 4072 sententiae
1005 4018 1111 4072 codices
1120 4018 1224 4089 scripti
1232 4034 1290 4074 non
1296 4017 1382 4091 pauci
1392 4019 1636 4089 sussrnqaaturut
1648 4020 1823 4076 uelusaodex

177 4088 307 4146 btetensis
316 4083 657 4152 Sancti-Arnutqietalius
663 4084 838 4164 biantis-Dei,
845 4087 876 4140 in
883 4102 946 4159 quo,
953 4088 1049 4144 abrmo
1055 4089 1179 4145 auctoris
1184 4091 1309 4154 nomine,
1316 4088 1495 4172 subroqalum
1506 4093 1547 4146 esl
1558 4088 1699 4146 Bernardi
1707 4105 1824 4146 nomeu.

177 4161 287 4217 Erroris
297 4159 404 4214 occasio
414 4159 471 4226 tuit
481 4155 698 4210 amanuensium
711 4156 869 4227 erupentia,
882 4160 930 4228 qui
940 4159 1122 4228 subjunctum
1131 4156 1265 4229 penninis
1276 4160 1412 4215 Remuria
1426 4159 1556 4232 operibus
1570 4164 1726 4216 tractatum
1737 4159 1824 4226 buna,

181 4232 283 4302 ubsque
296 4232 423 4284 auctores
448 4225 573 4293 acumine,
585 4225 722 4287 videntes.
734 4226 873 4282 ilernurdi
896 4244 954 4282 esse
969 4228 1114 4299 arbitrali,
1134 4229 1173 4294 ei,
1192 4231 1311 4301 praefixo
1333 4237 1435 4288 temere
1453 4230 1579 4297 nomine,
1594 4229 1823 4303 adscripserunt,

176 4302 298 4372 aliisque
308 4304 404 4370 postea
420 4301 518 4367 fucum
531 4300 671 4367 fecerunt.
682 4294 734 4352 Sed
744 4312 838 4353 errore
853 4296 970 4362 detecto,
983 4304 1044 4366 tum
1057 4315 1094 4355 en
1108 4298 1345 4359 dissimilitudine
1359 4302 1432 4368 stili,
1444 4308 1504 4358 tam
1519 4318 1555 4357 ee
1569 4317 1600 4359 eo
1615 4302 1689 4375 qaod
1699 4302 1778 4358 nibil
1789 4317 1826 4358 ce

177 4390 208 4430 eo
224 4375 352 4426 tractatu
363 4374 511 4440 exceptum
526 4367 566 4423 sit
581 4366 612 4421 in
629 4368 805 4425 bernardino
818 4384 867 4424 seu
887 4370 920 4422 in
938 4370 1009 4427 libro
1023 4371 1137 4427 Florum
1148 4386 1184 4426 cn
1198 4373 1348 4441 Beraardo,
1366 4376 1428 4427 tum
1452 4372 1569 4445 denique
1583 4372 1650 4429 aliis
1669 4389 1825 4446 arqumen-

177 4445 226 4510 lis‚
247 4457 342 4499 omnes
369 4455 441 4512 pene
467 4439 500 4493 in
530 4439 699 4494 ll‘itletmum
725 4455 773 4494 seu
800 4439 995 4506 Guillelmum,
1011 4442 1161 4499 exabbate
1185 4444 1460 4500 Sancti-Theoderici
1475 4458 1562 4515 prope
1586 4444 1685 4499 Remos
1707 4446 1825 4515 sactum

174 4515 347 4570 monacnum
371 4509 592 4582 Siqniacensem‚
617 4515 828 4566 connumerant.
853 4513 926 4568 Unus
940 4515 1079 4569 acateris
1103 4515 1235 4570 dissensit
1250 4515 1347 4570 doetus
1371 4515 1494 4572 e'usdem
1510 4515 1638 4586 epistola
1652 4515 1824 4579 translator,

178 4588 296 4711 qrq'eam
311 4586 396 4640 Petro
413 4583 534 4637 Cellensi
551 4580 640 4635 tribui
654 4595 732 4651 posse
746 4581 937 4648 existimauit,
953 4583 1001 4639 sed
1016 4585 1243 4656 repuqnantibus
1258 4590 1319 4641 tum
1339 4533 1414 4648 stilo,
1432 4592 1494 4641 tum
1511 4586 1718 4658 manuscriptis
1741 4587 1823 4642 eodi-

175 4672 201 4709 ci
219 4672 262 4710 us.

212 4730 240 4779 e.
255 4726 289 4779 El
298 4722 412 4804 quidem
422 4720 628 4803 dubitationem
637 4723 708 4777 salis
718 4723 879 4794 ecpnimere
888 4725 1493 4784 bmroememoriattabilloniosisusestocties
1503 4726 1591 4783 codun
1601 4726 1823 4783 clarissimiuiri

175 4792 1377 4871 uanamroqconomnoctavamque,anteaunoscirciterquadrruqauosscuptus,
1386 4798 1475 4871 inquo
1484 4798 1540 4854 ista
1550 4796 1824 4872 epistotabancproe·

173 4863 473 4938 sertinsoriptionem:
484 4864 566 4917 «tnci
585 4863 1126 4940 itepisrotcaaCarruu'enses,qaoelicet
1136 4868 1306 4926 intituletur
1319 4869 1549 4926 nomineabbatis
1561 4868 1706 4926 Guillelmi
1714 4873 1822 4935 ,tamen

174 4934 473 5019 tlernardoaplurjibus
480 4880 647 5018 ascribitur.
658 4937 951 5019 »Accessieprusulia
958 4941 1156 5021 quamprimus
1165 4944 1317 5024 inteqram,
1328 4948 1362 4996 at
1367 4939 1421 4998 sibi
1426 4940 1503 4997 uisus
1512 4944 1565 5004 est,
1575 4939 1612 4994 ad
1618 4944 1743 4997 uetustos
1750 4939 1823 4997 codi-

174 5026 219 5067 ces
229 5007 318 5064 edidit
331 5005 478 5077 rcqusosus
489 5021 521 5058 ac
530 5021 595 5077 pias
606 5022 650 5060 aer
661 5006 835 5061 Berlrandus
850 5008 954 5063 Tissrer
963 5025 996 5064 m
1007 5015 1081 5064 tomo
1091 5015 1194 5081 quarto
1205 5012 1386 5068 Bibliothecae
1398 5012 1590 5069 cisterciensis
1601 5033 1610 5080 ,·
1622 5013 1713 5084 inqua
1723 5019 1823 5067 auctor

174 5083 248 5136 teuit
259 5077 420 5148 calaloqum
430 5092 570 5133 snorumo
591 5092 753 5148 eramque
762 5077 861 5133 omnia
874 5079 1008 5135 Willelmi
1019 5081 1128 5138 Albulis
1142 5097 1200 5139 esse
1214 5083 1395 5155 exploratum
1405 5089 1457 5139 est.
1470 5081 1603 5139 uamdem
1613 5082 1763 5154 epistolam
1772 5080 1821 5137 sub

173 5155 289 5210 nomiae
300 5149 446 5231 Guiltelmi
458 5094 1042 5231 Clara-loliisbevilaqolitarialaudauit
1053 5156 1122 5208 ante
1137 5169 1226 5209 curros
1241 5160 1301 5224 tere
1311 5154 1656 5228 quadrinqcntosquidam
1666 5153 1821 5211 eanonicus

172 5221 312 5294 reqularis
318 5220 606 5277 maurimontensis
626 5220 665 5275 ud
675 5218 840 5283 Bononiam,
848 5235 949 5303 nempe
959 5221 990 5277 in
1001 5221 1072 5283 libro
1082 5227 1174 5295 primo
1185 5227 1353 5282 Sermonum
1363 5224 1400 5280 ad
1410 5226 1563 5290 Eremitos,
1574 5242 1636 5299 cap.
1647 5227 1693 5280 2³.
1712 5226 1770 5294 Quo
1788 5224 1821 5280 de

172 5291 442 5372 auctoreintlinere
448 5291 549 5347 Italico
557 5236 790 5373 Malitioniipqq.
800 5293 861 5374 tili.
870 5291 1091 5352 barcsententioe
1100 5297 1255 5368 sustraqari
1261 5301 1358 5369 postea
1368 5297 1423 5358 uisi
1434 5300 1502 5352 sunt
1517 5295 1728 5353 codicesomnes
1738 5299 1821 5368 quot·

171 5368 237 5424 quot
244 5361 1096 5433 aelauotonsnomenpraefixumanrtroeprslotoedecartatum
1102 5368 1357 5434 babentbocmodo,
1365 5369 1402 5424 W.
1411 5365 1821 5439 urraurucemismodoreqia

172 5432 362 5495 bibliothecam
373 5433 531 5498 Timoneas,
540 5448 617 5486 nnnc
626 5433 803 5500 Colberlinoe3
811 5435 1402 5507 etbatisponcnsisSancti-iimmerammi;
1415 5438 1553 5510 inquibus
1559 5437 1690 5496 omnibus
1700 5437 1821 5512 epistola

171 5505 229 5562 buc
244 5503 289 5560 ila
298 5503 440 5574 iuscripta
451 5507 510 5558 est:
523 5522 535 5550 ι
550 5501 678 5558 bominis
688 5506 716 5556 el
731 5503 873 5574 fratribus
883 5507 914 5560 tt.
928 5506 1034 5575 Pilori,
1046 5514 1100 5564 etc.
1118 5510 1155 5566 W.
1168 5510 1316 5566 sabbatum
1326 5510 1499 5567 amarum:
1512 5528 1525 5562 r
1536 5513 1581 5569 uel
1590 5511 1737 5583 inteqrum
1744 5524 1820 5583 pra·
