3706 5962
94 258 165 320 ltv't

628 268 637 273 '
657 256 754 320 tmen
773 253 816 314 DE
835 249 924 311 llttno
942 249 1028 312 BRNB
1047 249 1194 314 tillium.

1670 258 1739 320 tate

92 386 200 454 dilecta,
219 398 282 441 ecce
306 380 405 437 audisti
430 396 511 452 opera
538 381 631 438 activa
651 381 731 439 vitae:
755 393 836 444 nuno,
860 374 923 470 ⁸52
940 375 1078 447 perducas.
1095 376 1170 435 Visio
1183 376 1339 435 animalium
1354 377 1383 434 in
1408 378 1560 451 Ezechiele,
1581 396 1645 453 quae
1662 382 1737 445 bant

94 472 189 544 placet,
204 470 265 526 audi
280 469 391 524 virtutos
415 467 477 523 vitae
504 468 727 542 contemplativae.
757 468 884 524 Contem-

95 559 192 630 platira
206 559 263 616 vite
277 564 318 611 est
332 555 487 612 charitatem
498 557 544 611 [lui
558 565 585 613 et
597 557 712 629 proximi
729 560 886 611 tetamento

95 649 223 716 retinere,
243 646 277 702 ab
296 646 421 701 exteriori
445 645 550 706 actione
575 647 756 718 requiescere,
772 644 821 698 soli
841 645 887 695 rie·

93 736 195 793 siderio
215 733 367 792 conditoris
382 733 515 791 inhaerere
530 753 536 792 :
549 734 587 791 ita
601 743 631 790 ut
650 735 707 804 jam
723 731 787 788 nihil
804 745 888 804 agere

94 825 185 891 libeat,
210 824 258 880 aed
281 822 418 892 despectis
437 823 564 879 omnibns
592 823 665 879 curis
679 822 779 893 saeculi,
795 821 829 875 ad
843 818 888 875 vi-

93 914 214 970 dendum
227 910 322 969 laciem
336 909 377 966 sni
391 910 528 968 creatoris
541 911 648 966 animus
670 910 819 966 inardescat
835 908 889 974 ;ita

95 1006 124 1054 ut
152 1000 206 1067 jam
234 999 338 1056 noverit
370 999 459 1055 carnis
487 998 668 1072 corruptibilis
696 998 801 1070 pondus
827 1013 886 1053 curn

96 1103 212 1144 moerore
239 1096 356 1158 portare,
386 1087 502 1160 totisque
521 1086 665 1145 desideriis
678 1095 772 1158 optare
785 1085 891 1157 hymni·

96 1176 163 1231 dicis
183 1175 353 1249 Angelorum
378 1176 468 1232 choris
488 1176 630 1248 interesse,
655 1182 779 1247 appetere
807 1174 892 1230 admi·

96 1264 166 1320 scari
193 1263 346 1322 coeleatibua
365 1263 481 1332 civibus,
505 1265 539 1320 de
568 1271 668 1321 aeterna
688 1262 892 1334 incorruptione

97 1355 124 1408 in
151 1362 300 1424 conspectu
325 1353 373 1409 Dei
387 1353 516 1426 gaudere.
546 1351 716 1410 Venerabilis
737 1368 825 1422 soror,
845 1367 892 1406 au-

97 1441 161 1497 disti
174 1441 286 1500 activam
306 1440 399 1507 vitam,
415 1441 515 1498 audisti
530 1441 612 1498 etiam
631 1440 867 1514 contemplativam
884 1456 891 1494 :

97 1545 169 1587 nunc
186 1544 267 1600 rogo,
283 1537 313 1585 nt
331 1545 392 1585 oum
407 1529 492 1586 llaria
511 1528 671 1605 Magdalena
689 1530 776 1603 eligas
794 1529 891 1585 melio·

941 474 968 519 ει
981 479 1036 522 non
1064 468 1267 524 revertebantur
1285 486 1292 539 3
1313 467 1431 540 pertinet
1455 470 1488 525 ad
1509 472 1736 539 perseverentiam

940 551 1034 609 activae
1047 554 1117 612 vitae.
1132 556 1168 612 Et
1186 556 1282 612 iterum
1294 556 1419 612 animalia
1440 574 1501 629 quae
1515 557 1590 615 ibant
1603 567 1630 616 et
1640 575 1736 617 rever·

941 641 1075 714 tebantur‚
1108 646 1245 715 pertinent
1269 646 1303 701 ad
1337 660 1490 703 mensuram
1517 647 1738 721 contemplativae

943 729 1015 796 vitae,
1029 730 1057 788 in
1075 748 1130 804 qua
1148 734 1211 790 dum
1224 733 1340 806 quisque
1354 735 1508 802 intenderit,
1525 751 1575 791 aua
1589 737 1737 794 reverbera-

942 820 987 873 tus
999 818 1151 878 infirmitate
1165 821 1258 881 statim
1272 823 1430 893 descendit;
1446 831 1527 896 atque
1540 823 1637 880 iterum
1656 841 1739 884 reno·

943 915 1001 964 vata
1029 910 1127 967 mentis
1150 911 1216 980 acie,
1237 912 1273 968 ad
1295 927 1327 968 ee
1351 912 1424 968 unde
1450 912 1628 971 descenderat
1644 930 1741 972 rursus

944 996 1066 1052 ascendit
1075 1000 1164 1058 (Ense.
1179 1001 1226 1069 xl:
1247 1001 1322 1071 quod
1336 1000 1394 1057 iiori
1408 1001 1435 1057 in
1450 1002 1536 1057 activa
1550 1001 1604 1057 vita
1618 1016 1674 1059 non
1687 1019 1739 1076 po-

945 1093 1007 1154 test,
1024 1086 1058 1141 de
1066 1103 1119 1156 qua
1133 1087 1157 1143 si
1173 1104 1316 1161 quisquam
1329 1090 1372 1147 vol
1387 1088 1421 1145 ad
1435 1089 1573 1145 modicum
1588 1091 1741 1149 descende·

945 1171 990 1242 rit,
1002 1174 1092 1230 statim
1111 1174 1342 1247 inquinationibus
1360 1178 1486 1234 vitiorum
1510 1177 1665 1236 involvitur.

983 1267 1044 1319 tae.
1075 1265 1153 1334 Stepe
1180 1265 1304 1322 monade
1319 1274 1391 1322 terra
1415 1266 1449 1322 ad
1463 1268 1562 1324 coelum
1576 1267 1698 1340 erigitur,
1714 1277 1741 1325 ει

947 1352 1045 1408 iterum
1066 1362 1176 1425 gravata
1203 1353 1355 1413 infirmitate
1382 1356 1481 1423 carnis,
1502 1356 1536 1413 de
1550 1358 1621 1415 caelo
1634 1357 1668 1413 ad
1685 1367 1742 1414 ter·

947 1456 1004 1496 ram
1027 1441 1176 1499 descendit.
1200 1442 1299 1501 blultos
1326 1445 1475 1501 saeculares
1506 1446 1630 1501 homines
1654 1446 1743 1505 nsitat

948 1529 1027 1595 Deus,
1056 1537 1082 1586 et
1101 1547 1149 1602 per
1173 1547 1249 1587 suam
1268 1533 1382 1605 gratiam
1410 1534 1496 1590 elevat
1523 1533 1556 1587 ad
1575 1532 1741 1592 altitudinem

98 1634 154 1673 rem
182 1625 298 1690 partem,
326 1617 428 1676 scilicet
447 1620 528 1677 vitam
552 1619 800 1691 contemplativam.
816 1619 892 1674 Boua
945 1617 1208 1689 contemplationis:
1232 1629 1260 1679 et
1288 1621 1387 1678 multos
1415 1620 1642 1694 contemplativos
1666 1624 1741 1693 justo

96 1716 139 1763 est
159 1705 212 1764 vita
226 1706 324 1776 activa,
341 1707 388 1762 sed
402 1708 488 1764 multo
508 1716 551 1765 cst
566 1708 661 1765 melior
675 1707 888 1778 contemplativa.
907 1681 1025 1776 fletque
1053 1706 1160 1764 occulto
1186 1708 1288 1779 jndicio
1311 1724 1361 1766 sue
1383 1711 1456 1767 Deus
1469 1709 1497 1766 iu
1511 1709 1625 1767 terrenis
1639 1711 1743 1769 actibus

97 1794 151 1866 Qui
168 1795 244 1867 prius
259 1795 287 1850 in
308 1796 359 1852 hac
376 1797 430 1852 vita
454 1796 570 1870 prolicit,
597 1797 632 1852 ad
660 1795 892 1867 contemplativam
945 1795 1037 1864 lapsos
1064 1795 1237 1869 derelinquit.
1266 1799 1341 1855 Sicut
1363 1800 1486 1871 sepultus
1510 1799 1537 1853 in
1566 1808 1742 1858 monumento

97 1885 168 1940 bene
195 1884 360 1941 conscendit.
395 1885 563 1958 Quicumque
597 1886 686 1942 adbuc
717 1885 891 1955 temporalem
946 1893 1033 1939 cesam
1047 1885 1080 1940 ab
1095 1884 1170 1940 omni
1193 1893 1300 1943 terreno
1322 1887 1444 1960 negotio,
1468 1889 1505 1944 ita
1519 1891 1599 1949 bomo
1617 1900 1742 1950 contem-

97 1972 222 2045 gloriam‚
242 1981 289 2030 ant
310 1974 444 2029 carnalem
467 1974 572 2031 allectat
598 1974 853 2046 concupiscentiam,
876 1990 894 2028 a
947 1971 1063 2041 plativus
1080 1982 1167 2030 cessat
1180 1974 1215 2028 ab
1235 1975 1308 2030 omui
1322 1982 1431 2032 terreno
1455 1991 1538 2046 opere
1558 1979 1599 2035 vel
1618 1980 1741 2039 ministo-

96 2061 326 2134 contemplatione
344 2063 511 2135 prohibetur.
526 2063 685 2135 Exemplum
705 2063 777 2119 enim
797 2064 893 2119 active
947 2059 1006 2117 rio:
1035 2067 1061 2116 et
1078 2061 1148 2117 sicut
1175 2061 1301 2118 homines
1327 2065 1360 2117 ab
1382 2064 1467 2119 activa
1489 2066 1546 2124 vita
1566 2072 1742 2126 ascendentes

97 2150 160 2207 vitae
172 2156 200 2207 et
209 2151 463 2223 mntemplativaede
475 2152 558 2209 Jacob
570 2152 674 2224 accipe,
693 2151 741 2225 qui
754 2151 817 2207 dum
832 2152 894 2206 ada·
946 2147 1111 2217 sepeliuntur
1125 2149 1153 2203 in
1169 2149 1260 2221 quiete
1279 2152 1514 2224 contemplationis
1535 2172 1542 2218 ;
1573 2157 1610 2211 ita
1625 2173 1640 2211 a
1653 2162 1759 2214 aaron·

99 2245 184 2296 marat
214 2237 368 2308 aretatem,
392 2254 453 2311 quae
481 2238 616 2311 significat
649 2239 892 2311 comtemplativam
947 2235 996 2291 lari
1016 2236 1069 2292 vita
1093 2237 1254 2293 recedentes
1281 2239 1368 2294 activa
1383 2239 1439 2295 vita
1456 2241 1571 2315 suscipit
1581 2243 1608 2298 in
1619 2259 1649 2301 aa
1665 2245 1745 2318 quasi

97 2327 192 2394 vitam,
209 2326 271 2383 daia
303 2326 383 2384 estei
404 2327 450 2384 tia
464 2327 545 2400 (Gen.
573 2328 659 2398 xxix),
688 2344 747 2400 quae
761 2327 895 2399 significat
948 2325 1126 2396 sepeliendos.
1150 2326 1192 2384 Ao
1211 2343 1259 2399 per
1274 2328 1408 2386 bocsiout
1422 2330 1507 2386 activa
1532 2333 1586 2388 vita
1600 2341 1641 2390 est
1655 2334 1744 2406 sepul·

98 2416 211 2474 activam
224 2417 315 2474 vitam.
329 2417 424 2474 dativa
438 2417 534 2476 vitain
549 2418 691 2475 laboribus
705 2417 896 2489 hujusmundi
947 2430 1022 2471 crum
1050 2415 1188 2473 secularis
1218 2416 1306 2487 vitae;
1336 2419 1372 2474 ita
1394 2420 1600 2490 contemplativa
1626 2421 1680 2478 vita
1703 2433 1744 2480 est

98 2508 157 2565 Deo
186 2507 280 2578 servit,
307 2509 372 2565 dum
387 2523 519 2580 pauperes
537 2508 636 2580 pascit,
661 2507 764 2578 recipit,
781 2514 856 2578 potat
869 2514 896 2564 et
949 2512 1153 2562 monumentum
1176 2505 1270 2562 activae
1296 2507 1368 2563 vitre.
1398 2507 1453 2564 Viri
1481 2509 1567 2565 macti
1594 2510 1665 2567 sicin
1692 2513 1743 2568 ali·

98 2595 188 2668 vestit,
201 2595 293 2653 visitat
306 2603 334 2655 et
347 2596 515 2668 consolatur,
531 2596 636 2668 sepelit,
652 2604 679 2652 ει
701 2607 798 2653 caetera
812 2612 895 2668 opera
947 2594 1055 2664 quando
1081 2593 1257 2666 egrediuntur
1280 2611 1298 2650 a
1320 2605 1425 2652 secreto
1448 2597 1683 2670 contemplationis
1710 2602 1744 2656 ad

97 2685 292 2743 misericordiae
309 2686 350 2744 eie
366 2686 508 2758 impendit.
541 2687 576 2742 Et
601 2692 691 2742 tamen
721 2685 768 2741 Lia
785 2691 827 2741 est
855 2685 894 2740 le·
948 2682 1061 2741 activam
1079 2682 1159 2740 vitam
1174 2701 1182 2754 ;
1199 2683 1236 2739 ιιι
1250 2699 1345 2741 rursus
1356 2686 1391 2741 ab
1404 2685 1491 2742 activa
1505 2686 1559 2744 vita
1572 2696 1745 2746 revertuntur

98 2777 187 2832 cunda
201 2776 228 2833 in
241 2775 312 2833 siliis,
330 2778 394 2850 quia
408 2776 484 2833 multi
507 2783 572 2833 suot
585 2774 676 2842 activi,
696 2783 721 2831 ct
735 2775 815 2846 pauci
830 2789 894 2831 con·
949 2773 983 2827 ed
998 2778 1130 2828 secretum
1142 2771 1244 2828 intimae
1258 2775 1511 2846 contemplationis:
1529 2783 1559 2832 ut
1572 2776 1645 2833 intus
1655 2778 1742 2834 Deum

100 2865 257 2936 templatlvi.
275 2866 372 2922 ilaclrel
396 2867 530 2923 vernonis
547 2864 588 2921 vel
606 2865 702 2939 uidene
716 2866 895 2937 principium
949 2858 1067 2930 laudent,
1083 2861 1129 2916 ubi
1142 2872 1305 2932 acceperunt
1323 2863 1396 2920 node
1414 2863 1482 2919 loris
1501 2864 1536 2918 ad
1550 2864 1610 2934 ejus
1629 2865 1745 2938 gloriam

98 2955 290 3026 interpretatur
305 2970 311 3008 :
329 2955 391 3026 quia
400 2953 598 3024 contemplativi
617 2953 754 3025 simplices
768 2960 795 3009 ot
813 2952 893 3009 inno·
910 2954 1103 3032 conarentur.
1124 2950 1198 3004 Sicut
1216 2951 1289 3006 Dens
1306 2952 1364 3007 vult
1385 2951 1746 3026 utaliquandocootempla-

97 3049 188 3098 cuntes
214 3051 276 3099 suut
297 3043 369 3099 sicut
391 3059 466 3112 uuus,
492 3051 521 3099 ua
534 3044 569 3098 uu
589 3043 664 3099 omui
678 3041 767 3099 §w
782 3041 895 3099 tumultu
951 3035 996 3092 tivi
1020 3037 1194 3109 egrediantur
1221 3040 1255 3094 ad
1283 3039 1397 3097 activam
1418 3041 1510 3111 vitam,
1531 3051 1561 3097 ut
1581 3041 1641 3098 eliis
1659 3043 1746 3115 proli-

98 3131 190 3188 ateculi
203 3132 302 3199 alieni;
319 3141 349 3188 ut
370 3132 422 3187 soli
436 3132 533 3189 divinae
559 3132 780 3204 contemplationi
805 3133 896 3187 aduae-
949 3124 1042 3192 cianlt
1063 3125 1100 3181 iit
1126 3126 1269 3199 tliqsslssdll
1292 3130 1358 3195 lull,
1384 3136 1413 3185 1¹1
1436 3145 1516 3186 ¹¹0ffl0
1535 3145 1584 3186 00⁸
1601 3130 1745 3204 ἱῦιιῑιῑθῑθῑ,

97 3227 188 3278 rentes
205 3220 315 3276 videant
338 3219 414 3274 illum
437 3220 483 3291 qui
496 3222 542 3288 cit,
562 3224 615 3293 ligo
629 3237 694 3277 rum
708 3220 893 3295 principium,
949 3216 998 3271 sed
1010 3222 1038 3268 ut
1051 3216 1194 3285 quiescant
1217 3217 1245 3270 in
1266 3224 1370 3272 secrato
1388 3217 1622 3288 contemplationis
1637 3222 1746 3278 suavis·

98 3311 147 3381 qui
161 3313 190 3366 et
201 3306 383 3382 loquoruolris
397 3307 490 3379 (loon.
507 3322 567 3375 vrrs,
585 3311 641 3378 25).
949 3301 1042 3356 sitnm:
1071 3303 1143 3373 quod
1159 3302 1226 3359 bene
1241 3302 1269 3357 in
1297 3303 1415 3360 Canticis
1438 3305 1602 3361 canticorum
1627 3321 1747 3379 sponsus

134 3400 197 3453 lev.
220 3397 322 3454 llaohel
345 3396 415 3452 duos
432 3394 503 3452 filios
517 3396 597 3451 habet
610 3395 692 3468 (Gen.
713 3395 807 3465 xxxv),
831 3394 895 3468 quia
948 3387 1078 3458 insinuat,
1103 3406 1164 3446 cum
1186 3389 1255 3446 filias
1266 3391 1416 3455 Jerusalem
1431 3408 1464 3448 ne
1477 3408 1603 3464 sponsam
1617 3395 1746 3468 evigilare

82 3476 152 3544 'duo
177 3496 242 3544 sont
268 3502 371 3560 genera
393 3486 673 3558 contemplativorum.
698 3486 749 3542 Alii
779 3501 895 3557 namque
949 3477 1479 3552 iaciantadjurat.dicens:ldjnrovor,
1491 3483 1742 3554 uilissimorum,

98 3579 190 3634 vivunt
211 3575 401 3632 incommune
425 3575 453 3631 in
468 3575 657 3643 monasteriis3
683 3575 728 3630 alii
749 3590 813 3630 reru
833 3584 896 3629 suut
948 3582 998 3638 ριν
1012 3582 1137 3639 copreae,
1163 3583 1311 3642 cervosque
1339 3585 1514 3642 camporum,
1540 3587 1575 3627 nc
1599 3574 1744 3632 suscitetis

97 3665 224 3731 solitarii,
245 3673 272 3722 et
296 3665 330 3720 ab
352 3666 477 3721 omnibus
503 3664 633 3736 separati.
663 3665 715 3720 Sed
739 3663 843 3721 beatior
868 3673 896 3718 ει
948 3671 1038 3728 neque
1058 3659 1193 3729 evigilare
1220 3660 1336 3729 sociatis
1354 3658 1488 3716 dilectam
1501 3661 1745 3734 donecipaouela't

98 3755 243 3827 perfectior
266 3753 474 3826 contemplativa
499 3753 564 3822 vita,
594 3769 673 3825 quam
702 3753 799 3810 active.
823 3751 896 3808 Sient
950 3744 1111 3814 (Continrv,
1127 3749 1166 3814 7).
1183 3747 1240 3803 Hoc
1249 3755 1309 3803 est:
1325 3747 1367 3803 Ne
1376 3748 1511 3806 suscitetis
1520 3765 1606 3823 neque
1616 3750 1746 3825 evigilare

98 3827 186 3914 aquila
210 3841 303 3917 defigit
326 3842 419 3899 oculos
440 3842 466 3897 in
485 3840 573 3897 radios
592 3840 665 3906 solis,
691 3857 743 3897 nec
768 3840 893 3906 deflectit,
950 3831 1051 3888 iacietis
1066 3835 1289 3893 annnamdivinae
1303 3839 1526 3909 contemplationi
1542 3839 1669 3911 debitam,
1685 3855 1746 3898 ora·

98 3931 151 3988 nisi
165 3929 273 4002 quando
288 3932 346 3986 vult
360 3946 459 4002 corpus
483 3946 561 3985 suum
578 3929 688 3986 reliccru
706 3929 771 3985 cibis
790 3945 795 3983 :
814 3931 849 3983 ita
868 3935 897 3984 et
950 3921 1070 3980 tionibus
1082 3923 1278 3984 allectionibus
1293 3925 1395 3981 divinis
1408 3934 1583 3997 occupatam
1594 3935 1621 3984 et
1638 3944 1672 3985 ne
1687 3944 1746 3985 eam

98 4020 182 4074 sancti
195 4017 341 4090 aliquando
356 4035 371 4072 a
385 4018 609 4088 contemplatione
628 4019 662 4073 ad
677 4019 790 4076 activam
813 4018 896 4074 vitam
950 4013 983 4066 al
1007 4013 1140 4069 exteriora
1163 4029 1246 4084 opera
1274 4015 1422 4086 inquietare
1445 4016 1545 4084 velitis,
1573 4018 1661 4074 donec
1689 4018 1748 4089 ipsa

99 4113 272 4162 revertuntur
287 4124 294 4173 ;
310 4106 511 4162 considerantes
521 4105 565 4160 illa
575 4105 700 4161 sublimia
713 4107 752 4162 sic
766 4121 826 4162 esse
840 4105 896 4160 uti·
953 4101 1017 4156 velit
1031 4118 1037 4156 :
1055 4103 1108 4158 hoc
1121 4109 1174 4171 est,
1198 4103 1287 4159 donec
1304 4102 1410 4174 expleto
1424 4105 1661 4174 contemplationis
1675 4113 1746 4163 tem-

99 4196 145 4261 lla,
162 4200 193 4250 ut
210 4201 300 4249 tamen
313 4193 364 4248 ista
383 4192 493 4248 humilia
506 4193 643 4265 paululum
659 4205 758 4251 nostrae
771 4193 934 4305 indigen·¹¹
953 4207 1030 4261 [tore.
1044 4193 1210 4246 admonente
1223 4193 1347 4262 corporis
1370 4191 1528 4265 fragilitate,
1544 4193 1608 4249 velit
1632 4194 1690 4264 ipsa
1700 4211 1748 4251 su·

100 4287 145 4340 tiae
164 4283 219 4338 sint
250 4281 414 4338 necessaria.
438 4282 515 4338 Unde
540 4281 567 4337 in
590 4280 705 4338 cauneis
729 4280 896 4338 canticorum
951 4279 1040 4334 scitari
1056 4294 1180 4334 asomno
1194 4279 1307 4335 interuae
1323 4280 1431 4352 quietis,
1448 4288 1475 4337 et
1497 4281 1599 4337 intimae
1622 4283 1748 4339 dulcedi·

99 4388 227 4445 sponsus,
248 4364 353 4430 scilicet
368 4371 500 4438 Christus,
516 4386 662 4442 sponsam‚-
673 4370 701 4427 id
723 4378 766 4426 cst
779 4382 896 4426 sanctam
952 4367 1004 4420 uls.

100 4465 218 4519 animam
240 4460 456 4534 contemplationi
479 4459 609 4532 deditam,
630 4461 764 4530 hortatur,
782 4459 895 4515 dicens:
989 4459 1050 4511 tte.
1066 4454 1120 4512 Sed
1139 4456 1275 4514 tamenin
1294 4459 1344 4513 bac
1363 4459 1470 4514 mortali
1494 4458 1549 4514 vita
1563 4475 1642 4515 namo
1657 4466 1750 4530 potest

101 4555 197 4625 Surge,
212 4567 342 4624 propero,
363 4552 539 4618 unicornes,
550 4550 678 4607 columbo
691 4565 764 4618 mco,
775 4553 898 4621 formoso
952 4544 1069 4615 perfecte
1084 4549 1258 4619 contemplari
1279 4550 1375 4606 Deum.
1398 4550 1476 4608 Unde
1498 4549 1616 4607 loannes
1631 4551 1657 4606 in
1671 4551 1749 4622 Apo·

99 4657 172 4708 mco,
189 4647 216 4700 el
227 4642 292 4698 ueni
307 4640 430 4710 (θεειιε.
447 4655 476 4706 n,
494 4637 896 4711 13);aesiapertiusdiceret:
951 4635 1054 4708 calypsi
1067 4637 1151 4692 dicit:
1180 4641 1298 4696 Factum
1313 4641 1513 4698 estsilentinm
1535 4641 1565 4697 in
1584 4641 1651 4698 coslo
1666 4646 1746 4714 quari

99 4731 198 4803 Surge,
228 4743 357 4802 propera,
391 4729 476 4785 amica
508 4744 567 4786 mea
598 4745 644 4800 per
670 4726 843 4784 dilectionem
871 4734 899 4782 et
951 4725 1045 4783 medio
1059 4727 1305 4800 boro(lpoc.vnr‚
1324 4728 1476 4800 l).(loelum
1493 4730 1750 4803 qnippecstanima

98 4818 195 4874 fidem:
217 4816 343 4875 columba
357 4832 417 4874 mea
432 4833 481 4888 per
504 4817 684 4876 innocentiam
699 4826 725 4875 et
739 4815 897 4889 simplicita·
950 4812 1026 4886 justi,
1043 4815 1114 4872 sicot
1133 4818 1263 4873 [lominus
1279 4833 1327 4890 per
1341 4819 1500 4890 prophetam
1525 4818 1606 4875 dicit:
1638 4818 1746 4876 Goelnm

100 4918 174 4971 tem,
189 4905 307 4962 lormoee
321 4922 381 4962 moa
400 4921 448 4979 per
460 4907 586 4964 virtutem
601 4917 628 4963 ct
637 4907 783 4964 castimtem
796 4925 802 4962 :
816 4921 898 4979 surge
950 4905 1022 4962 milri
1036 4905 1113 4962 sedes
1132 4911 1173 4962 est
1189 4907 1267 4978 (lani.
1284 4921 1361 4973 cxvi,
1380 4906 1417 4982 l),
1429 4907 1494 4962 Cum
1508 4922 1574 4981 ergo
1593 4905 1670 4978 quies
1684 4922 1750 4962 con·

101 4995 191 5051 deillo
207 4994 459 5052 dulcissimostratu
475 5006 531 5065 tuo,
543 4998 593 5056 boc
607 5006 657 5062 est,
675 4996 812 5067 deuolute
825 5010 896 5051 con·
951 4993 1111 5066 templativae
1130 4995 1192 5052 vitae
1206 4995 1296 5069 agitur
1323 4996 1350 5051 in
1375 5004 1474 5059 mente,
1500 4994 1637 5052 silentium
1667 4994 1697 5050 lit
1722 4996 1747 5050 in

100 5085 292 5156 templationis,
309 5085 336 5138 in
356 5099 411 5155 qua
425 5084 490 5140 mibi
503 5084 554 5141 eoli
575 5086 743 5158 complacere
757 5084 897 5141 desideras
950 5083 1030 5149 coelo,
1049 5081 1077 5137 id
1103 5091 1144 5140 est
1163 5083 1191 5139 in
1215 5084 1326 5153 anima;
1346 5086 1411 5155 quia
1429 5085 1560 5154 strepitus
1580 5091 1747 5140 terrenarum

99 5174 128 5229 in
152 5173 278 5242 Psalmis,
300 5173 416 5245 hymnis,
441 5174 607 5231 orationibus
633 5183 660 5229 ει
679 5173 792 5231 canticis
814 5173 896 5244 spiri·
949 5189 1038 5230 rerum
1063 5182 1143 5245 atque
1162 5173 1350 5244 operationum
1365 5175 1492 5228 cessatio
1507 5171 1680 5245 cogitatione.
1696 5172 1749 5228 Sed

98 5262 237 5319 tualibus:
263 5261 359 5318 leelina
382 5279 457 5334 ergo,
481 5273 508 5318 et
529 5265 602 5334 veni,
626 5263 652 5317 id
668 5271 708 5319 est
721 5262 850 5334 egredere
863 5264 896 5318 ad
950 5262 1014 5337 quia
1036 5261 1245 5332 contemplativa
1272 5261 1327 5319 vita
1348 5262 1374 5316 in
1400 5244 1450 5317 boc
1475 5261 1576 5317 mundo
1591 5277 1645 5317 non
1662 5268 1751 5333 potest

98 5350 242 5407 utilitatem
265 5352 466 5424 proximorum3
491 5360 521 5408 ut
540 5352 602 5407 illos
618 5353 698 5408 etiam
712 5366 762 5424 per
776 5349 896 5407 ollicium
950 5367 1011 5408 esse
1026 5350 1154 5422 perlecta,
1168 5365 1337 5422 nequaquam
1352 5347 1507 5405 horam
1530 5350 1636 5420 integra
1649 5348 1750 5406 iactum

99 5439 309 5512 praedicationis,
325 5450 351 5497 ει
367 5457 413 5513 pur
426 5439 695 5511 exemplabonorum
710 5455 824 5510 operum
838 5439 897 5495 imi·
949 5439 1085 5496 silentium
1100 5438 1198 5496 dicitur
1214 5437 1241 5491 in
1255 5438 1393 5499 enclosed
1410 5439 1491 5509 quasi
1502 5438 1595 5496 medio
1609 5440 1687 5496 doro.
1696 5436 1749 5508 Qui

98 5536 199 5589 totores
212 5531 251 5589 tui
266 5529 358 5602 iacias
376 5540 404 5588 et
426 5531 461 5587 ad
477 5534 591 5587 salutern
609 5531 760 5588 animarum
783 5546 892 5587 suarum
949 5528 1066 5600 perlecta
1080 5525 1161 5586 vitam
1176 5527 1410 5599 contemplativam
1425 5529 1596 5598 mittebam,
1612 5527 1695 5588 debet
1709 5528 1744 5584 ab
