3706 5962
83 178 138 239 als

83 301 169 357 ubere
192 296 389 370 compassionis
415 297 519 373 sugitur
548 298 589 355 lac
614 294 821 362 consolationis;
847 303 920 384 exn

85 404 171 445 uoere
208 387 451 460 cougratulationis
478 389 584 462 sugitur
607 390 650 446 lac
673 383 880 446 exhortationis.

84 479 148 533 llaec
162 477 247 532 ubera
260 482 290 532 ut
304 475 419 533 meliora
432 476 488 533 sint
505 477 580 544 uiuo,
596 476 720 551 fragrant
734 470 881 548 unguentis

85 564 215 637 optimis;
235 565 298 637 quia
323 565 471 623 efficaciam
494 566 522 622 ia
542 566 594 622 illis
613 571 742 639 operatur
754 577 881 634 unguen·

86 659 144 708 tum
165 652 320 726 optimum·
337 653 364 708 id
392 662 445 720 est,
477 653 707 727 supereminentis
730 648 879 709 charitatis.

86 743 170 798 Uncto
183 741 266 813 igitur
280 750 343 797 sunt
358 758 465 814 sponsae
479 742 573 808 ubera,
589 743 616 799 id
632 750 685 809 est,
701 748 774 797 metu
789 737 881 811 sponsi

86 846 136 902 per
159 829 316 887 unctionem
334 830 488 887 lenificata:
502 831 651 904 fragrantia
674 830 738 886 boni
763 826 882 899 exempli

85 919 169 992 louge
182 918 258 992 quasi
268 919 439 977 bonoodore
454 920 574 987 dilatata,
585 919 628 976 vel
641 935 728 992 usque
742 919 777 973 ad
790 914 882 989 sponsi

86 1007 201 1064 odorem
210 1024 260 1080 per
270 1008 433 1066 sacrificium
442 1009 493 1079 piae
506 1008 663 1066 intentionis
674 1015 701 1064 et
715 1005 800 1063 sancti
811 1003 883 1060 desi-

87 1095 157 1151 derii
175 1105 309 1168 promota.

123 1188 151 1241 9.
171 1188 343 1258 maerentia
357 1185 510 1259 unquentis
525 1184 642 1260 optimis
657 1184 783 1255 (Contio.
803 1197 822 1247 ι,
843 1178 882 1252 2).

87 1274 149 1329 Tria
174 1282 236 1329 suut
260 1283 414 1350 unguenta:
445 1272 671 1347 compunctionis,
693 1289 727 1329 ex
754 1269 883 1329 recorda·

87 1362 162 1418 tione
185 1370 371 1434 peecatorum
396 1363 557 1432 devotionis,
582 1361 668 1422 ωδ
693 1378 727 1417 ax
753 1358 884 1416 recorda·

89 1450 164 1508 tione
176 1450 387 1519 beneficiorum
403 1451 522 1524 pietatis,
542 1469 576 1508 en
591 1450 779 1509 recordatione
798 1448 883 1504 mise-

88 1554 193 1594 rorum.
205 1538 295 1595 Primo
309 1547 448 1614 unguntur
460 1539 548 1612 pedes
563 1539 682 1608 Domini,
699 1538 821 1596 secundo
836 1551 883 1593 ca-

702 175 735 235 trt
754 167 893 233 cantius
914 166 1122 232 tlnttcoutnt

1678 174 1733 247 tto

936 294 1048 365 teriam
1067 296 1199 354 accedere
1221 312 1276 353 non
1300 294 1437 364 dubitans,
1461 294 1578 352 fidenter
1595 297 1729 371 loquitur:

935 383 1736 460 Nuncautemcumfiduciooccedirnusndthronumqro·

937 473 986 528 tice
996 475 1066 547 ejus.
1075 472 1733 548 Nenenimltobemual’ontifieemquiuonseiet

934 562 1736 636 compatiinfirmitatibusnostris(flebr.rv,to,16).l²ec·

935 650 1019 706 catrix
1035 647 1103 725 crgo
1116 651 1149 707 ad
1163 652 1260 725 pedes,
1275 652 1349 722 justa
1364 650 1398 706 ad
1413 650 1574 724 ungendum
1588 660 1672 726 eaput
1686 669 1734 710 ac·

935 738 1018 794 cedit.

972 831 1016 882 lo.
1030 828 1116 884 Tanto
1126 836 1217 885 autem
1227 828 1322 901 eapitis
1337 835 1507 900 unguentum
1522 826 1567 885 illo
1580 827 1644 898 alio,
1660 830 1734 903 quod

935 915 1050 986 pedibus
1080 916 1232 989 apponitur,
1266 915 1411 989 pretiosius
1452 916 1642 973 aestimandum
1679 928 1732 986 est,

936 1012 1036 1076 quanto
1063 1005 1168 1076 species
1192 1005 1289 1080 quibus
1311 1006 1363 1061 lroc
1386 1003 1538 1073 conficitur,
1568 1006 1610 1062 luis
1635 1007 1735 1080 quibus

936 1091 1153 1149 conficiturillud
1165 1102 1270 1151 constat
1286 1110 1346 1150 esse
1361 1093 1547 1165 pretiosiores.
1563 1095 1616 1150 Has
1630 1094 1732 1169 quippe

936 1180 1014 1236 facile
1029 1189 1057 1236 et
1071 1183 1173 1255 absque
1187 1183 1279 1238 labore
1299 1184 1372 1252 (uam
1396 1182 1422 1236 in
1443 1192 1535 1238 nostra
1551 1182 1673 1258 repone)
1690 1178 1755 1240 ιιι-*-

937 1270 1075 1338 perimus:
1097 1280 1257 1342 peccatores
1275 1271 1409 1344 siquidem
1430 1286 1510 1326 omne
1526 1287 1630 1328 sumus.
1648 1272 1733 1330 Porro

936 1357 996 1413 illas
1009 1357 1117 1415 difficile
1132 1374 1164 1414 ac
1178 1359 1212 1414 de
1232 1357 1380 1432 longinquo
1395 1358 1482 1428 ualde,
1499 1364 1592 1431 utpote
1607 1359 1641 1415 de
1656 1375 1736 1432 para·

938 1446 997 1503 diso
1019 1447 1070 1502 Dei
1084 1454 1235 1518 asportatas
1255 1446 1417 1519 suscipimus
1433 1465 1440 1504 ε
1457 1463 1539 1504 omae
1553 1447 1627 1502 enim
1641 1448 1734 1505 datum

937 1534 1080 1607 optimum,
1097 1544 1124 1590 et
1138 1550 1218 1592 omne
1233 1536 1335 1594 donum
1350 1535 1503 1607 perfeetum
1522 1537 1665 1592 desursum
1681 1545 1733 1603 est,

89 1633 147 1697 put,
163 1625 243 1682 tertio
262 1633 347 1683 totum
366 1642 477 1700 corpus.
493 1630 535 1685 De
556 1628 645 1700 primo
663 1626 769 1700 inquit:
794 1624 885 1681 diario
900 1614 922 1692 B
937 1623 1109 1680 descendens
1128 1624 1147 1678 'a
1169 1625 1248 1681 Patre
1266 1625 1397 1681 luminum
1420 1625 1524 1697 (laced.
1540 1641 1561 1692 r,
1588 1625 1643 1698 t't).
1663 1625 1734 1696 Quid

89 1714 181 1772 unxit
193 1715 274 1788 pedes
284 1717 359 1787 lesu,
372 1718 529 1773 etentersit
543 1715 657 1788 capillis
667 1715 735 1780 suis,
745 1717 774 1769 et
786 1713 884 1769 domus
938 1712 1056 1785 denique
1076 1711 1264 1782 huiuscemodi
1279 1720 1419 1784 unguento
1431 1712 1667 1778 excellentiaque
1682 1729 1734 1769 cu-

88 1802 209 1875 impleta
229 1807 271 1860 est
297 1819 333 1860 ee
352 1802 433 1860 odore
452 1802 594 1876 unquenti
614 1806 690 1871 (tue.
706 1817 754 1859 uu.
769 1802 814 1863 st,
830 1801 884 1864 38;
937 1801 981 1872 Jus
1004 1797 1140 1856 effusione
1163 1799 1245 1856 etiarn
1260 1799 1383 1872 Apostoli
1398 1816 1582 1856 murmurasse
1595 1800 1733 1868 videatur,

89 1892 169 1948 loon.
187 1907 239 1960 ιιι,
260 1891 298 1964 3).
315 1891 355 1946 De
377 1891 519 1948 secundo:
544 1891 652 1948 Attulit
666 1890 772 1946 mutter
786 1887 884 1942 ulodu·
939 1888 1080 1945 dicentes:
1096 1888 1199 1961 thuid
1206 1888 1335 1961 perditio
1350 1886 1425 1945 tune?
1432 1889 1754 1961 potuitenimuenunu.

88 1983 182 2035 strum
196 1978 283 2036 nardi
298 1980 403 2053 spiculi
409 1980 540 2052 pretiosi,
551 1978 691 2052 etefsudit
701 1993 786 2050 super
799 1978 885 2047 eaput
940 1976 1004 2034 dori
1016 1978 1120 2046 multo,
1131 1981 1160 2032 et
1175 1976 1239 2031 deri
1251 1978 1431 2049 pauperibus.
1444 1976 1535 2033 Sedet
1546 1992 1742 2059 nuncquoque

89 2066 279 2125 recumbentis
289 2067 387 2139 (liure.
403 2083 464 2133 ιιι,
480 2067 518 2140 3).
534 2068 575 2123 De
594 2067 688 2124 tertio:
708 2065 796 2124 floria
810 2064 886 2137 fdnq-
939 2081 1001 2120 eum
1016 2064 1086 2119 forte
1104 2062 1212 2120 ridetur
1229 2064 1361 2137 quispiam
1384 2079 1481 2122 vacare
1505 2066 1574 2134 Deo,
1597 2073 1735 2139 tantaeque

90 2154 198 2221 donne,
216 2156 304 2212 fdus-in
324 2155 419 2213 Joeobi
436 2160 465 2212 et
481 2157 589 2214 Sutomc
603 2156 744 2222 obeuntes,
757 2155 886 2210 emerunt
939 2168 1000 2210 essa
1014 2151 1166 2208 devotionis
1180 2161 1208 2209 et
1222 2151 1326 2225 gratiae,
1338 2160 1368 2208 at
1380 2154 1479 2210 mento
1488 2154 1616 2210 credatur
1629 2169 1736 2226 ungere

89 2248 228 2308 oromate,
238 2250 270 2302 ut
280 2247 426 2303 venientes
434 2251 572 2319 ungerent
581 2245 780 2316 Jesumfflnrc.
791 2243 887 2315 xvul)
940 2248 1021 2314 caput
1045 2240 1154 2312 Christi,
1184 2240 1334 2313 persistens
1354 2241 1449 2315 utique
1472 2244 1575 2316 jugiter
1592 2242 1620 2298 in
1639 2250 1736 2299 saneta

89 2332 160 2389 Nota
167 2330 291 2389 ordinem
299 2333 437 2404 profectus
450 2336 484 2390 ad
498 2334 638 2406 superiora
652 2333 686 2388 ab
700 2332 884 2394 inferioribus.
941 2329 1042 2402 quiete,
1066 2337 1095 2385 et
1113 2329 1261 2403 gratiarum
1276 2330 1392 2400 actione,
1408 2337 1437 2387 et
1451 2330 1548 2388 divinae
1561 2331 1734 2403 contempla·

89 2420 159 2477 sicut
185 2423 325 2494 saprade
349 2429 420 2479 statu
451 2430 480 2480 et
507 2422 599 2480 osculo
624 2422 733 2479 amoris.
761 2420 886 2493 Denique
940 2416 1021 2474 tionis
1034 2417 1227 2489 delectatioue;
1243 2434 1297 2474 non
1312 2419 1411 2475 desunt
1425 2418 1470 2492 qui
1485 2421 1536 2474 hoc
1550 2406 1734 2492 perditionem

90 2508 174 2566 llaria
200 2511 363 2584 ldagdaleae
382 2529 442 2586 quae
458 2511 593 2584 peccatrix
615 2519 685 2584 erat,
704 2509 781 2566 unxit
801 2509 887 2581 pedes
941 2505 1042 2577 dicant,
1067 2514 1094 2563 et
1115 2507 1199 2578 justo,
1220 2514 1250 2562 ut
1271 2506 1322 2562 sibi
1335 2508 1438 2574 vident,
1457 2523 1595 2564 murmure
1610 2523 1734 2580 conque·

90 2598 163 2654 lesu.
190 2600 246 2656 Nec
269 2599 408 2657 mediocre
427 2616 493 2657 sana
513 2602 566 2657 lroc
579 2608 746 2673 unguentum
770 2605 824 2664 est,
852 2598 886 2656 de
941 2602 1046 2661 rantur,
1061 2594 1133 2668 quod
1152 2595 1230 2667 isqui
1246 2594 1368 2666 pluribus
1381 2595 1512 2668 prodesse
1527 2603 1643 2667 poterat,
1661 2596 1736 2668 quic·

28 2735 33 2746 ,
91 2687 337 2758 quoscriptumest
348 2707 355 2743 ε
367 2688 637 2761 Etdomurimpteto
648 2691 689 2744 est
700 2686 889 2746 enodoreun-
941 2690 999 2740 scat
1013 2683 1083 2741 sibi:
1105 2698 1160 2740 uon
1175 2682 1249 2755 quod
1263 2684 1398 2740 sanctitati
1424 2683 1578 2752 invideant,
1598 2683 1646 2739 sed
1661 2683 1734 2756 quod

90 2774 272 2844 quentiNec
286 2774 395 2845 mirum,
409 2775 599 2832 cumetiamiu
612 2773 770 2831 caelestibus
785 2774 887 2830 senua·
941 2770 1102 2844 provideant
1123 2772 1257 2827 charitati.
1282 2773 1416 2829 Caeterum
1440 2772 1499 2845 ipsa
1521 2771 1637 2830 charitas
1660 2772 1735 2828 Deus

92 2870 136 2915 tur
147 2860 336 2932 hujuscemodi
350 2862 497 2939 unguenti·
508 2861 667 2934 fragrantia,
684 2862 804 2918 veritate
820 2869 888 2918 atte-
941 2860 1126 2931 hujuscemodi
1140 2859 1237 2917 auimae
1255 2859 1416 2935 plerumque
1439 2861 1535 2935 parcit,
1556 2875 1637 2934 quam
1661 2859 1735 2917 videt

92 2956 191 3016 stante,
202 2948 266 3022 quia
278 2966 407 3022 magnum
419 2951 556 3024 goudium
570 2955 612 3008 cst
627 2950 824 3024 interanqelos
838 2951 889 3007 Dei
903 2919 926 2999 Β
942 2947 1127 3019 spiritualibus
1153 2948 1248 3005 studiis
1281 2949 1424 3017 delectari;
1457 2950 1575 3006 maxime
1603 2949 1626 3004 ai
1653 2947 1736 3004 talem

92 3052 176 3109 super
189 3053 246 3096 une
257 3040 404 3111 peccatore
416 3038 622 3110 penitentium
636 3042 737 3111 opunte
756 3037 832 3109 (Luc.
849 3053 888 3092 xv
942 3051 1001 3092 eam
1017 3036 1132 3101 noverit,
1148 3053 1208 3109 quae
1222 3037 1310 3093 adhuc
1324 3038 1543 3110 pusillanimitate
1559 3037 1601 3094 vel
1615 3035 1738 3094 imbecil-

94 3123 149 3195 10).
164 3124 266 3181 Verum
281 3125 479 3198 quantumlibet
491 3133 661 3198 unguentum
676 3126 727 3182 hoc
740 3125 887 3196 pretiosum
943 3125 1018 3181 litate
1039 3123 1123 3179 animi
1150 3125 1249 3181 mulier
1263 3126 1307 3192 sit,
1325 3135 1353 3182 et
1367 3127 1483 3184 necdum
1498 3126 1630 3184 invirum
1644 3124 1736 3198 perfa-

91 3212 225 3280 uideatur,
239 3222 331 3269 tamen
343 3222 530 3286 comparatum
545 3213 571 3270 ci
585 3213 658 3287 quod
671 3213 823 3285 appellatur
837 3214 887 3270 de·
943 3219 1017 3270 ctunr
1037 3210 1161 3285 profecit.
1178 3212 1255 3284 Quod
1283 3215 1377 3287 utique
1398 3214 1495 3272 melius
1517 3215 1576 3287 ipse
1604 3208 1737 3271 discernit

90 3300 216 3368 notionis,
233 3309 261 3359 et
276 3301 419 3359 conficitur
432 3318 466 3358 ex
479 3302 633 3360 divinorum
652 3301 784 3358 memoria
804 3300 889 3358 bene·
943 3300 989 3373 qui
1003 3300 1123 3358 intuetur
1146 3317 1203 3371 cor,
1220 3318 1300 3375 quam
1323 3303 1457 3370 homines,
1479 3305 1525 3377 qui
1544 3303 1572 3359 iu
1587 3302 1656 3360 facie
1672 3310 1735 3358 tane

91 3389 223 3459 liciorum,
239 3406 293 3463 quo
308 3392 461 3464 ataugitur
475 3400 559 3465 caput
572 3391 693 3464 Domini,
712 3390 767 3448 uile
781 3397 810 3447 ct
827 3391 889 3447 nul·
942 3396 999 3445 tam
1021 3389 1123 3457 uideat,
1145 3399 1172 3448 et
1186 3391 1336 3449 seeundum
1358 3390 1458 3448 faciem
1475 3399 1579 3448 tantum
1594 3391 1734 3463 judicant:

89 3477 142 3535 lius
155 3478 237 3553 pretii
259 3480 419 3539 estimatur.
444 3479 569 3554 Denique
588 3480 623 3537 de
643 3480 689 3535 illo
707 3479 816 3547 dicitur,
836 3481 889 3539 Cor
942 3491 1004 3534 eum
1020 3476 1147 3536 videlicet
1170 3479 1280 3536 minime
1299 3479 1441 3536 attendunt
1461 3495 1516 3536 non
1534 3495 1594 3537 esse
1609 3478 1736 3550 ejusdem

90 3566 885 3641 contritumethumitiatumdteus,nondespiciesffsat.
942 3562 1075 3621 facilitatis
1093 3566 1191 3624 devote
1214 3566 1366 3640 quiescere,
1392 3574 1419 3625 et
1442 3566 1579 3625 fructuose
1592 3565 1735 3639 occupari5

91 3668 118 3721 a,
130 3656 174 3724 ts)
185 3671 191 3711 :
201 3654 236 3711 de
245 3653 296 3710 isto
306 3670 382 3724 vero,
395 3654 888 3726 Sacrificiumtoudishonorificabit
941 3652 1080 3710 humiliter
1093 3654 1216 3722 subesse,
1233 3661 1261 3712 et
1275 3655 1376 3712 utiliter
1390 3672 1523 3728 praeesse3
1535 3656 1593 3730 regi
1603 3656 1662 3713 siue
1673 3656 1737 3729 que·

92 3757 136 3798 me
152 3741 230 3812 (Prot
244 3755 324 3798 xarx.
339 3742 396 3812 23).
412 3741 500 3813 Caput
513 3754 605 3799 autem
619 3759 653 3799 ex
667 3757 701 3798 eo
721 3743 810 3817 ungis,
825 3748 898 3799 cum·
942 3741 1008 3807 rela,
1026 3750 1054 3798 et
1068 3756 1166 3816 regere
1179 3741 1238 3798 sine
1252 3743 1346 3814 culpa;
1357 3742 1469 3800 obedire
1479 3753 1587 3816 sponte,
1603 3751 1631 3800 et
1644 3742 1736 3814 impe·

92 3829 127 3885 de
154 3828 210 3885 auis
233 3827 312 3884 donis
340 3829 399 3885 Deo
422 3828 525 3901 gratias
547 3830 617 3901 agis.
640 3829 781 3904 Siquidem
805 3839 887 3903 eaput
942 3828 1738 3905 rareatsere1e3bunumdaniqueintermonuos,et

93 3915 191 3973 Christi
209 3917 294 3974 Deus.
318 3914 411 3972 Deitas
425 3931 491 3988 ergo
505 3918 533 3974 in
549 3917 655 3975 Christo
671 3916 800 3993 tangitur,
817 3933 886 3990 quo·
942 3917 1044 3973 bonum
1059 3932 1119 3973 esse
1138 3918 1210 3974 inter
1236 3920 1339 3990 malos;
1363 3920 1418 3977 imo
1440 3921 1521 3976 etiam
1536 3936 1598 3977 csse
1613 3926 1737 3992 pacatum

93 4004 145 4060 ties
157 4007 191 4059 ad
205 4003 314 4060 laudem
328 4002 424 4076 ipsius,
434 4005 494 4076 ejus
507 4004 535 4060 iu
548 4005 629 4061 nobis
639 4005 772 4063 beneficia
786 4022 888 4064 memo
941 4004 1013 4060 later
1027 4003 1095 4061 lilios
1109 4005 1192 4078 pacis,
1209 4014 1237 4064 et
1257 4008 1298 4064 his
1313 4008 1359 4081 qui
1373 4008 1490 4066 odarum
1503 4025 1599 4081 pacem
1614 4006 1738 4065 exbiberi

93 4106 205 4147 ramus:
227 4089 295 4148 sicut
315 4106 370 4148 nnn
396 4099 450 4148 tam
474 4091 561 4148 deitas
575 4108 654 4166 quam
672 4093 825 4150 humanitas
840 4109 888 4148 ne·
942 4092 1095 4166 pacificum.
1111 4093 1206 4150 Sciens
1219 4096 1301 4168 igitur
1314 4099 1393 4155 lesus
1408 4098 1453 4172 qui
1468 4097 1522 4153 siut
1539 4098 1665 4171 quivere
1682 4111 1737 4154 non

92 4193 168 4234 cesse
182 4185 225 4233 est
251 4178 395 4251 cogitetur,
409 4195 472 4236 cum
486 4194 541 4236 noa
559 4180 620 4250 ejus
634 4179 715 4247 dona,
731 4180 780 4236 sed
794 4188 887 4237 nostra
902 4219 927 4297 n
943 4189 1006 4238 sunt
1019 4181 1110 4239 idonei
1120 4183 1250 4256 implicari
1265 4185 1339 4243 curis
1352 4196 1380 4243 et
1391 4186 1521 4244 oneribus
1536 4185 1736 4253 eedesiasticis,

93 4275 204 4337 peecata
233 4268 419 4326 recordamur.
440 4269 509 4324 Nam
535 4268 562 4324 in
590 4267 681 4333 carnis
701 4270 887 4341 assumptione
941 4285 992 4342 pro
1007 4270 1055 4326 tali
1068 4271 1184 4329 delicata
1196 4273 1287 4329 anima
1301 4291 1382 4348 quam
1405 4291 1456 4347 pro
1469 4275 1510 4331 aui
1529 4275 1618 4332 adlruc
1633 4273 1737 4332 teneri·

92 4354 161 4411 duos
174 4353 234 4411 illos
246 4355 332 4427 pedes
345 4357 380 4411 ad
392 4357 442 4413 hoc
455 4357 595 4431 accepisse
607 4356 790 4432 cognoscitur,
805 4357 887 4420 idest
942 4358 1035 4416 tudine
1060 4360 1207 4417 tractandis
1232 4361 1349 4434 negotiis
1372 4362 1461 4420 minus
1489 4362 1615 4421 sufficere
1644 4362 1736 4429 sentit,

92 4441 306 4500 misericordiam
324 4451 353 4500 et
375 4445 519 4516 judicium,
540 4455 569 4501 ut
588 4453 717 4517 peccator
730 4444 777 4519 qui
790 4445 825 4501 ad
838 4463 887 4504 ca-
942 4446 1073 4503 adversus
1087 4448 1166 4504 aliter
1179 4451 1340 4524 sentientes,
1361 4459 1389 4507 et
1411 4453 1446 4508 ob
1469 4453 1521 4509 hoe
1535 4452 1596 4523 ejus
1618 4451 1738 4526 quietem

90 4537 149 4602 put,
164 4531 247 4588 idest
265 4530 300 4588 ad
315 4531 455 4604 deitatem,
473 4548 614 4591 accessum
633 4549 689 4590 nou
704 4533 833 4607 habebat,
852 4536 888 4594 ad
942 4542 1069 4607 tanquam
1087 4534 1292 4604 infmetuosam,
1308 4539 1380 4596 bono
1401 4539 1512 4613 quidem
1525 4540 1593 4606 zelo,
1614 4539 1664 4596 sed
1683 4551 1739 4594 uon

90 4619 185 4691 pedes,
208 4621 259 4678 lroc
286 4621 383 4696 estad
411 4623 618 4689 humanitatem,
648 4623 806 4681 accederet.
831 4624 888 4684 Nisi
942 4621 1090 4678 secundum
1119 4624 1261 4683 scientiam
1284 4626 1483 4696 insimulantes,
1507 4629 1566 4702 ipso
1590 4626 1739 4699 respondet

92 4705 165 4762 enim
178 4723 228 4778 pes
242 4707 298 4776 ille,
315 4725 397 4784 quem
411 4710 528 4767 dximua
546 4708 769 4787 misericordiam,
791 4712 826 4770 ad
837 4715 886 4770 ho·
942 4709 1060 4768 affectu:
1075 4712 1148 4781 Quid
1162 4715 1278 4771 molesti
1296 4719 1363 4774 estis
1378 4714 1446 4775 tute
1458 4716 1600 4777 mulieri?
1622 4716 1737 4789 (flatile

92 4794 194 4852 minem
217 4805 387 4870 assumptum
403 4797 563 4869 pertineret,
581 4800 678 4856 Paulus
692 4801 840 4872 Apostolus
853 4802 888 4860 de
942 4810 1285 4882 xxv1,8·ttt.)Nametsi,
1308 4813 1382 4885 quod
1403 4813 1542 4870 fatendum
1564 4822 1616 4879 est,
1642 4812 1740 4869 melius

28 4908 41 4939 ι
91 4898 125 4941 eo
135 4883 320 4946 condiceret:
335 4885 410 4946 Unde
421 4884 837 4962 debuitperomniosratridur
848 4908 890 4950 os·
942 4898 1032 4953 estad
1055 4898 1127 4970 quod
1142 4897 1229 4970 ipsam
1246 4899 1355 4958 trahere
1379 4903 1499 4968 tentatis,
1524 4902 1626 4960 boum
1647 4913 1739 4959 nmen

90 4971 228 5045 similari,
252 4979 285 5031 ut
299 4973 463 5033 misericors
471 4977 553 5046 fieret
568 4976 661 5047 (liefr.
673 4994 702 5045 u,
721 4975 776 5049 ll).
788 4979 823 5035 Et
838 4979 888 5037 uisi
942 4995 1062 5058 estopus
1075 4985 1147 5058 quod
1162 4995 1275 5058 operata
1297 4997 1340 5045 est
1363 4988 1392 5046 in
1416 5007 1470 5048 me.
1485 4990 1572 5047 Sinite
1591 5006 1652 5047 eam
1665 4989 1738 5047 inte·

87 5060 219 5130 iudicium
237 5077 315 5135 aeque
334 5062 368 5118 ad
388 5062 527 5120 homiuem
552 5065 713 5136 pertineret,
727 5065 788 5136 ipse
802 5068 886 5126 homo
943 5074 994 5129 rim
1006 5073 1115 5146 operari
1139 5075 1239 5132 bouum
1261 5078 1332 5149 quod
1352 5087 1451 5151 potest,
1473 5081 1536 5136 dum
1552 5079 1668 5136 necdum
1684 5095 1741 5135 uue-

91 5149 165 5205 Deus
178 5150 315 5222 deseipso
336 5167 390 5209 non
410 5152 541 5210 dixisset:
558 5156 594 5212 st
617 5156 790 5228 potestatem
810 5155 889 5214 dedit
941 5162 994 5217 lius
1007 5170 1114 5235 potest:
1139 5164 1202 5220 nori
1217 5165 1289 5221 euim
1305 5182 1358 5241 ego
1376 5169 1450 5239 quod
1474 5169 1564 5225 adhuc
1578 5162 1738 5225 mulier'sit.

30 5252 34 5260 ’
92 5236 456 5316 eijudictumsocere,·quio
465 5240 887 5315 Filiualtomiuisestttoun.u,
943 5252 1009 5307 tium
1022 5258 1114 5309 autem
1132 5253 1283 5312 mutatione
1297 5255 1421 5312 dexterae
1445 5257 1552 5312 Excelsi
1567 5257 1602 5314 de
1624 5254 1740 5313 muliere

23 5410 27 5416 Ι
92 5324 149 5394 st).
165 5326 258 5400 tuque
271 5329 307 5385 ad
321 5330 370 5387 hos
380 5329 466 5404 pedes
478 5331 541 5400 viri,
555 5333 633 5403 iuxta
649 5332 823 5405 prophetam,
840 5334 889 5391 do·
944 5339 1013 5396 facta
1026 5339 1107 5397 fuerit
1124 5340 1166 5397 vir
1188 5343 1273 5416 (qaod
1288 5352 1317 5400 et
1331 5361 1374 5401 me
1390 5346 1499 5419 quando
1514 5344 1577 5411 erit,
1591 5345 1614 5402 si
1628 5344 1739 5419 quaudo
1755 5341 1758 5345 ’

92 5410 174 5467 lentis
190 5420 218 5470 et
235 5415 346 5474 scientis
361 5418 546 5478 infirmitatem
571 5419 638 5492 (iso.
657 5435 714 5486 unt,
730 5419 769 5491 t),
784 5436 885 5493 pecca·
943 5435 1033 5485 nmen
1049 5427 1109 5489 erit.
1126 5430 1211 5489 latere
1225 5426 1280 5490 non
1291 5434 1413 5506 poterit),
1426 5422 1665 5509 quiamevocantc
1679 5432 1756 5507 pro?
