3706 5962
96 208 167 271 tata

95 335 230 411 Quidquid
241 338 392 396 formosum
407 338 526 393 mundus
540 336 650 409 paritet
663 336 824 409 pretiosum,

96 424 183 481 Pluris
197 425 276 482 habet
289 440 392 482 morem
406 424 452 481 cui
466 424 512 479 dat
525 433 624 482 natura
637 425 767 496 colorem,

94 515 159 568 lilox
173 522 203 570 ut
216 514 331 570 siccatur
344 520 416 568 totus
431 513 506 568 color
520 512 684 568 annihilatur
701 531 708 569 :

97 602 192 656 Postea
201 616 250 656 nec
263 599 358 656 dorem
374 608 513 667 monstrat,
528 617 576 656 nec
586 600 673 672 spirat
687 601 809 657 odorem.

97 689 182 760 Regia
196 691 337 759 majestas,
354 690 443 746 nuruis
458 699 565 746 terrena
578 696 707 761 potestas,

96 774 263 846 Prosperitas
277 793 378 845 rerum,
394 777 477 831 series
487 777 609 850 longaeva
623 777 743 845 dierum,

96 861 217 916 Transiet
231 864 332 935 absquo
346 879 431 929 mora,
449 866 541 919 mortis
555 871 619 919 dum
633 865 736 921 venerit
752 865 821 919 hora

97 951 194 1006 lloram
209 954 343 1008 nescimus
356 954 460 1018 mortis,
476 959 587 1007 rrtortem
604 953 672 1007 benc
686 952 798 1007 sciurus.

96 1038 189 1095 Nescit
203 1039 364 1105 immemori,
380 1055 454 1096 mors
472 1040 547 1097 nulla
567 1051 680 1111 paratur
695 1040 802 1099 honori.

132 1129 202 1183 Audi
216 1129 280 1200 quid
295 1129 331 1183 sit
345 1130 432 1186 honor
448 1146 455 1184 ε
471 1131 517 1186 sed
530 1144 585 1185 non
595 1130 643 1187 tibi
657 1130 774 1186 scribare
789 1145 887 1199 conor;

96 1217 173 1271 Nosti
186 1219 288 1288 quippe
303 1203 378 1281 satis,
388 1217 457 1287 ,quia
473 1218 510 1272 uil
524 1220 604 1274 hahet
618 1217 749 1274 utilitatis.

99 1304 201 1360 Praedia
212 1315 355 1377 terrarum,
375 1306 513 1376 possessio
531 1306 694 1376 dinitiarum,

94 1393 208 1449 Fabrici
220 1408 370 1460 murorum,
385 1395 495 1466 grandis
508 1403 642 1450 structura
661 1396 815 1459 domorum,

94 1476 187 1533 Gratia
201 1496 354 1535 mensarum
368 1495 430 1537 cum
444 1481 547 1539 deliciis
560 1481 711 1551 epularum,

94 1568 362 1641 lusignesquetheri,
373 1585 469 1642 cuppas
482 1569 631 1643 scyphique
644 1569 745 1634 decori,

780 209 871 275 vtttt
888 209 1048 275 wltttltt.

897 357 923 436 Α
938 337 1042 410 Proque
1056 337 1147 394 labore
1164 338 1242 396 brevi
1252 337 1356 394 confert
1374 337 1445 393 dona
1459 335 1577 406 perpetis
1590 337 1652 402 aeui,

1616 250 1619 254 -
1669 206 1738 268 tato

942 427 988 481 llis
1002 428 1048 498 qui
1068 429 1205 483 adventur
1218 429 1257 483 sic
1273 426 1383 498 praemia
1402 426 1483 480 multa
1502 433 1644 497 parantur,

942 514 987 571 Sic
999 515 1071 572 mala
1085 515 1169 573 multa
1181 514 1258 571 maiis
1273 531 1346 571 mors
1359 523 1493 586 praeparat
1507 512 1630 579 exitialis,

940 602 987 658 lsti
1005 604 1171 675 gaudebunt,
1187 604 1226 659 illi
1240 604 1298 661 sine
1317 603 1371 658 lino
1390 603 1531 657 dolebunt.

940 689 1027 746 Nemo
1042 699 1130 759 potest
1140 690 1197 756 lari,
1212 706 1263 746 nec
1280 705 1403 755 eernere,
1420 704 1472 745 neo
1485 688 1610 745 meditari

940 778 1043 834 Gaudia
1056 780 1200 847 justorum,
1216 779 1264 835 sed
1277 794 1329 834 nec
1345 786 1476 835 tormenta
1489 779 1621 833 malorum
1637 795 1644 832 :

941 862 1026 931 Quam
1042 866 1111 923 male
1124 865 1262 923 fraudatur
1276 867 1322 938 qui
1336 867 1418 923 stulte
1432 865 1591 933 ludificatur,

941 950 993 1020 Qui
1007 963 1117 1024 propter
1129 952 1223 1010 dorem
1238 954 1331 1010 mnndi
1346 971 1498 1026 vanumque
1510 956 1647 1025 decorem,

941 1039 994 1108 Qui
1007 1040 1081 1109 prius
1095 1049 1205 1112 apparet
1219 1041 1296 1113 qnasi
1310 1057 1366 1105 ros,
1387 1050 1413 1095 et
1430 1043 1553 1112 protinus
1568 1050 1637 1109 arot,

942 1126 1022 1182 Vadit
1033 1127 1060 1182 in
1082 1127 1213 1184 infernum
1230 1128 1346 1200 perdens
1361 1128 1486 1183 diadema
1500 1143 1661 1199 supernum,

942 1215 1021 1282 Quod
1034 1216 1164 1270 Dominus
1182 1216 1267 1272 donat
1280 1217 1367 1272 cuncti
1383 1232 1453 1287 qnos
1472 1215 1531 1286 ipse
1544 1213 1674 1271 co‘onati

976 1303 1056 1359 Errat
1070 1303 1151 1359 homo
1165 1319 1228 1358 vere
1245 1305 1293 1376 qui
1311 1319 1372 1359 cum
1388 1305 1458 1359 bona
1473 1302 1560 1372 possit
1577 1303 1688 1358 babere.

941 1389 1042 1457 Sponte
1055 1391 1126 1445 subit
1137 1406 1231 1460 poenas
1246 1390 1446 1465 infernalesque
1459 1398 1578 1446 catenas.

942 1479 1029 1549 liujus
1042 1495 1121 1537 amor
1134 1479 1228 1537 muudi
1242 1481 1314 1552 putei
1333 1488 1410 1552 parat
1425 1480 1478 1535 ima
1498 1478 1622 1550 profunti
1638 1496 1645 1531 :

943 1566 1069 1622 Protinus
1082 1568 1232 1625 exstinctus
1252 1568 1365 1623 moritur
1385 1569 1431 1641 qui
1447 1567 1560 1622 mittitur
1573 1566 1656 1632 intus,

95 1657 375 1727 hesplendensvestis
390 1676 451 1730 quae
466 1660 586 1715 moribus
599 1661 688 1717 obstat
701 1661 823 1717 honestis
903 1631 1050 1728 BSemper
1064 1657 1096 1712 ad
1111 1657 1164 1713 irna
1178 1658 1259 1727 cadit,
1270 1673 1376 1729 semper
1388 1674 1462 1714 mors
1475 1657 1557 1713 obvia
1573 1654 1655 1723 vadii.
1760 1694 1764 1701 -

93 1743 166 1799 Grex
180 1755 371 1814 armentorum,
386 1747 520 1817 spatiosus
534 1749 621 1803 cultus
638 1764 776 1822 agrorum,

96 1833 194 1889 Fertile
209 1833 327 1890 vinetum
343 1834 450 1890 diversa
463 1835 517 1892 vite
537 1835 678 1907 repletum,

94 1922 190 1978 Gloria
205 1932 339 1994 natorum,
353 1922 463 1980 dilectio
477 1922 564 1978 dulcis
579 1931 605 1978 et
619 1925 728 1990 horum,

95 2013 196 2068 Cuncta
210 2010 465 2082 relinquentur,nac
479 2021 539 2083 post
553 2013 612 2067 haee
621 2011 801 2068 invenientur.

95 2099 172 2171 Quod
187 2095 302 2153 breviter
325 2096 407 2152 durat
423 2097 484 2169 quis
509 2098 626 2169 prudens
650 2113 776 2169 quaerere
791 2103 888 2156 cruat?

96 2186 157 2240 Non
172 2192 295 2241 metuens
308 2183 446 2240 hominem
458 2183 539 2240 saciet
551 2199 626 2241 mors
640 2200 735 2255 aspera
749 2184 829 2240 linem

96 2272 188 2328 Rebus
202 2271 344 2327 mundanis
358 2272 543 2337 mendacibus,
564 2284 591 2329 et
605 2271 761 2329 malesanis.

132 2360 218 2415 Causa
230 2359 322 2430 gravis
341 2359 476 2416 scelerum
494 2359 611 2415 cenabit
629 2376 706 2416 amor
726 2360 887 2425 mulierum3

96 2447 268 2520 colloquium
282 2464 396 2519 quarum
412 2448 449 2503 nil
465 2457 507 2504 est
521 2448 574 2504 uisi
588 2450 663 2504 sirus
676 2438 808 2518 amarum,

96 2537 223 2592 Praebens
236 2537 287 2592 sub
302 2537 389 2594 mellis
408 2536 550 2592 dulcedine
566 2537 665 2610 pocula
680 2536 759 2593 iellis.

95 2628 163 2683 Nam
178 2627 261 2683 decor
274 2626 380 2683 illarum
396 2625 509 2699 laqueus
523 2626 605 2684 fallax
622 2627 782 2683 animarum.

96 2716 165 2772 Cum
179 2715 269 2771 verbis
287 2715 402 2787 blandis,
418 2714 559 2773 laliacibus
573 2726 651 2788 atque
666 2715 787 2772 nefandis

95 2804 226 2875 illaqueat
239 2804 336 2860 stultos
349 2813 375 2859 et
386 2803 438 2859 fert
452 2805 486 2860 ad
505 2812 605 2860 tartara
618 2804 727 2861 multos.

96 2893 229 2964 Tempora
244 2893 395 2949 transibunt
409 2901 436 2949 rt
449 2893 547 2965 gaudia
560 2908 630 2948 vana
642 2893 778 2964 peribunt,

96 2980 133 3035 lit
144 2979 248 3052 parient
262 2980 381 3036 fructum
395 2978 497 3036 tristem
513 2996 560 3051 per
570 2980 669 3037 saecuta
687 2980 799 3046 luctum,

132 3069 263 3125 Omnibus
278 3070 332 3124 hoe
344 3069 416 3133 dico,
432 3086 466 3123 ne
481 3084 511 3124 se
526 3069 641 3124 subdant
658 3067 784 3136 inimic03

96 3156 138 3211 Ne
152 3156 337 3226 supplantetur
350 3157 395 3228 qui
412 3167 505 3229 captus
518 3156 546 3212 in
560 3157 602 3210 his
618 3157 758 3211 retinetur.

96 3243 156 3300 Noli
170 3242 300 3299 conlundi
315 3243 412 3299 misera
426 3244 569 3299 dulcedine
587 3244 694 3310 mnndi;

98 3332 166 3387 Nam
181 3347 231 3387 sua
244 3330 361 3388 dulcedo
374 3330 503 3386 dilabitur
516 3331 612 3386 ordine
627 3330 712 3400 ioedo,

941 1745 998 1801 Nec
1015 1746 1089 1801 venit
1102 1748 1135 1801 ad
1150 1753 1235 1802 metas
1249 1747 1345 1801 mortis
1359 1745 1520 1802 venerabilis
1536 1754 1611 1800 rems.

942 1832 1037 1888 Nescia
1051 1831 1133 1902 liniri,
1149 1848 1309 1905 semperque
1328 1833 1439 1888 videtur
1452 1832 1515 1889 oriri

942 1921 1057 1993 Semper
1070 1922 1201 1987 vexando,
1217 1935 1326 1992 semper
1339 1921 1458 1993 gemitus
1472 1921 1638 1989 renovando,

921 2002 924 2007 ’
943 2008 1164 2084 lnqeritardures
1178 2008 1352 2079 infinitosque
1365 2010 1485 2076 dolores,

942 2096 1011 2151 Sunt
1026 2095 1063 2149 ibi
1076 2105 1216 2168 serpentes
1231 2096 1353 2150 flammas
1371 2113 1403 2150 es
1418 2111 1465 2152 ore
1479 2103 1629 2161 vomentes,

943 2183 1101 2252 Deformem
1117 2185 1211 2260 nigris,
1227 2186 1274 2241 sed
1289 2200 1343 2242 nou
1356 2186 1390 2240 ad
1406 2186 1519 2240 verbera
1535 2185 1604 2258 pigri
1625 2205 1630 2242 :

942 2272 1084 2345 Nunquam
1105 2271 1240 2340 laxantur,
1255 2271 1301 2328 sed
1316 2289 1422 2342 semper
1435 2274 1469 2328 ad
1488 2274 1545 2328 lraeo
1559 2279 1736 2339 renovantur,

942 2361 977 2416 Et
991 2360 1059 2416 male
1074 2359 1211 2418 ferventes
1230 2360 1341 2415 suntad
1357 2368 1489 2416 tormenta
1501 2368 1632 2429 recentes,

943 2449 1057 2521 Semper
1072 2449 1176 2515 tristati,
1197 2464 1359 2522 semperque
1373 2448 1454 2504 ferire
1467 2449 1571 2520 parati,

943 2537 1055 2609 Semper
1078 2537 1264 2609 inardescunt,
1280 2545 1466 2604 concessant,
1482 2537 1736 2611 conrequiescunt.

944 2626 988 2680 Sic
1003 2635 1172 2694 exercentur,
1188 2641 1237 2682 nec
1250 2633 1375 2698 parcunt,
1391 2626 1622 2683 necmiserentur.

942 2714 1028 2782 Quam
1046 2714 1117 2769 male
1131 2713 1285 2782 damnatur,
1301 2730 1381 2786 quam
1397 2713 1501 2771 sortiter
1514 2715 1692 2781 excruciatur,

943 2801 995 2871 Qui
1011 2804 1061 2858 lert
1077 2812 1211 2860 tantorum
1227 2803 1359 2860 feritatem
1374 2804 1566 2876 suppliciorum
1580 2809 1586 2862 l

904 2870 937 2970 [ζΙ
977 2891 1047 2962 Quid
1062 2891 1109 2946 tibi
1128 2892 1258 2960 thesauri,
1273 2891 1336 2963 quid
1352 2909 1464 2950 aoervus
1484 2893 1604 2965 proderit
1617 2893 1675 2949 auri

945 2979 1012 3034 Cum
1027 2986 1183 3049 peccatores
1196 2980 1338 3037 mittentur
1351 2981 1387 3034 ad
1398 2979 1540 3038 interiores

945 3066 1045 3123 luierni
1059 3068 1188 3134 latebras,
1204 3067 1307 3140 ignem,
1324 3068 1480 3141 pariterque
1490 3070 1617 3125 tenebras

943 3157 1058 3228 Semper
1074 3158 1190 3228 passuri,
1205 3172 1257 3212 nec
1271 3157 1304 3212 ab
1319 3157 1361 3212 hia
1377 3174 1496 3230 unquam
1515 3157 1652 3213 rediturii

945 3243 991 3298 list
1004 3243 1074 3298 ilens
1087 3253 1115 3298 et
1128 3242 1211 3297 tristis
1225 3243 1271 3313 qui
1286 3243 1376 3313 poenis
1391 3244 1505 3299 traditur
1520 3243 1596 3313 istis;

945 3330 1037 3386 llallet
1051 3330 1193 3401 praeteritae
1208 3329 1282 3402 quod
1296 3330 1323 3384 in
1339 3330 1411 3385 omni
1426 3339 1548 3401 tempore
1563 3331 1625 3389 vitae

97 3421 164 3488 Quae
192 3419 296 3490 lepidas
324 3426 428 3475 mentes
446 3426 472 3476 et
497 3418 591 3473 mollia
605 3433 720 3488 qusque
749 3424 891 3488 aequorum
946 3423 1051 3491 Pauper
1065 3419 1187 3485 vixisset,
1202 3433 1284 3491 quam
1298 3419 1408 3476 divitias
1420 3419 1570 3477 habuisset.

96 3508 184 3573 Fallit,
201 3509 341 3564 mulcendo
359 3522 467 3562 carnem
483 3507 635 3577 blandeque
648 3506 783 3561 lovendo:

100 3594 187 3654 893
206 3597 303 3652 Postea
319 3594 410 3650 linitur
424 3593 569 3650 needulois
580 3593 640 3662 jam
655 3593 801 3665 reperitur.

99 3686 152 3742 Sed
166 3686 195 3739 tlt
209 3699 299 3739 amara
319 3681 410 3748 nimis,
422 3696 476 3739 non
491 3696 602 3754 aequans
621 3681 717 3738 ultima
731 3680 837 3754 primis,

99 3776 130 3829 Et
146 3774 264 3848 graviter
278 3772 376 3846 pungit
390 3773 503 3828 miseros
516 3786 585 3843 quos
602 3770 724 3843 primitus
740 3769 825 3844 ungit.

97 3865 164 3918 Nam
180 3863 219 3918 sic
233 3863 328 3919 illusos
341 3873 366 3918 et
386 3877 492 3932 semper
505 3859 635 3916 mollibus
654 3874 718 3915 usos

97 3953 244 4006 Damnatus
258 3950 339 4021 digne
352 3958 412 4020 post
427 3958 541 4006 mortem
558 3957 664 4021 torquet
680 3950 708 4004 in
722 3947 795 4020 igne,

97 4042 185 4109 Atque
200 4037 362 4108 voluptatem
383 4038 513 4093 convertit
528 4040 556 4094 iu
574 4038 742 4107 anxietatem,

99 4127 131 4181 tlt
144 4124 173 4180 fit
185 4123 292 4179 flamma
307 4124 396 4179 furens
409 4123 472 4179 ilios
482 4124 540 4180 sine
555 4124 609 4181 line
624 4142 763 4197 perurens.

98 4213 174 4270 i'alia
187 4213 262 4268 lucra
276 4209 361 4267 ierant
373 4212 469 4267 studiis
483 4212 530 4282 qni
545 4213 644 4268 talibus
660 4215 776 4271 haerent.

134 4303 186 4359 Sed
203 4301 249 4375 qui
262 4300 360 4358 salvari
374 4300 431 4355 vult
446 4308 628 4371 perpetuoque
644 4301 729 4368 beari,

98 4391 204 4447 Christo
218 4390 345 4447 deuotum
359 4389 466 4444 studeat
479 4404 509 4444 se
525 4388 631 4444 tradere
645 4397 730 4445 totum

98 4479 214 4537 Sedibus
229 4477 257 4534 in
271 4479 341 4533 laetis
353 4484 463 4533 aetemae
478 4476 549 4533 dona
567 4476 670 4545 quietis

98 4568 162 4637 Ejus
176 4565 332 4623 inhaerendo
347 4567 498 4638 praeceptis,
514 4576 541 4621 et
557 4564 679 4621 iaciendo

98 4656 178 4727 Quod
191 4654 392 4726 scripturarum
409 4662 559 4710 rrronstrant
573 4654 733 4710 documenta
744 4667 889 4717 sacrarum,

98 4742 217 4814 Accipiet
234 4758 297 4799 vere
313 4742 361 4814 qui
379 4742 436 4799 vult
458 4744 515 4799 haec
527 4744 604 4812 jussa
617 4750 719 4811 tenere,

97 4830 163 4900 Quae
178 4832 280 4889 cunotis
295 4832 392 4887 dantur
405 4848 452 4905 qur
467 4832 546 4889 corde
564 4832 620 4887 Deo
635 4829 808 4886 famulantur.

97 4922 146 4977 llic
161 4928 201 4975 est
215 4935 358 4976 servorum
377 4920 486 4992 requies
501 4929 528 4977 et
542 4920 597 4975 vita
612 4934 735 4975 suorum.

96 5007 201 5064 Gaudia
217 5024 277 5081 quae
291 5016 410 5080 praestat,
427 5008 563 5065 tribulatio
577 5009 654 5062 nulla
671 5007 805 5073 molestat,

96 5096 188 5154 Gloria
201 5098 331 5154 solemnis
353 5105 444 5152 manet
457 5097 520 5162 illis,
541 5114 644 5169 paxque
661 5096 794 5165 perennis.

96 5188 210 5257 Semper
226 5188 385 5252 honoratos,
401 5201 509 5256 semper
531 5184 593 5240 iacit
607 5200 666 5241 esse
682 5185 785 5248 beatos,

96 5274 171 5343 Quos
186 5274 280 5344 recipit
293 5289 396 5340 secum,
410 5262 485 5345 quod
506 5289 631 5344 quamvis
652 5272 757 5340 judicet
769 5286 888 5343 equum,

96 5364 176 5418 Plura
190 5369 276 5417 tamen
290 5362 389 5418 dantur
405 5363 505 5418 sanctis
514 5377 594 5433 quam
611 5366 824 5432 promereantur.

129 5449 226 5511 Omnia
240 5450 286 5509 dat
299 5452 383 5521 gratu
402 5450 500 5506 divinae
514 5449 575 5506 lons
594 5449 709 5520 pietatis,

946 3508 1006 3562 Stat
1019 3506 1090 3562 male
1108 3523 1221 3563 securus
1234 3507 1281 3580 qni
1297 3507 1416 3578 protinus
1431 3517 1472 3565 est
1491 3508 1617 3576 ruiturus,

944 3596 1001 3652 Nec
1015 3598 1084 3651 bene
1098 3597 1201 3651 loetntnr
1214 3595 1257 3653 oui
1272 3611 1353 3666 poena
1366 3596 1498 3667 dolorque
1518 3607 1636 3668 paratur.

945 3687 1008 3741 Non
1021 3685 1102 3758 igitur
1116 3699 1195 3742 cures
1204 3699 1286 3754 gazas
1298 3684 1439 3756 acquirere
1459 3685 1561 3754 plures,

946 3774 1032 3829 Gaaas
1046 3773 1162 3843 lallaces,
1177 3773 1293 3829 incertas
1303 3783 1385 3844 atque
1401 3772 1524 3848 fugaces,

947 3864 1005 3931 Qua
1021 3860 1105 3932 mapis
1121 3868 1246 3932 optantur
1260 3877 1322 3918 cum
1342 3861 1447 3931 plenius
1461 3862 1678 3928 accumulantur,

949 3950 1006 4006 Noc
1024 3949 1120 4005 satiant
1134 3957 1238 4006 mentes
1252 3965 1360 4021 semper
1374 3951 1477 4019 majora
1491 3958 1621 4020 petentes.

947 4037 1057 4096 Divitiae
1077 4039 1140 4094 tales
1155 4046 1219 4094 sunt
1232 4039 1359 4096 omnibus
1373 4038 1502 4096 exitiales.

944 4128 1014 4184 Nam
1028 4127 1079 4184 sibi
1092 4127 1233 4185 credentes
1247 4128 1350 4184 iaciunt
1360 4128 1476 4183 miseros
1490 4135 1517 4183 at
1530 4138 1641 4200 egentes

949 4217 1013 4274 Post
1025 4217 1115 4272 carnis
1128 4216 1210 4271 rium
1225 4230 1273 4285 per
1284 4213 1427 4269 blanditias
1440 4215 1587 4271 nutritam:

947 4305 1134 4373 Expertesque
1148 4301 1213 4355 boni
1230 4301 1371 4356 traduntur
1384 4299 1538 4372 perditioni.

981 4390 1069 4445 Nemo
1083 4397 1172 4444 umen
1191 4388 1282 4444 credat
1295 4387 1369 4459 qnod
1384 4388 1417 4444 ab
1433 4388 1486 4443 ista
1501 4388 1562 4444 luce
1577 4388 1692 4454 recedat,

947 4473 978 4531 Sl
993 4475 1133 4548 proprium
1147 4484 1247 4543 servet,
1262 4478 1307 4535 vel
1326 4476 1419 4533 divitia
1437 4485 1586 4543 conservet,

944 4563 1056 4634 ignibus
1068 4580 1190 4633 arsurus,
1205 4565 1245 4622 vel
1267 4573 1379 4638 propter
1395 4580 1463 4638 opes
1477 4564 1615 4637 periturus

946 4651 1073 4721 Quamvis
1091 4653 1126 4709 sit
1141 4668 1241 4719 rarum,
1258 4654 1358 4724 poterit
1369 4668 1512 4727 possessor
1526 4669 1618 4710 aarum

945 4741 1020 4798 Juste
1035 4740 1143 4808 alvari,
1159 4740 1245 4815 fugiat
1260 4741 1283 4798 si
1298 4756 1398 4799 nomen
1416 4740 1499 4799 avari.

947 4831 1026 4888 Vivat
1045 4829 1204 4902 prudenter,
1219 4845 1300 4904 gazas
1315 4830 1412 4887 habeat
1425 4830 1564 4902 sapienter
1583 4847 1590 4885 ι

944 4921 1005 4975 Non
1019 4918 1222 4984 abscondendo,
1242 4919 1291 4974 sed
1305 4918 1400 4992 egenis
1414 4919 1613 4976 distribuendo.

944 5007 997 5064 Sed
1014 5007 1080 5064 satis
1094 5016 1136 5065 est
1148 5017 1243 5064 notum
1259 5007 1331 5079 quod
1351 5009 1412 5078 plus
1426 5007 1560 5064 dimittere
1575 5013 1660 5062 totum

943 5095 1028 5153 894
1043 5097 1166 5162 Prodest,
1181 5112 1261 5169 qnam
1272 5106 1372 5154 temere
1380 5113 1441 5169 quae
1449 5105 1512 5152 sunt
1525 5097 1627 5152 incerta
1639 5102 1738 5148 tenere.

944 5186 1040 5244 Tutius
1059 5194 1173 5244 estsere
1189 5201 1311 5242 morsum
1322 5185 1453 5259 fugiendo
1467 5200 1572 5256 cavere,

943 5275 1031 5344 Quam
1049 5291 1135 5347 propa
1148 5277 1291 5344 serpentes
1305 5275 1485 5347 procumbere
1505 5273 1578 5328 virus
1598 5272 1737 5327 habentes.

979 5360 1008 5416 Si
1021 5377 1093 5417 nunc
1106 5360 1139 5417 de
1154 5360 1254 5417 mundo
1272 5369 1314 5417 ost
1329 5362 1437 5427 horror,
1453 5360 1501 5416 tibi
1526 5358 1671 5418 consilium
1689 5359 1735 5423 dn,

945 5447 1083 5517 Quatenus
1096 5449 1149 5506 hoo
1162 5455 1265 5522 spreto,
1285 5457 1311 5506 te
1325 5447 1424 5521 bedas,
1437 5447 1621 5521 pectoralem
