3706 5962
144 185 197 246 863
469 173 614 249 subdunt
631 171 706 234 lBB.
725 166 902 232 mulabus
919 161 1110 229 mutatus
1129 162 1172 224 bu
1190 162 1265 229 tutu
1285 161 1464 226 uuunutttt.
1736 161 1793 225 8ss

130 307 361 384 repausetur·
373 302 573 373 manifestasti
586 301 659 359 mibi
674 299 761 371 (Ptol.
777 315 806 364 n,
821 299 860 368 8).
870 295 942 352 lione
956 306 982 388 Ι
995 291 1066 348 vinae
1084 291 1239 350 dilectionis
1252 290 1315 348 lelix
1329 299 1421 348 tactus
1438 289 1572 362 sapuerit3
1587 303 1649 346 cum
1658 290 1793 349 holocau-

145 393 421 463 scientiaomnium
430 390 580 449 meliorest
593 386 848 446 mirericordiutno
858 399 942 456 super
995 391 1037 438 sto
1050 381 1203 457 gratisnmo
1218 379 1348 451 templum
1363 379 1512 436 Jerusalem
1527 376 1717 451 frequentasti.

145 490 222 548 oilae
233 485 319 555 (Ptol.
335 498 405 551 extr,
420 483 460 550 t).
477 481 549 536 ane
563 476 757 534 misericordia.
772 477 804 530 llt
815 476 840 529 in
858 474 941 540 prima
1031 475 1075 529 30.
1091 470 1146 529 Sed
1164 470 1256 527 anima
1271 476 1362 526 sancta
1376 469 1404 523 in
1418 469 1460 523 bis
1474 467 1579 523 deliciis
1605 478 1795 526 commorante

146 579 191 636 die
203 579 295 641 timor,
315 573 409 645 quiex
431 571 543 640 justitiis
565 567 782 622 consideratione
809 563 940 635 procedit,
995 559 1070 618 dolet
1086 571 1172 616 meter
1184 569 1212 616 et
1225 559 1364 626 nutritius,
1372 565 1586 629 conqueruntur,
1603 565 1629 613 ct
1649 565 1794 630 quaerant3

146 666 267 723 arrimam
291 670 411 735 purgat:
442 661 469 712 in
497 657 617 712 secunda
646 662 784 728 purgatam
812 651 944 723 sapientia
995 650 1133 706 inventum
1148 648 1257 705 tandem
1270 649 1375 714 tasum,
1388 660 1417 702 et
1434 645 1489 702 lari
1501 646 1686 716 increpatione
1710 649 1796 704 casu·

148 755 301 813 illuminat:
318 751 346 805 iu
362 747 440 804 tertia
454 746 632 803 illuminatam
660 745 766 799 bonitas
792 739 944 796 dulcedinis
996 750 1087 815 gotum
1101 743 1234 799 reducunt
1245 742 1280 797 ad
1294 741 1437 796 Nazareth.
1451 740 1516 796 Haee
1529 740 1724 798 marmaritis
1738 742 1796 814 epi.

149 859 205 901 sua
219 840 355 898 inlusione
380 845 543 893 remunerat.
568 832 675 904 Cernis,
703 833 732 887 ni
758 831 845 897 tollor,
860 843 944 901 quam
997 831 1138 887 ritualibus
1157 837 1301 905 congrunt,
1327 830 1428 903 quibus
1455 829 1623 900 dispensatio
1639 831 1716 887 verbi
1732 831 1796 898 Dei,

150 926 413 990 necessariumsitet
427 924 503 994 utile,
518 923 944 989 interbonorumoperumaxer·
997 920 1038 975 uel
1061 920 1208 976 animarum
1224 935 1288 977 cnra
1310 919 1454 977 commissa
1468 927 1519 974 est.
1542 918 1626 974 Porro
1654 921 1798 977 nutritium

150 1022 223 1087 cisia,
243 1016 423 1091 pertriduum
446 1013 498 1069 boc
523 1008 754 1081 ierosolymitioes
774 1006 945 1077 frequentare
997 1015 1118 1063 nostrum
1138 1009 1203 1064 nihil
1218 1007 1344 1064 libentius
1358 1007 1482 1074 dixerim,
1494 1022 1573 1078 quam
1590 1006 1722 1077 Spiritum
1738 1024 1800 1064 san·

151 1109 271 1172 delicias,
285 1106 310 1161 in
322 1103 422 1177 qnibus
431 1101 514 1157 timor
528 1099 697 1155 administrat
712 1112 809 1168 panem
823 1095 942 1158 doloriat
997 1107 1088 1154 otum:
1105 1107 1217 1154 matrem
1228 1112 1292 1153 tero
1307 1097 1344 1151 nil
1355 1096 1454 1152 rectius
1464 1111 1546 1168 quarn
1558 1095 1732 1154 maritatam.
1754 1098 1800 1153 lli·

152 1198 276 1266 scientia,
291 1194 385 1253 vinum
402 1189 587 1246 exsultationis
603 1186 739 1256 ;bonitas,
755 1185 796 1240 leo
821 1184 946 1240 consola·
997 1201 1048 1242 nos
1061 1186 1188 1244 intentat
1203 1192 1369 1258 promovent,
1385 1191 1498 1255 pascunt
1510 1192 1538 1241 et
1552 1184 1682 1256 nutriunt,
1698 1193 1728 1241 ct
1751 1201 1800 1258 qe·

152 1287 243 1346 bonis.
259 1282 323 1339 Soio
341 1291 366 1337 te
379 1295 432 1337 non
459 1277 554 1333 mirari
582 1277 655 1351 quqd
677 1274 787 1329 delicias
813 1273 942 1340 dixerim,
998 1276 1080 1331 mina
1090 1274 1251 1342 attentionis,
1261 1274 1312 1330 Dei
1326 1274 1453 1330 videlicet
1465 1279 1493 1329 et
1508 1273 1631 1346 proximi,
1652 1275 1723 1332 lacte
1737 1272 1800 1330 red·

154 1374 253 1450 quibus
278 1369 401 1426 dolorem
437 1382 491 1423 non
518 1368 614 1423 deesse
636 1361 855 1446 commemorati,
883 1376 945 1418 uum
999 1366 1081 1423 ciunt.
1098 1365 1133 1420 Hi
1148 1379 1198 1419 nos
1211 1367 1238 1419 in
1254 1362 1349 1420 studiis
1363 1362 1474 1432 sanctis,
1501 1363 1577 1435 qnasi
1601 1363 1631 1417 in
1652 1364 1798 1430 Nazareth,

153 1463 253 1537 saepius
268 1465 395 1531 expertus
409 1456 447 1514 sis
462 1457 533 1530 quod
547 1456 668 1511 dolorem
683 1453 759 1510 illum
774 1451 820 1524 qui
833 1452 868 1507 de
896 1466 944 1506 ca·
1000 1461 1090 1509 tenent
1102 1463 1129 1507 et
1142 1456 1278 1509 sustinent
1292 1469 1299 1509 :
1315 1452 1342 1506 lti
1356 1466 1407 1508 nos
1422 1451 1595 1508 consolantur
1609 1452 1637 1506 in
1658 1451 1798 1521 tristibus3

153 1563 195 1614 sto
210 1553 306 1608 timore
320 1547 452 1622 procedit,
476 1545 605 1603 omnihus
623 1544 704 1612 hujus
727 1540 821 1597 mundi
844 1540 946 1596 deliciis
998 1541 1028 1597 hi
1038 1541 1067 1596 in
1082 1541 1172 1597 dubiis
1189 1542 1350 1597 consulunt:
1367 1541 1392 1594 bi
1407 1539 1630 1595 lessosroborant
1642 1557 1649 1605 ;
1661 1540 1688 1594 bi
1704 1550 1801 1596 sanant

154 1655 231 1696 mens
245 1643 566 1709 compunctapraeponat.
577 1634 610 1689 Et
623 1633 682 1687 baec
710 1632 782 1685 dicta
811 1644 861 1702 pro
883 1644 945 1683 mo·
962 1634 1130 1721 flmntritos
1153 1631 1245 1699 corde,
1262 1628 1409 1701 stalliqnnt
1422 1628 1599 1684 contritiones
1612 1643 1719 1684 eorum.
1744 1630 1801 1686 llo·

153 1728 218 1783 dnlo
231 1725 403 1798 experientia
414 1728 525 1778 nostrae.
537 1722 672 1778 Caeterum
686 1719 737 1777 riri
745 1717 944 1775 excellentioris
998 1740 1058 1782 mm
1072 1719 1170 1777 auxilio
1184 1719 1219 1773 de
1233 1719 1366 1774 Nazareth
1376 1717 1522 1773 transimus
1534 1717 1563 1773 in
1576 1719 1748 1789 Jerusalem,
1767 1720 1802 1777 de

154 1816 254 1885 meriti,
271 1821 298 1870 et
306 1811 455 1883 capacioris
465 1809 574 1883 ingenii,
597 1806 750 1879 animaeqne
771 1805 944 1878 purgatioris,
1000 1816 1092 1871 labore
1106 1809 1141 1866 ad
1155 1810 1275 1881 requiem
1290 1810 1325 1864 de
1352 1808 1440 1865 fructu
1462 1810 1541 1864 honae
1555 1808 1670 1864 actionis
1693 1810 1730 1864 ad
1754 1824 1801 1866 κ.

154 1904 184 1959 in
215 1902 302 1958 tribua
330 1897 471 1956 subtiliora
494 1914 525 1954 ao
546 1895 723 1967 protunuiora
750 1895 890 1951 amantur.
915 1895 946 1951 ln
1000 1910 1072 1963 creta
1082 1898 1329 1972 contemplationis.
1342 1898 1375 1953 lli
1383 1898 1461 1954 nobis
1475 1906 1578 1956 aterna
1588 1899 1649 1972 tege
1673 1899 1802 1971 praescri.

156 1990 275 2065 potentia
290 1988 392 2045 scilieet
407 1986 465 2057 Dei,
481 1983 612 2057 protunda
629 1983 729 2054 judicia
745 2003 752 2040 :
769 1985 796 2038 in
806 1983 946 2054 sapientia,
1002 1995 1079 2063 hunt,
1093 1999 1122 2045 ut
1136 2004 1184 2061 pro
1201 2004 1265 2044 eura
1289 1986 1405 2058 proximi
1420 2002 1474 2042 non
1499 1987 1673 2059 negligamus
1687 2003 1722 2044 ex
1748 1997 1803 2045 toto

155 2079 329 2150 ejusseereta
341 2075 472 2132 consilia:
494 2075 521 2129 in
536 2073 664 2141 bonitate,
678 2072 867 2129 misericordiae
889 2072 949 2143 ejus
1003 2078 1256 2151 contemplationem
1271 2076 1322 2132 Dei
1339 2094 1347 2130 ε
1362 2091 1412 2132 nec
1426 2091 1521 2131 rursus
1539 2091 1590 2147 pro
1611 2075 1716 2132 deliciis
1737 2091 1804 2133 con·

156 2169 229 2227 dona
241 2165 400 2223 ineffabilia.
416 2163 538 2236 lienique
551 2163 651 2219 Paulus
664 2163 800 2235 ingressus
815 2161 842 2217 in
857 2169 950 2232 poten·
1003 2169 1183 2241 temptationis
1208 2182 1300 2222 curam
1324 2165 1440 2237 proximi
1463 2165 1628 2223 omittamus,
1645 2164 1723 2221 Unde
1748 2179 1805 2221 noo

159 2257 210 2313 tias
223 2255 344 2322 Domini,
360 2261 388 2311 et
407 2253 535 2325 abyssum
562 2252 726 2323 judiciorum
754 2251 812 2324 ejus
835 2266 950 2323 expatra-
1003 2257 1149 2322 immeriro,
1166 2256 1189 2311 si
1204 2255 1286 2328 quieti
1300 2255 1360 2325 plns
1375 2269 1457 2327 quam
1471 2261 1579 2324 oportet
1592 2253 1804 2327 indulgeamus,

158 2339 867 2415 scens:Obomminquit,trtqnises'ctrespoodens
877 2340 950 2397 beo?
1003 2349 1082 2423 quasi
1107 2345 1235 2401 danobis
1255 2343 1374 2401 charites
1400 2343 1516 2399 traterm
1539 2343 1726 2416 conqueritur,
1754 2359 1805 2401 nac

157 2432 535 2508 nunqutddicttfipmeotnm
544 2429 572 2489 ci
581 2428 630 2503 qui
640 2444 669 2487 st
683 2428 783 2498 finali,
792 2430 897 2487 Carme
906 2430 951 2500 te·
1005 2444 1108 2510 gratam
1121 2434 1203 2490 babet
1219 2443 1339 2489 nostram
1353 2431 1535 2489 inlerusalem
1550 2432 1803 2502 commorationem,

90 2530 96 2539 '
158 2522 280 2580 stetisse
295 2523 310 2577 i
318 2522 409 2594 (tom.
424 2536 465 2589 tx,
478 2520 536 2591 td.)
546 2519 601 2577 Scd
613 2530 640 2574 et
652 2519 799 2575 thesaura·
813 2517 952 2591 sapienti&
1006 2527 1030 2583 si
1044 2524 1114 2594 aliis,
1128 2537 1199 2596 qnos
1209 2527 1302 2578 nostra
1328 2520 1512 2578 sollieitudine
1525 2521 1666 2593 prospicit,
1693 2521 1806 2579 oenscdt

158 2615 219 2684 ejus
230 2611 367 2668 admirans
379 2612 533 2667 exclamat:
552 2607 708 2665 dottitndo
722 2607 891 2664 diuitiarum
904 2623 954 2663 sn·
1007 2613 1149 2670 imminere
1167 2628 1200 2668 ex
1224 2617 1318 2666 nostra
1336 2608 1385 2683 [nl.
1412 2608 1505 2683 nimia]
1530 2609 1622 2681 quiete
1645 2610 1805 2683 perniciem.

156 2703 276 2776 pientia
289 2706 317 2757 et
326 2701 455 2758 sceatta
468 2700 518 2755 Dei
533 2697 638 2771 latam
656 2695 954 2769 incomprehensibilia
1009 2703 1172 2773 Plerumque
1186 2700 1257 2756 enirn
1285 2700 1365 2756 nobis
1378 2697 1422 2756 rel
1444 2698 1555 2756 secretis
1568 2698 1806 2770 meditationibus,

159 2796 227 2847 suot
234 2787 351 2861 judicio
364 2789 435 2860 ejece,
455 2785 699 2857 etinvestipnbe'tes
713 2783 801 2843 589
826 2787 880 2842 nioe
894 2787 955 2859 ejas
1009 2791 1052 2847 tel
1076 2789 1186 2861 privatis
1203 2788 1371 2845 orationibus
1393 2787 1542 2860 postposita
1560 2787 1635 2844 omni
1648 2787 1756 2845 actione
1768 2787 1807 2844 in·

76 2877 83 2887 '
161 2880 303 2951 (Romus,
319 2879 378 2947 33).
392 2874 620 2946 Divittaquoque
632 2874 759 2932 bonitatis
769 2875 827 2945 ejus
837 2889 957 2931 comme·
971 2897 993 2977 e
1008 2880 1098 2952 motis,
1113 2880 1147 2946 si,
1176 2878 1237 2951 plus
1252 2894 1333 2952 quam
1361 2877 1478 2934 subditis
1494 2877 1611 2950 expedit,
1625 2877 1805 2934 immoremur

161 2962 475 3031 manumitterentur,
487 2960 584 3031 inquit,
602 2962 740 3019 bonitatis
752 2965 814 3036 ejus
828 2966 955 3022 oontem-
1009 2970 1039 3026 in
1051 2968 1149 3026 mediis
1162 2967 1275 3034 deliciis,
1291 2967 1388 3040 spiritu
1401 2967 1527 3024 nimirum
1538 2974 1691 3040 operante,
1705 2974 1735 3024 et
1746 2967 1808 3023 ebs·

163 3053 384 3125 nis?(llom.1t,
401 3050 441 3122 d.)
988 3063 990 3066 ⁴
1009 3060 1089 3116 ritate
1102 3066 1283 3132 suggerente;
1303 3056 1394 3114 subito
1407 3055 1480 3115 venit
1498 3055 1526 3112 in
1538 3064 1656 3113 mentem
1677 3053 1809 3114 memoria

1011 3148 1189 3215 infirmorum,
1208 3156 1239 3204 nt
1265 3147 1341 3203 illam
1369 3146 1521 3220 cogitamus
1545 3145 1734 3203 contristatum
1760 3158 1807 3202 cx·

201 3230 246 3289 29.
267 3229 331 3287 Post
345 3227 464 3284 triduum
479 3226 564 3301 igitur
576 3226 738 3286 invenerunt
751 3242 815 3286 eum
828 3244 856 3286 tn
885 3235 959 3288 tetur·
1012 3247 1135 3312 spectare
1157 3252 1174 3292 a
1202 3236 1322 3309 paternis
1348 3234 1496 3293 anseribus
1515 3233 1744 3304 consolationem
1768 3230 1807 3289 al-

166 3321 225 3394 plo,
239 3319 312 3376 haud
333 3316 444 3375 dubium
471 3318 535 3390 quin
565 3318 648 3374 uaria
673 3326 701 3374 et
727 3319 850 3390 loseph:
875 3321 959 3378 altera
1012 3336 1102 3386 aarum
1115 3332 1244 3385 tentatum
1258 3328 1407 3399 explorare,
1425 3325 1697 3399 quandoproeedena
1713 3323 1808 3397 inpu-

164 3411 261 3477 llnter,
276 3410 345 3465 alter
367 3407 511 3465 Nutritius.
537 3408 674 3464 lotenitur
696 3409 785 3481 itaque
811 3409 959 3481 spiritualis
1014 3417 1114 3474 blisum
1128 3423 1203 3488 pater
1214 3413 1354 3487 aliquodei
1367 3410 1806 3476 alleratsuosernronesolamen;

164 3499 347 3573 spiritualium
376 3498 584 3570 contemplator,
605 3513 660 3554 nou
682 3498 710 3553 in
734 3499 854 3569 quolibet
884 3500 957 3566 loco.
1012 3506 1089 3563 illum
1103 3507 1150 3562 irie
1173 3503 1289 3561 stimubs
1313 3501 1453 3574 agitatum,
1469 3502 1579 3575 quaudo
1594 3516 1649 3558 non
1666 3502 1751 3558 habet
1765 3497 1809 3556 nbi

164 3589 212 3644 sed
231 3589 262 3643 in
276 3587 388 3660 templo.
406 3586 574 3642 Habetenim
588 3586 738 3643 Jerusalem
754 3587 863 3658 atrium,
878 3590 960 3645 habet
1012 3602 1171 3666 conceptum
1185 3592 1258 3649 virus
1284 3590 1456 3648 confessione
1479 3590 1582 3647 salubri
1595 3598 1736 3665 evaporet,
1760 3587 1809 3645 ed·

165 3676 366 3749 pertrahebat
393 3683 421 3730 et
444 3675 583 3746 templum.
607 3675 642 3730 Et
669 3676 767 3731 atrium
782 3676 891 3748 quidem
911 3678 960 3732 ali·
1013 3697 1106 3741 verens
1121 3693 1220 3754 patrem
1244 3682 1481 3747 submurmurare3
1497 3680 1612 3736 alterum
1623 3679 1729 3737 acediae
1751 3677 1809 3752 apt·

165 3764 274 3837 quando
293 3770 366 3835 patet
387 3762 469 3819 etiam
493 3762 632 3820 inimicior
660 3771 745 3835 porta
776 3777 865 3821 autem
888 3775 961 3839 pate·
1013 3772 1066 3828 ritn
1087 3770 1197 3843 vietum,
1221 3779 1251 3826 nt
1264 3769 1381 3828 inveniat
1395 3768 1439 3825 oui
1460 3768 1597 3843 loquatur,
1611 3784 1696 3841 qnam
1711 3782 1811 3826 consa·

165 3852 234 3910 dunt
247 3854 314 3909 solis
323 3852 415 3909 amicis
431 3869 438 3908 ε
455 3854 598 3924 ingressus
623 3867 687 3908 raro
710 3854 803 3924 templi
831 3870 886 3911 non
917 3857 960 3912 in·
1013 3857 1060 3929 let,
1076 3858 1129 3913 buo
1143 3857 1260 3930 illucque
1278 3854 1443 3914 discurrere.
1473 3857 1530 3912 'lali
1556 3855 1649 3931 itaque
1676 3860 1809 3931 suggestu

166 3941 354 4015 dulqeturnisi
370 3941 505 4012 perlectis.
522 3941 607 4012 lgitnr
630 3941 677 4013 qui
703 3942 731 3998 iu
764 3944 960 4015 temporalibus
1013 3947 1149 4020 progressi
1174 3962 1206 4003 ex
1232 3946 1351 4020 paternis
1378 3946 1522 4014 cordibus,
1541 3946 1603 4019 qnia
1625 3944 1810 4016 increpantem

169 4042 282 4103 aterna,
293 4029 321 4085 in
335 4029 450 4085 terrenis
463 4028 596 4099 ooelesu'a,
612 4028 641 4084 in
659 4028 787 4085 humanis
813 4031 916 4099 divina,
930 4034 959 4091 id
1012 4036 1138 4091 audimus
1155 4042 1270 4090 matrem
1285 4034 1442 4092 ehadtatem
1458 4055 1465 4093 ε
1483 4036 1548 4102 Fili,
1564 4031 1632 4107 quid
1647 4033 1745 4105 fecati
1758 4047 1809 4090 tte·

168 4129 210 4178 eat
233 4121 261 4177 in
276 4118 411 4177 creaturis
425 4117 579 4175 Creatorem
591 4119 663 4176 valet
676 4117 818 4194 inspicere,
838 4121 916 4192 quasi
930 4122 959 4180 in
976 4161 1001 4244 n
1015 4122 1056 4181 bis
1066 4126 1106 4182 sis
1115 4123 1130 4179 ?
1138 4127 1192 4196 Epo
1200 4128 1228 4181 et
1235 4124 1320 4197 paler
1329 4129 1397 4182 irtus
1416 4123 1543 4183 mactes
1555 4120 1758 4197 quaerebamus
1771 4125 1808 4180 ts.

174 4209 243 4268 stria
254 4208 375 4266 coelestis
387 4209 536 4266 Jerusalem
550 4208 720 4266 introductus
737 4209 861 4268 exsultet.
885 4213 960 4271 llue-
1016 4214 1072 4271 Nec
1089 4213 1187 4283 injuria
1213 4213 1328 4270 dicimus
1343 4212 1476 4284 Spiritum
1505 4220 1640 4283 sanctum,
1654 4210 1699 4270 rel
1722 4209 1810 4269 chari·

167 4316 256 4374 usque
273 4299 437 4372 philosophi,
452 4297 530 4373 quasi
552 4298 664 4367 inimici,
679 4299 707 4355 in
721 4299 789 4357 atria
803 4300 960 4379 intelligen·
1014 4308 1097 4359 tatem
1111 4304 1138 4359 in
1153 4302 1262 4369 sanetis,
1277 4302 1328 4359 atsi
1338 4304 1427 4361 adltuc
1440 4302 1531 4358 minus
1543 4299 1681 4374 perlectis,
1702 4308 1750 4356 aut
1763 4301 1810 4358 do·

168 4389 213 4446 tias
235 4404 294 4446 snae
311 4389 366 4445 aim
393 4395 519 4463 poterant
545 4387 699 4458 extendere,
721 4388 790 4448 sicin
815 4389 878 4447 dicit
890 4394 962 4464 Apo-
1013 4391 1127 4448 lcreaut
1141 4392 1287 4465 conqueri;
1308 4406 1371 4447 oum
1387 4391 1446 4463 ipse
1461 4391 1579 4462 Spiritus
1588 4387 1740 4463 germitibus
1753 4387 1811 4446 ius·

168 4478 274 4536 atolus:
287 4478 364 4548 and
374 4479 451 4535 enim
457 4480 676 4547 aotamestbet,
685 4481 960 4553 manifestumestio
1014 4481 1195 4539 narrabilibns
1209 4480 1363 4552 interpellet
1377 4496 1426 4552 pro
1436 4481 1515 4538 nobis
1525 4482 1616 4551 (Rom.
1627 4493 1691 4549 vrit,
1701 4478 1750 4551 33)
1766 4476 1811 4551 qni

164 4569 240 4626 attis.
252 4568 491 4626 maabttteeetm
502 4569 601 4642 ipsius,
613 4573 776 4629 serenturn
790 4567 901 4639 mundi,
912 4588 965 4647 per
1016 4579 1042 4628 et
1058 4572 1140 4644 loqui,
1152 4581 1180 4630 et
1195 4569 1359 4639 contristari,
1378 4579 1404 4627 et
1418 4578 1515 4627 caetera
1531 4569 1595 4625 talia
1609 4581 1696 4645 aqcre
1710 4566 1738 4623 in
1751 4581 1814 4624 san·

169 4658 965 4735 cuquoefactasunt,intellestneonspicittntur:sempi-
1018 4660 1068 4718 ctis
1081 4662 1230 4720 consuerit.

171 4747 470 4821 ternaquoqueoirttts
480 4748 579 4819 ejuset
593 4747 826 4821 diuinitoslllom.
836 4764 856 4820 t,
867 4755 964 4809 isat.
1055 4763 1099 4817 at.
1109 4757 1188 4827 Quod
1198 4757 1222 4813 si
1232 4766 1324 4815 contra
1339 4757 1497 4828 hujusmodi
1505 4756 1694 4826 necessitates,
1710 4765 1813 4815 amator

65 4905 67 4909 ἲ
170 4832 223 4903 Qui
237 4849 303 4893 vero
317 4834 345 4889 in
362 4833 508 4908 Scripturis
522 4836 626 4891 sanctis
639 4835 727 4892 ablato
754 4837 902 4908 velamine,
923 4855 967 4897 re·
1020 4847 1119 4920 quietis
1133 4847 1160 4902 in
1177 4846 1262 4918 ipsius
1276 4847 1373 4904 animas
1388 4847 1531 4904 aflectibus
1546 4857 1697 4905 murmuret
1711 4845 1814 4915 dicens,

168 4922 260 4984 relata
273 4922 343 4980 fatie
357 4923 471 4999 gloriam
484 4923 533 4979 Del
550 4926 650 4996 poterit
670 4929 857 4999 ⁰⁰⁰²011¹l³¹³tis
874 4930 908 4986 (¹0
923 4930 967 4986 1¹¹·
1019 4938 1154 4998 Nonnein
1164 4937 1278 5011 lisque
1288 4939 1384 4997 Putris
1397 4940 1541 5006 romanat,
1554 4941 1666 5012 oportet
1675 4953 1722 4996 nte
1731 4932 1816 4995 erret

170 5026 266 5090 &⁹⁵⁸⁰
279 5021 419 5085 P⁰¹¹⁸f¹¹¹¹¹
433 5010 583 5068 ¹⁰¹¹¹⁸⁸¹⁸¹¹¹
596 5012 736 5086 ἕῑῡῐὶθῑΰῐ·
750 5016 787 5072 Al
800 5016 824 5072 ti
850 5017 966 5093 pingue·
1019 5027 1192 5086 nihilomiuus
1211 5027 1389 5084 considerans
1415 5028 1529 5100 spiritus
1557 5024 1717 5097 rationalis,
1744 5021 1816 5099 qnod

171 5104 266 5160 dinem
277 5101 380 5158 inllmoe
394 5100 559 5172 difficillime,
576 5109 666 5160 attuae
679 5103 785 5177 adipem
802 5105 965 5180 affectionis,
1020 5118 1082 5176 ideo
1097 5117 1218 5172 Christus
1246 5125 1368 5174 mortuus
1395 5121 1447 5186 est,
1467 5122 1497 5171 ut
1520 5114 1567 5187 qui
1582 5114 1665 5182 civit,
1688 5127 1743 5171 non
1765 5107 1817 5170 tihi

173 5191 202 5248 in
220 5190 311 5249 cordis
325 5205 373 5247 ara
386 5190 506 5248 coelestis
521 5191 651 5249 desiderii
666 5192 773 5248 damma
787 5197 966 5270 sucuenderit,
1020 5206 1109 5279 eivat3
1126 5204 1267 5263 deseendit
1280 5218 1344 5263 oum
1357 5205 1489 5277 eis,etest
1503 5203 1627 5260 subditus
1637 5202 1704 5262 illia.
1715 5202 1816 5260 saure

175 5280 362 5339 ataseenderit
376 5279 468 5339 furnus
497 5287 647 5340 aromatum
671 5282 704 5339 de
731 5281 877 5358 fragrantia
903 5300 968 5341 ora·
1021 5280 1232 5354 descendissem
1248 5296 1294 5353 mli
1306 5293 1426 5367 putrido,
1442 5290 1532 5353 590
1544 5299 1571 5350 et
1585 5308 1648 5351 eum
1662 5290 1713 5348 tali
1733 5301 1818 5350 matra

176 5369 268 5466 ῑῑᾩῡὶθι
283 5370 376 5446 licque
389 5370 483 5431 ⁰⁰¹¹l¹¹⁸
498 5371 595 5430 “¹0⁰²ss
609 5372 637 5430 5¹¹
649 5373 708 5446 illst
722 5373 785 5433 ΜΠ
798 5384 903 5432 ⁸0⁰f0¹⁸
922 5390 968 5434 m·
1021 5386 1168 5446 descendit.
1184 5385 1307 5444 Feliciter
1322 5384 1471 5454 descendit,
1487 5382 1533 5457 qni
1555 5382 1657 5455 Spiritu
1672 5380 1723 5440 bet
1741 5387 1820 5441 actus

172 5455 249 5515 num
262 5462 564 5535 pertemescatis
589 5477 699 5537 anona
721 5463 812 5537 puero
834 5462 907 5526 unas
924 5466 966 5526 di·
1020 5477 1178 5540 ιιιιιιιιιιι
1207 5474 1383 5538 manasses
1416 5474 1618 5535 amasenus.
1645 5472 1818 5535 neman
