3706 5962
40 220 95 289 set

285 349 415 410 'CAPUT
436 353 582 412 PRIMUM.

613 230 802 294 mitratus
820 232 862 293 illl
880 233 1004 296 uanius
1024 236 1117 300 vlits.

1631 222 1705 294 ὅθι

854 371 878 451 Ι
894 361 1025 416 mundum
1040 370 1068 418 ct
1089 364 1149 435 ejus
1162 354 1404 434 concupiscentias,
1423 368 1519 417 contra
1532 365 1641 418 carnem
1657 371 1685 417 et

43 443 156 516 Bonum
170 453 387 518 institutionem
394 460 498 533 prlmae
511 460 610 519 (grati,
623 462 772 536 pemmo
782 477 840 522 Μ
894 449 954 520 ejus
967 449 1113 519 desideria,
1134 464 1229 508 contra
1246 451 1384 506 diabolum
1406 457 1433 505 et
1450 451 1511 519 eJ‘us
1528 449 1686 518 multiplicia

363 532 502 589 momenti
512 572 521 589 .

83 618 110 670 l.
124 614 255 672 Hortatur
271 615 379 688 quidem
394 620 517 676 timidam
544 622 642 677 mentis
659 637 728 678 mese
746 621 839 695 impc-

41 702 134 758 ritiam
149 702 268 760 fraterna
282 705 398 762 charites
415 747 422 776 ‚
438 716 466 762 ut
478 709 513 764 de
527 709 589 765 vitae
603 710 714 780 ordine,
730 718 759 765 et
777 725 839 766 rno-

43 781 107 848 mrm
131 789 302 849 institutione
324 795 440 852 breviter
466 796 674 868 loqnidcbeam.
700 798 751 854 Sed
775 798 839 871 quia

43 886 158 951 tempus
170 887 222 949 est,
237 891 266 936 ut
286 880 346 952 ipso
369 884 416 954 qui
434 883 576 956 inspiravit
596 885 752 957 opitulante,
768 901 839 959 opus

42 968 197 1040 aggrediar,
222 970 361 1026 exordium
386 988 494 1030 sumere
517 977 702 1031 necessarium
721 976 786 1032 duri
805 979 839 1032 ab

43 1054 94 1112 ille
117 1057 247 1113 laudabili
270 1058 378 1125 virtute,
395 1077 456 1130 quae
468 1062 568 1118 dicitur
587 1064 757 1121 uerecundia.
773 1063 839 1132 Quae

43 1160 107 1200 cnm
126 1143 162 1200 sit
183 1147 310 1202 omnibns
328 1148 464 1214 aetatibus,
480 1148 613 1219 personia,
629 1151 797 1223 temporibus
812 1159 839 1206 et

43 1231 117 1289 locis
131 1240 201 1302 apta,
217 1241 305 1289 tamen
321 1236 506 1292 adolescentes
519 1245 546 1293 et
567 1238 705 1307 juveniles
731 1239 839 1294 animos

42 1319 163 1376 maxime
178 1324 264 1377 decet.
285 1323 349 1378 Tros
364 1327 434 1380 enlm
460 1326 572 1380 uirtutes
586 1338 650 1381 sunt
663 1342 724 1398 quae
749 1326 839 1396 pueris

43 1406 260 1466 adolescentibus
284 1411 372 1484 magis
394 1421 557 1484 congruunt,
573 1413 747 1482 verecundia,
772 1414 840 1471 taci-

43 1497 180 1567 turnitas,
196 1505 222 1552 et
241 1499 403 1554 obedientia.
418 1502 479 1557 Non
494 1507 535 1556 est
554 1509 642 1557 autem
659 1503 770 1558 dubium
786 1544 793 1571 ,
815 1502 839 1557 si

41 1584 96 1640 has
109 1586 260 1642 studuerint
280 1589 389 1654 habere,
402 1589 467 1658 quin
480 1589 587 1660 possint
601 1590 793 1661 Christojduce
807 1591 840 1645 ad

895 544 1057 594 tentamenta
1073 538 1189 596 viriliter
1212 538 1352 612 pugnent?
1375 537 1429 593 Sed
1453 536 1527 608 quod
1547 536 1684 591 admiran-

894 624 957 681 dum
972 635 1015 681 est
1028 634 1056 682 ct
1071 621 1230 697 dolendum,
1252 628 1313 692 plus
1328 626 1370 682 eis
1382 641 1462 698 quarn
1476 622 1581 680 caeteris
1596 624 1688 695 gravis

893 720 921 770 et
944 721 1052 771 austera
1074 716 1182 772 ridetur
1205 715 1354 787 disciplina
1385 713 1491 786 regola.
1520 711 1610 780 Quare
1624 712 1685 781 boo,

893 801 946 857 nisi
960 804 1023 874 quia
1045 805 1203 861 saecularem
1226 803 1313 878 magis
1341 803 1457 875 diligunt
1480 800 1586 857 uitam?
1610 799 1688 855 Certe

893 891 935 947 vel
949 892 1050 962 nullus,
1070 893 1114 948 rel
1134 908 1213 948 rarus
1230 893 1300 947 inter
1313 907 1360 946 eos
1375 889 1520 955 invenitur,
1535 888 1582 958 qui
1597 888 1687 944 liben-

893 985 935 1033 ter
948 989 1075 1051 sequatur
1096 980 1267 1052 antiquorum
1289 980 1396 1035 Petrum
1412 978 1540 1044 instituta,
1558 986 1585 1032 et
1600 976 1689 1043 maio·

894 1081 954 1121 rum
980 1066 1060 1121 vitam
1085 1067 1194 1141 diligen
1219 1076 1264 1122 aut
1286 1065 1350 1138 qnia
1369 1066 1446 1120 labor
1457 1079 1518 1119 enm
1534 1070 1624 1130 terret,
1642 1070 1689 1118 aot

893 1152 957 1224 quia
971 1152 998 1207 in
1013 1154 1117 1210 lubrica
1139 1163 1216 1210 aetate
1232 1153 1370 1209 difficilior
1389 1160 1432 1208 est
1455 1151 1624 1215 abstinentia,
1642 1152 1690 1204 aut

893 1239 958 1310 quia
971 1240 1053 1295 alacri
1077 1241 1269 1299 adolescentie
1283 1241 1390 1296 ridetur
1408 1240 1464 1295 vita
1480 1238 1623 1294 obscurior
1639 1254 1645 1293 :
1662 1246 1690 1293 et

894 1327 956 1383 ideo
978 1328 1012 1383 ad
1040 1345 1071 1384 ea
1092 1338 1283 1386 convertuntur
1310 1328 1410 1398 studia,
1426 1344 1488 1399 quae
1502 1325 1690 1397 plausibiliora

894 1416 1066 1475 arbitrantur.
1095 1419 1241 1474 Praesentia
1259 1417 1360 1488 quippe
1375 1416 1477 1485 piures,
1504 1430 1584 1488 quam
1600 1415 1689 1469 lutura

895 1504 1059 1574 praeierunt3
1075 1506 1124 1560 sed
1141 1505 1298 1561 meminisse
1311 1505 1409 1560 debent
1419 1504 1481 1575 quia
1496 1518 1551 1558 non
1566 1517 1688 1574 presen-

896 1591 977 1657 libus,
993 1594 1040 1648 sed
1065 1592 1163 1648 futuris
1176 1592 1335 1648 militamus.
1352 1590 1430 1647 Unda
1447 1606 1501 1660 quo
1518 1587 1690 1658 prestantior

42 1676 160 1728 culmem
176 1675 422 1748 perfectionemque
442 1677 573 1733 virtutum
595 1679 753 1735 ascendere.
779 1680 840 1736 blo-
857 1668 880 1747 Β
896 1692 988 1744 causa,
1000 1694 1033 1735 eo
1043 1680 1125 1736 debet
1137 1695 1198 1737 esse
1208 1696 1274 1737 cura
1283 1679 1421 1735 attentior.
1433 1678 1528 1733 lnielix
1543 1678 1590 1747 qui
1600 1678 1689 1749 legem

43 1761 191 1818 rumonim
208 1762 336 1835 insignia,
357 1773 384 1820 et
407 1773 565 1821 ornamenta
579 1765 707 1823 virtutum
731 1767 759 1822 in
788 1767 841 1822 illis
895 1765 993 1824 vitarat
1007 1767 1158 1837 disciplinae
1173 1768 1276 1834 abiicit,
1291 1768 1462 1832 etmalorum
1479 1766 1627 1838 gubernari
1637 1780 1690 1851 nra·

43 1849 233 1918 proculdubio
246 1851 576 1926 cernimu'ssenibnnqui
591 1854 699 1927 abipso
714 1855 840 1912 tirocinio
895 1853 1006 1926 gislerio
1026 1854 1137 1928 refugit.
1163 1855 1218 1909 Istc
1243 1868 1308 1908 vero
1336 1868 1390 1908 non
1417 1851 1568 1908 secundum
1593 1851 1688 1919 ileum,

41 1935 182 2008 primoerae
197 1938 282 1993 atatis
295 1956 380 2010 usqne
399 1941 433 1996 ad
446 1940 597 2012 perlectum
615 1944 701 1998 virum
717 1943 839 2014 discipli·
893 1942 941 1997 sed
952 1942 1099 1999 secundum
1113 1957 1143 2000 se
1156 1943 1236 1998 vivit:
1252 1943 1310 2014 qui,
1334 1942 1356 1996 si
1366 1939 1473 2013 poterit,
1489 1948 1531 1994 est
1548 1954 1610 1994 cum
1624 1937 1688 2010 qui-

41 2022 86 2080 nis
100 2023 257 2080 coelestibus
275 2028 420 2096 exercitati,
439 2044 490 2098 per
507 2029 578 2086 tiam
601 2031 710 2088 Domini
733 2029 840 2087 fortiter
894 2029 944 2084 bns
956 2029 1031 2096 rult;
1047 2031 1135 2101 pergit
1148 2045 1203 2101 quo
1217 2029 1283 2099 nult,
1301 2035 1329 2083 et
1343 2035 1471 2099 quantum
1488 2025 1563 2097 vult;
1580 2024 1650 2081 ridet
1663 2032 1691 2081 ct

42 2120 234 2169 cucurrerunt.
258 2113 379 2182 Quorum
402 2115 504 2172 scilicet
521 2117 650 2187 sapientia
673 2126 776 2175 tantum
800 2119 839 2175 ri·
892 2117 1009 2188 jocatur,
1023 2117 1094 2173 iuter
1108 2132 1187 2186 quos,
1204 2126 1230 2172 et
1243 2116 1299 2187 ubi,
1316 2124 1343 2172 et
1357 2116 1466 2186 quando
1485 2115 1560 2181 valt3
1582 2117 1690 2182 postre-

43 2206 100 2273 get,
121 2207 147 2255 et
172 2199 250 2269 lucet,
268 2209 397 2272 quantum
420 2205 620 2274 senectusipsa
637 2215 715 2263 rente
733 2207 764 2264 iit
789 2209 839 2264 do·
893 2220 939 2260 mo
960 2204 1092 2277 quidquid
1114 2206 1244 2261 iratribus
1273 2218 1356 2260 auare
1378 2211 1430 2270 est,
1451 2201 1584 2273 quidquid
1606 2200 1689 2257 tactui

42 2286 121 2353 ctior,
151 2304 201 2343 usu
228 2289 336 2361 certior,
365 2306 493 2363 processu
512 2292 643 2363 temporis
670 2295 837 2363 prudentior.

43 2375 110 2432 nec
124 2383 213 2432 autem
232 2387 349 2433 ueterum
368 2379 518 2436 studiorum
541 2380 712 2438 dulcissimos
736 2382 840 2439 tructus

43 2464 110 2530 ecit,
135 2472 161 2520 ct
182 2464 249 2521 alios
273 2465 369 2523 reiicit.
394 2467 471 2523 ululo
496 2484 612 2539 namque
636 2485 713 2525 senes
733 2471 779 2525 diu
799 2470 840 2527 vi·

894 2294 1032 2360 blandum,
1049 2293 1179 2365 quidquid
1198 2292 1284 2349 oculis
1299 2290 1467 2356 delectabile,
1490 2287 1621 2362 quidquid
1636 2303 1690 2344 oae·

895 2381 958 2437 teris
977 2381 1101 2437 sensibus
1114 2380 1202 2436 carnia
1215 2395 1272 2436 suae
1287 2379 1448 2449 jucundum,
1464 2385 1571 2433 exercet
1585 2391 1618 2432 ao
1640 2390 1688 2430 se-

895 2468 996 2540 qnitur.
1021 2468 1069 2523 Ille
1090 2483 1154 2524 vero
1177 2467 1225 2539 qui
1247 2467 1397 2524 secuudum
1427 2469 1513 2520 Deum
1536 2463 1610 2528 vivit,
1633 2477 1690 2517 non

44 2558 149 2619 rentes,
164 2561 190 2607 et
208 2553 274 2608 nihil
290 2553 472 2625 proficientes,
488 2556 551 2627 quia
564 2556 652 2612 nullas
665 2557 717 2614 sibi
740 2558 768 2614 in
791 2573 841 2630 op·
895 2557 967 2625 quod
988 2572 1051 2612 eum
1065 2556 1209 2613 carnaliter
1224 2555 1350 2619 delectat,
1366 2553 1413 2610 sed
1427 2553 1498 2625 quod
1515 2550 1690 2620 spiritualiter

43 2650 164 2714 portuno
200 2648 321 2712 tempore
354 2642 461 2699 diuitias
496 2653 710 2718 congregarunt,
745 2646 841 2717 inopes
895 2644 1010 2700 erinon
1024 2644 1087 2700 lacit
1109 2651 1137 2700 et
1150 2643 1280 2716 quidquid
1305 2642 1380 2713 cupit
1406 2649 1452 2696 aut
1466 2640 1531 2711 agit,
1549 2654 1602 2695 non
1630 2625 1689 2692 vult

44 2728 166 2786 omnium
184 2729 312 2786 virtutum
345 2730 449 2786 animos
474 2730 606 2800 iuuenum
636 2735 757 2803 reprobae
779 2735 840 2791 vitae
895 2748 928 2787 ex
942 2748 999 2796 sua,
1014 2731 1060 2786 sed
1082 2746 1114 2786 er
1138 2731 1187 2785 Dei
1206 2730 1357 2794 uoluntate,
1372 2729 1689 2796 majorumqucsuorum

44 2817 143 2874 morbo
166 2816 296 2875 inficiunt.
311 2818 389 2895 „Sicut
407 2819 479 2875 enim
495 2835 543 2889 per
558 2835 654 2876 seuam
667 2820 793 2878 vitiosum
813 2833 840 2879 et
892 2818 1015 2889 iussione
1038 2820 1199 2891 procedere.
1213 2820 1301 2872 Nemo
1317 2825 1406 2872 tamen
1431 2815 1537 2886 positus
1552 2814 1578 2866 in
1592 2812 1689 2869 adole·

44 2904 160 2969 fatuum,
175 2905 210 2961 ita
229 2922 277 2975 per
291 2907 491 2965 adolescentem
518 2909 731 2967 inverecundam
746 2917 772 2965 et
797 2920 840 2966 te·
895 2905 1033 2971 suenone,
1050 2906 1092 2962 vel
1108 2905 1321 2979 intemperantia
1338 2905 1453 2969 lubrico,
1469 2904 1504 2957 de
1518 2903 1561 2958 sui
1576 2917 1690 2988 conver-

44 2993 190 3049 merariurn
214 2995 310 3066 religio
331 3005 422 3051 sancta
443 2997 600 3055 destruitur.
626 3000 689 3054 Post
717 2998 840 3055 indoctos
894 2994 970 3051 sione
990 2993 1343 3066 desperetoleasterenirn
1363 2991 1443 3050 oliiae
1457 2991 1577 3046 insertus
1591 2990 1689 3045 amissa

44 3096 161 3153 namque
176 3082 300 3153 prelatos
315 3084 464 3154 malosque,
477 3085 507 3140 in
520 3093 614 3142 sancte
630 3085 753 3144 Ecclesia
766 3086 839 3142 nulla
893 3082 1069 3140 amaritudine
1083 3082 1376 3140 efficituriructoosus.
1390 3080 1419 3135 si
1433 3094 1500 3154 crgo
1523 3077 1690 3151 agricultura

44 3165 129 3239 pestis
160 3169 367 3225 aduocandum
399 3169 512 3228 infirmis
534 3172 666 3229 valentior
691 3173 837 3230 invenitur.
894 3173 1026 3228 convertit
1038 3171 1161 3245 stirpium
1177 3170 1342 3242 qualitatem,
1358 3184 1449 3223 noune
1458 3165 1546 3222 studia
1557 3166 1700 3222 doctrinae‘

45 3256 171 3326 Denique
195 3256 288 3311 talium
309 3258 450 3314 bominum
480 3276 575 3334 genus,
599 3260 651 3317 ista
679 3261 714 3317 dc
740 3262 839 3334 quibus
893 3273 920 3316 et
934 3258 1082 3330 disciplinae
1110 3259 1253 3315 assiduitas
1277 3251 1401 3328 mitigare
1424 3262 1540 3327 possunt
1553 3253 1699 3324 quaslibet¹

44 3340 192 3410 Aponon
208 3346 341 3417 predixit,
371 3357 492 3417 tempora
513 3349 541 3419 (l
555 3349 626 3405 Tim.
648 3364 689 3417 ru,
710 3351 748 3420 l),
770 3353 838 3421 proh
893 3347 1060 3420 aegritudinis
1070 3347 1231 3418 passiones?

44 3429 141 3488 dolor!
165 3431 223 3489 sine
247 3449 359 3490 numero
382 3434 481 3504 ierunt,
505 3436 613 3507 quando
639 3437 723 3492 ferme
749 3437 839 3493 omnia
1211 3450 1324 3507 CAPUT
1338 3449 1372 3503 li.

45 3533 107 3590 quae
122 3522 193 3575 bona
215 3529 278 3577 sunt
292 3531 320 3578 et
342 3532 445 3593 sancta,
471 3523 639 3593 pessumdari
657 3523 839 3597 confundique
898 3540 1099 3601 verecudiam
1119 3554 1177 3596 Μ
1188 3539 1365 3612 proecipuam
1384 3537 1522 3592 virtutem
1540 3549 1602 3606 qm
1619 3532 1688 3589 ado.

44 3607 176 3665 ridemus.
193 3607 225 3665 Et
237 3614 365 3683 quoniam
381 3626 461 3667 senes
475 3612 503 3668 iu
516 3613 615 3669 melius
629 3611 727 3669 mutari
742 3613 775 3668 ab
794 3612 840 3668 illa
909 3615 1043 3670 oscenses
1058 3614 1150 3678 ornet,
1166 3616 1194 3668 st
1208 3609 1258 3666 abi
1272 3626 1305 3667 eo
1313 3609 1499 3681 potissimum
1509 3602 1676 3661 exercendo.

44 3694 141 3752 inolita
156 3697 279 3754 viliorum
306 3700 501 3757 consuetudine
515 3700 702 3758 difficillimum
717 3709 768 3770 est,
791 3701 840 3756 de·
931 3701 957 3758 3.
972 3700 1028 3755 Sed
1056 3715 1090 3754 nc
1114 3697 1227 3769 puerilis
1249 3696 1304 3753 vitu
1327 3695 1408 3750 ratiis
1421 3694 1543 3767 lapsibus
1562 3691 1699 3789 vitietur,

44 3785 143 3842 bemus
152 3801 262 3841 manum
277 3788 496 3847 adolescentibus
510 3789 663 3862 porrigere:
679 3790 727 3862 qui
740 3789 763 3845 si
776 3789 841 3845 dara
894 3796 1003 3862 oportet
1017 3797 1123 3844 teneros
1150 3787 1255 3842 animos
1277 3783 1398 3857 praelatis
1421 3782 1561 3853 diligenter
1583 3794 1689 3872 mauor-

44 3874 141 3947 uolunt
156 3888 276 3945 oporam,
291 3877 366 3934 omni
381 3878 491 3948 depulso
506 3887 599 3950 tepore
624 3878 729 3949 possint
747 3878 840 3950 utique
894 3894 960 3950 pare
986 3877 1142 3942 uirtutibus,
1177 3883 1307 3948 quatenns
1335 3874 1406 3929 bona
1434 3868 1602 3927 consuetudo
1625 3883 1689 3922 cum

45 3961 221 4035 pergratiam
236 3961 334 4019 Christi
347 3965 428 4022 uitam
442 3967 578 4039 corrigere
591 4009 598 4034 ,
613 3981 701 4024 mores
725 3982 839 4039 compo·
895 3974 974 4022 setnte
1002 3965 1084 4021 simul
1111 3970 1257 4020 accrescat.
1274 3963 1307 4018 Ut
1329 3960 1414 4032 igitur
1441 3959 1541 4015 clarius
1568 3958 1690 4028 pntsscm

44 4065 124 4110 llere.
138 4056 267 4118 actusque
286 4066 350 4106 snos
364 4052 393 4106 in
407 4054 532 4109 omnibus
547 4053 698 4110 meliorare.
895 4063 996 4127 quanta
1017 4063 1045 4110 ct
1065 4053 1153 4124 qualis
1179 4051 1265 4109 uirtus
1288 4050 1323 4106 sit
1338 4047 1512 4116 uerecundia,
1524 4045 1608 4117 patris
1623 4047 1689 4100 Am·

54 4114 61 4212 ἶ
84 4139 112 4191 2.
139 4135 240 4190 idcirco
263 4136 308 4191 diu
328 4146 377 4203 ast,
398 4141 469 4208 quod
494 4140 647 4198 desideravi
666 4151 776 4215 propter
797 4144 841 4214 ju·
858 4173 881 4252 n
896 4142 980 4199 brosii
994 4155 1134 4214 magnaei
1150 4147 1225 4210 parte
1240 4153 1373 4208 ponamus
1386 4150 1484 4192 sensus
1498 4141 1527 4191 et
1540 4134 1639 4191 rerba:
1655 4147 1690 4188 ns

45 4225 155 4280 nicrum
172 4224 284 4278 salutem
305 4227 411 4291 (eorum
431 4226 566 4297 praecipue
579 4244 641 4285 cunr
655 4231 754 4301 quibus
768 4231 841 4301 ιίιο)
898 4231 922 4288 si
935 4232 1005 4288 forte
1020 4245 1062 4285 me
1086 4227 1308 4301 parvipenderint
1330 4226 1443 4280 stultum
1464 4221 1689 4286 homuncionem,

48 4330 82 4371 ex
97 4311 234 4383 opusculis
250 4312 358 4368 Pullum
372 4329 457 4385 pausa
477 4315 600 4382 uuoedam
614 4316 770 4376 deflorando
783 4319 842 4375 col-
897 4314 1029 4392 magnum
1043 4316 1225 4378 Ambrosium,
1251 4314 1306 4371 imo
1328 4312 1355 4366 in
1376 4310 1521 4367 Ambrosio
1545 4309 1690 4373 Christum,

49 4402 227 4472 ligereque.
242 4407 343 4457 tencrae
370 4402 441 4457 aetati
455 4417 550 4458 aorurn
564 4403 842 4473 videanturspcoiali·
897 4421 952 4464 noa
966 4406 1081 4464 audeant
1095 4417 1236 4474 spernere.
1253 4402 1297 4458 Sic
1311 4400 1384 4456 enim
1398 4399 1444 4455 ille
1462 4397 1691 4487 sitinstruendo·

50 4498 91 4546 ter
114 4489 265 4545 consulere.
288 4491 337 4546 Est
359 4493 432 4546 enim
457 4490 533 4559 mibi,
549 4489 645 4557 fateor,
667 4491 844 4550 tristitiama·
899 4512 959 4551 rom
974 4494 1081 4549 morum
1096 4491 1224 4560 nngister
1239 4486 1393 4559 (Officlib.
1405 4503 1424 4553 ι,
1439 4501 1500 4557 cap.
1512 4489 1540 4549 ι,
1552 4489 1578 4550 3,
1589 4486 1690 4553 linit).

49 4568 140 4650 quaet
152 4577 297 4633 continuus
312 4578 390 4636 dolor
404 4595 487 4651 super
501 4580 620 4638 cteointe
635 4579 725 4637 cordis
738 4595 843 4650 eorum,
897 4583 945 4639 Est
959 4588 1047 4637 autem
1063 4580 1197 4634 bonorum
1216 4575 1420 4631 adolescentum
1440 4574 1565 4629 timorem
1580 4572 1630 4628 Dei
1644 4573 1692 4626 ba-

49 4664 98 4738 qui
111 4681 171 4720 cum
185 4665 337 4722 didicerunt
351 4667 377 4722 in
388 4668 480 4724 schola
494 4667 593 4725 Christi
603 4668 719 4740 qualiter
728 4670 845 4726 debcant
898 4670 983 4725 beret
1007 4665 1115 4722 deterre
1128 4663 1252 4737 patribus
1267 4664 1410 4732 bonorem,
1435 4662 1588 4718 castitatem
1611 4660 1692 4725 tueri.

49 4762 77 4810 et
91 4752 154 4809 vitia
169 4755 336 4825 propulsare,
351 4767 379 4813 et
392 4758 492 4814 sanctis
509 4754 596 4815 875
611 4756 755 4814 uirtutibus
768 4756 846 4813 insu·
899 4772 954 4814 non
978 4754 1135 4825 adspernari
1168 4751 1357 4820 humilitatem,
1387 4751 1499 4824 diligere
1524 4750 1693 4808 clementiam

49 4841 126 4909 dare,
144 4843 195 4897 beu
213 4841 219 4896 t
233 4843 387 4902 rebellionis
394 4838 499 4917 'spiritu
517 4847 623 4912 armati,
639 4855 694 4903 tam
714 4846 845 4919 precipiti
898 4862 931 4904 ac
944 4843 1144 4910 verecundiam,
1159 4857 1220 4914 quae
1234 4848 1399 4898 ornamenta·
1412 4847 1477 4896 suut
1491 4839 1590 4897 minori
1609 4838 1693 4895 stad.

50 4933 153 4996 impetu
167 4947 217 5002 per
235 4934 351 5005 abrupta
376 4934 502 4991 ritiorunr
517 4943 629 4993 currunt
656 4936 689 4992 sd
718 4942 842 5001 mortem,
899 4936 934 4992 llt
957 4934 1029 4992 eninr
1053 4931 1082 4987 in
1101 4930 1213 4988 senibus
1231 4930 1358 5004 prauitas,
1374 4929 1523 5001 juvenibus
1541 4926 1666 4984 alacritas
1685 4943 1692 4981 r

49 5025 83 5077 nt
96 5033 145 5074 eos
158 5020 254 5092 auriga
280 5020 431 5092 presidens
444 5022 519 5080 nullo
538 5023 616 5080 trano
630 5022 779 5096 discipline
793 5040 842 5080 va·
898 5025 936 5082 ita
951 5024 979 5079 in
996 5021 1088 5094 pueris
1110 5019 1328 5077 adolescentibus
1350 5016 1611 5083 verecundaretur
1629 5027 1695 5110 qua·

48 5111 105 5166 mat
117 5103 252 5165 oebibere.
268 5111 511 5183 baberent-ntique
534 5111 561 5166 in
568 5113 657 5169 domo
669 5111 720 5169 ilci
733 5112 769 5168 ad
786 5112 844 5170 cul·
897 5113 961 5171 daur
974 5110 1048 5166 dote·
1059 5107 1267 5166 commendatur
1280 5105 1396 5164 nature.
1412 5102 1696 5200 Quam¹pnlcbra⁷rrr-

48 5197 342 5267 remotissimorum
355 5212 437 5271 snper
453 5206 845 5275 earnemorttalumnsaqnam
899 5205 943 5259 tus
965 5197 1142 5264 uerecundia,
1164 5206 1190 5251 et
1204 5196 1295 5279 suavis
1310 5194 1408 5263 gratia,
1424 5208 1486 5264 quae
1500 5206 1555 5245 non
1570 5186 1695 5245 soldrnm

47 5302 112 5343 aas.
121 5300 244 5344 wicum·
258 5278 728 5360 conquassationem
742 5277 846 5359 pean
899 5289 998 5357 laesis,a
1009 5287 1150 5344 scelestium
1158 5280 1446 5353 sutpseupeeaarrr
1462 5275 1698 5373 sennonibiss,⁰ne

49 5368 484 5446 mdnnautbriutantineduoeti'
496 5379 646 5434 ssatmnte
659 5382 734 5439 sem,
750 5378 846 5432 m
899 5377 1013 5437 m
1026 5360 1688 5462 pregredisnsdossp‘rqrdlnbn'cqriidiildssinindi

49 5461 329 5535 „suburere-nisi.
344 5461 544 5528 morarentur
559 5459 731 5532 mirozlaum
749 5469 847 5520 ιιιιιι
897 5455 1698 5530 ιιιιιιιιιιιιιι·ιιιιι·θροιιιιινιι·ιίιιωιιιιιιριιιιιιι
