3706 5962
94 177 150 240 bil

745 179 939 242 ulutaaltltTl
958 179 1095 240 lBBthS

1692 183 1748 242 als

97 304 171 362 tione
192 320 300 375 sponsae
322 304 384 361 filim
406 307 568 364 Jerusalem.
592 310 737 380 Quomodo
757 327 812 367 non
837 309 897 365 ani·
913 326 937 405 ρ
953 309 1033 363 ιιοιιιο
1050 323 1056 363 :
1072 309 1134 365 ideo
1152 318 1224 364 totus
1246 309 1335 364 dictus
1358 313 1399 361 εει
1423 307 1507 369 Deus,
1523 313 1550 359 ει
1565 312 1636 361 totus
1660 306 1751 363 dictus

97 398 208 451 mentun
221 394 257 448 ad
280 393 431 464 rogandum
454 395 489 450 de
512 397 714 468 pulchritudine
733 399 826 471 ipsius,
848 412 897 469 pro

98 486 176 555 cujus
189 498 282 540 amore
306 500 434 555 sponsam
457 484 636 559 languentem
651 497 679 545 et
693 489 751 545 iere
766 486 899 545 exanima·

98 581 153 630 tam
168 573 487 645 videntilieprebensus
498 576 526 629 in
541 591 643 648 sponsa
658 577 774 653 languor
787 576 898 639 amoris,

97 663 126 718 in
149 662 220 718 hanc
242 661 299 717 illas
322 663 462 734 quaerendi
485 664 669 723 curiositatem
692 666 837 737 protraxit.
853 666 900 721 vi-

99 750 198 808 dentes
212 749 284 807 enim
308 750 335 805 in
353 766 454 823 sponsa
468 768 589 810 amorem
612 772 673 813 esse
696 758 898 822 vehementem,

100 855 196 898 causas
216 842 245 896 et
265 838 434 895 irritamenta
460 842 527 897 tanti
550 842 664 900 allectus
693 845 858 900 arbitrantur
872 843 900 899 in

100 943 212 1002 sponso.
223 927 380 985 affectuose
390 941 517 1002 quaerunt
535 933 621 1002 qualis
632 934 667 989 sit
680 934 709 989 in
724 948 825 1004 sponso
841 931 901 1005 pul-

100 1016 236 1085 chritudo,
253 1016 356 1088 dequo
372 1032 426 1073 non
442 1029 556 1089 possunt
577 1037 632 1077 non
655 1037 820 1092 praesumere
836 1020 901 1092 quin

101 1103 296 1160 admirabiliter
308 1105 424 1176 pulcher
439 1106 484 1173 sit,
508 1116 536 1162 ει
550 1124 657 1181 sponsae
672 1109 902 1181 pulchritudinem

100 1193 128 1248 in
143 1199 334 1268 argumentum
352 1204 491 1251 assumunt
512 1197 685 1266 pulcherrimi
708 1196 812 1268 sponsi.
831 1199 902 1266 Qua·

103 1285 187 1341 titest
198 1283 319 1340 dilectus
330 1285 395 1339 taus
405 1299 441 1340 εε
450 1285 564 1353 diiecto,
574 1287 795 1360 epulaberrimc
806 1286 904 1343 mulie-

102 1375 186 1428 rum?
199 1370 382 1428 Pulcherrima
401 1371 543 1428 mulierum
564 1374 685 1430 Ecclesia
698 1383 752 1439 εει,
770 1390 830 1446 (ριεε
845 1374 904 1429 sin-

102 1458 228 1531 gularum
260 1458 410 1515 animarum
436 1462 611 1533 pulchritudo
640 1470 692 1520 est.
722 1461 906 1519 Pulcherrima

103 1554 155 1615 εει,
173 1548 201 1601 ιιι
223 1561 277 1620 qua
299 1547 388 1604 omnis
415 1549 588 1620 pulchritudo
617 1560 669 1617 εει,
695 1559 722 1605 ει
747 1550 906 1607 deformitas

103 1652 159 1694 non
172 1636 254 1692 inest.
262 1636 387 1710 Denique
402 1644 430 1694 ct
444 1655 497 1710 qua
512 1655 546 1694 ex
560 1647 638 1711 parte
651 1640 686 1696 de
698 1640 818 1697 Ecclesia
832 1647 904 1708 sunt,

953 407 994 452 εει
1016 399 1119 452 lromu:
1143 414 1197 452 non
1222 404 1305 451 totum
1330 394 1402 466 quod
1425 393 1510 463 ipsius
1532 403 1583 458 est,
1605 395 1653 448 sed
1677 397 1749 467 quod

952 484 1012 555 ipse
1028 493 1101 541 totus
1116 505 1122 540 :
1139 502 1190 541 nec
1212 485 1289 557 quasi
1303 484 1331 538 iu
1347 482 1419 538 omni
1435 489 1512 552 parte
1528 482 1562 536 sit
1579 484 1663 551 Deus,
1679 492 1706 539 et
1722 485 1750 538 in

952 575 1026 630 omni
1040 583 1117 646 parte
1132 577 1227 644 homo,
1245 574 1294 629 sed
1309 573 1435 644 quianon
1452 578 1493 626 εει
1508 587 1558 642 ριο
1575 580 1650 642 ρειιε
1661 573 1750 643 Βειιες

953 671 980 719 ει
1005 679 1053 735 ριο
1079 671 1154 735 ρειιε
1179 664 1270 719 ιιοιιιο.
1284 661 1360 730 Quod
1378 677 1443 736 ergo
1464 660 1561 716 dicitur
1583 668 1655 716 totus
1678 663 1753 718 Deus

953 759 981 807 ct
994 759 1065 807 totus
1082 753 1172 817 bomo,
1189 752 1274 823 magis
1296 757 1387 821 partes
1407 749 1525 804 excludit
1539 767 1621 821 quam
1637 750 1751 823 colligit,

954 840 1128 897 essentialem
1152 839 1352 912 simplicitatem
1376 839 1404 893 ιιι
1420 848 1533 909 utraque
1558 847 1654 893 natura
1669 839 1751 894 indu-

953 946 1020 986 cens
1036 949 1042 986 2
1060 946 1113 986 non
1138 930 1211 1002 quod
1235 937 1349 1000 utraque
1373 927 1491 983 essentia
1515 928 1628 1000 simplex
1645 931 1688 998 sit,
1704 930 1753 985 sed

955 1019 1027 1089 quod
1047 1018 1105 1087 ipse
1127 1018 1286 1088 simpliciter
1300 1025 1341 1073 εει
1355 1026 1481 1088 utraque.
1500 1018 1614 1087 Propter
1633 1019 1706 1090 quod
1727 1030 1754 1074 ει

955 1107 1047 1161 habitu
1062 1108 1190 1162 iuventus
1206 1107 1293 1162 dictus
1309 1113 1350 1161 est
1364 1113 1392 1160 ut
1406 1105 1486 1159 bomo
1503 1104 1642 1177 (Philipp.
1658 1121 1686 1170 n,
1704 1110 1732 1176 7)
1746 1127 1752 1172 ;

957 1194 1030 1266 quia,
1045 1210 1105 1249 cum
1123 1211 1177 1250 non
1193 1195 1227 1249 ειι
1241 1191 1426 1250 εοιιιιειιιιειιε
1440 1192 1574 1247 divinitati
1590 1195 1754 1259 humanitas,

958 1298 1007 1355 per
1023 1283 1224 1353 susceptionem
1240 1291 1329 1337 tamen
1345 1283 1372 1337 in
1387 1295 1504 1351 persona
1524 1281 1589 1337 lesu
1611 1284 1687 1353 quasi
1704 1285 1754 1338 ha-

958 1369 1015 1424 bitu
1031 1368 1149 1441 quodam
1168 1377 1211 1424 cst
1229 1369 1349 1425 vestiens
1372 1375 1401 1424 et
1422 1368 1583 1439 cooperiens
1607 1384 1679 1425 eam.
1697 1371 1755 1425 Non

959 1465 1000 1512 εει
1014 1457 1113 1514 diviuae
1128 1464 1232 1512 naturae
1247 1459 1363 1513 humana
1379 1465 1474 1510 natura
1496 1456 1693 1527 connaturalis,
1709 1459 1758 1513 sed

960 1553 1064 1601 tantum
1085 1561 1211 1616 persouae
1234 1545 1317 1617 ipsius
1337 1545 1415 1610 lesu,
1430 1561 1491 1614 quae
1507 1546 1631 1600 bumanae
1655 1549 1759 1600 naturae

960 1635 1066 1707 propria
1094 1641 1167 1701 suut,
1194 1634 1352 1689 naturaliter
1373 1634 1474 1689 insunt,
1491 1633 1536 1688 Sic
1560 1643 1602 1690 est
1622 1635 1649 1688 in
1664 1642 1758 1690 natura

104 1725 242 1782 deformes
262 1740 316 1781 non
345 1733 418 1781 sunt.
449 1727 477 1782 Si
503 1727 604 1798 quibus
628 1728 736 1785 videtur
749 1729 838 1783 inesse
854 1728 905 1782 de·
922 1713 944 1789 Β
961 1723 1085 1792 bominis,
1102 1723 1174 1794 quod
1185 1722 1345 1778 naturaliter
1361 1731 1404 1776 est
1420 1722 1511 1789 homo,
1527 1739 1608 1778 verus
1623 1723 1714 1788 bomo,
1732 1735 1758 1778 et

103 1811 239 1879 formitas,
265 1813 315 1868 etsi
342 1813 480 1885 aliquibus
504 1816 633 1870 membris
659 1817 720 1886 ejus
749 1816 783 1871 ad
811 1816 906 1872 horam
960 1829 1025 1869 vere
1045 1814 1151 1868 borno:
1175 1827 1255 1868 verus
1278 1814 1359 1866 homo
1375 1818 1488 1882 propter
1504 1811 1645 1867 veritatem
1660 1812 1760 1866 animae

104 1900 273 1973 respergitur
286 1899 417 1956 delormis
436 1902 553 1969 macula,
578 1911 739 1960 nontamen
759 1906 907 1975 imputatur
961 1911 988 1957 et
1002 1902 1127 1956 lrumanae
1139 1901 1252 1957 carnis:
1272 1916 1335 1956 vere
1352 1902 1443 1965 homo,
1464 1900 1528 1972 quia
1552 1916 1617 1956 vere
1631 1908 1760 1957 constans

104 1990 170 2045 dum
192 2005 248 2045 nou
262 1990 430 2048 immoratur.
454 1990 579 2047 Fortasse
601 1992 662 2063 plus
677 1993 772 2065 accipit
787 1993 906 2063 pulchri·
962 2007 995 2045 ex
1018 1992 1109 2045 anima
1129 1992 1249 2045 bumana
1272 1998 1299 2044 et
1315 2005 1417 2054 carne;
1434 2004 1467 2044 ex
1490 1989 1562 2044 veris
1578 1997 1717 2058 constans,
1733 2001 1761 2045 ει

104 2077 206 2136 ιιιιιιιιιε
231 2087 292 2150 post
313 2079 446 2136 maculam
474 2080 593 2150 detersa,
621 2098 701 2153 quam
730 2081 908 2139 deformitatis
963 2096 1029 2135 vere
1053 2088 1192 2146 constans,
1209 2093 1264 2134 non
1282 2086 1387 2134 tanturn
1408 2093 1488 2134 veras
1512 2080 1760 2144 lrahenS‚etve1·e

105 2168 238 2224 contraxit
251 2167 342 2224 subito
357 2185 493 2239 respersa.
506 2170 579 2227 Bene
595 2170 687 2243 itaque
701 2171 906 2245 pulcherrime,

106 2265 135 2313 ει
148 2270 257 2312 omnem
279 2255 494 2328 pulchitudinem
517 2259 632 2330 hahens,
650 2267 677 2314 et
690 2259 763 2315 omni
786 2259 907 2315 foeditate

106 2359 216 2400 carens.
230 2343 285 2400 Sed
301 2352 328 2400 et
342 2345 432 2400 multae
445 2344 542 2401 fideles
555 2354 584 2401 ει
597 2346 753 2418 spirituales
768 2346 865 2401 animae
880 2345 907 2400 in

106 2448 140 2489 eo
150 2431 423 2503 pulcherrimaesunt,
434 2434 507 2507 quod
516 2442 562 2490 aut
572 2442 750 2506 persanctam
761 2449 908 2491 conversa·

106 2521 209 2579 tionem
218 2520 352 2580 maedam
362 2538 417 2580 non
427 2523 589 2593 admittunt3
601 2533 648 2580 aut
662 2541 713 2596 per
727 2522 871 2581 sollicitam
881 2531 908 2579 et

106 2611 242 2670 sinceram
256 2610 458 2668 contessionem
471 2612 587 2668 subinde
596 2613 713 2672 diluam.
724 2611 909 2668 Pulcherrima

43 2688 46 2693 ¹
107 2708 149 2757 est
159 2700 276 2772 quodam
286 2699 378 2769 modo,
390 2716 549 2758 nonomnes
556 2701 624 2756 alias
634 2701 780 2768 excellens,
793 2701 841 2756 sed
854 2716 908 2756 non

107 2787 255 2845 excedens.
265 2787 349 2857 Quasi
359 2803 488 2844 excessus
497 2805 553 2845 non
563 2800 615 2858 εει,
630 2790 676 2846 ubi
686 2790 756 2846 citus
766 2806 909 2863 regressus

107 2883 159 2933 εει.
175 2875 359 2933 Pulcherrima
374 2891 441 2947 ergo
455 2885 506 2946 est,
522 2879 650 2935 decorem
665 2889 693 2935 et
710 2879 909 2935 confessionem

107 2963 233 3032 induens,
256 2963 355 3020 amicta
373 2964 475 3021 lumine
499 2966 568 3023 sicut
591 2966 763 3023 vestimento.
780 2965 909 3024 Pulcher-

108 3053 177 3109 rima
191 3060 244 3122 est,
261 3067 323 3126 que
337 3053 380 3111 vel
403 3053 492 3126 ipsum
506 3055 598 3112 lumen
623 3063 676 3123 est,
691 3055 734 3113 vel
753 3055 852 3112 amicta
864 3056 908 3110 lu-

107 3141 182 3199 mine
197 3157 204 3198 :
220 3157 272 3214 per
295 3141 495 3200 confessionem
514 3144 613 3200 amicta
636 3144 747 3213 lumine,
771 3160 822 3216 per
845 3100 948 3201 eon·e

108 3231 290 3290 versationem
305 3233 447 3289 existendo
461 3232 553 3289 lumen
568 3233 664 3305 ipsum.

962 2169 1066 2225 habens
1082 2176 1173 2241 partes
1188 2167 1378 2233 humanitatis,
1394 2167 1442 2222 sed
1459 2182 1521 2222 vere
1542 2167 1624 2222 etiarn
1639 2167 1760 2224 existens

963 2274 996 2314 ex
1014 2257 1091 2330 ipsis.
1108 2256 1252 2313 Naturales
1276 2256 1391 2324 habens,
1414 2265 1442 2310 ει
1466 2255 1624 2312 naturaliter
1644 2256 1758 2322 habens,

962 2348 1032 2404 sicut
1046 2347 1205 2403 naturaliter
1218 2348 1301 2411 Deus,
1314 2345 1392 2401 sicet
1406 2346 1576 2413 naturaliter,
1592 2353 1619 2402 et
1634 2363 1689 2401 non
1704 2354 1759 2400 tan-

963 2445 1019 2491 tum
1034 2436 1127 2491 habitu
1141 2436 1231 2492 homo.
1247 2436 1312 2491 inre
1327 2451 1393 2506 ergo
1408 2434 1476 2490 sicut
1492 2437 1518 2489 ιιι
1533 2436 1646 2491 ιειιιειε
1661 2434 1759 2490 divinae

963 2525 1061 2582 dicitur
1075 2533 1181 2582 exstare
1197 2534 1299 2580 naturae
1314 2525 1404 2593 lesus,
1420 2524 1469 2580 sed
1485 2524 1560 2596 [fort.
1577 2524 1625 2596 sic}
1641 2525 1668 2578 ιιι
1683 2525 1757 2580 veri-

963 2623 1018 2670 tate
1033 2604 1157 2670 humauae
1173 2624 1276 2670 naturae
1290 2613 1420 2683 creditur,
1436 2623 1564 2685 utrasque
1584 2622 1695 2669 naturas
1711 2616 1760 2667 lra-

963 2705 1042 2772 bens,
1058 2710 1085 2758 et
1099 2703 1268 2758 naturaliter.

999 2791 1025 2844 5.
1043 2790 1107 2845 ldeo
1132 2790 1194 2845 filiae
1211 2791 1362 2847 Jerusalem
1383 2792 1508 2847 distincte
1531 2798 1657 2862 quaerunt
1673 2789 1761 2862 qualis

963 2879 999 2934 sit
1027 2879 1176 2934 secuudum
1201 2888 1344 2953 utramque
1372 2880 1590 2952 generationem,
1616 2880 1650 2934 dc
1678 2880 1762 2954 ipsius

965 2974 1089 3039 optantes
1103 2975 1199 3023 natura
1214 2968 1317 3026 doceri.
1336 2969 1431 3038 ρεειιε
1446 2974 1487 3027 εει
1502 2969 1626 3025 dilectus
1643 2973 1710 3024 tuus
1725 2985 1762 3022 en

966 3055 1186 3128 dilectoiquolis
1197 3063 1237 3113 eat
1252 3059 1373 3116 dilectus
1382 3064 1448 3114 tuus
1456 3059 1469 3114 ‘l
1483 3058 1514 3112 ln
1525 3058 1661 3113 nativitate
1672 3056 1762 3111 divina

965 3152 1007 3200 εει
1022 3145 1137 3202 dilectus
1157 3163 1190 3200 ex
1207 3146 1314 3214 dilecto,
1331 3148 1356 3203 in
1379 3147 1517 3203 nativitate
1538 3148 1660 3201 bumana
1672 3144 1762 3201 lactus

965 3242 1008 3290 est
1022 3233 1137 3291 dilectus
1151 3251 1185 3290 ex
1199 3234 1299 3291 dilecta
1316 3254 1322 3293 :
1343 3236 1395 3290 nisi
1411 3236 1483 3309 quod
1499 3251 1553 3291 non
1578 3243 1632 3289 tam
1648 3243 1690 3289 est
1704 3233 1762 3303 ipse

144 3323 171 3377 t.
181 3320 686 3392 Qualiscstdilcctastuuseedilecto,
697 3323 912 3395 oputcberrimc
966 3323 1080 3379 dilectus
1095 3340 1128 3379 ex
1147 3325 1244 3392 hlatre,
1260 3318 1341 3395 quim
1357 3325 1416 3397 ipsa
1431 3333 1473 3380 εει
1487 3322 1585 3380 allecta
1599 3322 1699 3378 dilecta
1713 3338 1765 3393 per

109 3410 287 3469 mulierum?
296 3412 389 3483 quatis
399 3416 441 3469 εει
452 3410 574 3468 dilectus
586 3415 669 3468 tuus?
678 3410 912 3468 Nonvacatmulto
967 3412 1065 3483 ipsum.
1081 3412 1179 3468 Totum
1193 3413 1275 3468 babet
1289 3413 1363 3485 quod
1379 3414 1460 3468 babet
1474 3412 1589 3469 dilectus
1604 3428 1637 3466 ex
1651 3411 1762 3475 dilecto,

109 3498 210 3557 olfactu
226 3496 310 3558 ¹88
326 3501 384 3556 haec
403 3499 590 3572 ingeminatio,
605 3515 658 3556 nee
676 3500 805 3572 mysterio
823 3509 911 3557 vacat.
968 3503 1017 3558 sed
1032 3517 1086 3558 non
1101 3510 1186 3558 totum
1202 3518 1218 3555 a
1232 3501 1346 3568 dilecta;
1363 3504 1449 3573 magis
1463 3511 1554 3557 autem
1570 3510 1654 3556 totum
1670 3500 1763 3568 habet,

109 3586 226 3660 Quodsi
245 3587 282 3643 ita
295 3587 410 3645 dixisset
425 3589 537 3660 :Qualis
552 3595 593 3644 εει
608 3586 723 3645 (ιιιεειιιε
743 3595 805 3644 ιειιεε
819 3605 852 3644 ex
869 3586 913 3642 di·
968 3588 1041 3660 quod
1061 3586 1142 3642 habet
1156 3588 1225 3659 ipsa,
1242 3589 1277 3642 ab
1292 3587 1360 3658 ipso.
1376 3587 1441 3643 ldco
1456 3603 1518 3644 cum
1534 3586 1651 3657 primum
1668 3595 1766 3659 rogant

109 3674 277 3734 lectalsicut
286 3676 364 3732 dicit:
375 3678 473 3746 Qualis
484 3682 528 3734 est
538 3676 658 3733 dilectus
668 3683 738 3734 tuus
747 3693 783 3733 εε
793 3677 914 3736 dilectet
970 3675 1031 3731 hliae
1045 3675 1205 3742 ierusalem,
1222 3675 1320 3742 Qualis
1333 3682 1375 3731 εει
1386 3675 1506 3733 dilectus
1517 3681 1582 3731 tuus
1596 3691 1631 3730 εε
1647 3674 1766 3731 dilecto?

60 3827 65 3837 x
112 3780 195 3821 nemo
209 3764 362 3836 ambigeret
384 3765 449 3836 quin
471 3765 584 3822 alterum
603 3766 779 3822 referendum
794 3775 867 3823 esset
880 3768 915 3822 ad
968 3765 1029 3820 Non
1046 3764 1169 3820 similiter
1184 3764 1346 3838 adjungunt.
1361 3764 1454 3835 Qualis
1468 3772 1510 3819 est
1525 3763 1640 3820 dilectus
1654 3771 1716 3819 tuus
1731 3781 1765 3819 ex

112 3869 173 3911 eam
187 3853 396 3926 generationem
419 3870 480 3925 quae
499 3862 541 3910 est
564 3869 599 3910 ex
622 3857 716 3922 Patre3
742 3856 865 3925 alterum,
881 3855 915 3909 ad
970 3851 1091 3908 dilecta?
1105 3853 1153 3906 sed
1172 3852 1337 3923 simpliciter,
1357 3853 1453 3922 Qualis
1474 3857 1515 3909 εει
1541 3851 1661 3909 dilectus
1677 3852 1767 3909 tear?

112 3959 174 4000 eam
184 3957 247 4015 quae
259 3949 302 3997 est
315 3959 348 3997 ει
363 3941 459 3998 Μειιε.
476 3944 507 3998 ln
521 3951 637 4014 utraque
651 3942 725 4000 enim
735 3944 865 4016 mirabilis
875 3953 916 4001 εει
970 3940 1048 4010 Quod
1063 3940 1101 3996 ihi
1116 3957 1197 4011 supra
1211 3941 1369 4012 capacitatis
1379 3958 1435 3997 suae
1448 3941 1524 3997 vires
1539 3949 1601 3997 vota
1612 3942 1765 4014 porrigunt,

113 4038 142 4089 et
152 4028 370 4102 concupiscibilis
386 4029 475 4101 nimis,
490 4031 540 4086 sed
554 4047 588 4088 ex
598 4032 792 4103 conjunctione
807 4033 916 4089 mirabi-
971 4029 1109 4101 corrigunt
1125 4029 1304 4086 incontinenti
1319 4031 1355 4086 ad
1379 4031 1566 4086 humaniorem
1586 4030 1767 4101 quaestionem

113 4119 166 4177 lior
179 4117 274 4176 multo.
296 4119 459 4176 Naturarum
475 4121 589 4176 duarum
608 4118 778 4186 alterutram,
793 4129 840 4176 aut
854 4137 916 4177 cum
971 4127 998 4173 ει
1013 4117 1098 4187 magis
1114 4118 1264 4173 rrrodestam
1284 4135 1314 4174 εε
1333 4126 1535 4174 convertentes.
1552 4120 1699 4173 Possumus
1715 4134 1767 4174 au-

59 4283 60 4286 ,
114 4211 193 4267 Patre
207 4208 301 4280 habet,
318 4216 363 4264 aut
378 4224 441 4266 cum
455 4209 541 4266 llatre
555 4223 738 4266 communem.
754 4209 916 4281 conjunctio
973 4215 1026 4262 tem
1046 4214 1161 4277 utroque
1183 4222 1264 4260 sensu
1285 4208 1335 4261 boc
1353 4207 1562 4279 intelligerent
1580 4215 1627 4262 aut
1651 4207 1769 4262 interro-

113 4300 167 4358 ista
197 4297 307 4370 propria
331 4305 373 4354 est
399 4297 463 4373 ipsi.
491 4297 646 4355 Personalis
674 4299 735 4373 ejus
764 4299 917 4371 proprietas
971 4294 1045 4366 gotio
1061 4303 1170 4365 propter
1192 4296 1329 4367 geminam
1345 4295 1374 4349 iu
1396 4297 1463 4351 desu
1479 4304 1604 4350 naturam
1618 4295 1769 4366 accipiatur

116 4386 297 4448 communiter
320 4388 507 4445 consideratur
525 4387 554 4443 in
577 4387 646 4455 istis,
662 4388 727 4460 quia
749 4387 917 4462 integraliter
972 4383 1173 4456 congeminata,
1194 4392 1240 4438 aut
1267 4384 1312 4439 illa
1334 4384 1409 4455 prior
1433 4384 1510 4456 qnasi
1534 4383 1693 4455 incapabilis
1718 4385 1768 4439 bac

115 4477 257 4537 conficitur
271 4494 306 4535 ex
319 4475 387 4535 istis.
408 4478 521 4536 Consbt
543 4476 616 4533 enim
630 4492 663 4533 ex
678 4476 784 4532 duabus
797 4477 915 4542 naturis;
933 4487 957 4564 [ρ
972 4473 1096 4544 sequenti
1115 4473 1150 4528 ειι
1168 4482 1303 4539 revocata,
1322 4474 1390 4529 acsi
1414 4474 1522 4529 dicant:
1544 4473 1640 4542 Qualis
1660 4479 1701 4530 εει
1725 4473 1768 4527 di-

115 4568 165 4626 sed
190 4567 363 4625 nibilominus
386 4574 493 4626 constat
515 4566 543 4622 in
566 4566 672 4626 duabus
694 4565 769 4620 illis:
794 4582 828 4622 ex
852 4581 919 4623 con·
974 4562 1061 4619 lectus
1081 4566 1148 4619 tuus
1163 4580 1199 4619 ec
1219 4562 1332 4631 dilecto,
1347 4579 1362 4618 o
1379 4562 1573 4634 pulcherrima
1587 4561 1769 4619 mulionem?

116 4656 217 4729 punctis
239 4663 356 4723 constat,
373 4665 402 4713 et
419 4657 448 4713 in
468 4655 583 4731 singulis
605 4662 724 4712 constat.
744 4655 784 4710 Ex
800 4656 918 4727 coniun-
971 4652 1058 4721 liujus
1080 4659 1107 4708 te
1131 4649 1195 4707 hdei
1216 4651 1326 4719 veritas,
1344 4667 1425 4724 quam
1441 4660 1517 4707 ιειιεε
1540 4650 1574 4705 de
1592 4648 1769 4724 generatione

116 4741 179 4809 ctis,
204 4749 232 4798 at
251 4758 306 4799 non
328 4743 358 4798 in
384 4741 506 4817 siugulis,
533 4749 640 4798 constat
661 4743 835 4815 proprietatis
858 4745 919 4816 ejus
971 4738 1062 4796 dilecti
1075 4738 1111 4796 de
1126 4739 1236 4809 dilecto,
1253 4740 1324 4796 inter
1338 4755 1436 4796 omues
1454 4740 1575 4795 omnium
1595 4738 1769 4809 professores

116 4829 271 4904 integritas,
297 4846 348 4902 ρει
371 4845 453 4903 quam
476 4829 555 4885 simul
580 4828 661 4884 distat
676 4838 704 4886 et
723 4846 739 4885 a
760 4832 840 4889 Patre
855 4840 884 4888 et
901 4849 917 4887 a
970 4838 1105 4887 sectarum
1121 4839 1147 4885 te
1167 4829 1374 4901 pulcherrimam
1399 4831 1472 4886 lacit.
1489 4831 1542 4885 Ista
1556 4828 1625 4884 sides
1639 4837 1665 4884 te
1686 4844 1769 4883 mun-

117 4921 215 4977 liatre.
230 4920 292 4976 Non
306 4919 378 4976 enim
392 4918 420 4974 in
435 4916 638 4986 alterutro,sed
652 4917 822 4990 incopulatis
837 4921 919 4976 distat
970 4919 1026 4983 dat,
1043 4918 1093 4973 ista
1112 4924 1248 4983 venustat,
1272 4933 1325 4988 qua
1349 4917 1476 4973 dilectum
1502 4926 1577 4973 tuum
1601 4917 1718 4982 dilecto,
1736 4933 1769 4972 ειι

118 5009 153 5066 ab
168 5019 295 5083 utroque,
309 5015 338 5065 et
358 5023 375 5062 a
396 5005 517 5081 quolibet
541 5004 588 5077 qui
602 5019 658 5061 nen
672 5015 714 5062 εει
727 5006 796 5076 ιρεε.
813 5009 843 5063 Ιιι
857 5008 916 5065 sin·
971 5023 1024 5078 quo
1039 5012 1091 5074 est,
1107 5004 1239 5077 aequalem
1262 5006 1396 5063 delendis.
1417 5007 1489 5062 Talis
1512 5017 1554 5062 εει
1577 5005 1666 5077 qualis
1681 5005 1739 5076 ipse
1755 5022 1771 5060 a

120 5099 201 5174 gulis,
217 5105 246 5155 ct
272 5112 327 5154 non
349 5097 377 5153 in
401 5093 543 5169 copulatis,
558 5093 685 5153 consistit
704 5096 835 5152 naturalis
857 5098 918 5169 eJ'us
970 5110 1024 5168 quo
1039 5103 1089 5151 est.
1105 5095 1174 5149 llira
1188 5096 1337 5168 aequalitas,
1353 5105 1380 5153 ει
1395 5097 1465 5151 mira
1479 5096 1606 5168 qualitas.
1622 5095 1771 5166 AEqualitas

117 5188 302 5245 εεεειιιιειιιεε
324 5185 475 5244 secundum
495 5185 584 5259 quid:
604 5191 633 5240 ει
645 5183 804 5257 ειιιιριιειιει
826 5193 854 5242 ει
867 5201 918 5258 ρει
970 5184 1016 5240 illa
1035 5183 1204 5240 identitatem
1227 5186 1309 5251 valet,
1326 5186 1443 5258 qualitas
1457 5184 1725 5241 substantialitatem.
1743 5184 1771 5237 Si

117 5290 149 5332 se
171 5276 245 5331 Deus
258 5285 311 5343 εει,
335 5276 403 5333 sicut
426 5282 456 5331 et
477 5274 572 5342 Petam
588 5280 616 5330 ει
638 5272 807 5345 ειιιιριιειιει,
821 5282 850 5330 ει
867 5290 917 5348 ρει
970 5281 1064 5330 εεεειιι
1087 5274 1147 5329 duae
1162 5281 1276 5340 naturae,
1293 5282 1408 5347 utraque
1424 5290 1539 5339 summa,
1555 5289 1609 5329 una
1633 5273 1659 5327 in
1677 5272 1770 5338 Patre,

118 5378 148 5420 te
162 5360 254 5431 homo,
268 5363 337 5419 sicut
350 5370 379 5419 et
393 5363 489 5420 lister.
504 5361 565 5421 Non
574 5368 617 5419 est
631 5377 665 5419 ex
679 5362 763 5435 parte*
771 5370 799 5418 et
815 5378 917 5420 secun·
970 5361 998 5417 in
1013 5361 1081 5418 Filio
1093 5362 1159 5433 alia;
1169 5371 1241 5418 esset
1256 5363 1364 5436 quidem
1380 5362 1527 5435 aequalitas¹
1544 5377 1600 5416 non
1611 5368 1684 5416 esset
1696 5361 1771 5416 iden·

117 5451 183 5509 dum
197 5450 262 5524 quid
275 5452 358 5519 Deus,
379 5467 431 5509 nec
444 5458 487 5509 εει
500 5467 535 5508 ex
549 5459 626 5524 parte
642 5459 670 5509 et
682 5452 832 5509 secundnm
851 5453 917 5526 quid
971 5452 1032 5508 titas
1047 5472 1054 5506 ι
1070 5453 1119 5509 sed
1133 5453 1265 5527 muntem
1276 5451 1327 5508 sibi
1340 5453 1420 5508 aliam
1435 5451 1525 5507 divina
1540 5458 1638 5506 natura
1653 5465 1708 5506 non
1723 5450 1771 5505 ad·
