3706 5962
51 207 103 291 lot
526 210 623 276 LIBER
641 213 685 274 ba
699 210 831 273 Nartiae
851 210 891 269 El*
911 209 1086 271 blactulas
1103 210 1233 272 saonis.
1652 211 1705 285 loa

88 336 138 391 34.
158 333 227 389 Nam
250 346 311 389 cnm
334 331 433 389 talibus
459 333 565 393 bonitas
589 338 641 396 Dei
655 339 807 397 abundaret
825 344 852 392 et
867 350 892 430 Ι
908 335 975 404 buit,
990 335 1038 392 sed
1051 336 1163 406 justum,
1179 335 1228 392 sed
1239 333 1358 400 filialem,
1379 349 1525 407 perquem
1540 335 1705 394 inomnibus

50 423 204 480 offerretur
222 420 360 489 omnibus,
377 432 512 480 necasset
522 426 567 498 qui
578 427 853 500 reciperatvelsciret
886 439 889 443 ·
907 424 1002 481 honori
1017 428 1078 494 ejus
1096 424 1201 490 detulit,
1222 423 1326 492 dicans,
1347 423 1420 481 llam
1434 422 1513 479 cibus
1527 429 1578 489 est,
1602 430 1635 481 at
1653 430 1703 498 su-

49 511 189 584 recipere,
205 509 249 567 rel
264 507 389 583 recipere
408 510 528 580 doceret,
551 532 603 572 nec
616 516 663 590 qui
682 516 744 572 illuc
759 524 853 588 posset
906 514 980 570 riom
996 515 1278 571 volontateml’ctris
1292 511 1409 584 raeipoi
1420 511 1452 565 in
1463 510 1539 566 coetis
1554 504 1593 568 est
1606 513 1701 584 (loon.

50 598 220 664 accudere,
235 596 280 653 obi
291 598 363 654 bona
378 599 436 655 haec
450 599 661 672 distribuuntur,
672 603 715 660 rel
724 604 854 674 quodlruc
906 604 986 668 smel
999 601 1009 669 l
1020 620 1027 656 :
1039 609 1068 657 et
1082 601 1109 656 in
1121 601 1234 667 Psalmo,
1248 603 1541 664 loetetarcormeam,
1552 604 1586 656 ot
1602 602 1716 659 timeat

50 693 148 761 posset
171 685 305 742 deferre:
322 701 392 759 opus
414 695 475 743 erat
495 690 642 748 mediatore
663 707 713 748 nos
735 691 807 748 inter
826 698 854 748 et
907 688 1204 761 nomentoamffsat.
1218 704 1328 755 cxxxv,
1348 690 1409 753 lit,
1429 695 1457 742 et
1466 694 1564 743 caetera
1576 687 1660 744 multa
1674 688 1702 745 in

50 776 153 843 Deam,
176 791 229 848 per
241 791 323 848 quem
341 781 433 830 nostra
456 778 710 852 appropinquarent
737 780 809 846 Deo,
826 788 854 836 at
907 779 978 834 hunc
992 779 1112 835 modum.
1136 779 1188 833 Per
1208 794 1291 850 quem
1312 777 1392 833 etiam
1406 782 1434 832 et
1456 775 1576 847 seipsum
1590 775 1702 834 rideba-

49 866 121 922 bons
134 864 190 921 Dei
203 862 292 922 nobis.
313 863 375 919 lniit
393 880 460 936 ergo
484 868 624 925 consilium
640 877 696 925 tota
720 869 852 939 Trinitas,
908 874 950 922 tur
963 867 1094 938 abjicere,
1109 865 1263 933 humiliare,
1278 866 1430 939 negligere,
1445 870 1474 920 ut
1489 879 1557 935 opus
1571 865 1702 936 quodper

49 952 194 1011 consilium
213 952 294 1024 illud,
311 951 345 1009 de
360 969 414 1025 quo
444 955 576 1027 Propheta
591 957 672 1015 dicit:
696 958 854 1015 Consilium
906 971 969 1009 eum
984 955 1085 1012 lecerat
1101 956 1189 1024 Pater,
1204 954 1254 1010 sed
1268 955 1396 1023 perierat,
1412 961 1566 1025 reparatum
1578 961 1606 1008 ot
1621 969 1703 1012 reno·

49 1048 133 1098 tuum
146 1045 304 1115 antiquum
319 1056 416 1098 ιιενιιιιι
425 1041 477 1114 fiat
488 1044 576 1113 (Prot.
592 1060 684 1111 xsxu,
696 1062 750 1102 sec.
763 1048 851 1116 LXX).
906 1053 995 1100 vatum
1010 1043 1036 1100 ei
1050 1050 1142 1116 posset
1157 1042 1360 1115 reconsignare.

49 1130 167 1186 videbat
183 1128 286 1202 quippe
304 1129 438 1185 Dominus
454 1140 585 1202 quantum
600 1133 781 1189 adhominem
796 1149 854 1189 om·
942 1136 985 1189 36.
1016 1132 1072 1188 Hoc
1091 1132 1171 1206 igitur
1186 1132 1313 1188 modoad
1336 1134 1439 1188 Patrem
1460 1132 1592 1189 mediator
1610 1136 1704 1186 noster

47 1217 90 1273 nia
103 1215 241 1284 confusa,
257 1215 346 1271 omnia
370 1216 495 1286 turbata,
511 1217 575 1274 nibil
590 1227 663 1276 stare
677 1220 704 1275 in
719 1221 778 1276 loco
792 1236 851 1287 suo,
907 1220 999 1276 habuit
1010 1221 1137 1276 timorem
1153 1221 1229 1292 quasi
1247 1237 1369 1286 sursum;
1380 1222 1414 1275 ad
1429 1220 1556 1277 miserum
1574 1234 1640 1275 vero
1654 1233 1701 1272 re-

47 1303 113 1362 nibil
125 1304 284 1376 procedere
294 1304 459 1360 ordinesuo.
477 1305 590 1364 Videbat
605 1309 739 1364 hominem
754 1309 853 1366 abiisse
905 1309 1101 1365 conciliandum
1112 1309 1253 1380 pietatem,
1265 1309 1343 1381 quasi
1353 1309 1495 1376 deorsnm;
1512 1308 1547 1363 ad
1557 1317 1703 1377 utrumque

47 1393 74 1449 in
98 1393 249 1466 regionem
264 1391 490 1449 dissimilitudinis
509 1403 562 1449 tam
576 1395 669 1471 longe,
692 1407 722 1453 ut
747 1415 796 1469 por
823 1414 852 1454 se
905 1412 970 1453 vcro
992 1396 1149 1468 scientiam,
1165 1398 1255 1454 sciens
1269 1398 1336 1470 quid
1360 1398 1457 1469 cuiqam
1481 1405 1554 1452 esset
1568 1395 1702 1452 exbiben-

46 1481 200 1547 nesciret,
222 1486 394 1552 necposset
418 1481 517 1537 redire.
535 1485 656 1556 Angelus
685 1486 757 1541 enim
777 1502 851 1558 prae·
905 1485 979 1541 dum.
1005 1486 1060 1542 Sed
1079 1486 1296 1558 adimplendum
1325 1487 1506 1543 ministerium
1531 1481 1703 1541 mediationis

47 1576 205 1644 sumpserat
219 1568 422 1625 similitudinem
437 1569 498 1637 Dei,
516 1571 628 1628 dicens:
645 1576 852 1632 Poaonssedem
904 1591 961 1631 suae
975 1590 1035 1630 cum
1069 1575 1156 1631 Patris
1180 1575 1278 1632 bonam
1293 1575 1407 1632 haberet
1422 1576 1585 1631 voluntatem
1603 1572 1702 1627 desar-

48 1675 141 1717 mecm
154 1657 196 1714 ed
209 1658 379 1733 aquilonem,
395 1663 423 1716 et
436 1675 482 1714 ero
497 1661 600 1719 similis
615 1663 759 1720 ¹litt'saimo
785 1665 850 1733 (leo.
867 1654 890 1731 Β
905 1679 978 1727 sum,
991 1679 1007 1716 a
1021 1663 1120 1718 misero
1136 1672 1227 1720 autem
1246 1663 1361 1720 inferius
1375 1664 1485 1736 jacente
1499 1664 1612 1718 baberet
1623 1656 1702 1729 nibil;

48 1764 111 1819 xta,
129 1748 186 1814 13,
203 1745 264 1817 li).
288 1744 374 1801 llomo
388 1745 513 1802 similiter
535 1750 609 1805 Deus
624 1766 685 1807 esse
704 1751 852 1822 voluil,cui
905 1759 931 1806 el
948 1749 1047 1807 habere
1057 1751 1158 1823 aliquid
1173 1752 1241 1808 ratio
1256 1761 1283 1809 et
1297 1753 1364 1808 ordo
1385 1751 1555 1808 mediationis
1577 1748 1703 1821 require·
1726 1743 1731 1754 '

49 1850 212 1908 meum
226 1840 286 1890 erat
299 1849 362 1889 esse
376 1836 452 1892 sieut
465 1836 600 1908 diitden.
616 1854 661 1908 ru,
674 1842 716 1911 5).
732 1841 849 1912 Ergone,
905 1848 961 1910 ret,
979 1840 1072 1911 exegit
1086 1841 1165 1897 abeo
1181 1840 1274 1897 fidem.
1290 1842 1388 1916 Exegit
1399 1849 1489 1897 autem
1499 1839 1590 1904 iidem,
1602 1851 1705 1909 praero-

49 1922 151 1998 inqait,
180 1922 256 1980 Deus
269 1928 363 1995 pater,
390 1922 472 1979 Filius
481 1940 571 1992 meus,
598 1927 728 1998 splendor
757 1928 852 2000 gloriae
905 1928 994 2003 gando
1009 1928 1152 2000 pietatem.
1178 1928 1238 1999 Qua
1258 1929 1402 1986 exactione
1418 1929 1491 1985 nulla
1513 1933 1621 2000 poterat
1644 1940 1706 1983 esse

50 2027 130 2081 mee,
146 2020 179 2068 et
193 2009 281 2087 figura
294 2008 451 2086 substantiae
465 2028 535 2068 meae
549 2014 645 2086 (acor.
662 2032 683 2087 r,
695 2019 737 2087 3),
753 2016 852 2089 inipso
903 2015 1035 2084 validior;
1059 2017 1123 2089 qnia
1138 2032 1192 2072 non
1213 2017 1301 2074 luerat
1315 2017 1425 2073 difficile
1446 2015 1549 2072 homini
1564 2014 1664 2072 misero
1678 2013 1705 2070 ei

51 2100 100 2157 nisi
124 2097 306 2157 similitudine
327 2104 368 2154 tot
391 2100 502 2157 aemulos
517 2102 642 2170 babebit,
667 2112 803 2177 etpares‚
823 2112 852 2160 et
903 2105 1115 2171 accrederesa
1139 2120 1193 2178 quo
1221 2122 1251 2161 se
1274 2112 1442 2178 praeventum
1463 2105 1576 2161 videbat
1589 2102 1703 2176 pietate.

52 2189 156 2247 ndns?
185 2185 424 2259 l’raecipitatnsest
437 2197 566 2263 uterque.
585 2192 683 2247 Videas
696 2192 786 2266 imago
801 2192 851 2249 Dei
905 2193 958 2249 Sed
974 2203 1001 2249 ot
1018 2210 1079 2249 eum
1093 2210 1124 2250 se
1137 2194 1163 2249 ei
1181 2195 1295 2251 credere
1310 2209 1365 2250 non
1380 2200 1488 2266 posset,
1507 2193 1534 2249 in
1554 2207 1607 2265 quo
1625 2207 1702 2263 spem

54 2278 122 2337 mm
143 2276 220 2334 lilius
233 2273 361 2348 angelum
375 2282 403 2332 et
419 2277 571 2351 hominem,
587 2280 632 2352 qui
646 2280 708 2337 iacti
724 2290 803 2338 erant
815 2281 850 2337 ad
903 2298 957 2339 non
967 2281 1094 2349 haberet,
1105 2282 1176 2355 (quis
1190 2282 1303 2339 enimse
1319 2281 1344 2339 ei
1358 2283 1498 2348 erederet,
1511 2281 1539 2336 in
1552 2296 1607 2355 quo
1624 2295 1703 2352 spem

54 2368 150 2440 ipsam,
166 2366 197 2422 id
213 2374 256 2422 est
268 2365 414 2436 imaginem
434 2366 498 2437 Dei,
517 2385 566 2438 per
585 2369 767 2427 inordinatum
780 2370 850 2427 ima·
904 2361 1114 2441 nonhaberetti
1124 2387 1185 2426 eum
1199 2370 1255 2426 iide
1270 2371 1351 2426 etiam
1363 2386 1441 2441 spem
1451 2368 1559 2438 obtulit,
1575 2384 1636 2425 eum
1652 2384 1703 2440 spe

54 2455 119 2531 ginis
136 2463 168 2512 et
183 2451 366 2510 similitudinis
390 2454 450 2525 ejus
468 2456 617 2527 appetitum
632 2458 755 2529 perisse:
771 2459 849 2515 lleui
903 2458 984 2516 etiam
994 2459 1098 2514 addens
1114 2460 1249 2524 timorem,
1260 2459 1319 2514 sine
1333 2474 1387 2530 quo
1401 2473 1464 2530 spes
1479 2473 1540 2514 esse
1555 2471 1609 2512 non
1622 2463 1702 2527 pote·

55 2540 326 2618 maticsolamiseria
336 2551 409 2597 earet
419 2543 564 2613 individia;
576 2546 624 2602 sed
635 2546 849 2603 subveniendum
902 2553 957 2612 rat3
975 2562 1009 2601 ne
1019 2546 1304 2603 scilieetdesereretnr
1316 2561 1332 2599 a
1346 2554 1399 2600 tam
1413 2544 1457 2614 pio
1464 2543 1629 2600 mediatore.
1645 2544 1701 2598 Ac·

57 2632 143 2699 astri,
158 2630 205 2688 cni
218 2628 366 2687 subvenire
380 2644 435 2685 non
450 2632 574 2703 prohibet
589 2632 702 2701 justitia.
728 2635 849 2690 Exhibeo
903 2643 983 2708 cepto
998 2635 1090 2707 itaque
1100 2634 1233 2690 mediator
1245 2650 1262 2689 a
1273 2649 1320 2692 reo
1335 2649 1384 2690 suo
1403 2640 1478 2689 tanto
1493 2632 1587 2688 salutis
1601 2631 1701 2704 pigno·

57 2735 96 2777 ne
112 2719 199 2796 igitur
217 2719 321 2774 bonum
344 2718 483 2775 hominem
506 2710 665 2794 despectum
686 2730 715 2778 et
733 2723 848 2778 nom'ssi-
903 2740 947 2791 re,
964 2724 997 2777 ad
1025 2725 1133 2779 Patrem
1147 2723 1316 2795 regreditur,
1331 2720 1436 2777 scilicet
1454 2736 1516 2776 cum
1529 2720 1556 2775 in
1583 2727 1703 2775 montem

11 2804 14 2809 ’
59 2815 122 2856 1111111
135 2800 275 2864 virorum,
291 2797 377 2855 11111111
391 2799 515 2857 dolomm
536 2811 563 2858 et
585 2802 716 2858 scientem
733 2801 848 2858 infirmi·
901 2810 974 2868 solus
993 2811 1117 2868 ascendit
1130 2826 1223 2877 orare,
1239 2811 1283 2866 vel
1296 2825 1357 2866 cum
1376 2810 1463 2866 lactus
1476 2809 1505 2863 in
1522 2807 1623 2882 agonia
1636 2821 1704 2878 pro·

12 2894 17 2979 i
60 2890 216 2959 mim·
236 2900 294 2950 ”¹¹¹2
304 2893 349 2961 3)=
365 2899 394 2946 1¹²
407 2887 477 2944 2³¹(st
492 2897 518 2944 ⁰¹
532 2887 652 2944 imiieffll
661 2889 689 2944 111
698 2905 742 2945 1111
753 2891 847 2945 humi·
900 2900 980 2957 lixius
993 2901 1090 2957 orabat
1103 2916 1168 2957 cum
1186 2899 1337 2974 sanguineo
1352 2898 1464 2955 sudore:
1485 2896 1703 2967 Poter,inquit,

61 2977 168 3047 11111111,
182 2997 330 3054 [1111111111
345 2981 486 3054 perveniet
504 2981 538 3034 td
567 2979 694 3054 8111111111,
714 2980 748 3035 td
767 2997 849 3053 11111111
866 2957 1147 3060 netarifieoFitium
1163 2994 1256 3056 tuom,
1273 2993 1307 3047 ot
1322 2989 1412 3046 Filius
1432 2993 1501 3045 taes
1522 2986 1662 3056 etorimt
1678 2987 1705 3040 te

15 3118 18 3129 .
64 3080 229 3140 impare
244 3068 364 3137 resanat,
380 3066 607 3141 utrossitaudire
621 3083 638 3122 ³
651 3069 850 3126 mensores
903 3082 1002 3148 (roan.
1014 3081 1133 3148 xviim)
1148 3077 1395 3151 ‚anquamaen
1413 3077 1477 3149 quid
1496 3073 1641 3132 canuam
1654 3073 1705 3129 uu.

65 3156 172 3229 miecio
181 3156 265 3214 muts
274 3161 373 3214 sumet
384 3157 501 3214 tramitis
510 3154 601 3218 eorde.
611 3160 640 3214 et
650 3155 803 3213 invenietis
812 3173 852 3213 re
903 3168 946 3223 En
961 3167 1051 3239 quida
1065 3175 1092 3223 sp
1107 3165 1205 3239 habeo,
1216 3182 1252 3222 pn
1265 3165 1329 3239 quid
1345 3167 1381 3221 ab
1391 3165 1446 3222 illo,
1458 3163 1592 3220 Mediator
1603 3161 1717 3234 quippe

17 3302 20 3309 .
66 3245 422 3314 mommoriacensi
436 3245 552 3316 (lamb
569 3260 614 3310 ¹¹!
630 3245 691 3317 ²9i·
904 3272 979 3325 sum,
995 3264 1024 3311 et
1042 3254 1071 3310 in
1092 3253 1207 3310 salutem
1230 3255 1292 3324 ejus
1312 3255 1369 3324 jam
1394 3253 1520 3309 ridentur
1541 3266 1705 3309 concurrere

18 3338 21 3357 ²
370 3361 480 3418 (Ἄρῃ
497 3361 564 3419 χιι,
904 3341 1075 3399 mediationis
1089 3357 1157 3398 meae
1172 3340 1303 3397 rabones.
1316 3340 1372 3397 Sed
1385 3347 1481 3409 eaptus
1498 3344 1541 3394 est
1553 3344 1582 3394 et
1595 3337 1704 3409 ligatas.

96 3458 247 3517 mrum
261 3463 457 3534 nmmum
465 3458 600 3515 pamm
609 3456 812 3531 ,pdempppmp
904 3431 1031 3506 Alligsvir
1044 3446 1106 3486 eam
1119 3429 1197 3486 fortis
1213 3437 1260 3486 :et
1272 3427 1325 3484 nisi
1338 3427 1435 3484 fortior
1456 3443 1489 3483 eo
1506 3425 1716 3498 supervenerit„

350 3531 514 3603 seponitur.
906 3533 961 3574 non
976 3517 1087 3591 diripiet
1101 3532 1164 3572 vasa
1183 3517 1255 3586 ejus.
1285 3515 1340 3572 Sed
1354 3516 1431 3571 mitte
1448 3529 1557 3569 manum
1578 3521 1650 3569 tuam
1670 3511 1706 3568 de

92 3617 139 3671 aa.
152 3615 278 3689 decingit
292 3633 361 3690 ergo
375 3633 405 3673 se
420 3617 537 3690 quodam
553 3614 634 3671 modo
648 3615 697 3671 Dei
711 3614 807 3688 Filius,
824 3622 853 3672 et
905 3616 973 3679 alto,
989 3621 1019 3670 et
1031 3613 1144 3686 eripiam
1160 3629 1222 3670 eum
1236 3613 1271 3668 de
1284 3611 1403 3668 inimicis
1416 3613 1478 3682 ejus
1497 3609 1664 3675 fortissimis,
1676 3607 1706 3665 in

66 3712 251 3775 tarassnsast
265 3721 315 3777 per
336 3705 515 3763 humilitatem
531 3718 692 3775 recuperare
708 3719 781 3776 eum,
805 3702 852 3775 qui
905 3702 999 3775 spiritu
1013 3701 1192 3772 fortitudinis,
1204 3701 1411 3769 fortitudotua,
1423 3708 1452 3757 et
1469 3699 1554 3756 virtus
1564 3704 1626 3754 tua.
1644 3696 1706 3755 Scio

66 3792 332 3865 mpeudpoteraa
343 3792 390 3867 qni
401 3809 450 3865 per
458 3793 749 3866 superbiamperierat.
757 3794 851 3865 ltaque
905 3793 978 3848 enim
988 3791 1053 3863 qnid
1068 3791 1177 3847 faciam.
1207 3790 1306 3847 lloriar
1319 3789 1453 3846 innocens
1465 3803 1514 3861 pro
1530 3794 1662 3854 nocente,
1678 3792 1707 3842 et

20 3892 23 3913 =
66 3876 124 3936 inter
134 3880 270 3962 Deumet
284 3881 422 3939 hominem
436 3883 555 3940 medinm
568 3898 599 3938 se
615 3882 734 3947 iaciens,
749 3881 796 3954 qui
812 3898 853 3937 re·
904 3882 965 3954 plns
987 3879 1087 3952 poterit
1111 3878 1359 3953 incomparabiliter
1386 3878 1496 3935 bonitas
1523 3891 1598 3946 mea,
1623 3891 1706 3948 quam

66 3966 171 4051 Q,
187 3986 204 4025 a
217 3970 277 4028 Deo
289 3979 384 4043 captus
398 3979 426 4027 at
439 3971 538 4043 ligatus
552 3986 567 4024 a
583 3971 691 4027 diabolo
707 3980 780 4041 erat,
800 3971 853 4026 hoc
886 3956 890 3967 ⁸
906 3969 1010 4026 hostilis
1022 3969 1124 4025 malitia
1137 3988 1145 4032 ς
1165 3985 1249 4041 poena
1260 3967 1424 4026 innocentiae
1433 3984 1511 4036 meae,
1528 3983 1610 4041 qoam
1624 3979 1718 4037 poena·

65 4057 134 4137 mado
147 4058 215 4143 boni
226 4059 384 4117 mediatoris
400 4068 428 4116 et
446 4075 590 4132 personam
606 4060 694 4116 induit
708 4067 737 4115 et
750 4066 852 4118 actum.
906 4056 1098 4115 inobedientia
1112 4059 1252 4115 humanas.

66 4142 151 4205 ladas
163 4154 209 4203 est
220 4146 321 4205 mmo:
338 4151 455 4221 Εριιιιιι
468 4153 511 4205 est
520 4151 599 4221 eirea
612 4150 645 4206 de
658 4148 753 4205 radice
768 4150 852 4218 iesse,
942 4147 1399 4221 diditclarificariinqnitl’ater,
1409 4144 1705 4216 etctorificaboiioen.

65 4235 355 4309 adorandaeque
364 4238 509 4296 eremit:
519 4239 780 4312 aerequieviesopp
789 4254 854 4294 eom
905 4249 961 4313 Ιιιι,
981 4236 1038 4306 28).
1053 4234 1113 4289 iam
1126 4235 1274 4291 fortissimo
1289 4235 1438 4307 mediatore
1457 4248 1526 4307 opus
1540 4240 1583 4290 est
1596 4231 1708 4303 spiritus

22 4378 25 4389 .
66 4322 179 4395 Spiritu
201 4324 329 4396 Domini,
342 4326 619 4398 spirituasapientioe
633 4330 661 4382 et
679 4326 852 4392 intellectas,
908 4323 1027 4396 consilii;
1041 4322 1105 4396 quia
1128 4324 1153 4378 si
1170 4321 1300 4395 princeps
1322 4322 1416 4379 mundi
1438 4321 1620 4394 intelligeret,
1641 4335 1709 4374 nun·

64 4412 341 4483 moturemoture
357 4413 855 4486 fortitudiniaapirituascientioeet
909 4427 991 4486 quam
1014 4410 1160 4467 Dominam
1183 4410 1278 4483 gloria
1295 4410 1470 4482 crucifigeret
1492 4410 1518 4481 (l
1530 4410 1596 4465 Cor.
1613 4422 1649 4473 ιι,
1664 4407 1707 4484 a),

63 4502 182 4572 pittatia
201 4505 234 4561 et
253 4503 373 4575 replerit
390 4517 456 4559 eam
470 4503 589 4575 spiritus
605 4501 717 4558 timoris
740 4503 856 4559 Domini
908 4499 961 4555 Per
974 4498 1065 4555 omnia
1086 4511 1154 4569 ergo
1172 4495 1341 4552 virtutem-ei
1355 4495 1503 4552 divinitatis
1516 4494 1711 4560 occultans‚et

63 4588 131 4661 (lsai.
145 4604 191 4661 xa,
205 4590 280 4662 bt).
290 4588 435 4663 lntelligite
444 4589 487 4646 bic
493 4589 668 4646 fortissimum
675 4588 778 4646 scilicet
786 4605 855 4666 ago-
909 4587 994 4642 solam
1008 4585 1033 4641 ei
1047 4583 1136 4641 carnis
1152 4583 1336 4640 infirmitatem
1344 4582 1509 4657 preferens,
1519 4599 1569 4656 por
1577 4582 1710 4654 justitiam

60 4679 195 4756 wlhelm
208 4688 344 4746 nastrum
359 4677 437 4753 quasi
455 4694 579 4749 campum
595 4677 690 4734 mundi
702 4678 856 4753 ingressum
909 4676 970 4731 vitae
985 4688 1042 4730 suae
1059 4672 1189 4730 invidiam
1207 4671 1350 4730 suscitarit
1370 4672 1475 4730 hostilis
1490 4670 1635 4745 nequitia:
1657 4687 1710 4745 per

59 4765 151 4841 imagi
163 4767 200 4825 sd
222 4765 378 4840 paiaesusm
392 4767 455 4826 oleo
478 4767 594 4841 Spiritus
609 4767 713 4824 sancti:
726 4766 856 4826 etexsul·
909 4761 1093 4821 infirmitatem
1113 4778 1170 4819 sua
1183 4761 1273 4820 carnis
1286 4778 1362 4837 spem
1383 4762 1422 4819 illi
1442 4761 1556 4821 eontulit
1578 4761 1709 4829 matema.

59 4860 158 4912 tantem
172 4854 314 4931 &antem
328 4855 540 4931 adcurrendam
555 4855 624 4913 riam
647 4855 857 4928 dispensationis
911 4853 944 4907 ad
959 4850 1112 4909 faciendam
1129 4851 1258 4909 invidiam
1277 4851 1471 4911 accedentibus
1482 4852 1632 4918 mineris.
1646 4849 1709 4924 qai-

56 4941 438 5017 annotaremus).
454 4943 858 5017 Notareroprophetamasu·
911 4942 962 4998 bus
981 4940 1176 4998 reconciliandi
1199 4941 1241 4998 sui
1261 4940 1344 4999 iidem
1366 4943 1395 4999 in
1413 4941 1709 5000 seroborabat.l)ace·

55 5031 157 5106 pariari
178 5033 313 5105 capuae,
328 5040 357 5090 et
380 5033 557 5090 descendisse
572 5032 608 5088 ad
625 5032 771 5104 inferiora,
794 5033 857 5107 quia
911 5039 973 5104 ptus
987 5028 1116 5103 antiquus
1138 5030 1283 5104 deceptor,
1312 5047 1422 5105 poenam
1450 5029 1568 5102 peceati,
1593 5035 1709 5085 mortem

54 5120 215 5181 mediatoris
245 5121 425 5178 annuntiabat
448 5120 622 5179 descensum.
650 5121 706 5179 Nos
725 5137 791 5180 vero
806 5139 857 5194 per
911 5119 1012 5176 scilicet
1035 5119 1247 5187 atrocissimam,
1273 5119 1301 5176 ei
1318 5119 1428 5185 indixit,
1443 5119 1489 5193 qui
1511 5116 1578 5173 nulli
1598 5123 1711 5189 peceato

53 5210 167 5270 mem
183 5207 304 5283 Spiritus
317 5210 405 5267 sancti
424 5212 536 5285 gratias,
553 5211 676 5283 ejusdem
699 5211 857 5270 mediatoris
911 5216 969 5265 erat
988 5209 1131 5264 obnoxius.
1160 5207 1272 5264 ordros
1287 5207 1377 5277 justus
1404 5205 1505 5277 injuste
1533 5222 1583 5279 pro
1607 5204 1712 5277 justitia

53 5300 102 5359 nai
114 5309 146 5358 et
157 5314 322 5375 mnam
334 5299 435 5372 operis,
447 5309 476 5357 et
488 5300 522 5356 ad
536 5300 677 5373 superiora
690 5300 857 5376 investigari·
910 5312 1008 5353 noram
1023 5298 1057 5354 de
1074 5295 1182 5353 inimico
1194 5293 1308 5351 obdnait
1330 5294 1475 5365 justitiam,
1495 5294 1590 5352 mortis
1608 5292 1713 5367 scilieet

54 5399 94 5449 tes
105 5403 282 5464 rsuram,
297 5385 383 5448 258
397 5388 432 5444 ab
447 5387 630 5452 inferioribus,
648 5389 675 5444 id
690 5394 730 5445 est
747 5404 763 5443 a
778 5387 856 5446 timo-
909 5384 1010 5458 injuste
1024 5385 1175 5465 sibiillatae.
1189 5383 1277 5453 Quam
1287 5385 1366 5457 qnasi
1380 5382 1433 5440 sibi
1449 5399 1503 5441 non
1518 5383 1729 5449 necessarimm.

54 5468 271 5554 reincipimus.
288 5476 413 5535 Christus
426 5494 493 5552 ergo
502 5478 536 5534 ad
555 5479 663 5537 Patrem
678 5477 801 5537 imorem
810 5478 856 5535 ba·
911 5475 975 5549 quis
1001 5476 1106 5543 absque
1125 5482 1237 5545 peccato
1262 5481 1336 5540 erat,
1359 5472 1419 5546 ipse
1444 5472 1547 5530 homini
1574 5470 1732 5553 peccatori
