3706 5962
156 191 209 254 803

702 186 893 250 imeritus
913 189 959 249 [tlt
975 185 1080 251 stlrtt
1100 185 1276 251 ttnltttttn.
1758 184 1807 252 U

157 315 315 371 obedientes
327 321 551 385 remuneratum
568 312 693 387 reliqnit‘.l
708 313 760 370 Sed
776 322 803 370 et
812 316 866 373 boc
880 330 953 388 prae-
969 333 993 413 Α
1007 316 1156 372 secundum
1192 315 1339 370 hnmsnsm
1367 310 1500 369 rationem
1522 310 1657 383 uidentur,
1699 310 1730 369 si¹
1760 313 1809 373 sibl

156 403 382 460 turenudumnon
399 405 537 475 estquod
564 402 660 474 primis
678 403 952 475 porentibnsdictum
1008 419 1024 459 e
1049 404 1161 476 proelsto
1202 402 1386 477 injungantur.
1415 400 1492 457 ldnlti
1526 401 1598 458 enirn
1633 412 1806 472 sanctornm,

156 499 199 548 est
215 491 277 547 :lix
291 493 370 547 omui
381 491 456 566 lipsio
470 491 598 563 paradisi
618 491 710 560 editor
724 492 757 549 de
772 493 845 564 liguo
855 496 953 551 cotem

156 582 284 638 scientie
299 580 483 638 bouictmoli
493 595 528 637 ste
544 580 697 652 tetigeritis
710 580 823 651 (dees,
840 583 881 648 to,
897 583 952 653 ll).

155 669 208 738 Qut
224 668 298 726 enim
311 669 344 725 nb
357 685 412 725 nno
426 669 550 743 quolibet
564 671 638 725 bono
657 670 801 740 subiectos
817 673 954 739 reteque·

157 776 234 815 cesse
262 768 304 816 est
327 765 354 814 nt
373 758 456 814 multo
481 759 619 828 concedet,
646 775 679 814 ne
702 759 856 815 obedientis
875 774 954 815 mens

158 848 280 905 funditus
296 849 421 914 interest,
438 846 461 903 si
474 847 508 902 sb
530 848 659 903 omnibus
673 848 754 903 bonis
767 847 876 919 repulso
884 849 941 919 icio

158 945 212 993 nat.
229 936 330 993 Omnes
345 937 418 993 enirn
433 936 551 1007 paradisi
569 939 682 993 arbores
701 944 735 992 ad
750 953 827 993 esum
843 952 954 994 conces-

157 1026 202 1092 sit,
218 1041 280 1082 cum
291 1027 326 1082 cb
346 1041 400 1081 uno
418 1025 568 1097 prohibuit,
582 1034 770 1082 ntcreatursm
783 1043 861 1082 suam
872 1042 954 1099 qnam

157 1115 268 1172 nolebat
281 1115 431 1187 exstingui,
444 1122 517 1170 tanto
532 1113 640 1172 facilius
654 1114 688 1170 sb
700 1130 753 1171 uno
766 1115 954 1190 restringeret,

157 1212 257 1276 quinto
276 1205 310 1260 sd
330 1213 441 1262 cunctos
458 1202 536 1260 lulius
550 1205 690 1260 relaxaret.

194 1297 239 1350 23.
256 1292 336 1363 Quod
364 1303 456 1350 sutem
487 1295 614 1364 superius
637 1292 738 1349 dictum
770 1300 812 1350 est
839 1294 953 1366 (Supra,

158 1399 233 1440 num.
244 1382 300 1451 20),
313 1382 486 1439 obedientem
496 1398 551 1439 uon
562 1382 651 1439 solum
663 1397 696 1438 ex
710 1388 954 1455 praecept0,t·erum

157 1474 240 1530 etium
253 1489 286 1527 ex
300 1473 412 1545 proprio
427 1471 565 1528 desiderio
579 1473 693 1528 adverse
710 1473 836 1538 tolerare3
850 1471 879 1526 in
893 1486 955 1543 pro·

156 1563 243 1634 speris
257 1569 347 1619 autern
359 1562 394 1618 de
405 1578 455 1619 suo
469 1561 579 1619 omnino
594 1561 633 1616 nil
648 1560 747 1616 habere
767 1561 890 1629 debere3
907 1575 953 1617 ve·

1008 492 1150 549 humanam
1188 490 1319 548 rstiouern
1355 489 1407 546 fide
1453 491 1682 558 transcendentes,
1728 508 1810 564 snprs

1007 597 1105 654 eqnsm
1119 581 1335 645 ambulaverunt,
1350 587 1378 636 et
1394 586 1499 635 montes
1512 578 1547 635 de
1560 578 1630 636 locis
1645 578 1706 637 suis
1718 595 1809 641 remo·

1006 677 1117 728 temni.
1483 710 1485 715 ·

1044 761 1088 814 ss.
1104 757 1183 813 Nunc
1195 772 1256 830 quae
1269 757 1306 813 sit
1319 754 1481 814 obedientie
1492 755 1608 828 dignitss
1623 766 1708 814 resim
1723 768 1811 817 osten-

1007 846 1079 904 dere.
1095 845 1219 920 Dignitss
1244 861 1309 903 vcro
1336 843 1501 902 obedientie
1521 845 1659 903 simillime
1675 847 1742 905 ,Deo
1757 859 1809 906 cst.

1008 933 1060 1007 Qui
1076 934 1148 991 enim
1162 934 1322 1005 simpliciter
1348 934 1507 992 charitatem
1529 941 1618 993 serrat
1645 935 1673 991 in
1688 937 1811 994 moribus

1007 1022 1209 1080 similitudinem
1236 1024 1286 1081 Dei
1310 1031 1394 1080 tenet.
1410 1023 1463 1093 Qui
1487 1034 1577 1080 autem
1590 1040 1653 1081 cum
1678 1027 1809 1083 cheritste

1008 1113 1090 1169 etism
1107 1113 1230 1185 jejuniis,
1259 1113 1368 1186 uigiliis,
1399 1120 1427 1168 et
1441 1113 1500 1169 aliis
1524 1115 1654 1172 virtutum
1670 1115 1809 1173 laboribus

1007 1202 1150 1274 vigilanter
1173 1201 1282 1273 insistit,
1304 1202 1364 1258 Deo
1379 1200 1493 1258 similior
1506 1211 1558 1260 est.
1584 1203 1639 1275 Qui
1660 1219 1728 1261 sero
1745 1219 1807 1263 curn

1008 1285 1051 1346 his
1066 1289 1194 1348 omnibus
1217 1290 1396 1348 subalterius
1415 1299 1558 1364 potestate,
1574 1292 1738 1351 obedientie
1751 1295 1808 1352 rin·

1007 1380 1070 1437 culo
1083 1379 1258 1452 semetipsum
1272 1379 1347 1454 liget,
1363 1387 1391 1435 et
1404 1380 1437 1436 od
1447 1380 1613 1438 voluntatem
1627 1381 1808 1456 otimperinnr

1007 1468 1131 1542 megistri
1159 1485 1210 1540 per
1236 1468 1328 1527 omnis
1353 1468 1462 1541 pendet,
1483 1470 1665 1527 obedientiam
1696 1487 1809 1530 serious

1007 1573 1090 1631 usquo
1105 1559 1140 1614 ud
1155 1567 1281 1627 mortem,
1296 1558 1355 1615 Deo
1370 1557 1527 1615 simillimus
1549 1565 1600 1614 est.
1618 1560 1744 1617 lleritnm
1755 1576 1807 1618 sn·

157 1653 254 1708 reciter
264 1649 400 1706 sllirmore
416 1666 573 1723 possumus,
589 1649 613 1704 si
626 1650 739 1721 Moysen
751 1657 777 1706 et
791 1648 902 1705 Paulum
919 1648 953 1703 ad
970 1617 992 1696 fl
1007 1654 1059 1703 tem
1088 1646 1251 1703 obedientie
1280 1647 1307 1703 in
1326 1662 1413 1721 regno
1427 1648 1479 1704 erit
1505 1647 1577 1715 vitre,
1600 1656 1733 1722 toutoqne
1754 1650 1808 1707 illic

156 1740 278 1796 medium
292 1739 469 1796 deducemus.
482 1740 589 1810 Moyses
603 1753 720 1809 nomque
730 1753 794 1794 cum
806 1736 834 1791 in
844 1737 953 1794 deserto
1007 1736 1120 1807 quisque
1134 1737 1316 1794 coustituetur
1338 1736 1498 1807 sublimior3
1520 1746 1623 1808 quanto
1638 1737 1684 1796 hic
1706 1739 1734 1796 in
1748 1739 1807 1813 ipss

156 1842 223 1884 oves
238 1839 372 1898 posceret,
387 1844 403 1882 s
431 1827 548 1883 Domino
571 1842 621 1898 per
636 1826 772 1899 angelum
786 1827 814 1880 in
829 1825 892 1896 igno
907 1825 950 1881 lo·
1005 1823 1160 1883 obedientis
1176 1836 1266 1882 monet
1280 1825 1439 1898 perlectiort
1455 1835 1481 1883 et
1496 1825 1537 1883 illi
1563 1826 1681 1885 maxime
1695 1843 1805 1885 meren-

156 1923 284 1988 quentem
299 1923 412 1972 rocetos
425 1922 477 1983 est,
493 1917 643 1986 jussusque
658 1922 738 1970 estut
751 1915 870 1971 omnium
881 1915 952 1969 lsro-
1006 1919 1051 1967 tur
1068 1913 1238 1970 sublimeris
1268 1915 1335 1982 Deo,
1364 1917 1410 1988 qui
1434 1914 1619 1991 vhgluntem
1645 1916 1807 1974 obedientior

155 2004 281 2061 elicorum
310 2004 475 2060 multitudini
500 2012 645 2076 praeesset;
667 2004 714 2060 sed
737 2003 801 2074 quis
832 2004 904 2074 opud
923 2019 953 2059 se
1005 2017 1090 2074 usque
1112 2002 1147 2058 sd
1174 2012 1289 2061 mortem
1309 2012 1425 2062 servent
1442 2003 1630 2078 Virginitatem
1644 2004 1806 2064 obedientie

157 2100 250 2150 mente
264 2093 373 2149 humilis
387 2093 499 2164 exstitit,
517 2093 637 2150 oblatam
657 2093 782 2164 protinus
798 2091 864 2148 tenti
877 2091 951 2164 regi·
1005 2106 1133 2149 vocemus
1161 2091 1321 2149 obedientie
1349 2092 1588 2163 incorruptionem,
1617 2093 1724 2153 scilicet
1746 2110 1804 2151 cnut

158 2182 238 2237 minis
249 2182 492 2256 glorinmenptttit,
506 2196 624 2254 moxque
637 2182 670 2237 sd
685 2180 849 2238 infirmitatis
863 2190 953 2252 potro-
1004 2179 1067 2251 quis
1089 2196 1121 2236 ex
1138 2195 1193 2254 quo
1217 2181 1349 2254 magistro
1371 2198 1402 2239 se
1417 2182 1554 2253 subdidit,
1580 2183 1653 2239 nulls
1678 2185 1746 2250 bon
1763 2184 1804 2240 vel

156 2271 257 2328 mnium
273 2272 399 2337 recurrit,
416 2271 528 2328 dicens:
549 2271 799 2338 Obsecrodlomine,
815 2285 873 2327 nort
887 2286 952 2327 sum
1007 2278 1078 2341 actu,
1093 2271 1137 2327 vel
1151 2270 1289 2327 voluntate
1306 2270 1356 2326 luit
1367 2270 1539 2328 inobediens:
1556 2280 1583 2327 et
1596 2272 1667 2331 sicut
1680 2272 1710 2327 in
1720 2286 1807 2347 rogus

155 2362 284 2434 eloqueris
294 2359 693 2428 attenctnudiustcrttusmx
702 2358 953 2434 qttoompistiloqui
1005 2358 1069 2415 vitre
1087 2374 1183 2416 omnes
1201 2359 1246 2431 qui
1262 2374 1343 2416 corne
1358 2367 1387 2415 ct
1400 2359 1496 2432 spiritu
1511 2360 1632 2435 virgines
1644 2376 1805 2434 permenso·

156 2452 193 2509 od
207 2467 319 2510 servum
336 2455 429 2518 tuum,
447 2449 581 2509 tardioris
595 2453 623 2508 ct
642 2449 833 2523 impeditioris
849 2450 953 2522 lingue
1007 2455 1070 2503 runt
1084 2446 1266 2520 uirginitatem
1277 2453 1366 2504 temon
1381 2447 1540 2505 obedientie
1550 2464 1606 2505 uon
1619 2458 1804 2520 sonaverunt,

155 2543 272 2612 sectus,-
288 2548 317 2596 et
340 2556 370 2596 se
398 2540 550 2611 postposito
578 2538 663 2595 alium
686 2537 819 2611 deposcit,
834 2537 951 2594 dicens:
1006 2535 1142 2594 canticum
1161 2553 1259 2595 norum
1275 2538 1422 2595 cuntsbunt
1434 2539 1524 2611 signo,
1540 2554 1594 2596 non
1614 2548 1707 2597 mosen
1720 2541 1806 2598 cunh-

158 2631 329 2702 ldittequem
336 2631 475 2686 missurus
489 2627 682 2700 celticum,
694 2630 737 2694 to,
748 2627 953 2698 lihltcceeum
1007 2640 1069 2681 cum
1089 2624 1250 2697 virginitatis
1263 2626 1425 2683 obedientie
1446 2644 1453 2694 ;
1469 2627 1538 2685 sice
1559 2643 1693 2687 converso
1709 2645 1806 2688 omnes

160 2727 269 2775 auctore
296 2718 396 2790 lingue
414 2717 542 2789 loquitur,
571 2720 600 2773 et
613 2732 648 2772 ne
664 2715 731 2772 tenti
746 2714 885 2787 regiminis
901 2730 953 2787 po·
1007 2714 1055 2786 qni
1084 2714 1112 2769 iu
1144 2713 1298 2786 virginitate
1332 2716 1496 2773 obedientie
1529 2726 1747 2789 permenserunt,
1778 2729 1806 2775 et

69 2802 72 2815 '
161 2814 285 2862 teststem
304 2806 445 2879 suscipiet,
461 2806 598 2877 elinguem
612 2821 641 2860 se
654 2819 714 2861 esse
730 2815 867 2860 causatur.
880 2803 953 2858 Pcu·
1006 2801 1189 2877 virginitatem
1221 2803 1309 2860 cornis
1340 2811 1368 2862 et
1397 2805 1508 2877 spiritus
1531 2821 1585 2863 non
1618 2815 1803 2874 servaverunt,

163 2897 204 2951 lus
218 2896 356 2952 sutemsic
369 2895 407 2950 sit
422 2910 429 2950 :
446 2898 499 2966 Epo
509 2911 567 2952 nors
581 2895 674 2951 sotum
688 2894 814 2965 alligari,
825 2892 873 2949 sed
884 2894 953 2950 etin
968 2893 991 2972 fl
1005 2893 1055 2948 etsi
1076 2907 1130 2949 non
1154 2892 1291 2950 canticum
1318 2893 1462 2967 virginum,
1476 2895 1609 2954 canticum
1634 2903 1728 2954 temen
1746 2897 1804 2954 rir-

157 2986 525 3057 icrttsolemmoriporcttts
538 2999 600 3039 sum
612 2998 664 3056 pro
678 2985 864 3040 romineiesrt
878 2981 951 3054 (Act.
1006 2980 1127 3052 ginitstis
1153 2979 1314 3040 obedientiae
1338 2984 1484 3040 mutabunt
1511 2998 1601 3043 corsm
1628 2984 1746 3044 Domino
1778 2994 1806 3042 st

105 3062 110 3071 ’
158 3074 293 3145 sx1,l3);
310 3089 400 3146 sieque
423 3071 501 3130 enim
515 3074 591 3143 focio
612 3072 811 3144 pretiosiorem
825 3072 952 3128 animum
1007 3069 1096 3144 sgno.

67 3227 72 3235 Ι
158 3178 254 3218 meam
263 3178 351 3235 quom
362 3176 405 3216 me
414 3159 801 3232 (dct.xx,il).ierosolymam
815 3173 882 3232 ergo
890 3175 950 3229 per·
1042 3162 1085 3214 26.
1106 3160 1204 3232 blegne
1226 3168 1267 3217 est
1294 3176 1360 3232 ergo
1390 3161 1477 3229 uirtus
1494 3162 1667 3232 obedientie,
1687 3179 1753 3236 quse
1769 3165 1804 3221 de

153 3266 221 3324 gens
236 3253 350 3308 sdversn
364 3248 515 3324 cognoscit,
531 3257 661 3305 ettamen
677 3249 729 3306 hoc
742 3248 950 3319 libeutersppe-
1004 3248 1139 3320 corruptis
1162 3249 1363 3322 quodammodo
1385 3250 1505 3323 virgines
1527 3251 1600 3308 iecit.
1627 3253 1691 3310 llaec
1715 3253 1804 3311 uirtus

153 3343 206 3397 tit:
224 3340 299 3396 ondit
312 3340 385 3412 qnod
401 3339 552 3409 timeaqsed
567 3339 600 3394 ad
616 3339 668 3396 boc
682 3338 819 3396 srdeotins
832 3338 949 3395 anhelet.
1003 3337 1100 3394 milites
1122 3336 1220 3393 Christi
1240 3338 1315 3394 ducit
1330 3353 1380 3411 per
1395 3339 1486 3413 iguem
1501 3349 1528 3395 et
1542 3355 1652 3412 aquom,
1668 3350 1698 3398 ut
1712 3348 1804 3398 trsns·

161 3430 267 3502 ltoyses
284 3431 375 3503 lisque
389 3429 422 3486 sd
438 3443 567 3503 prospers
584 3429 619 3483 de
640 3443 691 3485 suo
704 3428 743 3483 nil
768 3428 848 3485 habet
863 3468 872 3498 ,
887 3427 950 3501 quin
1004 3437 1065 3482 eant
1080 3428 1107 3481 in
1126 3426 1298 3499 refrigerium
1312 3428 1409 3498 probet
1428 3443 1485 3497 eus,
1510 3428 1693 3502 probatosque
1714 3429 1806 3486 reddit

156 3519 282 3590 precibus
298 3519 428 3585 renititur,
456 3534 492 3575 ne
507 3516 662 3574 israelitice
685 3517 756 3588 plebi
779 3517 948 3590 proelerstnr3
1005 3514 1151 3587 periectos,
1164 3525 1191 3572 et
1206 3515 1271 3588 quio
1281 3510 1425 3588 perlectos,
1440 3518 1502 3575 ideo
1516 3517 1634 3575 uictores
1650 3536 1657 3576 :
1674 3518 1718 3576 vir
1729 3520 1805 3576 enirn

156 3607 256 3663 Penius
271 3608 305 3662 sd
321 3608 433 3664 aduersa
448 3603 534 3663 Mb
549 3605 629 3660 etism
642 3620 677 3661 ex
691 3619 741 3661 suo
751 3614 813 3663 voto
835 3605 950 3663 deduci·
1008 3603 1140 3662 obediens
1149 3604 1267 3676 loquitur
1280 3605 1408 3663 victorius
1420 3609 1512 3677 (Prot.
1528 3622 1588 3677 xxi,
1597 3607 1653 3680 28).
1664 3606 1806 3667 Obcdieus

155 3704 208 3760 tur,
227 3695 290 3768 quio
309 3697 438 3751 melorum
466 3693 661 3749 imminentium
675 3694 857 3765 cognitionem
884 3710 950 3767 per·
1004 3693 1076 3749 enim
1093 3693 1305 3767 quotiescunque
1329 3695 1430 3768 aliquid
1454 3712 1582 3768 asperum
1605 3705 1632 3753 et
1647 3695 1760 3756 difficile
1777 3696 1803 3753 ei

156 3782 231 3853 cipit,
247 3782 296 3839 sed
315 3781 458 3839 devotione
474 3780 585 3853 spiritus
597 3780 681 3837 etism
696 3783 728 3837 sd
748 3785 850 3840 scriorn
864 3782 950 3841 serre·
1007 3781 1170 3855 injungitur,
1183 3783 1206 3839 si
1216 3782 1308 3855 gladio
1318 3784 1446 3856 praecepti
1456 3801 1488 3841 se
1502 3786 1591 3858 ipsum
1604 3793 1701 3842 msctst
1710 3793 1739 3843 et
1747 3788 1803 3844 Do·

154 3870 214 3926 soit.
240 3869 290 3927 llle
298 3870 440 3943 presentis
456 3869 594 3943 potestatis
611 3870 722 3942 gloriam
738 3871 853 3927 Domino
867 3871 952 3928 voluit
1007 3872 1080 3926 mino
1095 3870 1240 3938 sacrificiu,
1255 3888 1383 3945 msgnsm
1397 3872 1515 3943 loquitur
1529 3873 1681 3944 victorium,
1694 3875 1761 3948 quis
1774 3889 1804 3932 so

153 3959 267 4028 iubente
281 3958 414 4017 declinere
430 3959 499 4029 ;lste
518 3959 634 4017 bonnm
649 3959 807 4032 disponente
821 3976 869 4031 per
883 3962 951 4017 durs
1005 3960 1096 4031 ipsum
1108 3960 1202 4017 vincit.
1219 3962 1383 4018 llultoonim
1394 3963 1545 4019 meliorest
1555 3962 1711 4020 obedientis
1722 3978 1803 4037 qum

161 4058 188 4103 et
197 4063 294 4120 aspero
307 4048 409 4105 studuit
422 4049 456 4105 nd
467 4049 588 4124 graviore
597 4065 755 4124 properare.
768 4049 947 4106 Praeeuntinm
1005 4048 1121 4105 victimae
1134 4049 1233 4116 (Ecclc.
1247 4065 1286 4117 iv,
1300 4050 1344 4123 lt)
1359 4071 1367 4121 3
1387 4051 1451 4124 quio
1460 4067 1510 4125 per
1522 4052 1663 4109 victimam
1674 4060 1805 4111 msestm

157 4152 223 4211 ergo
237 4137 360 4195 virorum
370 4140 494 4211 exemplo
509 4138 667 4196 instruimur
679 4137 789 4211 utiliter,
800 4147 830 4194 nt
845 4137 946 4195 sicbe-
961 4176 985 4254 ss
1001 4137 1179 4202 theneorus,
1196 4155 1245 4211 per
1258 4139 1443 4198 obedientium
1466 4156 1531 4199 vero
1545 4148 1680 4198 mactetur
1692 4142 1804 4217 propris

156 4224 266 4282 dleutiie
295 4228 414 4300 pslmsm
439 4227 640 4299 apprehendere
675 4226 806 4282 sersciter
825 4224 944 4295 nitimur,
1003 4226 1135 4285 voluntas.
1152 4227 1200 4284 Vir
1222 4228 1351 4286 obediens
1365 4229 1488 4286 hilariter
1501 4238 1528 4286 et
1542 4228 1800 4300 llduciolitcrorct3

155 4317 295 4387 prosperis
311 4318 393 4387 hujus
404 4316 498 4372 seculi
511 4332 542 4371 ex
553 4315 608 4372 sols
621 4315 758 4386 jussione,
773 4314 893 4372 adversis
902 4331 949 4371 su·
1003 4316 1156 4389 quia,sicut
1167 4333 1217 4388 per
1229 4319 1345 4374 beatum·
1354 4318 1533 4392 Augustinnm
1548 4318 1646 4377 dicitur
1661 4340 1669 4377 ι
1682 4341 1696 4374 s
1710 4320 1805 4380 uester
1839 4330 1849 4350 ¹

150 4411 207 4461 tem
225 4422 257 4463 er
276 4406 420 4463 devotione
434 4403 590 4461 militemus.
1002 4414 1044 4461 cst
1061 4405 1149 4463 orntio
1170 4422 1224 4462 uns
1247 4407 1403 4463 obedientis
1423 4424 1504 4480 quom
1518 4407 1613 4465 decem
1636 4408 1721 4466 millis
1734 4425 1801 4468 con·

186 4495 231 4564 nt,
251 4494 284 4550 Et
303 4494 449 4551 notandum
478 4495 551 4567 quod
570 4504 701 4567 quantum
716 4511 750 4551 ex
774 4495 888 4550 humens
903 4511 945 4551 rn·
1000 4495 1149 4565 temptoris.
1169 4517 1179 4545 ι
1197 4497 1245 4565 (De
1262 4496 1347 4570 Opere
1361 4497 1638 4570 llooocltorum,osp.
1651 4500 1803 4571 ΠΜ.)

151 4582 227 4638 tione
242 4583 335 4656 colligi
350 4592 449 4654 potest,
465 4583 535 4640 sicut
560 4584 635 4640 nulls
647 4587 719 4641 mela
738 4599 753 4638 n
781 4585 900 4654 prelatis
913 4600 945 4641 ex
1002 4581 1160 4641 Obedientin
1177 4584 1286 4657 quidem
1300 4585 1449 4643 orationem
1464 4585 1556 4660 dirigit
1571 4587 1603 4641 sd
1619 4585 1803 4662 oculumque

154 4677 291 4742 precepto
304 4671 410 4744 injungi
424 4673 523 4728 debent
539 4712 546 4744 ,
562 4675 602 4729 sic
616 4689 668 4730 nec
683 4673 774 4729 omnin
788 4673 859 4730 bons
875 4713 881 4741 ,
897 4674 946 4730 sed
1000 4672 1060 4728 sine
1084 4673 1239 4729 obedientis
1252 4688 1308 4731 non
1326 4674 1448 4731 escendit
1460 4675 1493 4731 ed
1514 4675 1669 4747 Domirmm,
1692 4676 1765 4735 sictrt
1775 4685 1803 4734 st

152 4758 242 4814 medis
256 4759 336 4828 bono,
351 4775 411 4831 quie
425 4760 502 4834 quasi
521 4777 554 4817 ex
569 4769 659 4818 nostro
682 4768 814 4833 potestate
828 4762 908 4818 nobis
932 4779 947 4818 o
1002 4761 1070 4833 lepis
1083 4751 1218 4832 projectus
1233 4764 1265 4818 sd
1281 4764 1379 4820 coelum
1399 4779 1455 4820 non
1469 4764 1587 4841 sttingit.
1607 4765 1656 4823 Vir
1671 4766 1803 4824 obediens

152 4846 270 4903 Domino
287 4848 349 4902 dito
365 4856 437 4915 sunt,
453 4849 528 4906 verbi
541 4849 630 4923 gratis
647 4859 677 4906 ut
700 4849 801 4922 legere,
817 4850 945 4918 scribere,
1001 4849 1114 4906 coulldit
1134 4860 1164 4907 nt
1178 4851 1221 4905 leo
1242 4868 1250 4906 ε
1266 4860 1293 4908 et
1308 4854 1539 4924 quemadmodum
1562 4855 1605 4910 leo
1619 4868 1673 4912 non
1696 4854 1802 4913 sitibus

149 4935 234 5008 loqui,
252 4936 344 5006 silere,
369 4938 501 5006 laborare,
517 4952 634 5007 cessure,
655 4946 682 4994 et
705 4938 866 4995 consimilia.
881 4939 944 5006 Sed,
999 4938 1068 5003 sliis,
1091 4938 1139 4993 sed
1157 4941 1184 4994 in
1200 4939 1304 4996 viribus
1325 4941 1427 5014 proprii
1439 4942 1554 5014 pectoris
1568 4941 1690 5011 contidit,
1705 4944 1801 5001 necsd

152 5025 223 5083 siout
238 5026 396 5098 predictum
416 5032 480 5096 est,
493 5040 548 5083 uon
563 5027 654 5083 omnis
676 5028 747 5085 bona
765 5027 947 5101 praecipiends
999 5027 1117 5096 alicujus
1131 5027 1228 5085 bestie
1243 5039 1323 5099 potet
1338 5046 1483 5087 occursum
1500 5049 1507 5097 ς
1524 5031 1563 5087 ito
1576 5039 1603 5088 et
1616 5032 1657 5089 uir
1670 5031 1803 5090 obediens

147 5123 223 5172 suut.
254 5114 320 5187 Quis
334 5116 405 5173 enim
420 5117 518 5172 sudent
532 5132 581 5189 per
608 5117 788 5173 obedientiam
802 5117 946 5189 iniungere
1000 5129 1054 5170 non
1070 5115 1224 5173 inoliorum
1239 5118 1403 5175 orationeet
1418 5118 1482 5187 vitu,
1499 5120 1548 5176 scd
1564 5119 1592 5175 in
1607 5120 1801 5192 propriccon-

151 5204 243 5261 omuis
257 5207 429 5280 relinquere,
444 5206 608 5281 uirginitatis
621 5214 712 5262 uotum
728 5246 736 5273 ‚
751 5205 780 5260 in
795 5203 948 5275 virginitate
1001 5205 1113 5262 scientie
1127 5205 1267 5281 gloriatur,
1277 5210 1354 5279 juxte
1367 5208 1435 5263 illud
1447 5208 1584 5279 Apostoli:
1598 5210 1801 5268 Gloriestostrs

150 5294 416 5361 menero,inimicum
429 5294 552 5370 diligere,
570 5294 638 5351 mori
653 5309 702 5367 pro
715 5293 947 5366 prosimoiqusn·
1003 5293 1125 5365 heresi,
1143 5297 1529 5355 testmmiumcouscterttae
1539 5296 1695 5370 sorbelli
1707 5299 1801 5364 Cotti,

158 5396 237 5452 qnam
261 5383 284 5440 si
307 5386 369 5457 quis
390 5387 488 5443 hsbest
510 5384 591 5441 fidem
606 5384 677 5441 sicut
698 5398 815 5458 granum
837 5381 947 5453 sinapis,
1003 5384 1060 5456 li),
1084 5401 1138 5442 nec
1152 5385 1186 5440 od
1200 5386 1333 5443 molarum
1346 5386 1492 5444 bestiarum
1507 5396 1589 5460 psret
1600 5401 1758 5447 occursum.
1772 5385 1804 5443 Si

158 5469 248 5544 possit
260 5486 292 5527 se
309 5473 406 5531 debeat
420 5474 503 5531 etiem
515 5473 640 5546 amplecti
651 5488 759 5546 esque
770 5471 950 5546 inpossibilis
1013 5471 1086 5528 earn
1109 5473 1213 5531 occurit
1226 5473 1254 5531 ei
1265 5474 1378 5548 spiritus
1398 5475 1515 5534 amritiae
1529 5476 1579 5534 rel
1590 5474 1740 5549 superbit.
1759 5472 1804 5535 tol
