3706 5962
653 207 740 269 lllls
758 205 907 271 ttlsrtut.

1548 209 1603 272 tto

76 328 114 385 uis
128 345 194 399 suae,
210 346 291 401 qnam
305 346 356 402 pro
372 347 416 387 mo
425 331 586 392 redimendo
604 349 757 406 assumpse·
771 350 796 429 g
809 344 835 392 et
848 338 987 396 sordidum
1003 339 1129 395 abluatur
1144 353 1150 393 z
1166 352 1229 408 quae
1239 335 1326 393 virtus
1347 344 1462 411 utraque
1471 339 1500 394 in
1511 337 1602 414 lacry-

76 419 152 489 pmis
179 417 362 486 immaduisse,
391 427 418 478 et
439 423 528 480 adbuc
554 423 661 480 aridum
688 441 757 497 per·
811 424 861 481 mis
875 425 1020 486 inuenitur.
1037 427 1237 498 Quoeramergo
1257 424 1370 495 mihi,ct
1400 426 1505 483 aunam
1528 428 1603 486 inre·

81 505 198 563 fOcor
212 507 321 564 duruml
351 509 430 567 audis
452 513 618 571 commoveri
643 530 693 587 pro
712 531 757 573 me

76 611 139 651 mas
149 595 233 666 illum,
250 598 295 669 qui
310 597 338 653 iu
353 606 486 657 aeteruum
503 610 557 658 stat
573 610 600 658 et
614 618 668 660 non
682 619 757 660 com-

76 700 127 752 .ur;
144 700 193 740 nec
207 686 293 742 adbuc
309 695 337 742 ιιι
351 689 384 743 ιιι
399 687 533 761 lacrymas
551 693 756 750 commoreris?

80 782 108 830 et
127 774 218 847 ignem
233 775 371 831 charitatis
385 784 412 831 et
433 779 570 849 passionis
584 782 756 854 sanguinem,

82 861 200 927 calefias,
217 862 241 917 si
269 863 429 933 emolliaris,
458 875 488 922 nt
516 868 676 926 dulcissimo
693 873 756 928 lesu

76 951 156 1022 rpmis
171 952 227 1007 suis
247 961 273 1007 et
296 953 438 1025 sanguinis
454 955 590 1014 effusione
610 960 683 1016 solas
699 962 756 1016 eal-

76 1055 160 1112 ·pmas
174 1040 317 1109 rependas.
347 1041 443 1100 Adbuc
470 1045 566 1100 addam
590 1056 616 1103 et
631 1048 756 1104 malleum

76 1170 79 1195 ,
95 1138 123 1186 el
137 1143 241 1185 cuneos
259 1129 366 1186 ferreos
380 1131 509 1188 incutiam
525 1133 582 1202 tibi,
598 1144 628 1191 ut
642 1137 755 1194 scinda-

76 1232 96 1272 ιι
109 1219 131 1272 si
147 1227 185 1287 tu,
210 1233 266 1283 cor,
290 1217 359 1273 sicut
379 1228 449 1276 terra
462 1220 522 1276 sins
535 1238 616 1294 aqua,
630 1226 755 1281 exaruis-

77 1321 129 1376 que
162 1304 204 1362 vol
224 1306 316 1363 leviter
330 1322 426 1377 posses
440 1311 558 1367 emolliri
581 1313 647 1369 solis
663 1314 756 1384 perfu-

76 1393 169 1466 rrpmis
193 1394 362 1465 lacrymantis
387 1397 463 1454 lesu.
493 1398 521 1454 si
554 1408 644 1457 numm
659 1418 674 1457 a
688 1402 756 1460 facie

88 1481 259 1554 iniquitatum
275 1483 427 1539 induratum
454 1503 484 1542 es
513 1489 541 1542 iu
569 1485 691 1561 rigorem'
711 1491 754 1547 la·

808 511 891 583 niam,
908 512 1009 572 fontem
1024 514 1201 587 lacrymarum
1217 513 1245 568 iu
1261 512 1395 583 lacrymis,
1410 515 1438 570 iu
1453 530 1532 572 cruce
1553 518 1604 587 ,in

810 602 901 674 claris,
913 609 1051 676 postremo
1066 610 1094 661 et
1107 603 1135 659 in
1148 601 1281 674 sanguine
1296 602 1439 658 rubicundi
1458 603 1530 660 lesu.
1548 605 1603 660 Lc-

808 707 872 766 gam
886 707 952 769 ergo
965 703 993 752 st
1008 693 1169 766 intelligam,
1183 701 1312 764 quantum
1328 691 1386 763 ipse
1400 692 1543 763 annuerit,
1559 712 1604 751 ru-

809 781 902 839 borem
910 783 997 840 carnis
1011 790 1038 839 et
1051 783 1148 840 animae
1159 778 1341 838 lwdileoli
1356 795 1390 836 ex
1401 779 1502 837 dilecto
1511 797 1605 838 amau·

808 869 906 927 tiramni
918 871 993 929 lesu.
1007 870 1109 928 ilubuit
1121 871 1194 927 enim
1207 869 1235 925 in
1250 876 1366 940 utroque
1383 909 1391 932 ‚
1406 868 1434 923 id
1449 878 1491 925 est
1504 878 1558 925 ιιιιι
1577 871 1606 927 in

809 971 925 1030 corpore
939 975 1020 1032 quam
1040 959 1067 1015 iu
1083 958 1195 1015 anima:
1211 957 1237 1012 in
1257 972 1339 1013 carue
1360 972 1393 1014 ex
1413 964 1526 1025 natura,
1543 959 1607 1030 quia

810 1046 968 1105 naturaliter
989 1047 1078 1105 omnis
1102 1061 1165 1104 caro
1182 1046 1266 1101 rubea
1279 1053 1340 1114 est;
1356 1060 1408 1102 nec
1429 1045 1521 1101 minus
1543 1062 1606 1104 san-

810 1133 892 1208 guiue
904 1134 1036 1206 passionis
1052 1176 1059 1204 ,
1075 1150 1131 1208 quo
1145 1149 1253 1191 cantem
1272 1148 1351 1188 suam
1365 1132 1497 1191 charitate
1511 1146 1606 1191 nostra

808 1224 985 1292 compellente
1008 1230 1061 1280 tam
1084 1223 1179 1279 crebro
1203 1229 1312 1291 tamque
1336 1222 1448 1291 copiose
1462 1222 1605 1292 perfudit:

809 1304 877 1385 quas
891 1312 1065 1369 sacratissimi
1088 1310 1231 1383 sanguinis
1245 1309 1394 1366 effusiones
1409 1309 1437 1365 in
1451 1311 1606 1382 superiori·

811 1401 861 1455 bus
880 1400 1037 1471 frequenter
1061 1399 1235 1457 meminimus
1257 1413 1307 1455 uos
1336 1397 1484 1469 explicasse
1499 1401 1549 1456 ‚ln
1564 1401 1607 1457 his

809 1488 891 1561 igitur
906 1488 1014 1545 minime
1027 1488 1234 1555 immorandum,
1251 1504 1284 1546 us
1298 1487 1391 1545 lectori
1405 1486 1543 1559 fastidium
1558 1506 1608 1564 go·

78 1570 132 1626 ddo
156 1570 337 1628 instmmonla
364 1571 456 1640 fortia,
472 1575 599 1632 malleum
614 1579 713 1646 crucis,
728 1589 756 1639 et
815 1586 936 1635 naretur.

78 1659 218 1718 clerorum
247 1660 405 1729 ferreorum,
435 1672 466 1721 ut
493 1664 548 1721 illis
573 1667 621 1723 tibi
643 1628 798 1728 incussisB
852 1665 1237 1740 124·Ssdquis‚nitil⁰ltl³
1259 1673 1362 1723 wool
1383 1666 1598 1740 Slssssuibelqll

76 1748 105 1816 is,
129 1757 155 1804 et
174 1747 275 1805 fontem
301 1751 478 1823 lacrymarum
506 1752 641 1813 salubrem
671 1757 763 1816 effun-

77 1923 156 1995 Quod
172 1925 211 1983 sic
226 1943 278 1984 neo
293 1927 383 1986 adbuc
398 1932 589 2000 commoreris,
613 1951 692 1993 ocor
706 1938 760 1993 du·

80 2013 266 2083 implebimus,
287 2017 383 2074 durius
402 2034 433 2075 es
451 2020 537 2091 silice,
550 2023 597 2094 qui
612 2024 640 2079 iu
653 2027 762 2084 deserto

76 2125 85 2164 s
108 2109 150 2165 bis
174 2128 320 2178 percussus
347 2115 423 2190 virga
437 2117 529 2174 emisit
542 2134 624 2192 aquas
639 2122 761 2194 largissi-

76 2214 131 2254 um.
147 2214 198 2266 xx,
215 2203 260 2271 ll)
274 2218 280 2255 :
299 2203 455 2272 praeserlim
465 2221 528 2262 cum
543 2208 661 2267 mallens
673 2212 762 2269 erucis

93 2286 206 2344 ualidior
221 2290 256 2344 sit
271 2290 304 2343 ad
320 2292 483 2360 feriendum,
499 2310 581 2368 quarn
594 2297 670 2370 virga
682 2301 763 2371 Moy-

76 2375 193 2430 ·esclavi
222 2376 301 2431 ferrei
330 2378 378 2433 tibi
402 2379 506 2437 incussi
525 2373 690 2443 efficaciores
701 2402 763 2445 esse

76 2462 246 2533 tadaquam
274 2465 456 2537 lacrymamm
481 2470 653 2545 eliciendam,
681 2493 763 2548 quam

76 2550 106 2607 io
119 2552 204 2624 virgae
220 2551 304 2624 Moysi
321 2556 469 2626 geminata.
499 2558 528 2615 Si
547 2577 615 2618 vero
635 2571 662 2621 et
676 2565 764 2623 adbuc

76 2654 108 2695 es
121 2638 325 2712 inconcussum,
342 2659 375 2699 eo
401 2646 473 2717 quod
501 2647 529 2704 in
551 2648 702 2708 adamantis
716 2653 766 2709 du·

76 2727 111 2784 sis
124 2744 293 2799 conversum,
308 2731 356 2802 qui
370 2733 428 2788 solo
443 2734 515 2792 badi
529 2739 664 2811 sanguine
676 2749 765 2812 polest

76 2833 82 2879 ι
97 2815 183 2873 affero
194 2818 242 2873 tibi
258 2820 327 2874 baedi
343 2822 443 2892 pariter
457 2831 485 2879 et
499 2826 571 2896 Agni
599 2828 766 2888 incontami-

815 1755 843 1811 iu
857 1773 888 1813 ss
903 1755 970 1813 nibil
985 1757 1080 1812 lrabeat
1094 1755 1246 1826 spirituale,
1262 1757 1423 1826 mnguinem
1435 1754 1517 1811 istum
1532 1756 1610 1812 fasti-

816 1844 873 1902 diat
887 1844 901 1899 ι
914 1842 981 1912 Quis
1004 1845 1100 1900 voleus
1123 1859 1153 1899 se
1176 1842 1210 1897 de
1224 1840 1404 1914 sanguinibus
1417 1844 1560 1900 contractis
1574 1844 1610 1899 li-

817 1934 915 2006 berari,
942 1932 1024 1988 istum
1053 1931 1229 2004 purissimum
1260 1929 1521 2002 saluberrimumque
1547 1949 1611 1989 san·

815 2023 928 2099 guinem
944 2022 1011 2078 Jesu
1032 2020 1169 2093 purissimi
1184 2035 1237 2078 non
1253 2018 1376 2078 affectet?
1387 2019 1454 2088 Quis
1466 2025 1549 2078 semel
1559 2023 1612 2080 isto

815 2112 972 2169 dulcissimo
999 2111 1133 2183 sanguine
1162 2109 1320 2175 inebriatus,
1348 2125 1428 2181 quem
1457 2112 1560 2182 pararit
1585 2115 1612 2168 in

815 2201 957 2257 dulcedius
970 2214 1019 2256 sua
1038 2198 1149 2270 pauperi
1173 2198 1248 2255 Deus
1262 2237 1270 2264 ‚
1286 2212 1339 2253 nou
1359 2198 1497 2272 magisne
1525 2202 1613 2273 magis

816 2289 900 2356 sitiat,
915 2288 1030 2346 audieus
1043 2303 1135 2345 reram
1150 2302 1246 2344 rocem
1261 2285 1405 2355 Sapientiae
1420 2286 1468 2344 Dei
1485 2329 1492 2353 ‚
1507 2288 1612 2359 Unige-

816 2380 865 2435 niti
880 2378 976 2450 Patris,
992 2377 1087 2447 optimi
1099 2377 1164 2433 lesu
1178 2375 1317 2433 dicentis:
1334 2377 1386 2444 Qua
1404 2375 1612 2443 munimenti·

817 2470 870 2527 bac
883 2470 1013 2526 esurient
1024 2471 1072 2525 :et
1084 2467 1134 2539 qui
1147 2464 1247 2523 bibunt
1258 2463 1612 2536 memdbuciticatfficcli.

818 2574 892 2623 xtra,
916 2556 975 2626 ιιι.)
1001 2555 1030 2611 Si
1044 2561 1205 2618 rerumesl,
1220 2552 1275 2609 imo
1289 2551 1354 2623 quis
1378 2568 1472 2609 rerum
1496 2560 1537 2609 est
1560 2553 1614 2608 hu·

818 2661 897 2703 mano
911 2644 1035 2720 sanguini
1058 2658 1116 2715 pra
1138 2641 1242 2699 calaris
1260 2649 1361 2699 unum
1384 2641 1543 2699 naturaliter
1567 2642 1613 2700 iu-

819 2752 880 2792 csse
894 2734 1077 2800 dulcedinem,
1104 2738 1134 2788 ut
1148 2747 1209 2789 cum
1233 2730 1349 2787 abestis
1376 2730 1499 2802 qualibet
1532 2735 1615 2789 semel

818 2830 942 2897 gustatus
956 2821 1046 2891 fuerit,
1060 2821 1138 2877 illum
1151 2820 1187 2876 ds
1200 2827 1300 2876 eaetero
1315 2833 1424 2889 semper
1437 2824 1551 2893 gustare
1562 2821 1614 2878 de-

76 2904 150 2972 ttimi,
179 2907 251 2975 Jesu,
268 2909 427 2981 sanguinem
442 2914 594 2985 copiosum,
619 2920 709 2975 calore
724 2920 766 2976 iu·
781 2900 803 2980 B
818 2913 928 2982 sideret,
943 2911 980 2967 ita
994 2921 1023 2967 ut
1040 2909 1102 2967 aliis
1115 2908 1278 2965 animalibus
1300 2907 1472 2980 postpositis,
1486 2909 1614 2983 sanguini

76 2993 155 3050 abilis
172 2995 310 3051 charitatis
325 2997 485 3070 ferventem,
512 3004 560 3076 qui
586 3021 637 3062 sus
654 3005 766 3066 fortitu·
819 3002 980 3059 insidientur
994 3001 1121 3066 humano,
1140 3005 1167 3054 θῑ
1180 2997 1208 3053 in
1231 3006 1348 3056 m0ll⁰¹¹¹
1364 3011 1440 3053 ⁸⁰⁸¹¹¹
1454 3008 1535 3054 ¹⁰⁸¹st
1566 3013 1617 3069 ιιι)

76 3099 116 3141 um
133 3085 337 3141 adamantinum
348 3088 480 3159 parietem
497 3091 702 3151 inimicitiarum
716 3114 767 3170 po.
821 3090 868 3148 illo
881 3089 1047 3164 acquirendo
1062 3108 1068 3146 :
1087 3094 1218 3160 quantum
1238 3085 1266 3142 in
1290 3102 1320 3142 so
1333 3085 1422 3143 credis
1435 3086 1534 3143 babere
1549 3084 1616 3142 dul·

76 3180 134 3228 nter
153 3177 240 3230 baum
254 3181 281 3229 ct
308 3175 457 3248 hominem,
483 3182 593 3239 omnino
607 3185 769 3242 comminuit
822 3181 924 3238 carlinis
937 3178 1100 3251 sanguinem
1123 3176 1183 3232 Filii
1197 3174 1314 3232 bominis
1323 3176 1388 3231 lesu
1401 3174 1501 3231 Gbristi
1515 3174 1529 3229 f
1542 3177 1617 3234 Ecce

76 3259 147 3319 olrit.
176 3261 224 3318 llio
240 3263 330 3333 paries
343 3278 391 3333 per
405 3273 445 3322 tot
459 3282 592 3325 annorum
611 3270 697 3329 millia
714 3274 768 3331 du·
822 3269 918 3329 sitiunt
940 3266 1110 3324 irrationales
1123 3264 1219 3321 bestiae
1245 3263 1406 3335 sanguinem
1433 3264 1552 3320 bominis
1568 3306 1575 3331 ,
1592 3276 1619 3322 et

78 3391 85 3421 ,
104 3366 155 3407 nec
168 3349 240 3422 lege,
256 3365 306 3408 neo
329 3352 471 3424 Prophetis
489 3357 578 3429 ipsum
596 3359 768 3419 diversorum
822 3374 877 3415 nou
890 3356 979 3413 sitiam
995 3369 1048 3427 ego
1061 3352 1220 3426 sanguinem
1234 3350 1296 3408 Filii
1310 3349 1362 3406 [lei
1375 3350 1389 3405 f
1404 3349 1500 3449 Bestiae
1517 3362 1618 3423 quanto

77 3445 177 3505 torum,
202 3441 460 3510 commonitionum,
483 3453 510 3501 et
528 3447 768 3506 comminationum
823 3445 885 3516 plus
899 3442 1081 3519 gustaverint,
1097 3447 1170 3496 tanto
1193 3439 1256 3511 plus
1269 3438 1363 3494 sitiunt
1376 3453 1539 3536 sangmnem
1565 3442 1618 3497 ltu·

89 3529 301 3603 percutientibus
329 3531 478 3602 aliqualiter
505 3534 593 3590 fuerat
614 3538 769 3594 comminu-
821 3549 929 3590 manum
945 3549 953 3589 ι
969 3539 996 3587 et
1014 3545 1064 3604 ego
1074 3528 1209 3586 fastidiam
1222 3526 1384 3600 sanguinem
1399 3526 1448 3582 Der
1463 3528 1619 3585 ethominis

76 3618 95 3671 nl
124 3619 269 3674 accedente
288 3620 419 3690 sanguine
438 3621 509 3676 haedi
536 3631 563 3678 et
585 3624 654 3698 Agui
683 3627 770 3684 nostri
822 3622 933 3695 benigni
947 3617 1148 3683 lesu‘lBasliae
1162 3623 1243 3672 ruunt
1259 3616 1286 3671 iu
1305 3622 1419 3672 mortem
1438 3617 1618 3685 suam,dul-

76 3708 78 3760 l
97 3706 171 3776 lesu,
189 3721 242 3761 non
253 3715 356 3763 tamum
372 3709 538 3781 perforatus,
559 3713 605 3768 scd
619 3722 645 3769 rt
658 3715 770 3772 destru-
824 3712 920 3770 ccdins
935 3708 1077 3782 sanguinis
1090 3703 1201 3762 latumani
1223 3712 1367 3760 attractae:
1392 3718 1444 3777 ego
1459 3719 1514 3760 non
1541 3706 1619 3762 fasti-

76 3800 103 3853 ιι.
120 3794 222 3852 Dicitur
232 3806 320 3853 antem
337 3805 362 3855 et
378 3801 465 3855 bouus
485 3802 571 3868 lesus,
586 3803 638 3859 etsi
656 3805 772 3875 purissi—
826 3803 896 3857 nabo
913 3803 946 3856 ad
962 3799 1043 3855 uitam
1057 3812 1157 3865 mcum,
1171 3804 1198 3851 et
1213 3794 1377 3866 sanguinem
1391 3793 1534 3849 rubicundi
1554 3796 1619 3851 lesu

76 3884 355 3957 ssebaedus,quiest
377 3887 548 3945 immundum
567 3893 666 3949 animal
683 3911 691 3950 ε
708 3897 773 3967 quia
827 3885 997 3948 etcandidif
1023 3887 1158 3942 lmovcre
1189 3881 1332 3953 festinabo,
1346 3897 1434 3937 ornam
1463 3889 1490 3938 et
1515 3883 1618 3983 bibam.

76 3990 81 4026 ι
96 3981 215 4028 nostram
230 3977 362 4046 gestabat,
388 3977 495 4047 plenam
510 3979 537 4034 iu
553 3981 632 4037 uobis
650 3983 771 4042 immun·
826 3982 920 4037 Emam
939 3977 1043 4050 absque
1056 3982 1169 4051 argento
1183 3982 1209 4031 et
1222 3973 1326 4044 absque
1339 3971 1396 4027 ulla
1408 3980 1622 4031 commutatione

76 4068 249 4126 wlewlumt
264 4061 293 4115 in
314 4063 381 4134 ipso
405 4081 469 4121 uero
483 4065 548 4123 nibil
564 4069 700 4139 ejusmodi
715 4075 770 4129 ha.
826 4070 920 4129 riuum
934 4074 962 4124 et
974 4064 1029 4123 mel
1046 4081 1052 4122 :
1068 4080 1128 4139 quae
1143 4062 1222 4121 nobis
1242 4059 1380 4132 Sapientia
1393 4061 1480 4117 Partis
1496 4061 1622 4118 altissimi

76 4164 89 4203 ι.
106 4146 219 4216 Propter
247 4148 373 4206 eximiam
397 4168 461 4210 vero
491 4157 647 4214 munditiam
676 4163 772 4235 Agnus
787 4173 810 4250 ῃ
827 4156 969 4232 benignius
995 4154 1104 4211 miscuit
1130 4153 1157 4208 iu
1177 4161 1279 4209 cratere
1293 4150 1385 4207 cordis
1412 4150 1455 4206 sui
1469 4190 1477 4220 ,
1492 4150 1621 4209 nimirum

76 4232 96 4289 ri
124 4248 177 4288 nou
206 4234 296 4290 solum
324 4253 377 4292 nou
396 4239 477 4296 babet
491 4253 611 4315 peccata,
627 4247 676 4303 sed
690 4253 774 4309 totius

83 4321 144 4378 tulit
154 4331 274 4393 peccata.

93 4412 181 4482 liujus
196 4428 263 4484 orgo
279 4413 349 4469 bardi
363 4424 389 4471 et
399 4416 463 4489 agni
477 4418 592 4489 copioso
605 4425 776 4497 sanguine,o

79 4501 275 4566 amantiunum,
285 4503 416 4575 inungere
428 4515 455 4561 et
469 4505 632 4583 immergere
643 4531 651 4581 ;
662 4513 726 4582 jace
748 4517 776 4572 in

75 4588 221 4658 toalelias,
249 4592 406 4649 calefactum
436 4597 592 4666 emolliaris,
626 4601 777 4660 emollitum

76 4685 158 4734 >ntem
187 4679 364 4751 lacrymarum
394 4683 529 4741 effundas.
553 4687 669 4761 Copioaa
688 4699 777 4748 autem

76 4782 144 4836 opius
159 4776 209 4836 est,
240 4781 267 4824 ut
282 4768 417 4826 reficiatur
441 4775 560 4846 populus
590 4794 666 4835 meus
690 4782 778 4852 rtju·

76 4897 81 4911 .
98 4854 146 4912 Est
158 4866 247 4912 autom
262 4858 378 4931 populus
406 4879 493 4931 meus,
523 4875 613 4922 motus
627 4869 710 4925 animi
724 4873 777 4928 mei

76 4944 137 5012 ales,
154 4958 306 5017 quaerentes
336 4965 370 5003 en
399 4967 460 5022 quae
476 4962 578 5012 lautum
593 4958 700 5028 spiritui
718 4976 778 5017 meo

76 5032 156 5090 uiuat.
174 5035 268 5091 liabeo
297 5044 323 5091 et
335 5037 468 5106 jumenta,
484 5057 581 5114 nempe
595 5043 662 5100 alias
676 5047 779 5119 cogita-

76 5138 159 5193 ,quae
178 5139 248 5179 circa
271 5140 382 5179 earnem
406 5137 582 5199 occupantur,
607 5147 667 5204 quae
681 5135 777 5190 animae

76 5226 108 5266 ur
120 5211 280 5268 servitutem
295 5213 462 5283 impendere,
483 5228 512 5272 ut
524 5221 676 5287 jumentum
690 5242 697 5278 ι
709 5239 778 5295 quas

76 5314 110 5356 ue
124 5300 304 5374 cogitationes
318 5304 393 5359 docet
408 5303 482 5360 refici
497 5306 570 5362 fonte
596 5307 778 5383 lacrymarum

75 5388 119 5447 ria
146 5391 209 5447 uitae
234 5393 316 5460 ltujus
341 5390 479 5466 deficiant,
509 5397 551 5451 rel
567 5412 581 5450 a
597 5399 778 5458 rectoitinere

76 5487 128 5555 snt;
144 5490 174 5539 ut
196 5485 269 5561 quod
294 5484 398 5541 bouum
426 5491 467 5541 est
495 5483 523 5540 in
551 5486 592 5543 eis
610 5487 780 5548 confortetur

828 4246 990 4322 sauguinem
1016 4259 1095 4300 suum
1112 4284 1120 4309 ,
1138 4239 1251 4309 pretium
1264 4237 1325 4296 rite
1352 4245 1462 4294 nostre.
1480 4239 1623 4309 Properate

829 4351 935 4392 mecum
950 4377 959 4405 ,
974 4333 1021 4405 qui
1043 4328 1154 4404 diligitis
1166 4327 1311 4383 Dominum
1328 4325 1432 4384 :amite
1447 4340 1501 4386 uon
1523 4341 1620 4384 corru.

829 4423 967 4496 ptibilibus
982 4436 1047 4475 auro
1062 4429 1088 4474 et
1113 4423 1238 4491 urgento,
1266 4416 1314 4471 sed
1328 4415 1537 4471 commutatione
1560 4431 1622 4473 mo-

831 4528 889 4568 rum
904 4519 932 4566 et
944 4506 1154 4565 conversationis
1174 4511 1271 4558 vestrae
1284 4501 1377 4558 riarum
1392 4508 1419 4557 et
1432 4500 1495 4572 lac,
1512 4506 1623 4575 sangui.

831 4618 893 4657 nem
908 4600 981 4656 illum
1002 4597 1062 4652 dieo
1083 4592 1269 4667 purissimum,
1286 4590 1514 4663 pretiosissimum
1536 4612 1544 4660 3
1565 4595 1624 4650 ine-

832 4691 963 4746 briantem
976 4685 1122 4759 perfectos,
1144 4690 1174 4739 ut
1186 4681 1298 4754 vinum;
1314 4690 1343 4736 ut
1357 4680 1409 4748 lac,
1425 4681 1551 4752 parrulos
1571 4699 1624 4740 nu-

832 4778 967 4835 trientem.
985 4774 1014 4830 Si
1029 4772 1162 4846 perfectus
1178 4813 1186 4841 ,
1201 4770 1225 4826 ei
1248 4768 1326 4828 fortis
1342 4787 1371 4827 os
1387 4815 1396 4840 ,
1411 4771 1502 4828 viuum
1517 4779 1558 4829 est
1577 4775 1624 4830 tibi

832 4865 944 4941 sanguis
957 4865 1009 4924 iste
1025 4906 1032 4932 ,
1048 4865 1160 4938 sanguis
1174 4860 1387 4918 meracissimus.
1402 4860 1431 4917 Si
1446 4862 1534 4919 adbuc
1547 4861 1625 4917 infur-

832 4975 893 5013 mus
912 4972 943 5013 es
961 4962 988 5013 et
1002 4955 1046 5011 cui
1061 4969 1130 5026 opus
1143 4950 1177 5008 sit
1192 4951 1270 5017 lacte,
1288 4950 1330 5007 lac
1346 4959 1387 5007 est
1402 4951 1449 5007 tibi
1464 4951 1498 5007 ad
1512 4950 1627 5007 nutrien-

832 5048 897 5103 dum
912 5052 957 5103 ts.
971 5043 1038 5100 siba
1052 5058 1118 5116 ergo
1133 5041 1294 5115 sanguinem
1308 5042 1380 5099 bunc
1391 5039 1625 5111 meracissimum,

833 5136 897 5208 fide,
913 5134 1051 5204 momoria,
1068 5142 1095 5189 et
1107 5131 1203 5188 intuitu
1229 5130 1377 5203 spirituali.
1402 5131 1471 5185 Ecce
1485 5130 1535 5185 sub
1549 5145 1627 5186 com·

833 5226 942 5298 prndio,
955 5223 1108 5295 iterumque
1127 5222 1229 5276 reduco
1244 5218 1295 5274 tibi
1311 5217 1485 5289 multiplicem
1512 5218 1629 5290 sangui·

833 5317 875 5371 nis
889 5311 1051 5371 effusionem
1066 5306 1211 5379 largissimi
1230 5307 1305 5371 lesu,
1320 5323 1374 5378 qua
1388 5321 1478 5362 msam
1492 5307 1628 5379 passionis

833 5411 860 5463 et
882 5401 1021 5460 eharitatis
1049 5413 1106 5453 suae
1133 5395 1288 5453 rubricavit.
1303 5395 1445 5452 charitatis
1467 5396 1578 5470 quidem
1592 5398 1628 5455 il-

833 5493 888 5551 lius
901 5491 1027 5549 ardorem
1040 5489 1175 5546 humanus
1197 5485 1426 5561 comprehendere
1449 5501 1505 5546 non
1528 5487 1628 5550 suflicit
