<?xml version="1.0" encoding="UTF-8"?>
<!DOCTYPE html PUBLIC "-//W3C//DTD XHTML 1.0 Transitional//EN"
    "http://www.w3.org/TR/xhtml1/DTD/xhtml1-transitional.dtd">
<html xmlns="http://www.w3.org/1999/xhtml" xml:lang="en" lang="en">
 <head>
  <title>
</title>
<meta http-equiv="Content-Type" content="text/html;charset=utf-8" />
  <meta name='ocr-system' content='tesseract 3.04.00' />
  <meta name='ocr-capabilities' content='ocr_page ocr_carea ocr_par ocr_line ocrx_word'/>
</head>
<body>
  <div class='ocr_page' id='page_1' title='image "./patrologiaecurs00unkngoog_0244.png"; bbox 0 0 3706 5962; ppageno 0'>
   <div class='ocr_carea' id='block_1_1' title="bbox 92 199 1739 279">
    <p class='ocr_par' dir='ltr' id='par_1_1' title="bbox 92 199 1739 279">
     <span class='ocr_line' id='line_1_1' title="bbox 92 199 1739 279; baseline -0.012 -3"><span class='ocrx_word' id='word_1_1' title='bbox 92 217 159 276; x_wconf 83' lang='lat' dir='ltr'>trs-</span> <span class='ocrx_word' id='word_1_2' title='bbox 712 199 816 263; x_wconf 79' lang='lat' dir='ltr'>scuta</span> <span class='ocrx_word' id='word_1_3' title='bbox 853 199 1117 263; x_wconf 76' lang='lat' dir='ltr'>dissuasurus.</span> <span class='ocrx_word' id='word_1_4' title='bbox 1159 272 1163 279; x_wconf 52' lang='grc'>,</span> <span class='ocrx_word' id='word_1_5' title='bbox 1683 199 1739 259; x_wconf 80' lang='grc' dir='ltr'>ιιι</span> 
     </span>
    </p>
   </div>
   <div class='ocr_carea' id='block_1_2' title="bbox 73 322 1740 934">
    <p class='ocr_par' dir='ltr' id='par_1_2' title="bbox 73 322 1740 934">
     <span class='ocr_line' id='line_1_2' title="bbox 73 322 1736 419; baseline -0.01 -23"><span class='ocrx_word' id='word_1_6' title='bbox 73 332 75 336; x_wconf 44' lang='lat'><strong><em>⁴</em></strong></span> <span class='ocrx_word' id='word_1_7' title='bbox 94 337 248 403; x_wconf 85' lang='lat' dir='ltr'>exsultatio,</span> <span class='ocrx_word' id='word_1_8' title='bbox 263 328 525 404; x_wconf 86' lang='lat' dir='ltr'>torrensvoluptatis</span> <span class='ocrx_word' id='word_1_9' title='bbox 535 326 642 399; x_wconf 75' lang='lat' dir='ltr'>uum,</span> <span class='ocrx_word' id='word_1_10' title='bbox 657 325 759 383; x_wconf 81' lang='lat' dir='ltr'>flumen</span> <span class='ocrx_word' id='word_1_11' title='bbox 775 324 887 392; x_wconf 69' lang='lat' dir='ltr'>letitiae,</span> <span class='ocrx_word' id='word_1_12' title='bbox 903 339 927 419; x_wconf 63' lang='lat' dir='ltr'>g</span> <span class='ocrx_word' id='word_1_13' title='bbox 943 324 1017 393; x_wconf 92' lang='lat' dir='ltr'>tiam,</span> <span class='ocrx_word' id='word_1_14' title='bbox 1033 325 1069 380; x_wconf 90' lang='lat' dir='ltr'>ad</span> <span class='ocrx_word' id='word_1_15' title='bbox 1079 323 1204 381; x_wconf 88' lang='lat' dir='ltr'>solatium</span> <span class='ocrx_word' id='word_1_16' title='bbox 1215 322 1309 395; x_wconf 88' lang='lat' dir='ltr'>utique</span> <span class='ocrx_word' id='word_1_17' title='bbox 1323 333 1351 381; x_wconf 89' lang='lat' dir='ltr'>et</span> <span class='ocrx_word' id='word_1_18' title='bbox 1370 322 1520 381; x_wconf 91' lang='lat' dir='ltr'>remedium</span> <span class='ocrx_word' id='word_1_19' title='bbox 1533 322 1635 380; x_wconf 85' lang='lat' dir='ltr'>laboris</span> <span class='ocrx_word' id='word_1_20' title='bbox 1644 325 1736 394; x_wconf 83' lang='lat' dir='ltr'>bujns,</span> 
     </span>
     <span class='ocr_line' id='line_1_3' title="bbox 96 410 1738 500; baseline -0.007 -20"><span class='ocrx_word' id='word_1_21' title='bbox 96 427 225 500; x_wconf 85' lang='lat' dir='ltr'>gaudium</span> <span class='ocrx_word' id='word_1_22' title='bbox 238 424 359 497; x_wconf 88' lang='lat' dir='ltr'>plenum.</span> <span class='ocrx_word' id='word_1_23' title='bbox 374 418 472 494; x_wconf 85' lang='lat' dir='ltr'>Cogita</span> <span class='ocrx_word' id='word_1_24' title='bbox 484 415 616 492; x_wconf 83' lang='lat' dir='ltr'>quidquid</span> <span class='ocrx_word' id='word_1_25' title='bbox 632 417 684 482; x_wconf 86' lang='lat' dir='ltr'>ris,</span> <span class='ocrx_word' id='word_1_26' title='bbox 699 414 832 489; x_wconf 88' lang='lat' dir='ltr'>quidquid</span> <span class='ocrx_word' id='word_1_27' title='bbox 842 429 890 486; x_wconf 93' lang='lat' dir='ltr'>po·</span> <span class='ocrx_word' id='word_1_28' title='bbox 944 429 979 470; x_wconf 90' lang='lat' dir='ltr'>ne</span> <span class='ocrx_word' id='word_1_29' title='bbox 994 412 1151 470; x_wconf 86' lang='lat' dir='ltr'>deficiamus</span> <span class='ocrx_word' id='word_1_30' title='bbox 1160 411 1187 469; x_wconf 91' lang='lat' dir='ltr'>in</span> <span class='ocrx_word' id='word_1_31' title='bbox 1197 410 1252 478; x_wconf 82' lang='lat' dir='ltr'>via,</span> <span class='ocrx_word' id='word_1_32' title='bbox 1263 419 1291 468; x_wconf 92' lang='lat' dir='ltr'>et</span> <span class='ocrx_word' id='word_1_33' title='bbox 1300 420 1330 469; x_wconf 90' lang='lat' dir='ltr'>ut</span> <span class='ocrx_word' id='word_1_34' title='bbox 1340 412 1374 468; x_wconf 89' lang='lat' dir='ltr'>de</span> <span class='ocrx_word' id='word_1_35' title='bbox 1385 410 1552 469; x_wconf 80' lang='lat' dir='ltr'>exhibitione</span> <span class='ocrx_word' id='word_1_36' title='bbox 1562 413 1738 483; x_wconf 73' lang='lat' dir='ltr'>praesentium</span> 
     </span>
     <span class='ocr_line' id='line_1_4' title="bbox 95 498 1739 586; baseline -0.012 -8"><span class='ocrx_word' id='word_1_37' title='bbox 95 525 138 577; x_wconf 78' lang='lat' dir='ltr'>tea</span> <span class='ocrx_word' id='word_1_38' title='bbox 151 520 265 586; x_wconf 74' lang='grc' dir='ltr'>ιιοριις</span> <span class='ocrx_word' id='word_1_39' title='bbox 287 511 394 568; x_wconf 87' lang='lat' dir='ltr'>excedit</span> <span class='ocrx_word' id='word_1_40' title='bbox 408 508 556 586; x_wconf 86' lang='lat' dir='ltr'>cogitatum</span> <span class='ocrx_word' id='word_1_41' title='bbox 578 521 698 573; x_wconf 87' lang='lat' dir='ltr'>omnem,</span> <span class='ocrx_word' id='word_1_42' title='bbox 722 504 889 563; x_wconf 76' lang='lat' dir='ltr'>desiderium</span> <span class='ocrx_word' id='word_1_43' title='bbox 943 518 1087 559; x_wconf 89' lang='lat' dir='ltr'>munerum</span> <span class='ocrx_word' id='word_1_44' title='bbox 1101 500 1179 559; x_wconf 84' lang='lat' dir='ltr'>firma</span> <span class='ocrx_word' id='word_1_45' title='bbox 1192 501 1229 556; x_wconf 89' lang='lat' dir='ltr'>sit</span> <span class='ocrx_word' id='word_1_46' title='bbox 1242 500 1408 572; x_wconf 73' lang='lat' dir='ltr'>exspectatio</span> <span class='ocrx_word' id='word_1_47' title='bbox 1421 498 1587 569; x_wconf 79' lang='lat' dir='ltr'>futurorum,</span> <span class='ocrx_word' id='word_1_48' title='bbox 1602 501 1649 571; x_wconf 89' lang='lat' dir='ltr'>qui</span> <span class='ocrx_word' id='word_1_49' title='bbox 1663 503 1739 560; x_wconf 85' lang='lat' dir='ltr'>uenit</span> 
     </span>
     <span class='ocr_line' id='line_1_5' title="bbox 93 588 1740 675; baseline -0.01 -13"><span class='ocrx_word' id='word_1_50' title='bbox 93 621 175 665; x_wconf 82' lang='lat' dir='ltr'>carue</span> <span class='ocrx_word' id='word_1_51' title='bbox 189 607 338 675; x_wconf 73' lang='lat' dir='ltr'>exsuperat</span> <span class='ocrx_word' id='word_1_52' title='bbox 351 598 398 656; x_wconf 88' lang='lat' dir='ltr'>illa</span> <span class='ocrx_word' id='word_1_53' title='bbox 416 596 541 663; x_wconf 82' lang='lat' dir='ltr'>felicitas,</span> <span class='ocrx_word' id='word_1_54' title='bbox 562 593 702 652; x_wconf 80' lang='lat' dir='ltr'>aeternitas</span> <span class='ocrx_word' id='word_1_55' title='bbox 723 592 778 662; x_wconf 91' lang='lat' dir='ltr'>illa,</span> <span class='ocrx_word' id='word_1_56' title='bbox 804 592 890 649; x_wconf 80' lang='lat' dir='ltr'>besti·</span> <span class='ocrx_word' id='word_1_57' title='bbox 943 589 1069 647; x_wconf 82' lang='lat' dir='ltr'>utrium</span> <span class='ocrx_word' id='word_1_58' title='bbox 1083 588 1241 658; x_wconf 78' lang='lat' dir='ltr'>habeamus,</span> <span class='ocrx_word' id='word_1_59' title='bbox 1256 595 1284 644; x_wconf 90' lang='lat' dir='ltr'>et</span> <span class='ocrx_word' id='word_1_60' title='bbox 1297 588 1478 645; x_wconf 88' lang='lat' dir='ltr'>abundantius</span> <span class='ocrx_word' id='word_1_61' title='bbox 1488 588 1648 659; x_wconf 87' lang='lat' dir='ltr'>babeamus,</span> <span class='ocrx_word' id='word_1_62' title='bbox 1659 590 1740 649; x_wconf 86' lang='lat' dir='ltr'>lesus</span> 
     </span>
     <span class='ocr_line' id='line_1_6' title="bbox 95 678 1740 762; baseline -0.009 -13"><span class='ocrx_word' id='word_1_63' title='bbox 95 693 161 751; x_wconf 90' lang='lat' dir='ltr'>tudo</span> <span class='ocrx_word' id='word_1_64' title='bbox 180 692 235 749; x_wconf 92' lang='lat' dir='ltr'>illa.</span> <span class='ocrx_word' id='word_1_65' title='bbox 258 691 400 761; x_wconf 78' lang='lat' dir='ltr'>adquam</span> <span class='ocrx_word' id='word_1_66' title='bbox 419 701 471 743; x_wconf 92' lang='lat' dir='ltr'>nos</span> <span class='ocrx_word' id='word_1_67' title='bbox 494 702 544 741; x_wconf 85' lang='lat' dir='ltr'>ena</span> <span class='ocrx_word' id='word_1_68' title='bbox 561 681 737 739; x_wconf 89' lang='lat' dir='ltr'>miseratione</span> <span class='ocrx_word' id='word_1_69' title='bbox 760 681 891 752; x_wconf 89' lang='lat' dir='ltr'>perducat</span> <span class='ocrx_word' id='word_1_70' title='bbox 943 678 1064 737; x_wconf 83' lang='lat' dir='ltr'>Christus</span> <span class='ocrx_word' id='word_1_71' title='bbox 1083 679 1215 736; x_wconf 85' lang='lat' dir='ltr'>Dominus</span> <span class='ocrx_word' id='word_1_72' title='bbox 1228 685 1332 748; x_wconf 89' lang='lat' dir='ltr'>noster,</span> <span class='ocrx_word' id='word_1_73' title='bbox 1349 678 1394 751; x_wconf 86' lang='lat' dir='ltr'>qui</span> <span class='ocrx_word' id='word_1_74' title='bbox 1412 693 1474 734; x_wconf 90' lang='lat' dir='ltr'>enm</span> <span class='ocrx_word' id='word_1_75' title='bbox 1487 678 1568 735; x_wconf 84' lang='lat' dir='ltr'>Patre</span> <span class='ocrx_word' id='word_1_76' title='bbox 1588 688 1616 735; x_wconf 90' lang='lat' dir='ltr'>et</span> <span class='ocrx_word' id='word_1_77' title='bbox 1635 679 1740 762; x_wconf 84' lang='lat' dir='ltr'>Spiritu</span> 
     </span>
     <span class='ocr_line' id='line_1_7' title="bbox 96 764 1740 855; baseline -0.009 -16"><span class='ocrx_word' id='word_1_78' title='bbox 96 779 267 855; x_wconf 79' lang='lat' dir='ltr'>preveniens</span> <span class='ocrx_word' id='word_1_79' title='bbox 276 779 304 834; x_wconf 93' lang='lat' dir='ltr'>in</span> <span class='ocrx_word' id='word_1_80' title='bbox 319 775 511 834; x_wconf 87' lang='lat' dir='ltr'>benedictione</span> <span class='ocrx_word' id='word_1_81' title='bbox 521 771 682 842; x_wconf 81' lang='lat' dir='ltr'>dulcedinis,</span> <span class='ocrx_word' id='word_1_82' title='bbox 692 777 722 826; x_wconf 92' lang='lat' dir='ltr'>et</span> <span class='ocrx_word' id='word_1_83' title='bbox 737 768 892 827; x_wconf 84' lang='lat' dir='ltr'>indeliciau·</span> <span class='ocrx_word' id='word_1_84' title='bbox 944 772 1039 823; x_wconf 87' lang='lat' dir='ltr'>sancto</span> <span class='ocrx_word' id='word_1_85' title='bbox 1052 765 1116 822; x_wconf 81' lang='lat' dir='ltr'>vivit</span> <span class='ocrx_word' id='word_1_86' title='bbox 1131 772 1159 821; x_wconf 91' lang='lat' dir='ltr'>et</span> <span class='ocrx_word' id='word_1_87' title='bbox 1173 772 1270 836; x_wconf 89' lang='lat' dir='ltr'>regnat</span> <span class='ocrx_word' id='word_1_88' title='bbox 1281 781 1330 835; x_wconf 88' lang='lat' dir='ltr'>per</span> <span class='ocrx_word' id='word_1_89' title='bbox 1339 764 1446 820; x_wconf 84' lang='lat' dir='ltr'>infinita</span> <span class='ocrx_word' id='word_1_90' title='bbox 1459 765 1558 821; x_wconf 73' lang='lat' dir='ltr'>secula</span> <span class='ocrx_word' id='word_1_91' title='bbox 1568 765 1740 825; x_wconf 78' lang='lat' dir='ltr'>serculorum.</span> 
     </span>
     <span class='ocr_line' id='line_1_8' title="bbox 98 855 1045 934; baseline -0.019 -7"><span class='ocrx_word' id='word_1_92' title='bbox 98 877 141 928; x_wconf 88' lang='lat' dir='ltr'>ter</span> <span class='ocrx_word' id='word_1_93' title='bbox 154 867 235 925; x_wconf 88' lang='lat' dir='ltr'>uobis</span> <span class='ocrx_word' id='word_1_94' title='bbox 247 865 356 923; x_wconf 89' lang='lat' dir='ltr'>iuterim</span> <span class='ocrx_word' id='word_1_95' title='bbox 372 861 495 920; x_wconf 90' lang='lat' dir='ltr'>tribuens</span> <span class='ocrx_word' id='word_1_96' title='bbox 508 861 670 934; x_wconf 81' lang='lat' dir='ltr'>promissam</span> <span class='ocrx_word' id='word_1_97' title='bbox 683 855 804 930; x_wconf 86' lang='lat' dir='ltr'>centupli</span> <span class='ocrx_word' id='word_1_98' title='bbox 822 873 890 929; x_wconf 91' lang='lat' dir='ltr'>gra-</span> <span class='ocrx_word' id='word_1_99' title='bbox 946 856 1045 911; x_wconf 80' lang='lat' dir='ltr'>Amen.</span> 
     </span>
    </p>
   </div>
   <div class='ocr_carea' id='block_1_3' title="bbox 94 978 1741 1020">
    <p class='ocr_par' dir='ltr' id='par_1_3' title="bbox 94 978 1741 1020">
     <span class='ocr_line' id='line_1_9' title="bbox 94 978 1741 1020; baseline -0.011 2"><span class='ocrx_word' id='word_1_100' title='bbox 94 978 1741 1020; x_wconf 51' lang='grc' dir='ltr'><strong>Μ</strong></span> 
     </span>
    </p>
   </div>
   <div class='ocr_carea' id='block_1_4' title="bbox 368 1181 1464 1327">
    <p class='ocr_par' dir='ltr' id='par_1_4' title="bbox 368 1181 1464 1327">
     <span class='ocr_line' id='line_1_10' title="bbox 368 1181 1464 1327; baseline -0.013 0"><span class='ocrx_word' id='word_1_101' title='bbox 368 1186 646 1327; x_wconf 77' lang='lat' dir='ltr'>Scuta</span> <span class='ocrx_word' id='word_1_102' title='bbox 730 1181 1464 1322; x_wconf 76' lang='lat' dir='ltr'>Claustuluttllu.</span> 
     </span>
    </p>
   </div>
   <div class='ocr_carea' id='block_1_5' title="bbox 885 1421 963 1478">
    <p class='ocr_par' dir='ltr' id='par_1_5' title="bbox 885 1421 963 1478">
     <span class='ocr_line' id='line_1_11' title="bbox 885 1421 963 1478; baseline -0.013 -1"><span class='ocrx_word' id='word_1_103' title='bbox 885 1421 963 1478; x_wconf 74' lang='lat' dir='ltr'>Slva</span> 
     </span>
    </p>
   </div>
   <div class='ocr_carea' id='block_1_6' title="bbox 415 1574 1430 1685">
    <p class='ocr_par' dir='ltr' id='par_1_6' title="bbox 415 1574 1430 1685">
     <span class='ocr_line' id='line_1_12' title="bbox 415 1574 1430 1685; baseline -0.007 1"><span class='ocrx_word' id='word_1_104' title='bbox 415 1576 503 1637; x_wconf 76' lang='lat'>&#39;¹’</span> <span class='ocrx_word' id='word_1_105' title='bbox 533 1588 856 1685; x_wconf 71' lang='lat' dir='ltr'>recutitus</span> <span class='ocrx_word' id='word_1_106' title='bbox 894 1589 964 1678; x_wconf 82' lang='lat' dir='ltr'>nu</span> <span class='ocrx_word' id='word_1_107' title='bbox 997 1574 1163 1678; x_wconf 86' lang='lat' dir='ltr'>uono</span> <span class='ocrx_word' id='word_1_108' title='bbox 1203 1589 1430 1681; x_wconf 77' lang='lat' dir='ltr'>ouium.</span> 
     </span>
    </p>
   </div>
   <div class='ocr_carea' id='block_1_7' title="bbox 749 1807 1112 1840">
    <p class='ocr_par' dir='ltr' id='par_1_7' title="bbox 749 1807 1112 1840">
     <span class='ocr_line' id='line_1_13' title="bbox 749 1807 1112 1840; baseline -0.003 -1"><span class='ocrx_word' id='word_1_109' title='bbox 749 1807 1112 1840; x_wconf 46' lang='lat'>*⁴0*—</span> 
     </span>
    </p>
   </div>
   <div class='ocr_carea' id='block_1_8' title="bbox 83 1957 1753 2526">
    <p class='ocr_par' dir='ltr' id='par_1_8' title="bbox 83 1957 1753 2526">
     <span class='ocr_line' id='line_1_14' title="bbox 83 1957 1748 2038; baseline -0.008 -6"><span class='ocrx_word' id='word_1_110' title='bbox 83 2028 86 2033; x_wconf 80' lang='grc'>,</span> <span class='ocrx_word' id='word_1_111' title='bbox 136 1971 187 2030; x_wconf 83' lang='lat' dir='ltr'>llic</span> <span class='ocrx_word' id='word_1_112' title='bbox 207 1974 354 2030; x_wconf 79' lang='lat' dir='ltr'>Ductutus</span> <span class='ocrx_word' id='word_1_113' title='bbox 367 1968 445 2026; x_wconf 81' lang='lat' dir='ltr'>iuter</span> <span class='ocrx_word' id='word_1_114' title='bbox 460 1980 545 2038; x_wconf 81' lang='lat' dir='ltr'>opero</span> <span class='ocrx_word' id='word_1_115' title='bbox 555 1965 583 2022; x_wconf 83' lang='lat' dir='ltr'>S.</span> <span class='ocrx_word' id='word_1_116' title='bbox 600 1959 756 2033; x_wconf 71' lang='lat' dir='ltr'>Augustini</span> <span class='ocrx_word' id='word_1_117' title='bbox 765 1958 856 2029; x_wconf 84' lang='lat' dir='ltr'>(modo</span> <span class='ocrx_word' id='word_1_118' title='bbox 872 1958 905 2014; x_wconf 85' lang='lat' dir='ltr'>iu</span> <span class='ocrx_word' id='word_1_119' title='bbox 920 1961 995 2016; x_wconf 87' lang='lat' dir='ltr'>tomo</span> <span class='ocrx_word' id='word_1_120' title='bbox 1009 1957 1051 2025; x_wconf 86' lang='lat' dir='ltr'>l&#39;l)</span> <span class='ocrx_word' id='word_1_121' title='bbox 1066 1958 1211 2031; x_wconf 84' lang='lat' dir='ltr'>reperitur</span> <span class='ocrx_word' id='word_1_122' title='bbox 1217 1959 1267 2016; x_wconf 86' lang='lat' dir='ltr'>sub</span> <span class='ocrx_word' id='word_1_123' title='bbox 1277 1959 1328 2018; x_wconf 85' lang='lat' dir='ltr'>boc</span> <span class='ocrx_word' id='word_1_124' title='bbox 1342 1962 1438 2028; x_wconf 84' lang='lat' dir='ltr'>titulo,</span> <span class='ocrx_word' id='word_1_125' title='bbox 1451 1984 1463 2013; x_wconf 76' lang='grc' dir='ltr'>ι</span> <span class='ocrx_word' id='word_1_126' title='bbox 1475 1963 1561 2020; x_wconf 84' lang='lat' dir='ltr'>Scuto</span> <span class='ocrx_word' id='word_1_127' title='bbox 1570 1963 1716 2030; x_wconf 83' lang='lat' dir='ltr'>Purudisi,</span> <span class='ocrx_word' id='word_1_128' title='bbox 1736 1984 1748 2014; x_wconf 81' lang='lat' dir='ltr'>r</span> 
     </span>
     <span class='ocr_line' id='line_1_15' title="bbox 100 2028 1751 2129; baseline -0.008 -27"><span class='ocrx_word' id='word_1_129' title='bbox 100 2060 166 2102; x_wconf 85' lang='lat' dir='ltr'>cum</span> <span class='ocrx_word' id='word_1_130' title='bbox 181 2042 233 2099; x_wconf 87' lang='lat' dir='ltr'>lrcc</span> <span class='ocrx_word' id='word_1_131' title='bbox 246 2042 399 2100; x_wconf 79' lang='lat' dir='ltr'>Doctorum</span> <span class='ocrx_word' id='word_1_132' title='bbox 412 2034 629 2098; x_wconf 73' lang='lat' dir='ltr'>Mvouieuaiuns</span> <span class='ocrx_word' id='word_1_133' title='bbox 643 2035 788 2116; x_wconf 69' lang='lat' dir='ltr'>Geosurc:</span> <span class='ocrx_word' id='word_1_134' title='bbox 800 2051 812 2082; x_wconf 75' lang='grc' dir='ltr'>ι</span> <span class='ocrx_word' id='word_1_135' title='bbox 825 2032 879 2088; x_wconf 89' lang='lat' dir='ltr'>lloc</span> <span class='ocrx_word' id='word_1_136' title='bbox 891 2028 1059 2112; x_wconf 66' lang='lat' dir='ltr'>morsuum</span> <span class='ocrx_word' id='word_1_137' title='bbox 1068 2030 1162 2113; x_wconf 75' lang='lat' dir='ltr'>turtur</span> <span class='ocrx_word' id='word_1_138' title='bbox 1171 2030 1267 2115; x_wconf 42' lang='lat' dir='ltr'>etium·</span> <span class='ocrx_word' id='word_1_139' title='bbox 1275 2030 1377 2116; x_wconf 63' lang='lat' dir='ltr'>iutqro</span> <span class='ocrx_word' id='word_1_140' title='bbox 1397 2050 1447 2117; x_wconf 76' lang='lat' dir='ltr'>ero</span> <span class='ocrx_word' id='word_1_141' title='bbox 1453 2036 1484 2119; x_wconf 77' lang='lat' dir='ltr'>D.</span> <span class='ocrx_word' id='word_1_142' title='bbox 1493 2032 1649 2129; x_wconf 48' lang='lat' dir='ltr'>&#39;bernardi</span> <span class='ocrx_word' id='word_1_143' title='bbox 1658 2051 1751 2119; x_wconf 67' lang='lat' dir='ltr'>quoss-</span> 
     </span>
     <span class='ocr_line' id='line_1_16' title="bbox 101 2100 1751 2257; baseline -0.007 -12"><span class='ocrx_word' id='word_1_144' title='bbox 101 2100 1751 2257; x_wconf 48' lang='lat' dir='ltr'>beatitudiuis?itttttdtldtlllttttltt‘dlttffitutilloittt‘lttu</span> 
     </span>
     <span class='ocr_line' id='line_1_17' title="bbox 103 2189 1752 2335; baseline -0.007 -21"><span class='ocrx_word' id='word_1_145' title='bbox 103 2254 317 2320; x_wconf 78' lang='lat' dir='ltr'>solitoriorum,</span> <span class='ocrx_word' id='word_1_146' title='bbox 331 2273 343 2304; x_wconf 81' lang='grc' dir='ltr'>ι</span> <span class='ocrx_word' id='word_1_147' title='bbox 357 2251 391 2310; x_wconf 82' lang='lat' dir='ltr'>dc</span> <span class='ocrx_word' id='word_1_148' title='bbox 400 2247 584 2335; x_wconf 70' lang='lat' dir='ltr'>quadruplici</span> <span class='ocrx_word' id='word_1_149' title='bbox 593 2243 829 2328; x_wconf 29' lang='lat' dir='ltr'>eaucitiolcellae,</span> <span class='ocrx_word' id='word_1_150' title='bbox 841 2265 854 2290; x_wconf 77' lang='grc' dir='ltr'>ι</span> <span class='ocrx_word' id='word_1_151' title='bbox 867 2240 917 2324; x_wconf 78' lang='lat' dir='ltr'>sub</span> <span class='ocrx_word' id='word_1_152' title='bbox 926 2189 1171 2326; x_wconf 48' lang='lat' dir='ltr'>mmtueolterfus</span> <span class='ocrx_word' id='word_1_153' title='bbox 1182 2244 1319 2328; x_wconf 70' lang='lat' dir='ltr'>(luiponis</span> <span class='ocrx_word' id='word_1_154' title='bbox 1328 2246 1365 2302; x_wconf 86' lang='lat' dir='ltr'>cd</span> <span class='ocrx_word' id='word_1_155' title='bbox 1374 2246 1503 2331; x_wconf 71' lang='lat' dir='ltr'>Priorem</span> <span class='ocrx_word' id='word_1_156' title='bbox 1512 2251 1541 2303; x_wconf 85' lang='lat' dir='ltr'>et</span> <span class='ocrx_word' id='word_1_157' title='bbox 1554 2247 1752 2333; x_wconf 72' lang='lat' dir='ltr'>Cortusicusea</span> 
     </span>
     <span class='ocr_line' id='line_1_18' title="bbox 107 2313 1748 2396; baseline -0.007 -13"><span class='ocrx_word' id='word_1_158' title='bbox 107 2326 352 2384; x_wconf 80' lang='lat' dir='ltr'>Wittebumcrtses:</span> <span class='ocrx_word' id='word_1_159' title='bbox 368 2318 637 2395; x_wconf 82' lang='lat' dir='ltr'>ubtpuutuorcelloe</span> <span class='ocrx_word' id='word_1_160' title='bbox 647 2318 788 2376; x_wconf 72' lang='lat' dir='ltr'>mercius</span> <span class='ocrx_word' id='word_1_161' title='bbox 797 2313 993 2396; x_wconf 67' lang='lat' dir='ltr'>explanantur,</span> <span class='ocrx_word' id='word_1_162' title='bbox 1005 2316 1063 2368; x_wconf 81' lang='lat' dir='ltr'>trac</span> <span class='ocrx_word' id='word_1_163' title='bbox 1072 2316 1457 2391; x_wconf 75' lang='lat' dir='ltr'>pusdmprrmueudempuoe</span> <span class='ocrx_word' id='word_1_164' title='bbox 1468 2319 1525 2387; x_wconf 84' lang='lat' dir='ltr'>luc,</span> <span class='ocrx_word' id='word_1_165' title='bbox 1536 2333 1646 2391; x_wconf 85' lang='lat' dir='ltr'>mempe</span> <span class='ocrx_word' id='word_1_166' title='bbox 1655 2319 1748 2378; x_wconf 71' lang='lat' dir='ltr'>laetam</span> 
     </span>
     <span class='ocr_line' id='line_1_19' title="bbox 101 2384 1753 2466; baseline -0.009 -11"><span class='ocrx_word' id='word_1_167' title='bbox 101 2395 264 2460; x_wconf 57' lang='lat' dir='ltr'>mediatio.</span> <span class='ocrx_word' id='word_1_168' title='bbox 278 2393 387 2461; x_wconf 86' lang='lat' dir='ltr'>orctic,·</span> <span class='ocrx_word' id='word_1_169' title='bbox 397 2395 589 2466; x_wconf 82' lang='lat' dir='ltr'>sedpuurtum</span> <span class='ocrx_word' id='word_1_170' title='bbox 604 2388 680 2447; x_wconf 85' lang='lat' dir='ltr'>ustio</span> <span class='ocrx_word' id='word_1_171' title='bbox 687 2402 743 2461; x_wconf 90' lang='lat' dir='ltr'>pro</span> <span class='ocrx_word' id='word_1_172' title='bbox 756 2384 1007 2455; x_wconf 74' lang='lat' dir='ltr'>contempturum,</span> <span class='ocrx_word' id='word_1_173' title='bbox 1024 2400 1085 2456; x_wconf 77' lang='lat' dir='ltr'>pue</span> <span class='ocrx_word' id='word_1_174' title='bbox 1093 2389 1246 2458; x_wconf 72' lang='lat' dir='ltr'>prefertur</span> <span class='ocrx_word' id='word_1_175' title='bbox 1255 2387 1287 2442; x_wconf 84' lang='lat' dir='ltr'>in</span> <span class='ocrx_word' id='word_1_176' title='bbox 1298 2388 1495 2454; x_wconf 81' lang='lat' dir='ltr'>ioctroctctu,</span> <span class='ocrx_word' id='word_1_177' title='bbox 1505 2392 1587 2460; x_wconf 86' lang='lat' dir='ltr'>cujus</span> <span class='ocrx_word' id='word_1_178' title='bbox 1599 2389 1753 2462; x_wconf 72' lang='lat' dir='ltr'>inscriptio</span> 
     </span>
     <span class='ocr_line' id='line_1_20' title="bbox 103 2460 637 2526; baseline -0.017 0"><span class='ocrx_word' id='word_1_179' title='bbox 103 2468 146 2525; x_wconf 86' lang='lat' dir='ltr'>alc</span> <span class='ocrx_word' id='word_1_180' title='bbox 160 2466 189 2526; x_wconf 86' lang='lat' dir='ltr'>s&#39;s</span> <span class='ocrx_word' id='word_1_181' title='bbox 203 2467 287 2525; x_wconf 77' lang='lat' dir='ltr'>tuter</span> <span class='ocrx_word' id='word_1_182' title='bbox 302 2465 335 2521; x_wconf 84' lang='lat' dir='ltr'>iu</span> <span class='ocrx_word' id='word_1_183' title='bbox 348 2463 443 2522; x_wconf 86' lang='lat' dir='ltr'>codice</span> <span class='ocrx_word' id='word_1_184' title='bbox 461 2460 637 2522; x_wconf 65' lang='lat' dir='ltr'>bonomi.-</span> 
     </span>
    </p>
   </div>
   <div class='ocr_carea' id='block_1_9' title="bbox 107 2691 1758 3389">
    <p class='ocr_par' dir='ltr' id='par_1_9' title="bbox 255 2691 1755 2854">
     <span class='ocr_line' id='line_1_21' title="bbox 255 2691 1755 2778; baseline 0 -21"><span class='ocrx_word' id='word_1_185' title='bbox 255 2698 424 2756; x_wconf 72' lang='lat' dir='ltr'>bristout</span> <span class='ocrx_word' id='word_1_186' title='bbox 438 2697 561 2755; x_wconf 85' lang='lat' dir='ltr'>DOlllNl</span> <span class='ocrx_word' id='word_1_187' title='bbox 575 2693 748 2754; x_wconf 74' lang='lat' dir='ltr'>outcome</span> <span class='ocrx_word' id='word_1_188' title='bbox 916 2701 939 2778; x_wconf 71' lang='lat' dir='ltr'>g</span> <span class='ocrx_word' id='word_1_189' title='bbox 957 2691 1138 2763; x_wconf 86' lang='lat' dir='ltr'>proprietates</span> <span class='ocrx_word' id='word_1_190' title='bbox 1153 2700 1181 2750; x_wconf 95' lang='lat' dir='ltr'>et</span> <span class='ocrx_word' id='word_1_191' title='bbox 1191 2692 1280 2750; x_wconf 81' lang='lat' dir='ltr'>cilicia</span> <span class='ocrx_word' id='word_1_192' title='bbox 1295 2694 1404 2768; x_wconf 88' lang='lat' dir='ltr'>quidem</span> <span class='ocrx_word' id='word_1_193' title='bbox 1417 2696 1522 2768; x_wconf 88' lang='lat' dir='ltr'>singula</span> <span class='ocrx_word' id='word_1_194' title='bbox 1537 2697 1602 2771; x_wconf 83' lang='lat' dir='ltr'>quid</span> <span class='ocrx_word' id='word_1_195' title='bbox 1615 2697 1688 2755; x_wconf 90' lang='lat' dir='ltr'>circa</span> <span class='ocrx_word' id='word_1_196' title='bbox 1702 2716 1755 2757; x_wconf 88' lang='lat' dir='ltr'>uos</span> 
     </span>
     <span class='ocr_line' id='line_1_22' title="bbox 393 2777 1755 2854; baseline 0.001 -12"><span class='ocrx_word' id='word_1_197' title='bbox 393 2799 613 2842; x_wconf 83' lang='lat' dir='ltr'>osuruusruusts</span> <span class='ocrx_word' id='word_1_198' title='bbox 957 2777 1085 2845; x_wconf 72' lang='lat' dir='ltr'>efficiant,</span> <span class='ocrx_word' id='word_1_199' title='bbox 1107 2782 1243 2854; x_wconf 88' lang='lat' dir='ltr'>quomodo</span> <span class='ocrx_word' id='word_1_200' title='bbox 1271 2783 1342 2840; x_wconf 90' lang='lat' dir='ltr'>iuter</span> <span class='ocrx_word' id='word_1_201' title='bbox 1368 2801 1398 2841; x_wconf 92' lang='lat' dir='ltr'>se</span> <span class='ocrx_word' id='word_1_202' title='bbox 1426 2784 1541 2843; x_wconf 85' lang='lat' dir='ltr'>invicem</span> <span class='ocrx_word' id='word_1_203' title='bbox 1569 2783 1698 2843; x_wconf 67' lang='lat' dir='ltr'>dilatant</span> <span class='ocrx_word' id='word_1_204' title='bbox 1727 2794 1755 2844; x_wconf 91' lang='lat' dir='ltr'>et</span> 
     </span>
    </p>

    <p class='ocr_par' dir='ltr' id='par_1_10' title="bbox 107 2866 1758 3389">
     <span class='ocr_line' id='line_1_23' title="bbox 132 2866 1756 2950; baseline 0 -17"><span class='ocrx_word' id='word_1_205' title='bbox 132 2875 173 2933; x_wconf 76' lang='lat' dir='ltr'>id</span> <span class='ocrx_word' id='word_1_206' title='bbox 185 2877 309 2947; x_wconf 68' lang='lat' dir='ltr'>[rutrum</span> <span class='ocrx_word' id='word_1_207' title='bbox 329 2872 504 2939; x_wconf 83' lang='lat' dir='ltr'>Gcrcasium,</span> <span class='ocrx_word' id='word_1_208' title='bbox 518 2873 552 2930; x_wconf 84' lang='lat' dir='ltr'>de</span> <span class='ocrx_word' id='word_1_209' title='bbox 565 2866 874 2943; x_wconf 81' lang='lat' dir='ltr'>uitccoutemptutiuc.</span> <span class='ocrx_word' id='word_1_210' title='bbox 956 2867 1162 2940; x_wconf 85' lang='lat' dir='ltr'>praeemineant,</span> <span class='ocrx_word' id='word_1_211' title='bbox 1185 2871 1282 2945; x_wconf 87' lang='lat' dir='ltr'>siquis</span> <span class='ocrx_word' id='word_1_212' title='bbox 1300 2872 1445 2945; x_wconf 89' lang='lat' dir='ltr'>diligenter</span> <span class='ocrx_word' id='word_1_213' title='bbox 1468 2874 1600 2947; x_wconf 87' lang='lat' dir='ltr'>inspiciat,</span> <span class='ocrx_word' id='word_1_214' title='bbox 1622 2877 1756 2950; x_wconf 84' lang='lat' dir='ltr'>quidquid</span> 
     </span>
     <span class='ocr_line' id='line_1_24' title="bbox 144 2954 1757 3036; baseline -0.001 -16"><span class='ocrx_word' id='word_1_215' title='bbox 144 2963 249 3020; x_wconf 85' lang='lat' dir='ltr'>Dilecto</span> <span class='ocrx_word' id='word_1_216' title='bbox 259 2962 335 3018; x_wconf 86' lang='lat' dir='ltr'>fratri</span> <span class='ocrx_word' id='word_1_217' title='bbox 345 2961 556 3028; x_wconf 82' lang='lat' dir='ltr'>snoGssvrsro,</span> <span class='ocrx_word' id='word_1_218' title='bbox 567 2959 762 3024; x_wconf 86' lang='lat' dir='ltr'>irateeruo,</span> <span class='ocrx_word' id='word_1_219' title='bbox 772 2954 903 3013; x_wconf 88' lang='lat' dir='ltr'>delectari</span> <span class='ocrx_word' id='word_1_220' title='bbox 955 2956 1057 3012; x_wconf 87' lang='lat' dir='ltr'>laboris</span> <span class='ocrx_word' id='word_1_221' title='bbox 1075 2964 1121 3012; x_wconf 90' lang='lat' dir='ltr'>aut</span> <span class='ocrx_word' id='word_1_222' title='bbox 1136 2959 1214 3014; x_wconf 72' lang='lat' dir='ltr'>¹studii</span> <span class='ocrx_word' id='word_1_223' title='bbox 1229 2960 1394 3030; x_wconf 88' lang='lat' dir='ltr'>impenderit</span> <span class='ocrx_word' id='word_1_224' title='bbox 1407 2961 1434 3016; x_wconf 92' lang='lat' dir='ltr'>in</span> <span class='ocrx_word' id='word_1_225' title='bbox 1454 2961 1503 3027; x_wconf 80' lang='lat' dir='ltr'>eis,</span> <span class='ocrx_word' id='word_1_226' title='bbox 1521 2962 1604 3019; x_wconf 86' lang='lat' dir='ltr'>breve</span> <span class='ocrx_word' id='word_1_227' title='bbox 1618 2964 1757 3036; x_wconf 82' lang='lat' dir='ltr'>reputabit</span> 
     </span>
     <span class='ocr_line' id='line_1_25' title="bbox 107 3040 1753 3126; baseline 0 -18"><span class='ocrx_word' id='word_1_228' title='bbox 107 3051 277 3109; x_wconf 87' lang='lat' dir='ltr'>inDomino.</span> <span class='ocrx_word' id='word_1_229' title='bbox 482 3040 488 3049; x_wconf 77' lang='grc'><strong>’</strong></span> <span class='ocrx_word' id='word_1_230' title='bbox 957 3051 986 3100; x_wconf 92' lang='lat' dir='ltr'>et</span> <span class='ocrx_word' id='word_1_231' title='bbox 1001 3043 1091 3110; x_wconf 79' lang='lat' dir='ltr'>facile,</span> <span class='ocrx_word' id='word_1_232' title='bbox 1106 3063 1163 3118; x_wconf 82' lang='lat' dir='ltr'>prae</span> <span class='ocrx_word' id='word_1_233' title='bbox 1186 3048 1307 3105; x_wconf 84' lang='lat' dir='ltr'>utilitatis</span> <span class='ocrx_word' id='word_1_234' title='bbox 1331 3056 1358 3104; x_wconf 90' lang='lat' dir='ltr'>et</span> <span class='ocrx_word' id='word_1_235' title='bbox 1379 3048 1530 3106; x_wconf 85' lang='lat' dir='ltr'>dulcedinis</span> <span class='ocrx_word' id='word_1_236' title='bbox 1554 3050 1753 3126; x_wconf 68' lang='lat' dir='ltr'>magnitudine.</span> 
     </span>
     <span class='ocr_line' id='line_1_26' title="bbox 144 3133 1756 3209; baseline -0.002 -15"><span class='ocrx_word' id='word_1_237' title='bbox 144 3140 245 3195; x_wconf 76' lang='lat' dir='ltr'>Amare</span> <span class='ocrx_word' id='word_1_238' title='bbox 259 3145 286 3194; x_wconf 90' lang='lat' dir='ltr'>te</span> <span class='ocrx_word' id='word_1_239' title='bbox 300 3153 334 3194; x_wconf 91' lang='lat' dir='ltr'>ex</span> <span class='ocrx_word' id='word_1_240' title='bbox 353 3135 446 3193; x_wconf 86' lang='lat' dir='ltr'>debito</span> <span class='ocrx_word' id='word_1_241' title='bbox 460 3146 566 3206; x_wconf 89' lang='lat' dir='ltr'>teneor,</span> <span class='ocrx_word' id='word_1_242' title='bbox 589 3135 652 3209; x_wconf 91' lang='lat' dir='ltr'>quia</span> <span class='ocrx_word' id='word_1_243' title='bbox 665 3133 741 3207; x_wconf 89' lang='lat' dir='ltr'>prior</span> <span class='ocrx_word' id='word_1_244' title='bbox 753 3148 798 3188; x_wconf 87' lang='lat' dir='ltr'>me</span> <span class='ocrx_word' id='word_1_245' title='bbox 810 3146 903 3187; x_wconf 88' lang='lat' dir='ltr'>amare</span> <span class='ocrx_word' id='word_1_246' title='bbox 957 3133 1007 3188; x_wconf 87' lang='lat' dir='ltr'>Est</span> <span class='ocrx_word' id='word_1_247' title='bbox 1022 3141 1112 3191; x_wconf 89' lang='lat' dir='ltr'>autem</span> <span class='ocrx_word' id='word_1_248' title='bbox 1128 3134 1218 3202; x_wconf 87' lang='lat' dir='ltr'>lectio,</span> <span class='ocrx_word' id='word_1_249' title='bbox 1246 3135 1340 3193; x_wconf 89' lang='lat' dir='ltr'>sedula</span> <span class='ocrx_word' id='word_1_250' title='bbox 1369 3136 1568 3209; x_wconf 81' lang='lat' dir='ltr'>scripturarum</span> <span class='ocrx_word' id='word_1_251' title='bbox 1582 3155 1645 3194; x_wconf 89' lang='lat' dir='ltr'>cnm</span> <span class='ocrx_word' id='word_1_252' title='bbox 1672 3136 1756 3196; x_wconf 87' lang='lat' dir='ltr'>animi</span> 
     </span>
     <span class='ocr_line' id='line_1_27' title="bbox 108 3220 1758 3301; baseline -0.002 -17"><span class='ocrx_word' id='word_1_253' title='bbox 108 3226 265 3301; x_wconf 73' lang='lat' dir='ltr'>incoepisti:</span> <span class='ocrx_word' id='word_1_254' title='bbox 281 3235 310 3284; x_wconf 89' lang='lat' dir='ltr'>et</span> <span class='ocrx_word' id='word_1_255' title='bbox 328 3224 481 3283; x_wconf 81' lang='lat' dir='ltr'>rescribere</span> <span class='ocrx_word' id='word_1_256' title='bbox 496 3224 544 3281; x_wconf 90' lang='lat' dir='ltr'>tibi</span> <span class='ocrx_word' id='word_1_257' title='bbox 553 3223 712 3295; x_wconf 88' lang='lat' dir='ltr'>compellor,</span> <span class='ocrx_word' id='word_1_258' title='bbox 727 3222 791 3295; x_wconf 86' lang='lat' dir='ltr'>quia</span> <span class='ocrx_word' id='word_1_259' title='bbox 804 3220 903 3276; x_wconf 90' lang='lat' dir='ltr'>litteris</span> <span class='ocrx_word' id='word_1_260' title='bbox 958 3221 1110 3279; x_wconf 87' lang='lat' dir='ltr'>intentione</span> <span class='ocrx_word' id='word_1_261' title='bbox 1125 3223 1267 3294; x_wconf 87' lang='lat' dir='ltr'>inspectio.</span> <span class='ocrx_word' id='word_1_262' title='bbox 1283 3223 1433 3291; x_wconf 85' lang='lat' dir='ltr'>lleditatio,</span> <span class='ocrx_word' id='word_1_263' title='bbox 1450 3233 1492 3280; x_wconf 90' lang='lat' dir='ltr'>est</span> <span class='ocrx_word' id='word_1_264' title='bbox 1515 3226 1637 3283; x_wconf 88' lang='lat' dir='ltr'>studiosa</span> <span class='ocrx_word' id='word_1_265' title='bbox 1658 3227 1758 3282; x_wconf 79' lang='lat' dir='ltr'>mentis</span> 
     </span>
     <span class='ocr_line' id='line_1_28' title="bbox 109 3310 1758 3389; baseline -0.001 -17"><span class='ocrx_word' id='word_1_266' title='bbox 109 3315 163 3372; x_wconf 90' lang='lat' dir='ltr'>tuis</span> <span class='ocrx_word' id='word_1_267' title='bbox 175 3313 395 3371; x_wconf 86' lang='lat' dir='ltr'>adscribendum</span> <span class='ocrx_word' id='word_1_268' title='bbox 403 3328 446 3369; x_wconf 88' lang='lat' dir='ltr'>rua</span> <span class='ocrx_word' id='word_1_269' title='bbox 455 3312 532 3386; x_wconf 87' lang='lat' dir='ltr'>prius</span> <span class='ocrx_word' id='word_1_270' title='bbox 540 3311 671 3368; x_wconf 83' lang='lat' dir='ltr'>invitasti.</span> <span class='ocrx_word' id='word_1_271' title='bbox 681 3310 812 3381; x_wconf 73' lang='lat' dir='ltr'>Quaedam</span> <span class='ocrx_word' id='word_1_272' title='bbox 822 3324 901 3381; x_wconf 81' lang='lat' dir='ltr'>crgo,</span> <span class='ocrx_word' id='word_1_273' title='bbox 959 3310 1038 3375; x_wconf 84' lang='lat' dir='ltr'>actio,</span> <span class='ocrx_word' id='word_1_274' title='bbox 1057 3311 1168 3369; x_wconf 78' lang='lat' dir='ltr'>occulta</span> <span class='ocrx_word' id='word_1_275' title='bbox 1188 3313 1310 3369; x_wconf 89' lang='lat' dir='ltr'>veritatis</span> <span class='ocrx_word' id='word_1_276' title='bbox 1335 3313 1458 3369; x_wconf 89' lang='lat' dir='ltr'>notitiam</span> <span class='ocrx_word' id='word_1_277' title='bbox 1472 3314 1554 3370; x_wconf 90' lang='lat' dir='ltr'>ductu</span> <span class='ocrx_word' id='word_1_278' title='bbox 1582 3316 1701 3389; x_wconf 76' lang='lat' dir='ltr'>propria</span> <span class='ocrx_word' id='word_1_279' title='bbox 1715 3332 1758 3371; x_wconf 90' lang='lat' dir='ltr'>ra·</span> 
     </span>
    </p>
   </div>
   <div class='ocr_carea' id='block_1_10' title="bbox 8 3398 1759 3478">
    <p class='ocr_par' dir='ltr' id='par_1_11' title="bbox 8 3398 1759 3478">
     <span class='ocr_line' id='line_1_29' title="bbox 8 3398 1759 3478; baseline 0.005 -24"><span class='ocrx_word' id='word_1_280' title='bbox 8 3446 12 3454; x_wconf 82' lang='lat'>.</span> <span class='ocrx_word' id='word_1_281' title='bbox 108 3418 170 3478; x_wconf 77' lang='lat' dir='ltr'>quae</span> <span class='ocrx_word' id='word_1_282' title='bbox 188 3404 224 3459; x_wconf 87' lang='lat' dir='ltr'>de</span> <span class='ocrx_word' id='word_1_283' title='bbox 245 3401 378 3474; x_wconf 80' lang='lat' dir='ltr'>spirituali</span> <span class='ocrx_word' id='word_1_284' title='bbox 398 3400 527 3458; x_wconf 89' lang='lat' dir='ltr'>exercitio</span> <span class='ocrx_word' id='word_1_285' title='bbox 535 3399 720 3458; x_wconf 87' lang='lat' dir='ltr'>claustralium</span> <span class='ocrx_word' id='word_1_286' title='bbox 728 3398 905 3474; x_wconf 83' lang='lat' dir='ltr'>excogitaue-</span> <span class='ocrx_word' id='word_1_287' title='bbox 960 3399 1042 3455; x_wconf 91' lang='lat' dir='ltr'>tionis</span> <span class='ocrx_word' id='word_1_288' title='bbox 1055 3400 1234 3475; x_wconf 73' lang='lat' dir='ltr'>investigans.</span> <span class='ocrx_word' id='word_1_289' title='bbox 1250 3401 1352 3470; x_wconf 82' lang='lat' dir='ltr'>Oratio,</span> <span class='ocrx_word' id='word_1_290' title='bbox 1369 3411 1411 3458; x_wconf 85' lang='lat' dir='ltr'>est</span> <span class='ocrx_word' id='word_1_291' title='bbox 1426 3404 1524 3458; x_wconf 84' lang='lat' dir='ltr'>devota</span> <span class='ocrx_word' id='word_1_292' title='bbox 1540 3404 1629 3461; x_wconf 88' lang='lat' dir='ltr'>cordia</span> <span class='ocrx_word' id='word_1_293' title='bbox 1643 3405 1759 3464; x_wconf 88' lang='lat' dir='ltr'>intentio</span> 
     </span>
    </p>
   </div>
   <div class='ocr_carea' id='block_1_11' title="bbox 58 3485 1768 5247">
    <p class='ocr_par' dir='ltr' id='par_1_12' title="bbox 58 3485 1768 5247">
     <span class='ocr_line' id='line_1_30' title="bbox 110 3485 1759 3563; baseline -0.001 -12"><span class='ocrx_word' id='word_1_294' title='bbox 110 3508 178 3561; x_wconf 76' lang='lat' dir='ltr'>nm,</span> <span class='ocrx_word' id='word_1_295' title='bbox 194 3491 378 3548; x_wconf 81' lang='lat' dir='ltr'>transmittere</span> <span class='ocrx_word' id='word_1_296' title='bbox 392 3489 541 3561; x_wconf 91' lang='lat' dir='ltr'>proposui:</span> <span class='ocrx_word' id='word_1_297' title='bbox 557 3496 588 3545; x_wconf 88' lang='lat' dir='ltr'>nt</span> <span class='ocrx_word' id='word_1_298' title='bbox 601 3489 648 3562; x_wconf 85' lang='lat' dir='ltr'>qui</span> <span class='ocrx_word' id='word_1_299' title='bbox 661 3487 724 3544; x_wconf 87' lang='lat' dir='ltr'>talia</span> <span class='ocrx_word' id='word_1_300' title='bbox 738 3485 906 3561; x_wconf 89' lang='lat' dir='ltr'>experiendo</span> <span class='ocrx_word' id='word_1_301' title='bbox 960 3488 988 3543; x_wconf 91' lang='lat' dir='ltr'>in</span> <span class='ocrx_word' id='word_1_302' title='bbox 1002 3490 1090 3546; x_wconf 90' lang='lat' dir='ltr'>Deum</span> <span class='ocrx_word' id='word_1_303' title='bbox 1105 3506 1153 3561; x_wconf 91' lang='lat' dir='ltr'>pro</span> <span class='ocrx_word' id='word_1_304' title='bbox 1167 3491 1243 3546; x_wconf 89' lang='lat' dir='ltr'>malis</span> <span class='ocrx_word' id='word_1_305' title='bbox 1256 3489 1345 3548; x_wconf 75' lang='lat'>818</span> <span class='ocrx_word' id='word_1_306' title='bbox 1359 3495 1526 3563; x_wconf 85' lang='lat' dir='ltr'>amovendis,</span> <span class='ocrx_word' id='word_1_307' title='bbox 1550 3501 1577 3550; x_wconf 87' lang='lat' dir='ltr'>et</span> <span class='ocrx_word' id='word_1_308' title='bbox 1596 3495 1675 3550; x_wconf 89' lang='lat' dir='ltr'>bonis</span> <span class='ocrx_word' id='word_1_309' title='bbox 1695 3495 1759 3551; x_wconf 89' lang='lat' dir='ltr'>adi-</span> 
     </span>
     <span class='ocr_line' id='line_1_31' title="bbox 110 3576 1759 3651; baseline 0.001 -13"><span class='ocrx_word' id='word_1_310' title='bbox 110 3579 216 3646; x_wconf 75' lang='lat' dir='ltr'>meum,</span> <span class='ocrx_word' id='word_1_311' title='bbox 233 3594 315 3651; x_wconf 87' lang='lat' dir='ltr'>quam</span> <span class='ocrx_word' id='word_1_312' title='bbox 329 3593 382 3651; x_wconf 88' lang='lat' dir='ltr'>ego</span> <span class='ocrx_word' id='word_1_313' title='bbox 400 3577 553 3643; x_wconf 85' lang='lat' dir='ltr'>tractando,</span> <span class='ocrx_word' id='word_1_314' title='bbox 573 3576 700 3642; x_wconf 88' lang='lat' dir='ltr'>didicisti,</span> <span class='ocrx_word' id='word_1_315' title='bbox 721 3590 841 3633; x_wconf 89' lang='lat' dir='ltr'>mearum</span> <span class='ocrx_word' id='word_1_316' title='bbox 858 3576 906 3646; x_wconf 87' lang='lat' dir='ltr'>ju·</span> <span class='ocrx_word' id='word_1_317' title='bbox 961 3578 1108 3649; x_wconf 74' lang='lat' dir='ltr'>piareudis.</span> <span class='ocrx_word' id='word_1_318' title='bbox 1124 3578 1334 3650; x_wconf 88' lang='lat' dir='ltr'>Contemplatio,</span> <span class='ocrx_word' id='word_1_319' title='bbox 1350 3590 1390 3637; x_wconf 86' lang='lat' dir='ltr'>est</span> <span class='ocrx_word' id='word_1_320' title='bbox 1414 3583 1515 3638; x_wconf 85' lang='lat' dir='ltr'>mentis</span> <span class='ocrx_word' id='word_1_321' title='bbox 1536 3581 1564 3637; x_wconf 90' lang='lat' dir='ltr'>iu</span> <span class='ocrx_word' id='word_1_322' title='bbox 1583 3582 1671 3639; x_wconf 87' lang='lat' dir='ltr'>Deum</span> <span class='ocrx_word' id='word_1_323' title='bbox 1695 3596 1759 3639; x_wconf 88' lang='lat' dir='ltr'>sns-</span> 
     </span>
     <span class='ocr_line' id='line_1_32' title="bbox 111 3665 1761 3744; baseline 0.001 -19"><span class='ocrx_word' id='word_1_324' title='bbox 111 3669 165 3734; x_wconf 85' lang='lat' dir='ltr'>dex</span> <span class='ocrx_word' id='word_1_325' title='bbox 179 3665 218 3724; x_wconf 86' lang='lat' dir='ltr'>sis</span> <span class='ocrx_word' id='word_1_326' title='bbox 231 3666 426 3741; x_wconf 74' lang='lat' dir='ltr'>cogitationum</span> <span class='ocrx_word' id='word_1_327' title='bbox 449 3675 476 3722; x_wconf 89' lang='lat' dir='ltr'>et</span> <span class='ocrx_word' id='word_1_328' title='bbox 497 3674 647 3723; x_wconf 86' lang='lat' dir='ltr'>corrector.</span> <span class='ocrx_word' id='word_1_329' title='bbox 670 3665 706 3720; x_wconf 80' lang='lat' dir='ltr'>itt</span> <span class='ocrx_word' id='word_1_330' title='bbox 728 3665 826 3721; x_wconf 88' lang='lat' dir='ltr'>merito</span> <span class='ocrx_word' id='word_1_331' title='bbox 849 3665 907 3719; x_wconf 86' lang='lat' dir='ltr'>baec</span> <span class='ocrx_word' id='word_1_332' title='bbox 960 3682 1054 3738; x_wconf 85' lang='lat' dir='ltr'>pensae</span> <span class='ocrx_word' id='word_1_333' title='bbox 1081 3667 1206 3729; x_wconf 86' lang='lat' dir='ltr'>elevatio,</span> <span class='ocrx_word' id='word_1_334' title='bbox 1235 3675 1344 3722; x_wconf 78' lang='lat' dir='ltr'>mternae</span> <span class='ocrx_word' id='word_1_335' title='bbox 1369 3669 1519 3727; x_wconf 88' lang='lat' dir='ltr'>dulcedinis</span> <span class='ocrx_word' id='word_1_336' title='bbox 1547 3668 1645 3743; x_wconf 84' lang='lat' dir='ltr'>gandia</span> <span class='ocrx_word' id='word_1_337' title='bbox 1673 3672 1761 3744; x_wconf 85' lang='lat' dir='ltr'>degu-</span> 
     </span>
     <span class='ocr_line' id='line_1_33' title="bbox 112 3750 1047 3827; baseline -0.002 -15"><span class='ocrx_word' id='word_1_338' title='bbox 112 3755 197 3813; x_wconf 88' lang='lat' dir='ltr'>uostri</span> <span class='ocrx_word' id='word_1_339' title='bbox 218 3753 320 3810; x_wconf 86' lang='lat' dir='ltr'>laboris</span> <span class='ocrx_word' id='word_1_340' title='bbox 333 3753 411 3810; x_wconf 89' lang='lat' dir='ltr'>initia</span> <span class='ocrx_word' id='word_1_341' title='bbox 431 3753 478 3810; x_wconf 91' lang='lat' dir='ltr'>tibi</span> <span class='ocrx_word' id='word_1_342' title='bbox 493 3753 617 3827; x_wconf 88' lang='lat' dir='ltr'>primitus</span> <span class='ocrx_word' id='word_1_343' title='bbox 630 3752 729 3820; x_wconf 87' lang='lat' dir='ltr'>ollero,</span> <span class='ocrx_word' id='word_1_344' title='bbox 748 3761 779 3810; x_wconf 89' lang='grc' dir='ltr'>ιιι</span> <span class='ocrx_word' id='word_1_345' title='bbox 792 3750 908 3809; x_wconf 76' lang='lat' dir='ltr'>novelle</span> <span class='ocrx_word' id='word_1_346' title='bbox 962 3763 1047 3810; x_wconf 87' lang='lat' dir='ltr'>stans.</span> 
     </span>
     <span class='ocr_line' id='line_1_34' title="bbox 111 3839 1564 3917; baseline 0.002 -16"><span class='ocrx_word' id='word_1_347' title='bbox 111 3842 284 3915; x_wconf 82' lang='lat' dir='ltr'>plantationis</span> <span class='ocrx_word' id='word_1_348' title='bbox 296 3842 447 3917; x_wconf 84' lang='lat' dir='ltr'>primitivos</span> <span class='ocrx_word' id='word_1_349' title='bbox 464 3840 705 3915; x_wconf 82' lang='lat' dir='ltr'>tructuscolligas:</span> <span class='ocrx_word' id='word_1_350' title='bbox 721 3841 849 3915; x_wconf 87' lang='lat' dir='ltr'>quoniam</span> <span class='ocrx_word' id='word_1_351' title='bbox 858 3839 909 3896; x_wconf 87' lang='lat' dir='ltr'>de-</span> <span class='ocrx_word' id='word_1_352' title='bbox 1277 3845 1390 3903; x_wconf 76' lang='lat' dir='ltr'><strong>CAPUT</strong></span> <span class='ocrx_word' id='word_1_353' title='bbox 1407 3847 1440 3902; x_wconf 94' lang='lat' dir='ltr'>ll.</span> <span class='ocrx_word' id='word_1_354' title='bbox 1553 3880 1564 3904; x_wconf 68' lang='grc' dir='ltr'>ι</span> 
     </span>
     <span class='ocr_line' id='line_1_35' title="bbox 112 3928 1683 4011; baseline 0.003 -22"><span class='ocrx_word' id='word_1_355' title='bbox 112 3933 243 3989; x_wconf 78' lang='lat' dir='ltr'>servitute</span> <span class='ocrx_word' id='word_1_356' title='bbox 257 3930 415 3996; x_wconf 86' lang='lat' dir='ltr'>Pharaonis,</span> <span class='ocrx_word' id='word_1_357' title='bbox 432 3938 458 3987; x_wconf 92' lang='lat' dir='ltr'>te</span> <span class='ocrx_word' id='word_1_358' title='bbox 472 3931 587 3988; x_wconf 89' lang='lat' dir='ltr'>delicata</span> <span class='ocrx_word' id='word_1_359' title='bbox 610 3929 757 3988; x_wconf 85' lang='lat' dir='ltr'>solitudine</span> <span class='ocrx_word' id='word_1_360' title='bbox 780 3928 908 3985; x_wconf 90' lang='lat' dir='ltr'>laudabili</span> <span class='ocrx_word' id='word_1_361' title='bbox 979 3936 982 3943; x_wconf 88' lang='lat'>&#39;</span> <span class='ocrx_word' id='word_1_362' title='bbox 1041 3932 1199 4005; x_wconf 82' lang='lat' dir='ltr'>Descriptio</span> <span class='ocrx_word' id='word_1_363' title='bbox 1214 3935 1373 4004; x_wconf 74' lang='lat' dir='ltr'>officiorum</span> <span class='ocrx_word' id='word_1_364' title='bbox 1387 3941 1506 4009; x_wconf 83' lang='lat' dir='ltr'>quotuor</span> <span class='ocrx_word' id='word_1_365' title='bbox 1533 3936 1683 4011; x_wconf 78' lang='lat' dir='ltr'>graduum.</span> 
     </span>
     <span class='ocr_line' id='line_1_36' title="bbox 113 3998 1757 4100; baseline 0.003 -21"><span class='ocrx_word' id='word_1_366' title='bbox 113 4020 186 4079; x_wconf 77' lang='lat' dir='ltr'>iusto</span> <span class='ocrx_word' id='word_1_367' title='bbox 199 4018 359 4091; x_wconf 87' lang='lat' dir='ltr'>surripiens,</span> <span class='ocrx_word' id='word_1_368' title='bbox 378 4019 407 4075; x_wconf 91' lang='lat' dir='ltr'>in</span> <span class='ocrx_word' id='word_1_369' title='bbox 426 4019 552 4076; x_wconf 88' lang='lat' dir='ltr'>ordinata</span> <span class='ocrx_word' id='word_1_370' title='bbox 570 4028 723 4076; x_wconf 87' lang='lat' dir='ltr'>castrorum</span> <span class='ocrx_word' id='word_1_371' title='bbox 743 4018 802 4075; x_wconf 88' lang='lat' dir='ltr'>acie</span> <span class='ocrx_word' id='word_1_372' title='bbox 822 3998 945 4077; x_wconf 69' lang='lat' dir='ltr'>collo-0</span> <span class='ocrx_word' id='word_1_373' title='bbox 999 4025 1025 4077; x_wconf 74' lang='lat' dir='ltr'>i.</span> <span class='ocrx_word' id='word_1_374' title='bbox 1049 4020 1200 4093; x_wconf 68' lang='lat' dir='ltr'>assignatis</span> <span class='ocrx_word' id='word_1_375' title='bbox 1219 4037 1285 4094; x_wconf 88' lang='lat' dir='ltr'>ergo</span> <span class='ocrx_word' id='word_1_376' title='bbox 1303 4030 1419 4096; x_wconf 88' lang='lat' dir='ltr'>quatuor</span> <span class='ocrx_word' id='word_1_377' title='bbox 1440 4026 1573 4100; x_wconf 88' lang='lat' dir='ltr'>graduum</span> <span class='ocrx_word' id='word_1_378' title='bbox 1593 4027 1757 4100; x_wconf 88' lang='lat' dir='ltr'>descriptio·</span> 
     </span>
     <span class='ocr_line' id='line_1_37' title="bbox 85 4104 1762 4190; baseline 0.002 -24"><span class='ocrx_word' id='word_1_379' title='bbox 85 4104 89 4119; x_wconf 82' lang='lat'>‘</span> <span class='ocrx_word' id='word_1_380' title='bbox 113 4108 196 4166; x_wconf 77' lang='lat' dir='ltr'>ansb:</span> <span class='ocrx_word' id='word_1_381' title='bbox 211 4124 316 4165; x_wconf 75' lang='lat' dir='ltr'>murum</span> <span class='ocrx_word' id='word_1_382' title='bbox 340 4107 376 4165; x_wconf 91' lang='lat' dir='ltr'>de</span> <span class='ocrx_word' id='word_1_383' title='bbox 396 4109 515 4166; x_wconf 90' lang='lat' dir='ltr'>oleastro</span> <span class='ocrx_word' id='word_1_384' title='bbox 534 4107 679 4164; x_wconf 85' lang='lat' dir='ltr'>artificiose</span> <span class='ocrx_word' id='word_1_385' title='bbox 702 4107 822 4163; x_wconf 88' lang='lat' dir='ltr'>excisum</span> <span class='ocrx_word' id='word_1_386' title='bbox 844 4122 909 4179; x_wconf 88' lang='lat' dir='ltr'>pru-</span> <span class='ocrx_word' id='word_1_387' title='bbox 964 4108 1054 4174; x_wconf 86' lang='lat' dir='ltr'>nibus,</span> <span class='ocrx_word' id='word_1_388' title='bbox 1070 4113 1152 4164; x_wconf 89' lang='lat' dir='ltr'>restat</span> <span class='ocrx_word' id='word_1_389' title='bbox 1167 4118 1300 4167; x_wconf 88' lang='lat' dir='ltr'>uteorum</span> <span class='ocrx_word' id='word_1_390' title='bbox 1314 4109 1401 4166; x_wconf 84' lang='lat' dir='ltr'>officia</span> <span class='ocrx_word' id='word_1_391' title='bbox 1411 4112 1561 4169; x_wconf 85' lang='lat' dir='ltr'>videamus.</span> <span class='ocrx_word' id='word_1_392' title='bbox 1578 4116 1667 4172; x_wconf 76' lang='lat' dir='ltr'>Beata</span> <span class='ocrx_word' id='word_1_393' title='bbox 1678 4115 1762 4190; x_wconf 87' lang='lat' dir='ltr'>igitur</span> 
     </span>
     <span class='ocr_line' id='line_1_38' title="bbox 115 4196 1760 4273; baseline 0.002 -19"><span class='ocrx_word' id='word_1_394' title='bbox 115 4197 214 4254; x_wconf 88' lang='lat' dir='ltr'>deuter</span> <span class='ocrx_word' id='word_1_395' title='bbox 223 4196 349 4254; x_wconf 88' lang='lat' dir='ltr'>inserens</span> <span class='ocrx_word' id='word_1_396' title='bbox 362 4197 391 4252; x_wconf 92' lang='lat' dir='ltr'>in</span> <span class='ocrx_word' id='word_1_397' title='bbox 410 4197 491 4255; x_wconf 82' lang='lat' dir='ltr'>oliva.</span> <span class='ocrx_word' id='word_1_398' title='bbox 964 4199 1025 4255; x_wconf 76' lang='lat' dir='ltr'>vita</span> <span class='ocrx_word' id='word_1_399' title='bbox 1048 4197 1220 4256; x_wconf 86' lang='lat' dir='ltr'>dulcedinem</span> <span class='ocrx_word' id='word_1_400' title='bbox 1241 4201 1322 4256; x_wconf 90' lang='lat' dir='ltr'>lectio</span> <span class='ocrx_word' id='word_1_401' title='bbox 1341 4202 1462 4273; x_wconf 88' lang='lat' dir='ltr'>inquirit,</span> <span class='ocrx_word' id='word_1_402' title='bbox 1482 4203 1623 4258; x_wconf 89' lang='lat' dir='ltr'>meditatio</span> <span class='ocrx_word' id='word_1_403' title='bbox 1643 4204 1760 4267; x_wconf 84' lang='lat' dir='ltr'>invenit,</span> 
     </span>
     <span class='ocr_line' id='line_1_39' title="bbox 373 4282 1763 4364; baseline 0.004 -22"><span class='ocrx_word' id='word_1_404' title='bbox 373 4285 488 4342; x_wconf 78' lang='lat' dir='ltr'>CAPUT</span> <span class='ocrx_word' id='word_1_405' title='bbox 506 4282 649 4340; x_wconf 81' lang='lat' dir='ltr'>Plilllllll.</span> <span class='ocrx_word' id='word_1_406' title='bbox 964 4287 1051 4345; x_wconf 90' lang='lat' dir='ltr'>oratio</span> <span class='ocrx_word' id='word_1_407' title='bbox 1072 4288 1199 4359; x_wconf 90' lang='lat' dir='ltr'>postulat,</span> <span class='ocrx_word' id='word_1_408' title='bbox 1223 4289 1415 4360; x_wconf 89' lang='lat' dir='ltr'>contemplatio</span> <span class='ocrx_word' id='word_1_409' title='bbox 1439 4290 1575 4364; x_wconf 80' lang='lat' dir='ltr'>degustat.</span> <span class='ocrx_word' id='word_1_410' title='bbox 1600 4293 1680 4349; x_wconf 84' lang='lat' dir='ltr'>Unde</span> <span class='ocrx_word' id='word_1_411' title='bbox 1703 4291 1763 4364; x_wconf 88' lang='lat' dir='ltr'>ipse</span> 
     </span>
     <span class='ocr_line' id='line_1_40' title="bbox 149 4371 1762 4451; baseline 0.003 -20"><span class='ocrx_word' id='word_1_412' title='bbox 149 4373 310 4448; x_wconf 81' lang='lat' dir='ltr'>Descriptio</span> <span class='ocrx_word' id='word_1_413' title='bbox 319 4376 444 4447; x_wconf 79' lang='lat' dir='ltr'>quotuor</span> <span class='ocrx_word' id='word_1_414' title='bbox 456 4373 596 4445; x_wconf 78' lang='lat' dir='ltr'>precluum</span> <span class='ocrx_word' id='word_1_415' title='bbox 603 4371 864 4434; x_wconf 71' lang='lat' dir='ltr'>assuetissimum</span> <span class='ocrx_word' id='word_1_416' title='bbox 965 4376 1096 4432; x_wconf 88' lang='lat' dir='ltr'>Dominus</span> <span class='ocrx_word' id='word_1_417' title='bbox 1119 4377 1201 4433; x_wconf 88' lang='lat' dir='ltr'>dicit:</span> <span class='ocrx_word' id='word_1_418' title='bbox 1219 4379 1352 4447; x_wconf 81' lang='lat' dir='ltr'>Quoerite,</span> <span class='ocrx_word' id='word_1_419' title='bbox 1376 4383 1405 4435; x_wconf 85' lang='lat' dir='ltr'>et</span> <span class='ocrx_word' id='word_1_420' title='bbox 1418 4378 1580 4449; x_wconf 82' lang='lat' dir='ltr'>inuenietis,</span> <span class='ocrx_word' id='word_1_421' title='bbox 1595 4382 1717 4451; x_wconf 80' lang='lat' dir='ltr'>pulsate,</span> <span class='ocrx_word' id='word_1_422' title='bbox 1733 4383 1762 4438; x_wconf 84' lang='lat' dir='ltr'>et</span> 
     </span>
     <span class='ocr_line' id='line_1_41' title="bbox 404 4460 1763 4541; baseline 0.005 -23"><span class='ocrx_word' id='word_1_423' title='bbox 404 4460 618 4534; x_wconf 80' lang='lat' dir='ltr'>spiritualium.</span> <span class='ocrx_word' id='word_1_424' title='bbox 965 4466 1109 4539; x_wconf 82' lang='lat' dir='ltr'>operietur</span> <span class='ocrx_word' id='word_1_425' title='bbox 1120 4464 1195 4522; x_wconf 84' lang='lat' dir='ltr'>trebia</span> <span class='ocrx_word' id='word_1_426' title='bbox 1210 4466 1322 4536; x_wconf 84' lang='lat' dir='ltr'>(llcttb.</span> <span class='ocrx_word' id='word_1_427' title='bbox 1340 4482 1390 4531; x_wconf 86' lang='lat' dir='ltr'>vu,</span> <span class='ocrx_word' id='word_1_428' title='bbox 1404 4469 1440 4534; x_wconf 72' lang='lat' dir='ltr'>t).</span> <span class='ocrx_word' id='word_1_429' title='bbox 1456 4466 1575 4536; x_wconf 78' lang='lat' dir='ltr'>eraerite</span> <span class='ocrx_word' id='word_1_430' title='bbox 1591 4467 1719 4541; x_wconf 77' lang='lat' dir='ltr'>legendo,</span> <span class='ocrx_word' id='word_1_431' title='bbox 1736 4480 1763 4525; x_wconf 84' lang='lat' dir='ltr'>et</span> 
     </span>
     <span class='ocr_line' id='line_1_42' title="bbox 153 4549 1765 4629; baseline 0.005 -24"><span class='ocrx_word' id='word_1_432' title='bbox 153 4550 174 4605; x_wconf 92' lang='lat'>1.</span> <span class='ocrx_word' id='word_1_433' title='bbox 199 4551 265 4606; x_wconf 88' lang='lat' dir='ltr'>Cum</span> <span class='ocrx_word' id='word_1_434' title='bbox 286 4552 330 4607; x_wconf 89' lang='lat' dir='ltr'>die</span> <span class='ocrx_word' id='word_1_435' title='bbox 354 4552 482 4623; x_wconf 84' lang='lat' dir='ltr'>quadam,</span> <span class='ocrx_word' id='word_1_436' title='bbox 508 4549 642 4623; x_wconf 88' lang='lat' dir='ltr'>corporali</span> <span class='ocrx_word' id='word_1_437' title='bbox 663 4565 791 4606; x_wconf 89' lang='lat' dir='ltr'>manuum</span> <span class='ocrx_word' id='word_1_438' title='bbox 818 4550 911 4606; x_wconf 88' lang='lat' dir='ltr'>labore</span> <span class='ocrx_word' id='word_1_439' title='bbox 966 4554 1110 4611; x_wconf 86' lang='lat' dir='ltr'>invenietis</span> <span class='ocrx_word' id='word_1_440' title='bbox 1125 4554 1297 4611; x_wconf 86' lang='lat' dir='ltr'>meditando:</span> <span class='ocrx_word' id='word_1_441' title='bbox 1314 4555 1545 4626; x_wconf 88' lang='lat' dir='ltr'>pulsateorando,</span> <span class='ocrx_word' id='word_1_442' title='bbox 1575 4565 1604 4612; x_wconf 86' lang='lat' dir='ltr'>ct</span> <span class='ocrx_word' id='word_1_443' title='bbox 1623 4557 1765 4629; x_wconf 87' lang='lat' dir='ltr'>aperietur</span> 
     </span>
     <span class='ocr_line' id='line_1_43' title="bbox 117 4638 1764 4715; baseline 0.007 -23"><span class='ocrx_word' id='word_1_444' title='bbox 117 4647 274 4709; x_wconf 77' lang='lat' dir='ltr'>occupatus,</span> <span class='ocrx_word' id='word_1_445' title='bbox 288 4640 323 4694; x_wconf 95' lang='lat' dir='ltr'>de</span> <span class='ocrx_word' id='word_1_446' title='bbox 338 4639 486 4712; x_wconf 89' lang='lat' dir='ltr'>spiritualis</span> <span class='ocrx_word' id='word_1_447' title='bbox 502 4639 622 4696; x_wconf 90' lang='lat' dir='ltr'>bominis</span> <span class='ocrx_word' id='word_1_448' title='bbox 641 4638 771 4696; x_wconf 87' lang='lat' dir='ltr'>exercitio</span> <span class='ocrx_word' id='word_1_449' title='bbox 790 4639 912 4713; x_wconf 89' lang='lat' dir='ltr'>cogitare</span> <span class='ocrx_word' id='word_1_450' title='bbox 967 4642 1043 4699; x_wconf 85' lang='lat' dir='ltr'>robis</span> <span class='ocrx_word' id='word_1_451' title='bbox 1062 4641 1283 4715; x_wconf 88' lang='lat' dir='ltr'>contemplando.</span> <span class='ocrx_word' id='word_1_452' title='bbox 1302 4642 1394 4699; x_wconf 84' lang='lat' dir='ltr'>Lectio</span> <span class='ocrx_word' id='word_1_453' title='bbox 1423 4644 1500 4715; x_wconf 88' lang='lat' dir='ltr'>qnasi</span> <span class='ocrx_word' id='word_1_454' title='bbox 1527 4644 1643 4701; x_wconf 86' lang='lat' dir='ltr'>solidum</span> <span class='ocrx_word' id='word_1_455' title='bbox 1674 4646 1764 4703; x_wconf 89' lang='lat' dir='ltr'>cibum</span> 
     </span>
     <span class='ocr_line' id='line_1_44' title="bbox 116 4725 1765 4806; baseline 0.007 -25"><span class='ocrx_word' id='word_1_456' title='bbox 116 4725 271 4798; x_wconf 68' lang='lat' dir='ltr'>cepissem,</span> <span class='ocrx_word' id='word_1_457' title='bbox 296 4733 414 4801; x_wconf 85' lang='lat' dir='ltr'>quatuor</span> <span class='ocrx_word' id='word_1_458' title='bbox 436 4727 592 4798; x_wconf 85' lang='lat' dir='ltr'>spirituales</span> <span class='ocrx_word' id='word_1_459' title='bbox 619 4729 721 4800; x_wconf 85' lang='lat' dir='ltr'>gradus</span> <span class='ocrx_word' id='word_1_460' title='bbox 749 4729 840 4786; x_wconf 87' lang='lat' dir='ltr'>animo</span> <span class='ocrx_word' id='word_1_461' title='bbox 866 4745 913 4788; x_wconf 84' lang='lat' dir='ltr'>eo-</span> <span class='ocrx_word' id='word_1_462' title='bbox 967 4731 1009 4788; x_wconf 89' lang='lat' dir='ltr'>ori</span> <span class='ocrx_word' id='word_1_463' title='bbox 1018 4732 1148 4803; x_wconf 90' lang='lat' dir='ltr'>apponit:</span> <span class='ocrx_word' id='word_1_464' title='bbox 1174 4732 1313 4789; x_wconf 88' lang='lat' dir='ltr'>meditatio</span> <span class='ocrx_word' id='word_1_465' title='bbox 1337 4733 1459 4790; x_wconf 86' lang='lat' dir='ltr'>masticat</span> <span class='ocrx_word' id='word_1_466' title='bbox 1482 4744 1510 4789; x_wconf 86' lang='lat' dir='ltr'>et</span> <span class='ocrx_word' id='word_1_467' title='bbox 1532 4733 1652 4806; x_wconf 85' lang='lat' dir='ltr'>trangit:</span> <span class='ocrx_word' id='word_1_468' title='bbox 1677 4735 1765 4793; x_wconf 76' lang='lat' dir='ltr'>oratio</span> 
     </span>
     <span class='ocr_line' id='line_1_45' title="bbox 117 4813 1766 4896; baseline 0.007 -27"><span class='ocrx_word' id='word_1_469' title='bbox 117 4813 214 4893; x_wconf 74' lang='lat' dir='ltr'>giunti</span> <span class='ocrx_word' id='word_1_470' title='bbox 228 4829 258 4870; x_wconf 90' lang='lat' dir='ltr'>se</span> <span class='ocrx_word' id='word_1_471' title='bbox 272 4815 362 4872; x_wconf 89' lang='lat' dir='ltr'>subito</span> <span class='ocrx_word' id='word_1_472' title='bbox 380 4817 556 4874; x_wconf 90' lang='lat' dir='ltr'>obtulerunt:</span> <span class='ocrx_word' id='word_1_473' title='bbox 572 4815 685 4882; x_wconf 86' lang='lat' dir='ltr'>scilicet,</span> <span class='ocrx_word' id='word_1_474' title='bbox 696 4816 788 4884; x_wconf 88' lang='lat' dir='ltr'>lectio,</span> <span class='ocrx_word' id='word_1_475' title='bbox 800 4818 914 4876; x_wconf 89' lang='lat' dir='ltr'>medita·</span> <span class='ocrx_word' id='word_1_476' title='bbox 968 4835 1093 4890; x_wconf 86' lang='lat' dir='ltr'>saporem</span> <span class='ocrx_word' id='word_1_477' title='bbox 1103 4820 1235 4893; x_wconf 87' lang='lat' dir='ltr'>acquirit:</span> <span class='ocrx_word' id='word_1_478' title='bbox 1252 4821 1443 4892; x_wconf 85' lang='lat' dir='ltr'>contemplatio</span> <span class='ocrx_word' id='word_1_479' title='bbox 1453 4832 1496 4878; x_wconf 91' lang='lat' dir='ltr'>est</span> <span class='ocrx_word' id='word_1_480' title='bbox 1505 4822 1564 4894; x_wconf 88' lang='lat' dir='ltr'>ipsa</span> <span class='ocrx_word' id='word_1_481' title='bbox 1578 4821 1695 4880; x_wconf 88' lang='lat' dir='ltr'>dulcedo</span> <span class='ocrx_word' id='word_1_482' title='bbox 1705 4840 1766 4896; x_wconf 77' lang='lat' dir='ltr'>qum</span> 
     </span>
     <span class='ocr_line' id='line_1_46' title="bbox 117 4900 1766 4978; baseline 0.002 -17"><span class='ocrx_word' id='word_1_483' title='bbox 117 4903 167 4968; x_wconf 80' lang='lat' dir='ltr'>tio,</span> <span class='ocrx_word' id='word_1_484' title='bbox 181 4900 280 4968; x_wconf 85' lang='lat' dir='ltr'>oratio,</span> <span class='ocrx_word' id='word_1_485' title='bbox 295 4909 324 4959; x_wconf 90' lang='lat' dir='ltr'>et</span> <span class='ocrx_word' id='word_1_486' title='bbox 350 4902 553 4975; x_wconf 90' lang='lat' dir='ltr'>contemplatio.</span> <span class='ocrx_word' id='word_1_487' title='bbox 568 4905 672 4960; x_wconf 76' lang='lat' dir='ltr'>Deest</span> <span class='ocrx_word' id='word_1_488' title='bbox 687 4904 765 4962; x_wconf 85' lang='lat' dir='ltr'>Scala</span> <span class='ocrx_word' id='word_1_489' title='bbox 779 4907 914 4964; x_wconf 72' lang='lat' dir='ltr'>Chusira·</span> <span class='ocrx_word' id='word_1_490' title='bbox 967 4908 1098 4978; x_wconf 85' lang='lat' dir='ltr'>jncundat</span> <span class='ocrx_word' id='word_1_491' title='bbox 1112 4916 1139 4964; x_wconf 88' lang='lat' dir='ltr'>et</span> <span class='ocrx_word' id='word_1_492' title='bbox 1160 4908 1254 4965; x_wconf 82' lang='lat' dir='ltr'>reiicit.</span> <span class='ocrx_word' id='word_1_493' title='bbox 1269 4908 1371 4973; x_wconf 88' lang='lat' dir='ltr'>Lectio,</span> <span class='ocrx_word' id='word_1_494' title='bbox 1386 4907 1415 4964; x_wconf 90' lang='lat' dir='ltr'>in</span> <span class='ocrx_word' id='word_1_495' title='bbox 1429 4908 1544 4974; x_wconf 79' lang='lat' dir='ltr'>cortice3</span> <span class='ocrx_word' id='word_1_496' title='bbox 1566 4909 1717 4976; x_wconf 86' lang='lat' dir='ltr'>meditatio,</span> <span class='ocrx_word' id='word_1_497' title='bbox 1737 4909 1766 4965; x_wconf 89' lang='lat' dir='ltr'>in</span> 
     </span>
     <span class='ocr_line' id='line_1_47' title="bbox 119 4991 1765 5071; baseline 0.003 -22"><span class='ocrx_word' id='word_1_498' title='bbox 119 4991 195 5058; x_wconf 89' lang='lat' dir='ltr'>lium,</span> <span class='ocrx_word' id='word_1_499' title='bbox 210 5006 265 5065; x_wconf 86' lang='lat' dir='ltr'>qux</span> <span class='ocrx_word' id='word_1_500' title='bbox 279 4992 314 5048; x_wconf 92' lang='lat' dir='ltr'>de</span> <span class='ocrx_word' id='word_1_501' title='bbox 328 4991 443 5048; x_wconf 90' lang='lat' dir='ltr'>terrain</span> <span class='ocrx_word' id='word_1_502' title='bbox 457 4992 557 5049; x_wconf 83' lang='lat' dir='ltr'>coelnm</span> <span class='ocrx_word' id='word_1_503' title='bbox 575 4992 766 5061; x_wconf 62' lang='lat' dir='ltr'>sublevantum</span> <span class='ocrx_word' id='word_1_504' title='bbox 782 4996 913 5068; x_wconf 86' lang='lat' dir='ltr'>gradibus</span> <span class='ocrx_word' id='word_1_505' title='bbox 968 4997 1063 5069; x_wconf 85' lang='lat' dir='ltr'>adipe;</span> <span class='ocrx_word' id='word_1_506' title='bbox 1090 4996 1189 5063; x_wconf 86' lang='lat' dir='ltr'>oratio,</span> <span class='ocrx_word' id='word_1_507' title='bbox 1214 4997 1241 5052; x_wconf 93' lang='lat' dir='ltr'>in</span> <span class='ocrx_word' id='word_1_508' title='bbox 1266 4996 1396 5054; x_wconf 89' lang='lat' dir='ltr'>desiderii</span> <span class='ocrx_word' id='word_1_509' title='bbox 1419 4998 1616 5071; x_wconf 88' lang='lat' dir='ltr'>postulatione;</span> <span class='ocrx_word' id='word_1_510' title='bbox 1639 5005 1765 5056; x_wconf 88' lang='lat' dir='ltr'>coutem-</span> 
     </span>
     <span class='ocr_line' id='line_1_48' title="bbox 58 5079 1768 5165; baseline 0.002 -29"><span class='ocrx_word' id='word_1_511' title='bbox 58 5118 60 5123; x_wconf 82' lang='lat'>·</span> <span class='ocrx_word' id='word_1_512' title='bbox 119 5079 232 5155; x_wconf 86' lang='lat' dir='ltr'>quidem</span> <span class='ocrx_word' id='word_1_513' title='bbox 246 5079 375 5138; x_wconf 89' lang='lat' dir='ltr'>distincta</span> <span class='ocrx_word' id='word_1_514' title='bbox 388 5080 490 5153; x_wconf 87' lang='lat' dir='ltr'>paucis,</span> <span class='ocrx_word' id='word_1_515' title='bbox 507 5081 648 5140; x_wconf 85' lang='lat' dir='ltr'>immensae</span> <span class='ocrx_word' id='word_1_516' title='bbox 663 5090 754 5145; x_wconf 84' lang='lat' dir='ltr'>tamen</span> <span class='ocrx_word' id='word_1_517' title='bbox 775 5090 803 5139; x_wconf 92' lang='lat' dir='ltr'>et</span> <span class='ocrx_word' id='word_1_518' title='bbox 820 5085 914 5143; x_wconf 88' lang='lat' dir='ltr'>incre·</span> <span class='ocrx_word' id='word_1_519' title='bbox 970 5085 1062 5159; x_wconf 85' lang='lat' dir='ltr'>plutio,</span> <span class='ocrx_word' id='word_1_520' title='bbox 1078 5084 1104 5139; x_wconf 90' lang='lat' dir='ltr'>in</span> <span class='ocrx_word' id='word_1_521' title='bbox 1128 5084 1233 5156; x_wconf 77' lang='lat' dir='ltr'>adeptae</span> <span class='ocrx_word' id='word_1_522' title='bbox 1252 5085 1404 5143; x_wconf 85' lang='lat' dir='ltr'>dulcedinis</span> <span class='ocrx_word' id='word_1_523' title='bbox 1422 5084 1614 5143; x_wconf 87' lang='lat' dir='ltr'>delectatione.</span> <span class='ocrx_word' id='word_1_524' title='bbox 1636 5083 1716 5165; x_wconf 77' lang='lat' dir='ltr'>Quod</span> <span class='ocrx_word' id='word_1_525' title='bbox 1739 5095 1768 5141; x_wconf 91' lang='lat' dir='ltr'>ut</span> 
     </span>
     <span class='ocr_line' id='line_1_49' title="bbox 120 5166 1767 5247; baseline 0.004 -25"><span class='ocrx_word' id='word_1_526' title='bbox 120 5166 210 5224; x_wconf 87' lang='lat' dir='ltr'>dibilis</span> <span class='ocrx_word' id='word_1_527' title='bbox 232 5168 436 5243; x_wconf 86' lang='lat' dir='ltr'>magnitudinis.</span> <span class='ocrx_word' id='word_1_528' title='bbox 451 5170 537 5243; x_wconf 84' lang='lat' dir='ltr'>Cujus</span> <span class='ocrx_word' id='word_1_529' title='bbox 550 5180 674 5229; x_wconf 87' lang='lat' dir='ltr'>extrema</span> <span class='ocrx_word' id='word_1_530' title='bbox 686 5186 751 5243; x_wconf 83' lang='lat' dir='ltr'>pars</span> <span class='ocrx_word' id='word_1_531' title='bbox 767 5179 847 5238; x_wconf 74' lang='lat' dir='ltr'>terrae</span> <span class='ocrx_word' id='word_1_532' title='bbox 875 5174 916 5231; x_wconf 93' lang='lat' dir='ltr'>in·</span> <span class='ocrx_word' id='word_1_533' title='bbox 970 5171 1124 5247; x_wconf 85' lang='lat' dir='ltr'>expressius</span> <span class='ocrx_word' id='word_1_534' title='bbox 1138 5173 1227 5229; x_wconf 82' lang='lat' dir='ltr'>videri</span> <span class='ocrx_word' id='word_1_535' title='bbox 1241 5174 1339 5246; x_wconf 88' lang='lat' dir='ltr'>possit,</span> <span class='ocrx_word' id='word_1_536' title='bbox 1355 5189 1437 5230; x_wconf 89' lang='lat' dir='ltr'>unum</span> <span class='ocrx_word' id='word_1_537' title='bbox 1452 5172 1486 5229; x_wconf 82' lang='lat' dir='ltr'>de</span> <span class='ocrx_word' id='word_1_538' title='bbox 1508 5173 1598 5247; x_wconf 76' lang='lat' dir='ltr'>inultis</span> <span class='ocrx_word' id='word_1_539' title='bbox 1616 5188 1767 5244; x_wconf 85' lang='lat' dir='ltr'>supponam</span> 
     </span>
    </p>
   </div>
   <div class='ocr_carea' id='block_1_12' title="bbox 113 5256 1770 5513">
    <p class='ocr_par' dir='ltr' id='par_1_13' title="bbox 113 5256 1770 5513">
     <span class='ocr_line' id='line_1_50' title="bbox 113 5256 1768 5378; baseline 0.003 -64"><span class='ocrx_word' id='word_1_540' title='bbox 113 5256 185 5314; x_wconf 83' lang='lat' dir='ltr'>-uixa</span> <span class='ocrx_word' id='word_1_541' title='bbox 198 5264 254 5324; x_wconf 79' lang='lat' dir='ltr'>ast3</span> <span class='ocrx_word' id='word_1_542' title='bbox 270 5259 396 5330; x_wconf 86' lang='lat' dir='ltr'>superior</span> <span class='ocrx_word' id='word_1_543' title='bbox 411 5273 476 5315; x_wconf 82' lang='lat' dir='ltr'>tero</span> <span class='ocrx_word' id='word_1_544' title='bbox 493 5259 583 5317; x_wconf 87' lang='lat' dir='ltr'>nubes</span> <span class='ocrx_word' id='word_1_545' title='bbox 602 5268 739 5332; x_wconf 89' lang='lat' dir='ltr'>penetrat,</span> <span class='ocrx_word' id='word_1_546' title='bbox 768 5266 797 5315; x_wconf 91' lang='lat' dir='ltr'>et</span> <span class='ocrx_word' id='word_1_547' title='bbox 809 5268 916 5319; x_wconf 87' lang='lat' dir='ltr'>secreta</span> <span class='ocrx_word' id='word_1_548' title='bbox 931 5299 954 5378; x_wconf 74' lang='lat' dir='ltr'>ss</span> <span class='ocrx_word' id='word_1_549' title='bbox 970 5263 1134 5335; x_wconf 83' lang='lat' dir='ltr'>exemplum.</span> <span class='ocrx_word' id='word_1_550' title='bbox 1149 5262 1179 5316; x_wconf 93' lang='lat' dir='ltr'>ln</span> <span class='ocrx_word' id='word_1_551' title='bbox 1192 5260 1309 5319; x_wconf 87' lang='lat' dir='ltr'>lectione</span> <span class='ocrx_word' id='word_1_552' title='bbox 1324 5262 1423 5319; x_wconf 89' lang='lat' dir='ltr'>audio:</span> <span class='ocrx_word' id='word_1_553' title='bbox 1450 5262 1529 5321; x_wconf 82' lang='lat' dir='ltr'>Beati</span> <span class='ocrx_word' id='word_1_554' title='bbox 1551 5263 1655 5319; x_wconf 81' lang='lat' dir='ltr'>mundo</span> <span class='ocrx_word' id='word_1_555' title='bbox 1673 5259 1768 5325; x_wconf 78' lang='lat' dir='ltr'>corde.</span> 
     </span>
     <span class='ocr_line' id='line_1_51' title="bbox 122 5344 1770 5427; baseline 0.004 -27"><span class='ocrx_word' id='word_1_556' title='bbox 122 5344 252 5403; x_wconf 87' lang='lat' dir='ltr'>coelorum</span> <span class='ocrx_word' id='word_1_557' title='bbox 267 5346 381 5404; x_wconf 86' lang='lat' dir='ltr'>rimatur</span> <span class='ocrx_word' id='word_1_558' title='bbox 406 5347 439 5403; x_wconf 77' lang='lat' dir='ltr'>lit</span> <span class='ocrx_word' id='word_1_559' title='bbox 451 5349 554 5421; x_wconf 86' lang='lat' dir='ltr'>gradus</span> <span class='ocrx_word' id='word_1_560' title='bbox 568 5349 637 5406; x_wconf 82' lang='lat' dir='ltr'>sictu</span> <span class='ocrx_word' id='word_1_561' title='bbox 652 5348 809 5407; x_wconf 89' lang='lat' dir='ltr'>nominibus</span> <span class='ocrx_word' id='word_1_562' title='bbox 823 5355 851 5406; x_wconf 91' lang='lat' dir='ltr'>et</span> <span class='ocrx_word' id='word_1_563' title='bbox 865 5367 915 5409; x_wconf 85' lang='lat' dir='ltr'>nu·</span> <span class='ocrx_word' id='word_1_564' title='bbox 971 5351 1105 5427; x_wconf 82' lang='lat' dir='ltr'>quonium</span> <span class='ocrx_word' id='word_1_565' title='bbox 1120 5350 1177 5424; x_wconf 85' lang='lat' dir='ltr'>ipat</span> <span class='ocrx_word' id='word_1_566' title='bbox 1193 5353 1279 5409; x_wconf 85' lang='lat' dir='ltr'>Deum</span> <span class='ocrx_word' id='word_1_567' title='bbox 1295 5349 1428 5408; x_wconf 81' lang='lat' dir='ltr'>videbunt</span> <span class='ocrx_word' id='word_1_568' title='bbox 1438 5351 1492 5425; x_wconf 89' lang='lat' dir='ltr'>(ld.</span> <span class='ocrx_word' id='word_1_569' title='bbox 1509 5367 1537 5415; x_wconf 88' lang='lat' dir='ltr'>v,</span> <span class='ocrx_word' id='word_1_570' title='bbox 1551 5353 1589 5423; x_wconf 86' lang='lat'>8).</span> <span class='ocrx_word' id='word_1_571' title='bbox 1601 5352 1672 5408; x_wconf 82' lang='lat' dir='ltr'>Ecca</span> <span class='ocrx_word' id='word_1_572' title='bbox 1683 5349 1770 5408; x_wconf 79' lang='lat' dir='ltr'>breue</span> 
     </span>
     <span class='ocr_line' id='line_1_52' title="bbox 117 5433 1767 5513; baseline 0.005 -26"><span class='ocrx_word' id='word_1_573' title='bbox 117 5445 211 5501; x_wconf 17' lang='lat' dir='ltr'>troam,</span> <span class='ocrx_word' id='word_1_574' title='bbox 239 5433 277 5488; x_wconf 90' lang='lat' dir='ltr'>ita</span> <span class='ocrx_word' id='word_1_575' title='bbox 290 5435 386 5491; x_wconf 89' lang='lat' dir='ltr'>ordine</span> <span class='ocrx_word' id='word_1_576' title='bbox 400 5442 430 5492; x_wconf 86' lang='lat' dir='ltr'>et</span> <span class='ocrx_word' id='word_1_577' title='bbox 443 5453 558 5497; x_wconf 84' lang='lat' dir='ltr'>munere</span> <span class='ocrx_word' id='word_1_578' title='bbox 568 5444 630 5497; x_wconf 89' lang='lat' dir='ltr'>sont</span> <span class='ocrx_word' id='word_1_579' title='bbox 649 5435 777 5496; x_wconf 85' lang='lat' dir='ltr'>distincti.</span> <span class='ocrx_word' id='word_1_580' title='bbox 792 5436 914 5512; x_wconf 77' lang='lat' dir='ltr'>Quorum</span> <span class='ocrx_word' id='word_1_581' title='bbox 970 5442 1095 5510; x_wconf 87' lang='lat' dir='ltr'>verbum,</span> <span class='ocrx_word' id='word_1_582' title='bbox 1114 5440 1163 5496; x_wconf 89' lang='lat' dir='ltr'>sed</span> <span class='ocrx_word' id='word_1_583' title='bbox 1176 5440 1252 5497; x_wconf 83' lang='lat' dir='ltr'>suari</span> <span class='ocrx_word' id='word_1_584' title='bbox 1265 5446 1292 5497; x_wconf 90' lang='lat' dir='ltr'>et</span> <span class='ocrx_word' id='word_1_585' title='bbox 1307 5439 1448 5513; x_wconf 89' lang='lat' dir='ltr'>multiplici</span> <span class='ocrx_word' id='word_1_586' title='bbox 1463 5455 1546 5497; x_wconf 88' lang='lat' dir='ltr'>sensu</span> <span class='ocrx_word' id='word_1_587' title='bbox 1560 5439 1702 5497; x_wconf 80' lang='lat' dir='ltr'>refertum.</span> <span class='ocrx_word' id='word_1_588' title='bbox 1721 5441 1767 5496; x_wconf 77' lang='lat' dir='ltr'>&#39;sd</span> 
     </span>
    </p>
   </div>
   <div class='ocr_carea' id='block_1_13' title="bbox 0 0 1892 5962">
    <p class='ocr_par' dir='ltr' id='par_1_14' title="bbox 0 0 1892 5962">
     <span class='ocr_line' id='line_1_53' title="bbox 0 0 1892 5962; baseline 0 0"><span class='ocrx_word' id='word_1_589' title='bbox 0 0 1892 5962; x_wconf 95' lang='lat' dir='ltr'> </span> 
     </span>
    </p>
   </div>
  </div>
 </body>
</html>
