3706 5962
10 3604 14 3683 Ι

12 3818 16 3831 Ι

12 3844 18 4019 l

46 234 80 294 ιι
684 228 874 290 marruci
891 228 1000 291 sinuo
1019 230 1075 293 ιιι.
1665 243 1703 306 tr

48 353 247 430 procedebant,
269 359 404 425 quantum
434 358 515 425 putas
551 352 658 412 virtutis
690 353 798 427 insigne
825 352 854 411 in
870 374 894 452 Α
912 355 1099 428 lugrnentum
1122 361 1214 414 omen
1236 355 1318 414 ailert
1343 361 1491 432 gratiarnm
1514 368 1536 424 si
1562 383 1632 428 nova
1650 386 1704 428 en-

48 447 110 518 ipso
120 441 256 500 exteriori
266 441 401 498 renitebat
411 441 524 497 habitui
533 458 615 515 quarn
625 443 771 500 manifesta
780 444 854 513 ejus,
910 444 1028 499 nuntias.
1043 445 1168 517 Denique
1183 444 1256 518 quod
1270 461 1325 502 non
1340 455 1382 502 est
1402 449 1446 505 vel
1460 451 1583 527 ignotum
1602 456 1645 513 vel
1659 458 1702 513 in·

50 552 112 606 quae
130 535 206 589 intus
227 539 298 598 erat,
315 530 531 588 dabantindicia
549 532 652 599 oculus,
669 532 855 600 remonitus?
909 532 1017 590 solitum
1046 534 1224 607 meditationi,
1248 549 1357 607 sponsae
1379 553 1449 595 nora
1473 543 1591 613 quadem
1615 547 1703 619 gratia

50 623 170 695 denique
195 629 293 696 gestus
317 621 405 677 omnis
428 623 566 693 quomodo
590 622 708 679 divinam
736 621 856 693 spirabat
909 622 1066 679 dulcescere
1082 624 1163 680 solet.
1178 625 1240 680 Non
1265 624 1366 680 fastidit
1380 627 1499 697 auditus,
1516 633 1626 704 quando
1647 633 1703 689 ier·

51 709 193 784 gratiam?
206 708 331 765 Iucunda
344 707 424 779 plane
440 707 507 764 risio
522 708 576 778 illa,
593 711 642 765 sed
657 711 745 766 Deum
759 708 788 764 in
802 709 855 765 lio-
909 717 955 767 vet
966 708 1093 769 'aviditas
1110 732 1116 770 ε
1142 721 1246 771 tantum
1262 716 1304 770 de
1324 731 1425 786 sponso
1448 719 1565 791 disputa,
1582 727 1610 776 et
1634 736 1704 779 nova

51 801 127 856 mine
153 797 290 855 credenti.
316 798 349 852 Et
371 797 482 868 quidem
504 797 550 853 illa
574 815 634 871 quae
662 799 804 871 Prophetis
828 803 857 854 et
909 800 1044 870 protulisti
1068 800 1224 858 inauribus
1245 819 1363 875 spousae.
1387 804 1450 861 Non
1465 809 1586 879 suppetit
1601 808 1649 864 tibi
1668 810 1704 865 de

52 889 179 961 patribus
198 895 261 942 ante
282 886 382 943 Christi
400 887 616 944 incarnationem
631 888 702 943 iacta
720 895 772 957 est,
788 885 856 943 divi·
909 887 955 944 illo
974 889 1119 947 excellenti
1143 900 1170 948 et
1194 894 1336 950 excedenti
1360 895 1471 952 visionis
1490 899 1571 954 modo
1595 915 1705 971 semper

53 995 119 1033 num
136 975 268 1049 quiddam
283 974 406 1046 spirabat
419 975 448 1029 in
462 983 612 1048 apparente
626 976 754 1049 imagine,
770 991 857 1048 quan·
911 977 1088 1048 respondere.
1103 979 1230 1035 Sublimis
1252 980 1295 1035 illa
1319 987 1347 1037 et
1370 983 1475 1039 subtilis
1494 994 1544 1051 est,
1564 995 1592 1044 et
1614 987 1705 1044 subito

52 1074 111 1121 tum
127 1080 193 1120 mea
211 1081 242 1120 se
263 1064 346 1119 babet
365 1063 444 1132 fides,
461 1063 679 1120 inaestimabilem
696 1064 855 1120 delectatio·
910 1079 1100 1137 praeoccupare
1111 1067 1181 1123 solet
1195 1069 1325 1138 animum,
1337 1086 1418 1141 quem
1429 1073 1560 1128 mundum
1574 1082 1603 1130 et
1617 1089 1703 1131 exoc-

54 1171 117 1211 nem
138 1162 169 1209 et
188 1154 273 1209 menti
291 1161 319 1209 et
337 1152 430 1209 sensui
449 1151 610 1209 infundebat
629 1153 766 1210 cernentis
783 1168 789 1207 :
806 1167 857 1209 nec
909 1161 1036 1224 cupatum
1050 1155 1194 1212 invenerit.
1212 1158 1307 1214 subito
1322 1169 1503 1232 praeoccupat,
1524 1162 1574 1217 sed
1593 1178 1647 1218 non
1662 1177 1706 1219 oo-

54 1244 104 1299 nisi
124 1258 244 1317 quorum
263 1242 382 1297 mundus
401 1248 461 1298 erat
478 1241 593 1309 animus,
609 1243 759 1314 apparebat
773 1243 856 1298 obtu-
909 1252 989 1315 cupat
1003 1245 1060 1299 diu.
1086 1245 1199 1301 Subtilia
1218 1247 1267 1302 ista
1289 1263 1343 1303 non
1358 1249 1456 1304 adsunt
1470 1250 1505 1304 ad
1525 1260 1626 1318 votum,
1643 1251 1704 1307 dul·
1730 1280 1735 1289 ,

55 1333 136 1390 tibus.
153 1333 223 1388 Nam
248 1339 360 1403 etpost
383 1331 611 1388 resurrectionem
635 1331 663 1385 in
685 1332 744 1402 ipsa
767 1331 857 1387 carnis
909 1332 951 1387 cia
965 1331 1075 1388 deducit
1089 1333 1116 1388 in
1131 1335 1261 1390 medium.
1278 1335 1413 1407 Simplicis
1428 1336 1492 1393 fidei
1515 1340 1633 1411 capitula
1648 1341 1706 1395 sin·

56 1439 112 1477 suae
136 1422 252 1478 veritate
276 1419 384 1475 nonnisi
410 1419 525 1474 testibus
547 1420 737 1491 praeordinatis
760 1436 776 1476 a
798 1420 856 1476 Deo
909 1422 972 1494 gula
1002 1424 1120 1493 quodam
1157 1424 1230 1479 dulei
1262 1425 1451 1496 disputationis
1486 1434 1704 1500 temperamento

56 1510 218 1582 apparuisse
233 1508 332 1583 legitur
346 1508 420 1580 (Act.
432 1525 458 1574 x,
470 1511 515 1574 to,
529 1510 585 1580 tt).
597 1509 702 1565 Felices
716 1508 755 1564 illi
769 1517 857 1565 custo-
910 1511 1083 1568 suavissimos
1097 1511 1216 1585 gignunt
1233 1512 1261 1567 in
1280 1514 1407 1570 audiente
1431 1517 1530 1571 mentis
1548 1517 1663 1573 affectus
1677 1523 1706 1572 et

56 1601 114 1665 des,
131 1600 154 1654 si
171 1600 270 1672 quibus
285 1605 377 1654 tamen
395 1604 508 1670 apparet
526 1597 684 1671 frequenter
699 1606 727 1654 et
741 1598 856 1653 familia-
911 1612 1049 1657 excessus.
1065 1598 1185 1655 Delicata
1204 1608 1246 1656 est
1268 1617 1369 1671 sponsa
1396 1620 1402 1656 :
1429 1603 1519 1658 dulcia
1540 1605 1596 1658 vult
1618 1605 1706 1675 magis

57 1690 125 1745 riter
139 1689 202 1743 talis
216 1687 290 1753 visio,
301 1686 454 1759 praesertim
468 1685 514 1741 illa
525 1703 587 1759 quae
600 1695 642 1744 est
656 1687 684 1742 in
700 1687 788 1743 carnis
801 1688 856 1758 jam
873 1684 895 1763 Β
911 1703 991 1758 quam
1005 1687 1093 1757 sortia,
1110 1688 1162 1742 nisi
1183 1689 1257 1760 quod
1272 1689 1363 1744 omnia
1377 1698 1468 1760 potest
1488 1692 1516 1746 in
1535 1707 1569 1747 eo
1584 1691 1631 1765 qui
1646 1708 1706 1748 eam

57 1777 218 1852 glorificate
237 1785 360 1848 aspectu,
376 1776 481 1849 qualem
499 1792 562 1832 enm
582 1777 675 1832 Petrus
694 1784 722 1833 et
739 1778 858 1832 loannes
911 1775 1046 1833 coufortat
1069 1792 1196 1848 sponsus.
1218 1779 1336 1833 Narrent
1354 1778 1397 1833 alii
1425 1779 1616 1850 fabulationes,
1641 1796 1707 1837 con-

57 1869 185 1924 viderunt
193 1867 222 1921 in
234 1873 327 1922 monte
337 1865 561 1937 transfiguratum
571 1867 682 1935 (llclllr.
693 1864 856 1937 xvrx,t,2):
912 1863 1058 1918 troversias
1081 1865 1255 1921 meditentur.
1272 1866 1310 1922 Os
1333 1875 1408 1922 tuum
1432 1868 1580 1925 meditetur
1598 1871 1709 1942 sapien-

59 1957 106 2012 sed
121 1965 215 2011 tamen
229 1963 258 2010 et
272 1954 317 2009 illa
332 1955 407 2023 prior
426 1970 480 2010 non
495 1971 571 2020 vera,
587 1962 615 2010 et
629 1954 682 2010 ista
696 1971 752 2011 non
766 1954 858 2027 plena.
912 1950 986 2014 tiam,
1003 1959 1031 2006 et
1046 1952 1137 2024 lingua
1152 1953 1279 2027 loquatur
1293 1955 1413 2022 delicias,
1430 1957 1476 2028 qui
1490 1973 1598 2029 sponsae
1612 1958 1710 2031 loque-

59 2046 124 2101 Nam
139 2044 187 2098 illa
207 2045 317 2115 lloyses
329 2042 525 2100 delectabiliter
543 2044 681 2109 detentus,
698 2059 753 2098 non
769 2050 860 2098 tamen
912 2039 958 2096 ris.
978 2040 1048 2096 Nam
1067 2050 1095 2097 et
1109 2043 1154 2097 illa
1169 2043 1237 2099 tales
1252 2044 1308 2099 vult
1323 2046 1369 2116 qui
1384 2047 1418 2101 do
1438 2046 1538 2103 dilecto
1553 2054 1666 2103 narrent
1681 2054 1710 2104 et

59 2142 203 2192 contentus
220 2153 226 2188 :
247 2133 364 2191 Ostende
382 2134 465 2199 milri,
482 2133 579 2206 iuquit,
597 2138 624 2189 lc
642 2134 739 2206 ipsum
760 2132 857 2202 (and.
913 2129 1046 2188 nuntient.
1063 2130 1145 2185 labia
1158 2133 1331 2189 sacerdotum
1346 2136 1483 2192 custodire
1498 2138 1599 2193 debent
1615 2138 1707 2192 scien·

60 2238 161 2288 xxrrxr,
189 2225 232 2293 li,
261 2223 316 2292 ta).
341 2222 381 2277 De
409 2221 496 2277 altera
524 2237 589 2278 vero
616 2222 676 2294 ipse
695 2221 825 2280 Dominus
852 2234 858 2274 :
913 2220 977 2275 tiam
994 2235 1000 2274 :
1016 2220 1079 2277 ideo
1097 2222 1186 2293 legem
1210 2223 1323 2295 requirit
1337 2240 1371 2280 ex
1390 2241 1438 2280 ore
1462 2240 1557 2282 corum
1577 2227 1707 2296 (datach.

61 2312 182 2386 Expedit
201 2311 280 2369 volis
299 2314 332 2366 al
352 2328 398 2383 ego
423 2312 538 2377 ecdem·
553 2312 681 2384 alioquin
694 2312 860 2367 Paracletus
913 2321 944 2372 ιι,
960 2310 999 2378 t),
1014 2309 1106 2382 legem
1124 2310 1234 2366 videndi
1254 2319 1282 2366 et
1304 2311 1461 2368 inveniendi
1480 2313 1619 2369 dilectum.
1636 2316 1710 2370 Num

61 2420 115 2460 non
129 2403 227 2459 amiel
253 2403 346 2471 (loen.
367 2417 426 2466 xvi,
446 2401 485 2470 7).
504 2401 577 2455 Dona
596 2415 663 2472 ergo
685 2399 762 2466 visio,
780 2413 861 2471 quam
913 2397 1213 2470 qoemditipitcnirnc
1224 2398 1710 2457 mccvidistisiDevisioueillcrum

64 2491 218 2546 Paracletus
239 2488 391 2545 adveniens
414 2487 515 2542 inducit
538 2507 545 2544 :
566 2488 712 2559 spiritualis
731 2494 781 2552 est,
798 2486 862 2559 quia
914 2500 945 2540 se
960 2485 1078 2541 visuram
1092 2488 1233 2555 praesumit
1245 2503 1251 2540 :
1263 2489 1325 2543 ideo
1339 2488 1487 2558 diligenter
1501 2490 1646 2561 investigat
1661 2505 1710 2545 cu-

64 2579 133 2634 iacta
151 2579 225 2634 intus
250 2592 303 2648 per
324 2575 463 2646 Spiritum.
479 2576 605 2647 Denique
624 2586 652 2631 et
670 2577 781 2646 spiritus
799 2582 861 2630 aute
915 2574 1024 2628 stodum
1046 2572 1190 2643 visionem,
1215 2589 1310 2629 eorum
1338 2589 1454 2644 sperans
1481 2575 1600 2646 alloquio
1623 2576 1666 2633 vel
1684 2576 1711 2630 in

60 2668 156 2723 faciem
181 2671 307 2721 nostram
326 2664 449 2720 Christus
467 2665 597 2719 Dominus
617 2663 731 2735 (Pirae.
749 2678 787 2728 iv,
804 2663 860 2731 20).
915 2661 1064 2717 secretiora
1078 2660 1183 2727 reduci,
1197 2662 1242 2718 vel
1258 2662 1423 2719 dulcioribus
1436 2663 1518 2720 allici.
1536 2664 1566 2718 ld
1582 2665 1655 2721 enim
1670 2670 1712 2720 etl

61 2758 131 2812 l'isio
147 2758 209 2811 baec
230 2753 274 2811 vel
292 2753 321 2808 in
344 2753 461 2809 revelata
480 2751 656 2825 spiritualiter
679 2751 793 2809 veritate
812 2767 863 2822 per
915 2750 1008 2807 videre
1024 2765 1105 2822 quem
1120 2749 1217 2822 diligit,
1227 2750 1277 2806 Dei
1292 2750 1453 2823 sapientiam
1464 2761 1492 2807 et
1506 2753 1634 2810 virtutem
1649 2767 1713 2824 pro·

59 2845 282 2918 intelligentiam,
297 2843 342 2899 vel
360 2841 390 2896 in
408 2841 539 2898 suavitate
558 2840 648 2896 intusa
666 2856 716 2913 per
735 2840 861 2914 gratiam.
915 2854 1001 2910 penso
1015 2838 1114 2895 aflectu
1130 2846 1157 2894 et
1180 2856 1248 2911 pura
1263 2841 1409 2911 concipere
1424 2849 1526 2899 mente.
1548 2843 1622 2898 Bene
1636 2840 1713 2897 illum

60 2936 128 2989 Nam
143 2943 175 2989 et
189 2933 244 2989 hoc
257 2932 348 3003 ipsum
367 2929 484 3001 experiri
499 2929 592 2985 videre
613 2935 664 2986 est.
681 2930 804 2995 Gustotc,
821 2927 863 2982 in·
916 2928 1057 3000 conspicit,
1073 2928 1119 2999 qui
1134 2928 1186 2984 boc
1200 2936 1314 3001 utroque
1328 2929 1450 3001 concipit
1464 2930 1557 2996 modo,
1572 2947 1641 3002 pure
1656 2946 1713 2986 cer·

59 3024 126 3097 quit,
142 3025 174 3080 el
191 3021 283 3076 videte
301 3022 435 3094 quonium
456 3019 549 3075 suevis
568 3023 609 3076 est
623 3018 758 3075 Dominus
774 3016 860 3086 (Paul.
878 2986 901 3066 0
916 3032 996 3084 neus,
1012 3024 1041 3072 et
1053 3016 1097 3088 pie
1111 3016 1241 3073 sentiens.
1258 3019 1354 3088 Dulce,
1370 3029 1447 3089 puto,
1462 3020 1624 3090 susurrium,
1639 3019 1713 3092 quod

60 3127 163 3177 xxxrn,
180 3110 220 3181 e).
240 3107 405 3165 Saevissima
425 3115 498 3163 certe
521 3107 581 3163 bec
602 3105 678 3173 visio,
696 3113 723 3161 et
742 3104 863 3178 quemvis
916 3106 1130 3176 interspersum
1145 3106 1329 3179 custodesque
1352 3108 1465 3164 vertitur
1477 3122 1483 3162 :
1495 3115 1523 3164 et
1537 3116 1615 3181 grata
1630 3107 1713 3164 colla·

60 3199 183 3255 futurum
197 3198 275 3266 juxta
288 3195 400 3252 modum
413 3196 534 3251 nondum
548 3195 637 3267 plena,
651 3194 740 3251 vicina
754 3202 862 3260 tamen;
917 3193 964 3261 tio,
978 3194 1001 3249 si
1016 3199 1107 3250 tamen
1121 3194 1238 3253 collatio.
1252 3194 1329 3251 Nulla
1343 3197 1417 3252 enirn
1429 3196 1536 3254 illomm
1547 3198 1590 3253 bic
1600 3213 1715 3269 respon·

60 3284 113 3344 θΙ
135 3287 225 3343 vicina
244 3284 386 3357 qualitate,
400 3298 456 3339 non
470 3283 631 3356 aequalitate.
647 3282 722 3338 Visio
737 3284 794 3339 haec
808 3282 863 3337 hu·
917 3283 957 3339 sio
970 3292 1146 3343 memoratur.
1164 3285 1275 3340 Secreta
1295 3286 1373 3341 valde
1390 3293 1441 3353 est,
1458 3286 1481 3342 si
1495 3304 1549 3360 qua
1563 3292 1614 3356 est,
1632 3303 1715 3359 quam

61 3392 145 3432 mano
156 3392 213 3432 nou
224 3383 267 3431 est
278 3373 419 3447 supposita
428 3373 549 3449 ingenio,
560 3372 605 3430 vel
614 3373 752 3443 proposita
763 3371 862 3438 studio,
918 3371 971 3427 alto
985 3372 1131 3444 tegendam
1144 3380 1221 3444 putat
1235 3370 1354 3429 silentio.
1368 3375 1509 3430 secretum
1526 3375 1578 3429 sibi
1595 3393 1601 3428 :
1619 3388 1714 3431 secre-

10 3484 12 3496 ¹
62 3466 116 3523 etsi
130 3465 278 3537 aliquando
292 3463 430 3521 desiderio
445 3463 529 3538 gratis
543 3460 655 3517 indulta.
671 3461 794 3533 Denique
809 3476 864 3516 non
918 3469 975 3516 tum
990 3477 1069 3516 suum
1084 3460 1136 3515 sibi
1151 3463 1217 3533 (lec.
1233 3477 1305 3530 xxiv,
1319 3462 1373 3532 ld),
1388 3463 1447 3516 Nec
1460 3463 1593 3517 audemus
1607 3463 1653 3516 bic
1666 3462 1715 3516 ali·

62 3564 105 3613 est
117 3554 183 3608 talis
194 3569 256 3625 qua
265 3551 452 3624 intelligentia
466 3556 597 3622 concepta
612 3549 725 3615 viribus,
737 3549 864 3605 continuo
917 3550 982 3623 quid
1006 3549 1070 3604 inde
1095 3549 1235 3618 conjicere
1254 3549 1328 3619 quod
1348 3563 1448 3619 sponsa
1469 3548 1573 3605 curavit
1587 3548 1712 3605 reticere.

61 3653 163 3702 tenore
183 3657 286 3698 moram
308 3641 337 3696 in
361 3640 445 3696 annui
467 3639 598 3696 memoria
616 3637 752 3711 protelare
770 3647 862 3711 queat.
918 3638 986 3695 Cum
1015 3653 1111 3693 eorum
1132 3637 1238 3693 silentio
1262 3636 1419 3693 claudamus
1445 3654 1518 3693 nunc
1546 3651 1713 3709 sermonen,

60 3734 213 3790 subitanea
227 3738 269 3787 est
292 3738 320 3787 et
338 3730 380 3787 sui
404 3730 472 3800 juris
488 3730 547 3786 baec
564 3727 643 3795 visio,
657 3727 686 3782 in
705 3725 802 3798 spiritu
818 3741 866 3784 ve·
918 3735 1097 3798 prorogantes
1111 3728 1139 3782 in
1154 3725 1301 3783 crastiuum
1316 3743 1423 3799 sponsae
1443 3727 1595 3792 transitum,
1611 3743 1665 3800 quo
1685 3744 1715 3785 se

61 3821 186 3879 hementi
209 3819 314 3879 redens
338 3826 366 3876 et
384 3819 507 3877 veniens.
525 3816 674 3875 Subitanee
696 3824 738 3872 est
756 3823 784 3872 et
802 3830 864 3871 mo·
919 3815 1014 3888 vigiles
1041 3815 1177 3888 paululum
1207 3816 1389 3887 pertransisse
1417 3815 1491 3884 dicit,
1522 3824 1550 3872 et
1577 3815 1716 3873 invenisse

59 3918 224 3976 mentones,
241 3915 356 3981 repente
378 3907 491 3966 veniens
514 3914 542 3963 et
561 3916 675 3978 repente
695 3904 820 3963 vadens:
838 3909 866 3959 et
919 3919 1000 3976 quem
1015 3901 1103 3974 diligit
1115 3903 1205 3958 anima
1223 3919 1282 3958 sua.

63 4005 84 4057 si
97 4007 294 4057 momentanea
314 4005 366 4069 est,
381 4004 494 4054 manent
509 4005 600 4053 tamen
616 3995 738 4068 reliquiae
757 3993 863 4065 cogita·
1215 4008 1333 4065 sgppqo
1360 4010 1416 4067 pfl·

64 4090 153 4159 imis,
169 4098 228 4145 ΜΠ
252 4101 402 4154 summis
420 4092 475 4141 ‘⁸¹¹¹
498 4101 615 4151 Selessaet
630 4093 657 4141 Pi
676 4083 748 4139 diem
767 4082 865 4138 f⁰⁵¹¹¹⁰¹
919 4101 1074 4157 Paululum
1087 4099 1381 4171 camperlruorirxem
1396 4115 1451 4170 ecs,
1462 4099 1561 4157 inueni
1573 4118 1654 4174 qoem
1668 4103 1714 4159 dl-

16 4210 19 4259 ,
65 4186 147 4251 agunt
160 4179 189 4234 in
209 4177 302 4234 auimo
322 4174 501 4234 recordantis,
520 4174 611 4231 llanet
629 4172 739 4245 quidem
757 4186 864 4228 memo·
1079 4170 1330 4244 tiqitcaimcmcc
1348 4171 1557 4242 (Ccct.1n,4).

16 4326 21 4349 Ι
65 4267 104 4320 ria
125 4263 276 4338 degustatae
294 4271 324 4320 et
341 4263 481 4334 deglutitae
499 4262 631 4320 visionis:
648 4261 727 4332 cuius
745 4259 863 4317 suavita-
956 4264 982 4315 l.
1003 4258 1121 4331 lmprobi
1134 4265 1277 4314 exactores
1290 4257 1367 4327 estis,
1383 4268 1412 4314 et
1424 4259 1505 4314 nimis
1519 4259 1653 4321 instanter
1666 4277 1715 4317 re-

66 4364 119 4412 tem
139 4355 186 4428 qui
205 4361 321 4427 gustare
343 4359 468 4424 possunt,
485 4360 610 4408 eructare
631 4358 740 4418 norunt,
757 4359 783 4405 et
798 4350 865 4404 hora
919 4348 1011 4422 petitis
1024 4349 1174 4406 debitorem
1187 4354 1322 4415 vestmm;
1334 4347 1447 4419 dignum
1462 4356 1553 4405 tamon
1567 4350 1645 4406 venia
1661 4356 1714 4418 est,

64 4447 116 4501 bac
135 4443 266 4500 maxime.
281 4442 393 4499 Emctat
413 4441 487 4498 enim
508 4442 610 4497 bonum
628 4441 738 4497 verbum
757 4453 805 4496 cor
819 4453 865 4494 re·
920 4438 1068 4494 dummodo
1081 4439 1154 4508 justa
1176 4437 1328 4508 postuletis.
1344 4437 1399 4492 Sed
1422 4453 1471 4495 vos
1490 4438 1600 4509 exigitis
1613 4445 1642 4492 ut
1656 4437 1714 4492 sol-

66 4533 138 4589 centi
164 4533 255 4588 adbuc
281 4531 452 4588 incalescens
480 4529 578 4602 gratia,
604 4538 633 4586 et
655 4528 756 4585 ierrida
779 4525 866 4582 medi·
920 4544 985 4583 vam
999 4527 1035 4581 ad
1049 4528 1120 4598 quod
1134 4541 1189 4581 non
1204 4540 1247 4579 me
1261 4525 1387 4595 obligavi.
1402 4526 1575 4580 Tractatums
1589 4541 1665 4581 eram
1679 4525 1715 4582 de

63 4624 129 4680 tatio
167 4620 274 4677 similes
312 4620 429 4677 effundit
461 4635 613 4677 sermones.
648 4618 761 4674 Multum
794 4617 867 4672 enim
921 4615 1034 4672 transitu
1049 4628 1165 4687 sponsae.
1178 4612 1221 4667 Ad
1235 4612 1287 4668 boc
1301 4612 1373 4666 euim
1390 4621 1416 4668 et
1431 4612 1534 4669 ordinis
1549 4616 1717 4686 etsponsio·

64 4713 168 4768 intimae
202 4709 357 4767 dulcedinis
385 4709 455 4782 sepit
482 4709 512 4764 in
539 4707 640 4775 verbis,
668 4717 695 4764 et
721 4704 867 4780 gratissimi
921 4706 965 4763 nis
983 4711 1082 4759 nostrae
1096 4701 1201 4758 ratione
1223 4709 1329 4769 teneor,
1346 4709 1373 4758 et
1392 4719 1440 4759 vos
1455 4703 1544 4759 adhuc
1558 4703 1625 4759 mibi
1638 4703 1718 4777 inge-

66 4810 129 4857 sunt
141 4814 299 4871 sermones,
314 4800 362 4874 qui
380 4800 414 4856 de
433 4797 581 4872 matimum
601 4798 726 4855 ubertate
740 4812 866 4870 promm-
922 4794 979 4851 ritis
988 4794 1053 4849 illud
1063 4809 1126 4849 eum
1136 4806 1238 4864 sponsa
1250 4806 1256 4846 :
1268 4794 1341 4850 Nom
1351 4808 1433 4865 quem
1441 4794 1535 4866 diligit
1544 4797 1644 4852 enimc
1654 4811 1717 4853 meo

65 4899 145 4964 punt.
921 4884 1051 4942 vidulis?
1074 4882 1170 4955 (Caret.
1186 4898 1227 4951 ru,
1245 4882 1285 4952 3.)
1299 4882 1354 4937 Sed
1377 4882 1421 4937 illa
1433 4883 1583 4939 modestius
1596 4885 1716 4940 iuterro-

103 4985 130 5037 6.
152 4979 182 5036 Si
205 4985 300 5037 custos
325 4993 367 5046 es,
391 4977 459 5034 scito
486 4976 614 5050 quoniam
642 4974 706 5033 talia
735 4983 762 5032 te
790 4989 870 5047 opor·
923 4973 1061 5047 gatiunem
1076 4978 1209 5041 temperat
1224 4969 1373 5044 ambigenti
1393 4969 1498 5037 similis,
1513 4984 1641 5042 quereus
1656 4983 1711 5022 ma·

66 5079 105 5127 tet
133 5083 293 5143 praeparare
322 5066 350 5123 iu
380 5084 522 5125 occursum
549 5082 667 5140 sponsae.
692 5066 792 5138 thuid
820 5080 869 5121 oc·
924 5065 967 5137 gis
990 5077 1069 5136 quam
1089 5075 1202 5133 urgens.
1227 5059 1309 5115 Novit
1335 5058 1408 5114 enim
1428 5074 1479 5114 uec
1507 5055 1643 5122 omuibus,
1666 5070 1719 5112 nec

26 5144 29 5213 i
66 5161 165 5228 curris,
191 5160 215 5215 si
243 5158 312 5214 nibil
348 5158 438 5229 dulce,
466 5158 533 5214 nihil
566 5172 666 5214 novum
701 5156 871 5212 nuntiaturus
925 5152 999 5211 omni
1014 5160 1136 5223 tempore
1151 5148 1186 5205 de
1202 5149 1252 5204 liae
1265 5147 1371 5204 visione
1386 5146 1483 5204 adesse
1498 5158 1665 5201 sermonem.
1681 5147 1719 5201 Ex

66 5248 168 5308 renisi
184 5247 212 5303 Si
239 5263 308 5306 nova
338 5261 394 5303 non
423 5253 626 5319 pomeretam
652 5244 754 5318 profer.
774 5245 871 5318 lugere
926 5257 980 5317 quo
995 5242 1069 5297 enim
1082 5239 1223 5296 abscondit
1237 5238 1338 5294 vultum
1353 5252 1442 5302 suum,
1456 5234 1517 5307 quis
1531 5235 1633 5307 estqui
1646 5250 1730 5292 com.

67 5351 143 5407 nota,
169 5339 195 5394 si
222 5352 294 5395 nora
325 5351 382 5393 non
409 5338 504 5396 babes.
528 5338 590 5393 Nou
620 5345 711 5393 tamen
739 5334 874 5407 ingeritur
927 5329 1073 5403 templetur
1091 5328 1172 5384 euml
1195 5324 1249 5380 llos
1267 5333 1357 5379 autem
1380 5321 1484 5394 urgetis
1507 5338 1562 5394 me,
1582 5329 1613 5379 ut
1630 5322 1722 5397 legem

29 5420 32 5508 ᾖ
67 5430 145 5503 quod
171 5426 302 5500 exigitur.
331 5427 393 5483 Non
422 5426 517 5498 qnaerit
549 5426 658 5498 qualem
688 5424 798 5490 videris,
824 5422 875 5479 sed
928 5420 1005 5479 vobis
1019 5433 1119 5491 ponam
1133 5410 1333 5485 contemplandi
1349 5410 1491 5479 dilectum,
1511 5421 1539 5468 et
1552 5411 1725 5485 disciplinam

68 5520 90 5574 si
118 5514 236 5576 videris.
263 5513 372 5573 Sufficit
402 5515 528 5572 nuntiare
562 5513 669 5588 qualem
698 5513 758 5586 ipsa
788 5513 872 5570 novit.
933 5507 1097 5566 inventionis
1118 5503 1198 5577 huius
1221 5508 1249 5558 et
1271 5500 1383 5560 visionis
1407 5501 1522 5560 tradam.
1547 5499 1619 5569 Quid
1639 5498 1727 5574 ergo?

218 5622 345 5680 Parnon.
359 5621 532 5679 ccxxxiv.
1543 5641 1545 5644 ·
1604 5611 1623 5664 2
