3706 5962
154 215 209 276 595
743 213 938 276 titulatus
959 212 1000 274 illl
1018 213 1215 276 clitellarii.
1750 204 1807 270 596

130 335 133 341 ’
157 339 237 398 erri.:
260 337 381 394 aufertur
400 339 484 405 omni,
505 337 626 395 aufertur
642 337 719 404 nulli,
736 344 765 394 ut
788 339 878 395 nullus
898 337 950 396 nisi
968 354 995 435 'st
1010 340 1043 395 ad
1065 355 1162 410 purum
1185 338 1309 412 excoqui,
1333 337 1358 395 si
1378 352 1460 411 quarn
1481 335 1560 390 babet
1590 330 1808 402 seoriamsipso

160 443 210 486 suo
224 427 290 483 vitio
306 442 338 482 ea
355 435 457 484 careat.
473 427 509 483 Ut
526 415 615 483 autem
629 429 680 486 bac
692 436 785 484 mutue
805 427 902 486 virtute
924 430 951 485 iu
1010 443 1110 496 amore,
1124 428 1171 501 qni
1190 428 1261 504 ignis
1277 440 1440 484 consumens
1453 431 1504 491 est,
1528 421 1621 496 paleas
1637 421 1807 495 ignorantiae,

159 533 243 574 unum
258 531 401 572 occurrere
417 515 520 588 possint
543 515 699 573 affectiones
722 517 884 584 ementium,
908 534 955 574 cor
1009 526 1038 576 et
1064 517 1162 576 delicta
1187 516 1338 588 juventutis
1364 529 1499 588 purgans,
1526 521 1553 567 et
1590 508 1809 583 purgatissimam

160 605 277 664 amantis
292 605 388 660 animae
403 603 533 676 liquefieri
557 621 671 661 necesse
685 612 738 673 est,
753 613 784 662 ut
803 605 956 663 transfundi
1009 606 1112 664 faciens
1126 607 1254 672 animam,
1270 612 1297 662 et
1323 603 1415 661 divium
1442 602 1553 677 dignam
1579 600 1721 671 conjugio,
1751 615 1808 657 non

161 695 248 768 possit
261 703 288 750 et
313 693 496 750 transformari
511 693 540 749 in
558 694 634 749 illum
647 710 730 765 quem
745 702 825 761 amat,
841 704 868 752 et
894 712 954 750 mu·
1011 697 1151 752 habentem
1183 694 1316 750 maculam
1344 707 1435 763 nequo
1477 705 1584 762 rugam.
1627 687 1701 745 nudi
1727 686 1810 749 ilam-

162 785 214 840 tari
229 786 257 840 in
272 783 358 839 virum
385 781 500 838 alterurn
517 799 523 837 :
540 783 768 854 quemadmodum
790 800 868 854 aquae
885 784 958 840 stilla
1010 800 1083 842 marn
1096 794 1238 841 vorantem
1254 802 1260 840 :
1276 781 1401 839 Dimisso
1421 784 1491 837 sunt
1509 779 1537 835 ei
1562 782 1681 851 peccato
1702 780 1809 845 multe,

163 873 245 929 multo
265 871 353 926 infusa
376 870 451 940 vino,
467 871 583 927 deficere
607 886 623 925 a
643 886 674 927 se
692 878 748 928 tota
761 871 877 939 videtur,
892 872 957 928 dum
1011 875 1078 947 quio
1096 873 1201 929 dilicit
1214 873 1340 929 multum
1354 870 1432 943 (Luc.
1451 884 1503 935 vrr,
1525 867 1582 938 li).
1602 865 1727 940 Denique
1746 865 1810 922 dili·

163 959 271 1017 alterius
293 975 417 1031 saporem
442 959 529 1014 induit
552 966 578 1015 et
600 959 731 1016 colorem.
756 960 824 1017 ilinc
846 960 885 1015 illi
914 960 958 1031 pie
1011 961 1139 1034 gentibus
1152 965 1239 1018 Deum
1254 960 1345 1016 emnia
1357 968 1538 1030 cooperantur
1548 956 1577 1011 in
1599 956 1701 1012 bonurn
1717 956 1810 1027 (Rom.

163 1049 310 1105 amentium
334 1047 423 1103 crebri
437 1047 570 1114 defectus,
595 1047 649 1104 imo
673 1048 820 1119 profectus,
841 1048 906 1104 dum
924 1049 959 1105 de
1012 1065 1070 1119 rur,
1086 1051 1143 1115 28),
1160 1060 1187 1105 et
1205 1049 1270 1104 nihil
1296 1050 1441 1121 imputatur
1455 1046 1489 1101 ad
1512 1053 1640 1101 mortem.
1655 1044 1742 1102 Omne
1755 1060 1808 1101 cu-

164 1155 193 1195 sa
207 1138 234 1193 in
253 1152 283 1192 se
307 1137 375 1193 nibil
401 1136 529 1204 sentiunt,
551 1136 602 1192 nisi
627 1137 700 1206 quod
724 1136 751 1191 in
766 1137 874 1192 Christo
895 1138 960 1194 Jesu
1014 1149 1066 1195 tem
1085 1138 1158 1210 quod
1171 1139 1227 1209 ipse
1242 1152 1298 1193 non
1316 1136 1499 1209 imputaverit,
1520 1135 1560 1191 sic
1575 1141 1617 1190 est
1630 1130 1810 1205 mquam

164 1234 237 1285 sunt.
251 1226 328 1282 Nosti
343 1227 408 1297 quid
423 1227 515 1282 dicere
525 1225 627 1283 velim?
640 1225 725 1282 Nemo
740 1234 765 1280 te
788 1225 894 1284 mebris.
910 1226 960 1283 So·
1014 1243 1068 1282 non
1089 1226 1178 1284 fuerit.
1197 1229 1295 1283 Beatus
1314 1224 1355 1280 vir
1377 1223 1422 1281 cui
1440 1238 1496 1279 non
1515 1221 1659 1294 imputabit
1679 1221 1810 1277 Dominus

164 1316 222 1372 lum
236 1314 366 1387 liquidnm
381 1313 596 1386 est,qucdomni
609 1312 703 1369 forme
717 1314 868 1386 congruit:
887 1315 960 1387 quod
1015 1324 1155 1387 peccatum
1182 1313 1271 1387 (Psal.
1292 1328 1376 1380 ιιιι,
1411 1314 1450 1382 2).
1475 1311 1545 1365 Nam
1573 1311 1619 1383 qni
1643 1310 1810 1376 nonhabet,

164 1404 266 1475 optime
290 1402 415 1460 convenit
436 1402 512 1459 cordi
543 1401 681 1457 amatoris.
698 1403 813 1462 iactum
836 1406 894 1470 cri,
923 1404 962 1460 eit
1015 1419 1096 1459 nemo
1115 1413 1156 1459 est
1170 1403 1221 1459 nisi
1240 1403 1286 1457 ille
1312 1402 1386 1456 solus
1401 1399 1472 1455 inter
1486 1407 1607 1456 mortuos
1624 1397 1697 1455 libor
1718 1398 1810 1470 (Ptol.

162 1490 220 1561 ille,
239 1509 286 1550 cor
313 1509 409 1550 meum
433 1498 569 1565 tunquam
598 1507 664 1547 cero
686 1493 843 1564 liquescens
873 1493 960 1564 (Psoi.
1015 1506 1146 1560 cxxnvrr,
1173 1495 1211 1562 6).
1227 1490 1272 1549 Sic
1291 1489 1448 1548 calefactum
1470 1496 1498 1544 et
1515 1487 1690 1559 liquefactum
1704 1501 1754 1543 cor
1767 1487 1812 1543 fs-

164 1598 225 1652 ιιι,
242 1584 297 1646 15).
1015 1581 1067 1638 uile
1084 1580 1118 1635 ed
1142 1595 1250 1636 omnem
1274 1578 1365 1636 dilecti
1385 1592 1539 1634 sermenem
1562 1576 1759 1649 compungitur
1786 1587 1813 1632 ct

104 1699 108 1706 ·
202 1673 247 1726 22.
273 1669 328 1725 Res
352 1668 527 1742 liquescendo
547 1667 667 1724 mollitur
694 1667 830 1738 dilatatur,
859 1685 962 1740 purga·
978 1627 1001 1705 Β
1018 1669 1120 1734 ebullit,
1132 1670 1272 1741 experiens
1295 1667 1363 1724 illud
1383 1667 1456 1738 quod
1474 1666 1602 1724 canitur:
1629 1666 1814 1722 Animomcu

165 1766 223 1814 tur.
238 1759 273 1813 iit
287 1773 362 1812 nunc
385 1758 457 1813 buno
481 1755 613 1828 triplicem
635 1755 764 1813 affectum
777 1755 917 1813 considera
934 1757 963 1812 in
1016 1758 1172 1831 liquefacto
1184 1762 1226 1813 cst
1240 1757 1399 1815 ordiuntur
1410 1757 1520 1812 locutus
1530 1757 1573 1810 esf
1584 1753 1709 1825 (cantia
1721 1753 1812 1822 miii:

167 1860 272 1910 amere,
298 1845 429 1917 quivere
463 1844 534 1919 ignis
557 1843 663 1901 divinus
687 1855 738 1911 est,
767 1845 849 1902 corda
875 1845 962 1902 resol-
1017 1853 1043 1902 et
1059 1844 1245 1915 illudquodin
1262 1843 1409 1916 Evangelio
1429 1843 1663 1916 legiturriionttc
1691 1858 1741 1902 cor
1763 1858 1816 1900 tto·

166 1949 245 2001 vens,
271 1948 392 2008 purgans
418 1942 445 1989 et
483 1933 604 1990 madens
632 1936 661 1989 in
686 1949 804 1989 massam
833 1935 961 2004 unitatis;
1017 1935 1217 1993 strumcrdeoa
1227 1933 1506 2002 erctiuaobis,dum
1517 1930 1815 2005 oeconomorum

141 2088 147 2096 ,
168 2022 397 2096 quemadmodum
424 2020 500 2080 veria
523 2020 634 2077 metalla
655 2022 742 2078 soluta
768 2021 824 2094 igni
846 2038 964 2081 concur·
1016 2023 1064 2080 vio
1077 2023 1092 2077 ,⁹
1107 2025 1182 2095 (tue.
1198 2037 1276 2091 xxiv,
1292 2021 1388 2092 32.)0
1409 2021 1497 2079 duleis
1518 2019 1699 2078 confabulatio
1717 2021 1769 2077 Dei
1787 2020 1814 2076 in

168 2118 232 2170 runt
245 2112 274 2168 in
289 2127 381 2167 unum.
410 2110 452 2166 nd
476 2117 576 2168 tactum
604 2109 683 2180 cujus
707 2109 825 2166 mollitur
842 2121 869 2169 et
894 2112 964 2169 cedit
1017 2113 1108 2170 anima
1124 2121 1225 2170 etcum
1240 2113 1338 2182 anima,
1355 2127 1416 2184 quae
1430 2112 1489 2168 sine
1504 2111 1605 2183 linquae
1623 2117 1652 2168 et
1679 2109 1814 2167 labiorum

160 2201 212 2265 ,illa
230 2201 325 2258 odiosa
352 2198 470 2266 duritie,
500 2214 561 2271 quae
589 2207 631 2255 est
658 2198 850 2256 insensibilitas
877 2202 965 2257 cordis
1005 2202 1148 2260 'formatur
1172 2203 1297 2273 strepitu,
1314 2211 1341 2259 et
1356 2201 1414 2257 siue
1441 2217 1506 2257 aure
1531 2199 1682 2271 percipitur
1709 2199 1815 2256 atrab

158 2306 222 2363 qua
245 2291 326 2349 bomo
351 2304 401 2346 nec
428 2285 512 2343 sentit
542 2303 649 2354 senec
673 2286 771 2354 nlium;
792 2303 843 2344 neo
866 2289 964 2360 pietate
1018 2291 1124 2348 silentio
1137 2292 1151 2346 l
1165 2291 1244 2347 Solus
1257 2290 1302 2363 qui
1315 2288 1446 2362 loquitur,
1467 2296 1494 2345 et
1515 2289 1560 2345 cui
1581 2285 1718 2360 loquitur,
1738 2287 1815 2344 audit

167 2379 296 2446 flectitur,
324 2393 374 2434 nec
398 2376 526 2447 precibus
557 2374 723 2442 inclinatur;
754 2376 885 2449 exemplis
911 2394 965 2435 non
1017 2380 1089 2437 illam
1107 2394 1113 2435 :
1129 2376 1509 2437 omnisalienusexcluditur.

169 2467 314 2538 inducitur,
330 2465 409 2523 minis
436 2481 492 2525 non
521 2473 649 2532 ferretum
677 2463 815 2523 beneficiis
842 2467 964 2535 duratur,
1054 2473 1099 2527 25.
1138 2469 1206 2526 Sunt
1231 2475 1320 2525 autem
1353 2467 1436 2524 verba
1464 2464 1509 2520 illa
1540 2463 1666 2537 quaedanr
1698 2462 1816 2521 eoelestis

169 2556 284 2632 flagellis
304 2570 357 2611 uon
384 2554 526 2619 eruditur;
558 2552 695 2610 frontosus
711 2555 743 2608 ad
772 2557 870 2628 turpia,
897 2572 964 2629 pro·
1019 2558 1102 2615 fontis
1128 2556 1240 2631 irrigua,
1271 2554 1482 2631 rigentiacorda
1508 2553 1613 2609 arentia
1636 2568 1693 2626 prae
1716 2551 1816 2609 amoris

170 2663 223 2702 nus
237 2644 271 2700 ed
296 2643 397 2711 illicita,
413 2642 485 2698 flecti
513 2641 556 2700 vel
576 2642 655 2697 subdi
678 2642 796 2714 nescius,
826 2643 877 2701 nisi
904 2662 966 2701 cum
1018 2646 1190 2704 multitudine
1204 2652 1231 2701 et
1254 2643 1403 2713 desiderio,
1428 2658 1544 2716 quorum
1568 2642 1602 2697 dc
1625 2640 1729 2698 deliciis
1751 2640 1815 2715 [tti-

171 2733 297 2791 resistere
321 2747 377 2787 non
407 2738 507 2802 potest.
538 2730 572 2785 Et
604 2730 632 2784 in
660 2731 784 2787 omnibus
811 2734 964 2807 exemplum
1020 2735 1116 2793 cbard.
1131 2749 1245 2808 quorum
1260 2731 1356 2804 dulcis]
1377 2733 1495 2788 namatio
1512 2738 1562 2802 est,
1578 2729 1733 2789 decivitate
1753 2729 1813 2796 bei.

171 2821 219 2877 tibi
233 2820 268 2876 sit
277 2819 375 2875 duritia
390 2818 488 2876 cordis·
1022 2833 1050 2880 et
1060 2840 1136 2896 pace,
1146 2833 1174 2879 et
1188 2823 1264 2894 eopia
1278 2821 1404 2889 civitatis,
1419 2820 1567 2878 deciviam
1588 2819 1686 2892 gloria,
1710 2819 1744 2875 da
1763 2818 1815 2876 dc-

209 2909 253 2965 23.
277 2907 433 2965 Emollitum
468 2913 558 2963 nutem
582 2921 640 2976 cor,
675 2907 751 2976 juxta
772 2909 967 2968 Pauli-doctri·
981 2896 1005 2975 G
1021 2927 1085 2969 core
1107 2909 1278 2967 lucidissimae
1301 2908 1458 2974 mansionis,
1481 2908 1585 2980 pallens
1600 2923 1617 2962 a
1631 2907 1714 2964 corde
1735 2904 1815 2962 frati-

171 3011 235 3052 nam
262 2995 390 3051 dilatatur
416 2997 457 3064 (fl
471 2996 534 3054 Cor.
550 3010 586 3063 vt,
604 2997 661 3066 11),
684 2996 819 3053 adextris
841 3007 902 3055 ata
926 3002 966 3055 si·
1021 3000 1107 3063 dirim,
1131 3007 1158 3054 et
1180 3012 1323 3069 ncorpore
1347 2995 1545 3069 fatigationem,
1565 2994 1696 3052 nuntians
1713 2992 1815 3051 dilecto

170 3084 264 3142 nistris
277 3098 470 3155 usquequaque
493 3083 663 3153 diffunditur,
679 3085 845 3142 subveniens
865 3087 967 3159 pariter
1020 3087 1093 3160 quod
1116 3083 1251 3158 possessio
1274 3088 1332 3154 ejus
1354 3084 1399 3153 sit,
1413 3096 1439 3143 et
1463 3083 1497 3139 ad
1520 3100 1581 3140 eam
1607 3083 1694 3155 possit
1715 3096 1816 3140 ascan-

171 3174 295 3231 hostibus
308 3180 335 3227 et
353 3171 459 3239 amicis,
487 3180 568 3244 etque
581 3181 661 3244 grato
673 3173 791 3244 quodam
814 3183 841 3232 et
854 3185 966 3248 sponta-
1020 3177 1097 3232 dere.
1112 3175 1168 3230 Nec
1181 3173 1257 3230 aliud
1281 3172 1357 3243 petiit
1372 3172 1414 3228 vel
1437 3189 1533 3243 passus
1556 3180 1608 3243 est,
1623 3172 1670 3245 qui
1682 3171 1814 3229 dicebat-z

170 3280 224 3321 neo
247 3278 360 3320 occursu
383 3261 508 3317 omnibus
534 3261 652 3317 occurrit
675 3264 849 3336 congaudens
875 3266 967 3338 profe·
1020 3264 1303 3322 Dormifouitoeiuut
1317 3278 1379 3320 usco
1391 3280 1454 3336 prae
1467 3262 1561 3330 tedio,
1578 3263 1815 3334 confirmantem

160 3352 270 3419 etibns,
285 3352 327 3409 vel
346 3351 492 3407 defectibus
519 3350 665 3407 condolens
683 3352 880 3423 proximorum.
895 3356 968 3415 Fluit
1020 3353 1110 3413 uerbis
1134 3353 1192 3410 teia
1214 3353 1301 3421 (Ptol.
1323 3367 1417 3421 carun,
1438 3351 1495 3422 18).
1517 3350 1622 3407 Similia
1640 3357 1732 3408 autem
1751 3358 1816 3408 suat
1847 3387 1850 3391 -

171 3443 264 3517 igitur,
277 3440 324 3498 sed
344 3455 401 3496 non
425 3438 529 3506 effluit3
545 3438 609 3511 quio
631 3439 670 3496 sic
683 3439 823 3499 derivatur
837 3443 870 3499 ad
885 3446 965 3518 alios,
1020 3444 1103 3501 vcrba
1129 3440 1251 3500 veritatis
1281 3439 1383 3497 nostris
1410 3439 1639 3512 cogitationibus3
1666 3447 1695 3495 et
1721 3446 1816 3495 nmen

171 3541 201 3588 ut
217 3546 278 3588 ase
304 3530 475 3602 aliquatenus
488 3543 544 3584 non
570 3528 687 3586 recedat.
705 3531 740 3586 Et
755 3530 816 3587 vide
843 3547 878 3588 ne
897 3532 966 3592 forte
1019 3547 1100 3590 nemo
1124 3538 1213 3587 tantus
1242 3528 1466 3595 observatorem,
1493 3529 1542 3597 qni
1569 3526 1647 3583 facile
1673 3526 1817 3585 discernat

172 3622 306 3690 Propheta
328 3618 443 3674 senserit
467 3617 493 3670 id
521 3617 621 3688 ipsum,
651 3617 707 3690 qui,
724 3633 786 3674 eum
812 3635 859 3677 cor
887 3637 965 3679 suum
1019 3621 1083 3695 quid
1097 3636 1145 3678 cor
1160 3619 1257 3689 parim,
1272 3617 1325 3674 nisi
1346 3618 1393 3690 qui
1411 3618 1563 3674 Dominum
1586 3619 1749 3688 loquentem.
1764 3619 1816 3674 ad·

171 3723 240 3766 ecrae
261 3704 421 3778 liquescenti
446 3712 641 3774 comparasset,
672 3707 795 3776 protinus
817 3709 963 3780 adjunxit:
1018 3705 1815 3781 vertit:QuidcecitatismeloincordiburuesbisfMettis.

170 3798 204 3852 ln
226 3794 317 3852 medio
339 3793 520 3851 umfrirrnci
539 3793 624 3862 (Paul.
650 3809 711 3865 ιιι,
742 3797 798 3864 15).
823 3797 965 3870 Liquidum
1017 3796 1394 3870 tx,t),etillud:ltccorde
1410 3799 1517 3852 exeunt
1530 3797 1716 3865 coniectiones
1729 3798 1818 3854 mcfoe

172 3883 232 3951 fuit,
247 3882 296 3938 sed
311 3889 392 3937 extm
405 3894 460 3935 non
483 3878 597 3937 effluxit.
615 3881 695 3938 Solus
718 3882 833 3953 effluxit,
859 3887 908 3956 qui
927 3889 966 3945 sic
1017 3888 1127 3959 (Metti.
1137 3904 1188 3956 xv,
1200 3887 1246 3958 19)
1258 3885 1426 3942 :et:0mnir
1434 3887 1485 3957 qui
1494 3885 1816 3959 mudodumloquitar,

136 3976 144 3989 ’
171 3968 286 4024 intendit
299 3967 368 4033 aliis,
386 3974 415 4022 ut
426 3965 478 4021 sibi
497 3981 550 4021 non
565 3969 695 4027 attendat.
720 3969 822 4043 Videte,
837 3973 874 4029 ait
887 3977 963 4046 Apo·
1018 3977 1051 4034 de
1069 3994 1120 4036 ruo
1136 3975 1367 4051 loquiturfioon.
1382 3989 1445 4038 vrrr,
1461 3975 1505 4044 il)
1519 3990 1527 4043 ;
1539 3983 1566 4030 et
1579 3972 1644 4028 illud
1668 3973 1814 4044 Apostoli:

172 4056 269 4126 stolus,
279 4072 315 4113 ne
325 4059 400 4129 sorte
417 4055 632 4127 supereffluatis
647 4055 740 4129 (liebr.
758 4074 790 4127 ιι,
815 4063 852 4131 1).
867 4064 963 4137 Neque
1018 4065 1079 4122 lion
1093 4065 1164 4137 qaod
1175 4064 1449 4136 sufficientesrimur
1470 4062 1594 4134 conitere
1608 4061 1718 4133 aliquid
1728 4076 1747 4116 a
1759 4077 1814 4120 no·

171 4147 244 4204 enim
268 4161 378 4202 neccsse
392 4151 434 4201 est
450 4151 477 4200 ut
500 4145 542 4199 his
556 4144 722 4215 excessibus,
736 4146 765 4202 in
791 4150 890 4220 quibus
909 4153 963 4209 bu·
979 4167 1004 4247 ⁰
1020 4153 1060 4208 bir
1074 4154 1156 4226 queri
1170 4169 1206 4210 ee
1225 4152 1303 4210 nobis
1329 4153 1367 4222 (ll
1387 4152 1449 4209 Cor.
1465 4165 1507 4216 ιιι,
1528 4154 1566 4222 b).
1588 4149 1658 4206 liele
1681 4159 1773 4207 autem
1785 4151 1814 4207 iu

169 4235 243 4294 meni
256 4235 367 4304 spiritus
390 4233 487 4290 lutosis
499 4235 626 4291 sensibus
647 4235 805 4304 avelluntur,
820 4249 896 4296 extra
916 4257 965 4300 eos
1020 4242 1103 4298 corde
1116 4241 1229 4297 dicimus
1238 4240 1315 4313 juxta
1332 4240 1417 4296 illud:
1433 4241 1515 4298 Dicit
1534 4239 1672 4312 insipieus
1687 4240 1720 4296 bt
1733 4239 1815 4298 cordo

169 4341 230 4383 esse
263 4325 402 4390 dicantur,
427 4339 489 4379 cum
515 4323 612 4380 Paulus
645 4324 674 4380 iu
697 4341 747 4381 suo
776 4339 855 4400 raptu
878 4346 913 4386 an
936 4331 964 4387 in
1018 4331 1170 4389 ruorliort
1188 4332 1317 4388 collieres
1336 4328 1497 4399 (Probxru,
1514 4328 1550 4400 1).
1566 4329 1745 4384 Bonaamem
1761 4345 1813 4385 au-

167 4429 281 4485 cerpore
299 4430 334 4470 an
360 4422 437 4471 extra
463 4428 574 4484 corpus,
599 4429 629 4471 se
656 4413 729 4470 dicat
758 4431 869 4488 prorsus
884 4417 962 4490 igno·
1016 4419 1144 4476 divimus.
1160 4419 1237 4476 Unde
1253 4433 1259 4473 :
1275 4417 1398 4476 Audiam
1412 4418 1480 4491 quid
1494 4417 1676 4490 loquuturus
1692 4432 1741 4474 ete
1756 4419 1814 4478 llo-

166 4520 228 4561 rare
246 4505 288 4576 (tr
315 4505 375 4563 Cor.
401 4517 449 4570 ιιι,
479 4506 506 4572 a,
522 4501 560 4574 3).
584 4503 637 4560 Ubi
659 4519 726 4576 ergo
749 4514 830 4572 sunt,
851 4506 964 4580 inquis?
1016 4511 1116 4565 minus
1139 4507 1314 4579 Deusffroi.
1341 4507 1509 4575 narsum).
1533 4504 1566 4559 Et
1587 4520 1701 4577 prorsus
1728 4505 1813 4576 hujus

167 4594 196 4649 ln
210 4608 243 4648 eo
270 4593 342 4665 quod
370 4590 486 4649 interius
512 4599 553 4648 est
572 4591 626 4648 sui.
654 4592 820 4650 Profundum
847 4605 889 4653 est
915 4613 963 4655 cor
1016 4596 1118 4652 auditui
1137 4596 1246 4653 dabitur
1259 4595 1387 4672 gaudium
1402 4603 1429 4652 et
1444 4594 1536 4651 laetitia
1552 4610 1559 4648 ε
1576 4594 1631 4652 lico
1648 4598 1813 4654 revectum

167 4681 286 4737 bominis
308 4688 335 4737 et
360 4680 530 4737 inscrutabile
557 4681 676 4753 (ierem
703 4700 776 4750 xrtr,
805 4686 845 4757 9),
872 4696 899 4744 ει
926 4688 963 4745 ita
1015 4683 1812 4758 bocuerbumooeuum‚sedfoctecadquodeuoquemtait

166 4778 285 4827 secretus
309 4769 360 4825 sibi
388 4780 440 4840 est,-
470 4769 517 4840 qui
542 4769 584 4825 sui
610 4769 695 4841 ipsius
711 4773 813 4830 nesciat
836 4775 960 4836 interius.
1015 4774 1089 4834 titud
1116 4775 1184 4847 (iso.
1200 4790 1246 4841 nv,
1262 4774 1318 4845 tt),
1342 4774 1434 4846 rigens
1448 4779 1475 4830 et
1488 4773 1636 4829 fecundans
1660 4772 1811 4846 penetralia

164 4861 226 4916 Non
247 4857 332 4932 igitur
356 4857 524 4927 educuntur,
538 4857 587 4913 sed
615 4857 779 4918 inducuntur
797 4862 909 4934 spiritus
932 4866 960 4923 in
1013 4862 1113 4920 cordis.
1138 4861 1192 4931 Qui
1220 4861 1317 4919 talibus
1339 4861 1430 4919 verbis
1458 4860 1602 4928 docentur,
1625 4860 1732 4919 dociles
1759 4863 1810 4919 ilci

164 4950 212 5007 illo
235 4947 357 5005 interiori
383 4948 534 5014 coenaculo,
559 4958 794 5025 quantumcunque
818 4961 858 5011 est
881 4956 957 5025 illud,
1013 4961 1086 5022 sunt,
1101 4959 1129 5008 et
1142 4950 1231 5009 unctio
1253 4967 1301 5008 eos
1324 4950 1405 5008 docet
1430 4951 1464 5007 de
1481 4950 1650 5023 omnibnsfl
1661 4953 1744 5011 loon.
1770 4969 1807 5022 rr,

162 5050 193 5097 ut
206 5037 306 5097 eleusis
334 5052 456 5094 seorsum
481 5052 607 5093 sensuum
621 5038 843 5110 ostiis,securius
869 5059 960 5102 secre-
1012 5039 1069 5112 27),
1088 5056 1150 5113 quae
1176 5040 1234 5098 sola
1256 5055 1365 5097 omnem
1393 5039 1533 5096 veritatem
1556 5040 1652 5108 docet,
1672 5040 1810 5116 celerique

162 5129 280 5201 tiusque,
304 5126 512 5199 castissimoque
539 5127 683 5198 complexu
710 5130 873 5188 conveniant
896 5149 957 5189 cum
1010 5129 1170 5201 magisterio
1197 5129 1319 5203 loquitur
1344 5129 1468 5203 quaedam
1496 5128 1626 5202 mysteria
1654 5129 1716 5199 Dei,
1743 5146 1806 5205 qnae

163 5219 271 5286 dilecto,
285 5225 313 5274 et
335 5216 372 5274 ibi
391 5215 487 5274 melius
501 5231 596 5273 seeum
610 5226 683 5286 sunt,
697 5234 761 5276 cum
788 5219 887 5277 sicubi
902 5221 958 5280 sint
1008 5217 1139 5275 nonlicet
1166 5217 1270 5276 bomini
1298 5217 1381 5292 loqui,
1398 5218 1464 5274 etsi
1481 5219 1576 5274 audire
1604 5219 1693 5286 liceat,
1716 5220 1808 5292 qualia

159 5307 294 5377 nesciunt,
315 5308 397 5364 tutius
419 5322 450 5363 se
464 5306 572 5379 babent,
592 5321 656 5363 cum
679 5322 709 5363 se
723 5309 775 5365 boc
800 5307 879 5365 modo
895 5325 957 5380 per·
1009 5307 1082 5378 apud
1098 5308 1189 5365 soeculi
1209 5307 1351 5383 magistros
1374 5306 1527 5364 nullatenus
1551 5306 1695 5364 audientur
1710 5322 1719 5363 τ
1733 5324 1807 5380 quo·

159 5393 291 5452 diderint,
777 5436 779 5440 »
810 5422 812 5426 ⁴
840 5422 845 5427 ·
1007 5411 1066 5453 rurn
1080 5396 1177 5457 virtute
1190 5404 1217 5453 et
1232 5396 1324 5453 auditu
1337 5397 1421 5453 corda
1439 5395 1605 5470 liquescunt,
1628 5396 1804 5470 liquescendo

193 5485 238 5541 at.
262 5484 346 5542 t’orro
369 5483 547 5562 liquefactum
561 5486 673 5560 purgari
700 5501 825 5546 εεεεεεε·
839 5494 892 5557 art,
926 5493 954 5546 ct
1005 5497 1037 5543 et·
1058 5483 1210 5545 deridendo
1232 5483 1420 5560 perficiantur,
1435 5485 1500 5544 dum
1527 5484 1556 5543 in
1574 5485 1706 5546 unitatur
1729 5487 1807 5548 tlara
