3706 5962
101 205 170 268 333
638 204 735 266 3333
754 205 797 265 33
815 204 904 266 aeno
922 200 1008 270 3333
1031 204 1176 270 3133333.
1532 166 1538 174 ’
1673 209 1743 270 333

98 330 199 388 debent
212 331 278 386 loris
293 333 394 402 vagari,
410 331 458 388 3331
481 331 509 384 13
524 337 629 385 secreto
651 329 808 385 monasterii
828 337 889 384 ante
906 343 930 422 Α
1112 374 1117 385 .
1143 334 1244 393 111111.
1260 367 1295 376 -
1313 338 1352 392 113
1373 338 1539 393 tentatione.

99 419 265 475 3331331131
290 436 395 492 semper
418 417 587 475 commorari.
613 416 664 472 Sed
684 416 800 486 dispersi
827 423 891 473 sunt
984 422 1045 475 156.
1066 419 1262 478 Honestissima
1283 439 1370 489 soror,
1397 424 1602 480 33111333333
1627 432 1737 497 aposto-

99 507 179 562 lrodia
199 507 302 579 lapides
321 507 463 564 sanctuarii
489 505 618 576 incapite
641 504 763 561 omnium
788 506 893 577 platea·
949 505 1004 561 lum
1021 506 1176 564 dicentem:
1194 512 1326 569 desistite
1342 512 1455 569 diabolo
1472 514 1605 584 cisapini
1628 513 1735 570 euobis

99 609 172 664 rum,
186 596 293 667 quando
307 596 435 668 Religiosi
454 594 502 652 riri
516 592 663 665 quaerendo
684 609 752 652 3333
766 603 795 649 33
809 609 894 649 sareu·
945 594 1052 662 (133311
1065 612 1103 664 tv,
1119 596 1158 666 t).
1173 599 1206 652 113
1221 601 1314 655 beatus
1329 600 1507 670 Hieronymus
1527 599 1592 655 dicit
1607 618 1614 654 :
1637 619 1650 651 3
1665 599 1738 655 Nihil

99 683 247 740 1331313313
266 693 409 756 vagantur.
426 685 455 738 ln
480 682 716 753 capiteomnium
740 681 893 753 platearum
948 697 980 736 33
1004 681 1101 740 1333133
1125 687 1170 756 331
1195 687 1334 742 diabolum
1356 687 1437 743 313313
1454 704 1460 741 :
1478 697 1505 744 33
1530 687 1593 742 bittit
1617 686 1739 745 imbecil-

98 770 205 841 lapides
219 773 361 828 sanctuarii
385 782 448 827 sunt
475 770 892 842 (11333331,3333113313111311-
948 770 1008 838 1133,
1024 789 1105 843 3333
1135 775 1179 829 ille
1208 778 1254 846 qui
1282 793 1297 831 a
1321 793 1472 833 33333333
1494 777 1742 847 333333333353-

98 858 169 930 giosi
184 860 246 932 plns
260 860 455 916 desiderantia
477 859 575 929 palatio
590 859 662 929 regis
675 858 787 927 versari,
811 875 893 930 quarn
947 859 1021 930 gitta
1041 861 1139 918 diaboli
1156 863 1258 934 frigore
1279 865 1442 938 vigiliarum,
1457 873 1484 920 33
1498 865 1663 935 jejuniorum
1677 881 1742 934 par·

97 945 167 1002 iutra
200 949 344 1005 claustrum
378 947 532 1004 monasterii
567 947 737 1003 commorari.
773 947 893 1014 Dispersi
947 948 1026 1004 citato
1049 961 1112 1005 sunt
1133 953 1345 1024 exstinguendae.
1362 955 1481 1010 Callidus
1506 955 1630 1010 inimicus
1651 965 1743 1010 noster

97 1043 168 1101 sunt,
184 1036 293 1107 quando
307 1036 367 1106 plus
380 1036 533 1092 desiderant
547 1036 641 1090 andire
655 1034 789 1105 superflua
810 1036 893 1090 verba
947 1053 1054 1109 semper
1067 1041 1183 1111 exquirit
1198 1041 1268 1097 unde
1293 1058 1344 1097 nos
1371 1044 1496 1112 decipere
1517 1045 1613 1115 possit,
1637 1053 1664 1100 33
1688 1059 1741 1100 333
1820 1072 1831 1091 ι

96 1123 220 1194 divitum,
249 1142 329 1196 quam
354 1134 487 1196 praecepta
509 1124 719 1194 Scripturarum.
749 1125 777 1177 ln
803 1123 889 1191 eripite
948 1134 1141 1184 tantumcurat
1162 1131 1290 1201 jngnlarc
1313 1146 1437 1202 corpora,
1460 1131 1505 1184 sed
1521 1130 1633 1199 331333,
1663 1131 1741 1198 33331

99 1215 247 1282 331-3333333
273 1214 478 1286 disperguntur,
494 1212 602 1285 quando
631 1212 691 1281 plus
717 1211 840 1266 laetantur
866 1211 893 1265 13
947 1215 1029 1284 lupus
1042 1232 1165 1286 gregem.
1182 1217 1312 1272 Diabolus
1326 1219 1438 1287 dissipat
1460 1218 1572 1282 animas,
1592 1233 1652 1273 eum
1672 1216 1741 1272 lide·

97 1301 228 1358 couvlriis
239 1309 265 1358 33
280 1302 598 1365 locutionibusdivitum,
624 1317 705 1371 quam
720 1301 746 1355 in
773 1316 891 1370 nauper-
948 1301 999 1356 lem
1015 1302 1143 1373 populum
1159 1320 1204 1373 por
1218 1307 1389 1360 tentationem
1413 1313 1488 1360 necat
1508 1321 1515 1359 t
1533 1313 1621 1361 tamen
1643 1305 1741 1359 ‹lisbo-

99 1397 194 1445 333333
220 1390 380 1446 abstinentia
405 1387 893 1462 33113133333313333313.5333311131
948 1388 990 1444 lus
1015 1406 1068 1445 non
1097 1391 1215 1461 amplius
1238 1400 1323 1447 tentat
1352 1393 1462 1458 electos,
1490 1408 1570 1461 quam
1606 1392 1743 1465 permittat

97 1478 159 1549 plus
178 1478 277 1533 debent
296 1476 793 1551 (1111333313333313313(3333333313,
811 1491 891 1548 quarn
947 1478 1019 1533 Deus
1044 1479 1103 1549 (tob
1126 1480 1156 1550 3).
1180 1478 1294 1548 Quando
1316 1481 1440 1536 diabulus
1459 1497 1553 1536 333333
1577 1483 1626 1537 1131
1647 1490 1742 1552 tornat,

98 1567 224 1636 opulenta
238 1567 361 1624 convivia
375 1567 402 1620 in
415 1566 526 1622 saeculo.
541 1564 673 1636 Religiosi
692 1563 741 1618 viri
764 1565 824 1632 plus
844 1566 891 1619 de·
945 1583 1041 1623 eorum
1065 1567 1225 1625 utilitatibus
1244 1570 1335 1640 serrit,
1352 1586 1414 1624 cum
1429 1585 1476 1625 eos
1509 1587 1554 1636 per
1579 1570 1742 1625 tentationes

98 1655 163 1710 bent
176 1670 265 1711 amare
279 1653 353 1710 31333
368 1655 439 1709 13333
453 1669 520 1710 3333
540 1654 647 1719 tratres,
671 1668 751 1724 quam
766 1652 891 1707 multitu·
907 1612 929 1688 B
946 1670 1011 1710 suas
1025 1671 1079 1710 uon
1089 1655 1197 1724 decipit,
1214 1656 1260 1712 sed
1275 1657 1374 1712 erudit.
1398 1657 1476 1728 Saepe
1492 1657 1655 1714 tentationes
1675 1673 1742 1729 quas

96 1741 187 1797 dinem
202 1741 527 1799 ciborumiuterdirites.
552 1740 608 1796 Viri
624 1740 754 1813 Religinsi
776 1740 892 1810 amplius
946 1741 1067 1800 diabolus
1090 1752 1241 1800 commoret
1271 1744 1306 1799 331
1329 1745 1466 1802 133331333
1497 1745 1648 1811 hominum,
1670 1745 1742 1800 Deus

97 1828 198 1886 debent
210 1831 329 1903 gaudere
354 1831 379 1884 iu
396 1845 487 1885 mensa
503 1844 649 1900 pauperum
672 1827 795 1896 fratrum,
813 1845 892 1898 quarn
946 1830 1079 1886 convertit
1102 1848 1147 1887 eas
1168 1832 1201 1887 ad
1226 1832 1373 1902 prolectam
1403 1833 1562 1889 animarum.
1598 1835 1741 1904 Nunquam

94 1917 125 1972 in
145 1934 237 1973 mensa
252 1935 356 1989 regum.
368 1918 478 1987 Quare?
494 1917 573 1987 Quia,
584 1916 653 1972 31333
667 1916 705 1970 ait
714 1916 891 1986 Augustinus,
947 1919 1080 1997 333311131
1096 1920 1259 1976 tentationes
1273 1921 1371 1976 diaboli
1393 1923 1526 1977 sustinere
1544 1920 1742 1990 333313333331

96 2006 195 2060 melius
210 2006 354 2060 33331333
377 2021 472 2076 egere,
497 2021 579 2074 qnam
593 2005 654 2074 plus
679 2005 788 2058 habere.
807 2001 892 2058 est
947 2006 1092 2077 nequitiam
1109 2023 1202 2063 eorum
1220 2009 1302 2078 pietas
1318 2009 1368 2062 Dei
1387 2025 1440 2065 non
1458 2017 1618 2079 temperaret
1633 2009 1676 2064 rel
1696 2023 1741 2064 rc·

96 2090 193 2147 Melius
219 2103 261 2147 est
277 2108 324 2160 pro
339 2090 445 2146 Christo
461 2093 488 2145 in
515 2091 678 2146 monasterio
701 2099 892 2162 paupertatem
947 2094 1073 2148 13333333.
1099 2093 1229 2162 03331313
1250 2096 1375 2150 diabolus
1394 2111 1503 2164 semper
1525 2097 1616 2165 cupiat
1638 2104 1741 2151 tentare

95 2179 240 2243 sustinere,
254 2195 335 2251 quam
350 2179 377 2233 in
392 2179 492 2234 saeculo
509 2178 605 2233 multas
620 2177 729 2233 diuitias
744 2179 853 2234 habere.
946 2195 1040 2237 333333
1053 2181 1111 2249 1131,
1134 2189 1222 2237 33333
1237 2184 1290 2237 313
1308 2182 1364 2238 Deo
1384 2191 1544 2252 potestatem
1558 2198 1611 2238 nou
1629 2183 1739 2254 accipit,

135 2271 195 2326 toa.
211 2270 327 2324 Necesse
346 2277 387 2324 est
410 2269 492 2340 igitur
505 2276 535 2322 33
557 2267 671 2340 3313333
691 2266 854 2339 Religiosus,
870 2267 895 2321 si
946 2283 999 2322 nou
1016 2276 1104 2336 potest
1118 2268 1229 2339 implere
1243 2271 1317 2340 quod
1333 2270 1440 2341 333313.
1458 2271 1534 2327 Unde
1547 2280 1573 2326 et
1589 2271 1678 2325 omnis
1692 2285 1740 2326 vo·

96 2356 194 2412 salvari
208 2355 353 2422 desiderat,
370 2355 501 2410 saeculum
520 2363 683 2421 conteneant,
700 2366 726 2410 et
747 2370 809 2409 sese
824 2356 893 2409 intra
946 2356 1035 2410 luntas
1047 2356 1148 2412 diaboli
1163 2371 1270 2426 semper
1283 2364 1324 2412 est
1339 2358 1448 2427 injusta,
1465 2360 1512 2413 sed
1526 2367 1615 2413 tamen
1625 2357 1738 2427 permit-

97 2443 251 2499 monasterii
266 2444 384 2499 claustra
399 2443 553 2498 concludat.
576 2442 664 2498 Debet
682 2441 837 2516 Religiosns
851 2444 893 2498 313
946 2451 1019 2499 teute
1033 2444 1088 2500 Deo
1100 2445 1174 2513 justa
1188 2455 1229 2500 est
1243 2453 1361 2515 potestas
1374 2446 1398 2514 ej
1404 2463 1444 2500 ns.
1455 2445 1585 2501 Diabolus
1595 2463 1625 2501 es
1638 2454 1738 2500 33333·

95 2536 246 2588 conventus
259 2531 431 2589 saecularium
446 2530 585 2586 hominum
614 2530 719 2603 lugere,
735 2537 762 2584 ct
776 2531 892 2586 societa-
946 2529 1006 2600 ipso
1018 2530 1118 2597 injuste
1131 2534 1227 2603 quaerit
1247 2540 1350 2590 tentare
1364 2549 1459 2588 servos
1477 2533 1542 2602 Dei,
1560 2533 1670 2589 3331333
1694 2535 1738 2604 qui

97 2629 152 2675 tem
170 2634 312 2676 serrorum
326 2617 375 2674 Dei
389 2618 539 2690 requirere.
555 2618 613 2674 viri
628 2618 756 2690 Religiosi
771 2618 832 2690 plus
847 2618 893 2675 313-
946 2620 1062 2673 tentandi
1077 2630 1140 2675 suut
1155 2628 1259 2675 tentare
1273 2636 1326 2676 nou
1343 2624 1449 2693 peterit,
1464 2620 1516 2676 uisi
1530 2621 1640 2676 3111333
1660 2620 1740 2677 lieen-

89 2708 163 2763 bent
185 2706 301 2779 diligere
322 2706 447 2771 claustra,
471 2723 551 2778 quam
571 2708 675 2762 sulam.
704 2707 782 2762 Nunc
809 2708 891 2776 igitur
946 2704 1010 2760 tiam
1034 2706 1146 2762 dederit.
1172 2709 1245 2764 [ludo
1271 2718 1298 2763 33
1320 2708 1348 2761 13
1370 2706 1449 2764 libris
1462 2709 1566 2783 Regum
1581 2709 1615 2764 de
1631 2708 1739 2764 diabolo

95 2795 234 2867 33311333
254 2795 324 2859 dico,
341 2794 459 2851 ausculta
475 2811 535 2863 333
550 2810 658 2851 moneo.
675 2796 823 2851 1131133333
844 2797 891 2852 tibi
946 2794 1136 2865 scriptumest,
1146 2796 1208 2866 3313
1215 2797 1334 2868 spiritns
1345 2797 1457 2852 Domini
1466 2798 1559 2854 malus
1574 2796 1738 2868 exagitabat

96 2885 123 2938 13
140 2884 258 2939 claustro
282 2883 376 2939 sedere
390 2899 470 2953 quam
502 2885 601 2954 plateas
622 2885 740 2939 civitatis
754 2883 866 2940 circuire
883 2903 890 2937 :
907 2879 928 2957 Β
945 2882 1013 2938 Sortl
1027 2883 1055 2950 (1
1066 2886 1129 2954 1133.
1146 2899 1201 2952 331,
1224 2885 1266 2951 tl)
1282 2901 1289 2936 z
1307 2883 1354 2940 ubi
1375 2884 1447 2953 juste
1460 2883 1539 2955 quasi
1557 2884 1739 2953 3313333113-

96 2972 159 3043 plus
172 2971 255 3043 dilige
268 2972 295 3025 13
320 2971 482 3027 3333333313
497 2971 654 3038 consistere,
672 2988 752 3042 quam
766 2973 890 3028 33133333
944 2969 1011 3025 mini
1023 2981 1079 3026 3333
1102 2988 1109 3027 :
1126 2972 1237 3026 sedeur
1260 2973 1345 3026 malus
1360 2973 1438 3028 33331
1462 2972 1485 3026 31
1501 2972 1588 3028 malus
1604 2980 1672 3039 erat,
1688 2988 1738 3028 cnr

96 3059 197 3117 ridere.
214 3059 308 3115 llclius
337 3074 378 3114 333
396 3060 534 3129 quiescere
561 3058 633 3114 iutra
652 3058 769 3131 parietes
793 3076 889 3115 mona-
946 3058 1050 3114 Domini
1065 3060 1142 3114 erat?
1156 3059 1207 3114 Sed
1223 3060 1249 3113 in
1262 3062 1312 3116 hoc
1325 3060 1386 3116 loco
1401 3060 1596 3131 comprehensa
1609 3072 1652 3116 est
1670 3064 1738 3117 duo·

96 3147 182 3211 333311,
197 3165 278 3217 3333
293 3163 423 3218 apparere
442 3149 469 3202 in
482 3156 628 3216 conspeetu
643 3148 746 3219 populi.
763 3147 792 3201 Si
807 3155 833 3203 te
847 3148 889 3201 in·
944 3147 995 3201 bus
1008 3147 1099 3203 rathis
1112 3157 1139 3202 33
1155 3148 1200 3203 1131
1215 3156 1333 3220 potestas
1353 3150 1436 3222 13333,
1452 3156 1479 3204 33
1494 3148 1595 3204 diaboli
1613 3148 1739 3205 33133333

94 3235 163 3291 clusr
174 3235 211 3289 ris
222 3236 248 3289 in
264 3237 392 3304 claustro,
412 3235 543 3290 amaberis
557 3252 572 3289 a
587 3235 703 3292 christo.
718 3235 797 3302 Quod
821 3237 889 3289 bene
943 3235 1049 3301 injusta.
1067 3234 1134 3289 Nam
1156 3235 1267 3304 spiritus
1282 3235 1371 3290 malus
1386 3244 1443 3289 erat
1459 3251 1506 3305 per
1524 3235 1621 3290 malam
1637 3237 1738 3293 volun-

96 3324 126 3378 13
140 3322 257 3379 canticis
273 3322 436 3379 canticorum
450 3337 566 3391 sponsus
580 3321 709 3390 insinuat,
722 3339 783 3378 cum
799 3337 886 3393 spon·
945 3328 1034 3384 tatem,
1054 3329 1081 3375 ct
1102 3321 1175 3376 idem
1197 3321 1309 3391 spiritus
1331 3321 1440 3376 Domini
1462 3328 1519 3376 erat
1534 3337 1582 3390 per
1600 3331 1736 3395 acceptam

95 3409 889 3481 3313331333,313333;1133133333313333,3333333333,
942 3409 1118 3476 justissimam
1143 3416 1312 3477 potestatem.
1344 3407 1470 3463 Diabolus
1502 3418 1616 3464 333333
1645 3411 1738 3479 jussor

95 3497 891 3568 133133333313333,[3333133313311333113.31331133-
945 3495 1082 3561 31313333,
1111 3496 1159 3549 sed
1182 3495 1354 3551 solummodo
1378 3495 1532 3552 incentor:
1563 3513 1652 3567 neque
1673 3499 1737 3554 alibi

94 3602 212 3659 quaeque
231 3599 324 3641 sancta
340 3587 438 3655 33133,
464 3586 559 3639 hortus
571 3587 715 3640 conclusus
730 3600 792 3640 esse
807 3584 890 3639 intel·
943 3591 1033 3654 potest
1047 3583 1167 3639 iumenta
1184 3582 1408 3654 concupiscentia
1426 3584 1602 3650 succendere,
1620 3585 1671 3640 nisi
1690 3587 1735 3640 31ιί

94 3675 200 3747 ligitur,
220 3673 283 3744 qnia
306 3674 371 3727 dum
384 3672 497 3728 virtutes
511 3671 606 3736 nutrit,
623 3671 704 3728 llores
717 3672 815 3744 gignit,
833 3673 889 3727 rir·
945 3671 1019 3739 prius
1032 3685 1129 3741 graves
1147 3671 1342 3727 delectationes
1361 3670 1541 3743 cogitationis
1557 3672 1665 3728 viderit.
1683 3675 1735 3728 Sed

95 3762 200 3817 tutibus
223 3779 252 3816 se
280 3760 373 3828 nutrit,
396 3760 482 3816 ralicit
505 3759 630 3816 :tructus
654 3777 721 3832 quus
749 3761 890 3832 germinat,
943 3760 994 3814 sia
1014 3758 1092 3813 nobis
1107 3759 1265 3828 3333111333
1280 3759 1474 3815 (1313333313333
1491 3776 1579 3826 pravae
1593 3760 1736 3835 cogitatio·

93 3850 205 3907 cosdem
215 3851 338 3905 custodit.
354 3851 517 3920 Conclusae,
527 3850 598 3903 euim
610 3849 708 3906 ltorttcs
722 3858 813 3904 sancta
828 3849 888 3903 aui-
944 3848 995 3913 nis,
1015 3849 1105 3903 statim
1126 3846 1251 3903 diabolus
1272 3847 1400 3902 conlusus
1425 3848 1534 3916 recedit,
1549 3858 1576 3903 33
1589 3864 1665 3903 arma
1680 3856 1738 3904 teu·

96 3955 142 3994 ma
163 3953 221 3993 esse
246 3937 354 4005 dicitur,
379 3937 441 4009 quia
462 3939 526 3994 dnm
546 3953 638 3995 amore
666 3937 728 3994 31333
749 3945 889 3993 3333333
945 3934 1056 3991 tationis
1069 3937 1129 4005 ejus
1145 3935 1315 4009 tranguntur.

95 4025 208 4097 strepitu
223 4026 344 4081 saeculari
367 4042 397 4079 se
412 4025 558 4090 abstrahit,
574 4031 639 4081 dum
658 4026 733 4081 31333
747 4025 885 4079 hominurn
978 4026 1040 4080 t57.
1056 4025 1134 4097 Saepo
1147 4024 1271 4081 diabolus
1290 4042 1338 4096 per
1354 4025 1471 4096 speciem
1495 4024 1561 4080 boni
1587 4025 1644 4081 3313
1658 4027 1734 4082 decl-

94 4113 176 4186 lugit,
191 4114 255 4168 dum
269 4115 341 4170 bona
355 4130 417 4184 333
431 4115 488 4185 agit
515 4121 624 4183 propter
639 4115 732 4168 laudes
747 4114 885 4168 hominum
902 4145 926 4223 n
943 4130 1006 4182 pere
1025 4129 1121 4169 servos
1142 4113 1190 4169 Dei
1212 4114 1319 4184 quando
1341 4130 1370 4168 se
1394 4113 1501 4169 simulat
1524 4114 1650 4185 angelum
1667 4116 1734 4170 lucis

96 4202 338 4274 abscondit3dum
354 4218 383 4257 se
397 4208 508 4274 propter
520 4203 617 4268 Deum,
634 4219 668 4257 ne
682 4205 716 4257 ab
731 4202 887 4257 hominibus
945 4204 981 4271 (ll
999 4206 1059 4259 Cor.
1085 4205 1191 4269 3313)
1221 4219 1227 4257 :
1254 4204 1299 4256 scd
1329 4201 1456 4257 diseretio
1481 4198 1736 4257 885sanctornm

94 4291 229 4357 videatur,
242 4291 371 4357 includit,
387 4291 452 4344 dum
465 4291 596 4344 humanas
615 4287 710 4344 laudes
724 4289 886 4353 contemuit;
945 4298 1017 4345 tanta
1032 4290 1193 4352 denotasse,
1210 4298 1239 4342 33
1260 4288 1331 4342 13333
1355 4290 1455 4344 bonum
1482 4297 1507 4341 et
1523 4288 1625 4343 malum
1650 4290 1739 4343 331333
1800 4279 1802 4282 ’

92 4380 154 4447 ipsa
180 4380 252 4436 bona
275 4389 458 4434 comtemnere
482 4377 629 4433 intentione
648 4392 679 4432 se
706 4376 887 4447 circumsepit,
944 4378 1106 4441 discernere,
1128 4393 1161 4431 ne
1176 4391 1224 4432 eos
1246 4376 1368 4431 diabolus
1382 4374 1569 4431 fraudulenter
1583 4375 1671 4432 331333
1685 4377 1735 4428 (13·

95 4485 131 4524 33
145 4468 179 4522 331
202 4468 333 4523 133331333
347 4466 475 4535 rapienda
489 4466 575 4521 hostis
597 4465 724 4536 antiquus
739 4466 889 4534 irrumpere
942 4466 1041 4535 cipere.
1066 4466 1127 4519 1133
1152 4475 1193 4519 333
1206 4465 1277 4519 enim
1293 4465 1479 4535 percunctatio
1493 4465 1576 4520 losue
1598 4465 1710 4520 dicentis
1727 4481 1734 4517 :

95 4553 192 4627 possit.
209 4558 281 4611 Foras
295 4555 366 4610 euim
381 4556 512 4625 riqrrotcr
523 4552 630 4618 dicitur,
646 4553 709 4624 quia
724 4554 790 4607 dum
805 4552 888 4608 cule-
944 4555 1139 4617 1131333333
1155 4553 1400 4609 adversarior-am?
1413 4555 1542 4624 31333333,
1554 4555 1610 4622 13.)
1622 4553 1737 4622 Propter

93 4643 146 4699 stis
162 4643 269 4699 assidue
282 4642 395 4714 cogitat,
410 4652 438 4697 et
451 4642 591 4698 seientiam
604 4643 805 4708 scripturarum
820 4659 888 4696 scm·
941 4641 994 4696 hoc
1011 4640 1134 4696 1333313
1160 4641 1296 4711 prophetae
1322 4640 1418 4697 dieitur
1444 4655 1449 4694 :
1477 4642 1507 4699 Si
1531 4642 1689 4714 pretiosam
1718 4658 1735 4696 u

94 4748 144 4802 per
171 4731 199 4785 in
228 4742 323 4788 vautre
351 4731 489 4786 memoriae
516 4740 677 4804 congregat,
699 4731 776 4802 quasi
803 4747 887 4800 aquas
943 4730 995 4786 3111
1008 4732 1181 4802 separaveris
1194 4731 1416 4803 qoosiosmeam
1426 4731 1598 4797 3313113333.
1615 4746 1661 4795 33,
1679 4731 1734 4798 19).

94 4821 217 4877 viventes
235 4831 328 4877 sancta
352 4835 429 4875 mens
452 4819 478 4874 in
493 4837 522 4877 se
544 4821 658 4892 gignere
673 4836 725 4873 uon
741 4833 835 4885 cessat,
853 4839 886 4875 ex
942 4817 1070 4874 Diabolus
1097 4817 1124 4871 in
1148 4818 1235 4875 oculis
1257 4817 1426 4873 stabularium
1449 4819 1588 4873 hominum
1608 4817 1737 4873 terribilis

93 4909 196 4981 quibus
219 4908 340 4964 sitientes
364 4908 503 4976 prosimos
530 4908 640 4964 reficere
664 4908 759 4963 valeat.
788 4907 885 4981 lgitur,
941 4916 993 4974 est,
1010 4907 1098 4961 sedin
1114 4907 1362 4963 oculiselectorum
1386 4905 1437 4961 Dei
1451 4906 1514 4961 vilis
1536 4913 1585 4961 est.
1604 4904 1736 4961 lucreduli

94 5014 174 5054 soror
188 4997 354 5064 charissima,
380 4999 450 5052 sicut
477 4997 601 5064 superins
616 4997 670 5052 disi
695 4997 753 5060 tibi,
779 4997 801 5051 si
823 4997 886 5050 dum
943 4994 1078 5051 diabolum
1091 4994 1184 5051 timent
1198 4993 1275 5067 quasi
1291 4994 1398 5049 tranem
1415 5011 1422 5048 :
1443 4994 1483 5048 illi
1499 5009 1564 5050 rero
1578 4994 1625 5066 qui
1641 4992 1670 5047 in
1685 4992 1737 5048 fide

96 5088 172 5151 rivis,
193 5095 220 5142 33
234 5087 320 5154 ipsam
334 5099 484 5154 proamora
494 5084 670 5139 christiintra
685 5085 801 5153 parietes
819 5084 890 5140 clau·
943 5082 1111 5148 sanassent,
1127 5084 1264 5139 diabolum
1280 5081 1435 5153 despiciunt
1449 5083 1528 5152 quasi
1542 5081 1739 5148 vermiculum

95 5175 143 5230 stri
168 5172 319 5238 incluseris,
336 5182 361 5227 et
375 5171 493 5241 33313333
508 5173 649 5240 praeceptis
664 5171 775 5243 1133313
795 5173 889 5226 331113·-
941 5181 968 5229 33
983 5171 1257 5237 consummarint,
1273 5168 1458 5228 contemnunt.
1477 5171 1607 5227 Diabolus
1626 5181 1668 5227 est
1681 5185 1739 5225 ser·

95 5260 441 5331 33313,ρο331333331333
464 5262 636 5314 3333331313
665 5259 887 5316 1133133333333
944 5278 1010 5329 3333
1023 5261 1143 5317 lubricus
1168 5260 1369 5329 :sedsicapiti
1393 5262 1462 5327 ejus,
1488 5261 1540 5315 hoc
1563 5268 1613 5324 ast,
1643 5248 1738 5329 primae

95 5353 158 5406 tem
196 5347 302 5406 Christo
331 5364 430 5419 sponso
467 5358 513 5403 tuo
542 5349 568 5402 in
598 5347 714 5404 thalamo
741 5349 886 5406 lactaberrs.
941 5351 1108 5423 suggestioni
1124 5365 1178 5404 non
1203 5349 1346 5413 resistitur,
1372 5355 1445 5405 totus
1468 5349 1494 5404 itt
1523 5349 1617 5403 intima
1635 5348 1735 5413 cordis,

97 5441 200 5495 dmcn.
941 5439 1005 5494 dum
1029 5438 1156 5501 sentitur,
1179 5437 1306 5495 illabitur.
1334 5438 1403 5493 Vitia
1427 5438 1622 5493 diabolicarum
1648 5443 1736 5494 tenta-
