3706 5962
697 211 888 273 autunnalis
904 212 1060 273 atuatici.

1657 221 1713 283 aaa

49 342 198 411 (Psotev,
215 341 243 409 i,
255 342 294 409 a).
313 338 399 393 visita
414 351 464 393 nos
476 336 511 390 ad
527 335 683 401 videndum,
697 336 852 400 lamudam,
872 348 896 426 Α
913 341 955 390 ιεε
967 336 994 390 in
1011 337 1148 403 Emmaus,
1163 352 1225 392 cum
1250 353 1280 392 se
1302 337 1419 410 tingeret
1443 341 1550 417 longius
1573 346 1622 402 ire.
1639 346 1711 418 Quid

51 429 221 485 laudandum
243 443 249 480 z
275 426 353 481 visita
369 441 419 481 nos
438 425 465 480 in
480 424 566 482 salute
579 433 607 482 et
622 425 732 490 lumine,
751 425 856 481 inlati-

53 520 89 574 tia
103 525 134 574 ει
148 516 241 573 ιιιιιιιε.
261 516 333 571 Bona
353 523 416 569 sunt
435 516 493 570 baec
506 513 649 580 stillicidia,
670 515 792 585 quamuis
812 531 858 569 ra-

53 626 91 671 ra,
107 615 138 663 et
152 605 232 678 quasi
248 604 378 659 rorantia.
401 604 511 669 iterate,
524 603 595 667 cmii,
611 603 748 676 desuper;
764 603 857 658 aterni

54 702 175 760 montes,
203 693 333 749 distillate
357 692 436 748 nobis
459 690 630 747 dulcedinem
651 711 657 748 :
680 692 705 747 in
721 690 860 747 stillicidiis

54 782 155 839 restris
170 781 308 836 letabitur
322 779 493 852 germinans

85 875 117 928 Ἰ.
145 872 216 926 Esto
232 877 259 924 tu
281 869 370 933 nobis,
396 868 522 936 Domine,
538 868 607 924 sicut
633 885 687 933 ros,
708 877 736 924 ut
759 878 787 924 ct
810 884 860 923 nos

53 960 247 1033 germinemus
265 959 334 1013 sicut
350 956 445 1012 lilium.
466 956 558 1012 Nescit
581 958 694 1013 verbum
719 965 792 1014 tuum
813 975 860 1012 se-

53 1050 106 1106 mel
135 1048 268 1106 emissum
288 1061 401 1102 vacuum
420 1046 531 1109 reverti,
548 1047 596 1101 sed
612 1047 818 1118 prosperabitur
831 1046 860 1101 in

53 1142 95 1195 liis
110 1138 148 1194 ad
165 1152 230 1210 quae
245 1135 371 1193 mittitur.
387 1135 512 1206 Denique
535 1134 569 1189 ad
592 1134 781 1208 irrigationem
800 1137 861 1205 ejus

54 1245 104 1300 pro
120 1228 247 1282 ειιιιιιιεε
261 1225 393 1282 ascendet
410 1224 496 1290 abies,
521 1231 549 1278 et
573 1239 622 1294 pro
646 1225 731 1280 urtica
755 1231 862 1281 crescet

54 1322 163 1385 mgmus
177 1316 246 1378 (isc.
263 1327 307 1379 av,
323 1315 366 1375 ιι,
381 1311 434 1381 13).
455 1311 523 1364 Dum
538 1309 662 1377 dejectos
677 1311 755 1381 erigit
771 1320 798 1366 ει
816 1327 861 1365 su·

56 1403 163 1468 bbmat,
185 1401 252 1456 dum
274 1399 364 1455 curnis
386 1399 519 1454 incentiva
538 1397 605 1452 lenit
620 1407 647 1454 et
660 1399 776 1470 mitigat,
797 1400 861 1454 dum

57 1494 224 1562 desperatos
239 1489 311 1544 locat
333 1498 361 1543 et
380 1488 536 1543 conversari
558 1485 620 1542 tacit
642 1487 669 1540 in
693 1487 859 1551 carilestibua,

57 1584 121 1635 dum
151 1585 332 1650 exasperatos
356 1576 449 1642 mollit,
475 1584 503 1630 et
527 1584 713 1646 contemperat
742 1574 860 1629 mitibus

913 438 980 493 ergo
1005 421 1093 494 fingit,
1119 425 1193 494 quod
1218 440 1271 479 non
1295 425 1355 481 lacit
1380 428 1500 483 ueritas?
1516 431 1602 487 laese
1622 435 1712 504 finxit,

915 527 1025 564 manere
1041 506 1209 581 compulsus;
1226 513 1274 567 sed
1291 530 1344 569 non
1361 531 1523 586 permanere
1540 540 1546 577 ;
1564 537 1626 575 nam
1640 524 1713 579 inter

914 601 1078 655 caenandum
1093 601 1212 656 evanuit.
1230 604 1285 658 Sed
1301 604 1344 659 illa
1359 605 1478 660 abeundi
1493 606 1567 664 stctio
1584 612 1714 666 manendi

915 697 957 743 est
971 689 1088 744 occasio.
1105 687 1187 755 Quasi
1209 691 1284 746 abire
1304 709 1333 746 se
1353 693 1441 766 fingit,
1457 695 1624 767 spiritualem
1638 707 1710 754 atte-

916 792 1002 832 nuans
1014 777 1132 833 laetitiam
1150 798 1156 833 :
1172 781 1221 835 sed
1236 780 1360 857 occultus
1375 793 1475 850 manet,
1490 786 1623 854 iustitiam
1641 803 1711 843 con-

916 867 1034 932 tinuans,
1051 868 1227 924 bumilitatem
1244 872 1425 927 accumulans.

1181 958 1384 1016 iuncturus
1402 963 1447 1018 tv.

917 1048 953 1100 lle
968 1046 1199 1114 confabulatione
1209 1054 1236 1103 ει
1248 1051 1433 1107 ineditotione
1442 1053 1520 1109 circa
1530 1069 1573 1109 res
1587 1055 1709 1112 diuitias.

956 1138 978 1190 ι.
999 1134 1090 1189 Habes
1109 1135 1181 1205 quod
1206 1137 1317 1209 rogasti,
1334 1139 1382 1193 sed
1403 1141 1486 1195 trabes
1509 1141 1574 1196 illud
1594 1144 1713 1214 quodam

917 1223 1081 1278 cumulatum
1096 1222 1201 1282 fenore.
1220 1226 1278 1296 Ego
1294 1234 1383 1281 tamen
1399 1226 1477 1284 fenus
1492 1229 1544 1286 boc
1558 1231 1627 1287 meis
1640 1233 1712 1286 assi·

917 1325 973 1383 gno
998 1311 1162 1378 commodis,
1186 1323 1213 1368 et
1236 1313 1307 1369 inter
1339 1315 1413 1370 lucra
1445 1318 1558 1389 deputo.
1595 1320 1714 1377 Omnino

918 1413 973 1453 non
992 1415 1102 1471 possum
1126 1401 1204 1456 bonis
1228 1419 1281 1458 non
1304 1404 1435 1474 deputare
1450 1409 1631 1476 successibus,
1644 1425 1714 1482 quo-

911 1488 970 1547 ¹ties
985 1487 1173 1543 confabulandi
1193 1499 1283 1546 tecum
1306 1493 1431 1548 alicunde
1454 1496 1562 1551 occasio
1585 1497 1712 1568 erumpit.

920 1576 1072 1648 lledarguis
1081 1578 1205 1646 fortasse,
1214 1581 1284 1650 quod
1297 1580 1468 1637 fabulationis
1477 1599 1542 1640 usus
1552 1585 1601 1640 sim
1613 1586 1712 1652 verbo;

57 1668 184 1724 incunda
200 1668 255 1722 baec
275 1665 391 1722 visitatio
409 1679 414 1717 :
431 1665 479 1719 sed
504 1666 583 1736 quasi
603 1666 690 1720 nubes
718 1664 860 1732 matutina,
881 1664 903 1740 Β
920 1672 956 1730 ει,
973 1665 1100 1736 quoniam
1115 1666 1165 1719 nisi
1181 1671 1215 1721 de
1231 1685 1261 1722 re
1275 1669 1345 1722 seria
1362 1669 1397 1723 nit
1418 1670 1475 1727 fere
1495 1671 1569 1744 loqui
1584 1674 1713 1740 solertius,

61 1769 85 1812 et
99 1755 185 1830 quasi
200 1769 245 1810 ros
255 1769 334 1809 mane
350 1753 625 1823 pertransienstdsee
638 1769 672 1820 vt,
683 1754 720 1822 ι).
737 1754 801 1808 lure
816 1766 861 1806 ro·

62 1845 233 1899 nmatutino
248 1843 386 1898 confertur
406 1840 573 1913 quantalibet
592 1842 619 1896 in
643 1857 725 1896 carno
744 1849 864 1897 contem·

65 1934 146 2005 plutio
161 1945 192 1988 et
213 1933 314 1987 mentis
328 1946 456 1987 excessus
475 1947 480 1984 :
497 1930 577 1985 babet
593 1931 664 1986 enim
680 1931 774 1986 nescio
787 1929 863 2003 quid,

64 2025 115 2078 into
131 2023 249 2076 muttum
267 2021 329 2092 quid
355 2020 390 2074 de
415 2018 501 2074 noctis
518 2019 629 2091 frigore,
650 2027 762 2091 propter
776 2020 864 2074 ntinus

65 2111 199 2166 fervidum
220 2109 369 2171 allectum3
396 2117 423 2163 ει
447 2110 482 2163 de
506 2109 592 2162 noctis
611 2107 737 2179 caligine,
754 2114 865 2179 propter

64 2201 265 2256 subobscurum
293 2197 469 2253 intellectum.
501 2196 555 2252 Sed
583 2196 605 2251 si
625 2197 687 2252 ideo
707 2197 863 2263 matutinus,

66 2305 146 2361 quare
163 2302 235 2358 ergo
251 2286 464 2358 pertransiens?
480 2285 667 2356 pertransiens
685 2300 700 2339 a
725 2285 814 2351 nobis,
830 2299 864 2338 an

67 2375 253 2446 pertransiens
274 2381 302 2427 et
316 2378 464 2445 penetrans
480 2372 507 2426 in
521 2388 571 2428 nos
581 2374 595 2429 ‘f
621 2373 701 2429 Vivus
719 2383 762 2429 εει
775 2387 866 2428 sermo

67 2464 111 2519 Dei
125 2472 155 2519 et
170 2461 282 2527 efficax,
299 2470 326 2516 ει
342 2461 537 2532 penetrabilior
549 2463 623 2516 omni
645 2462 745 2536 gladio,
769 2470 797 2516 ut
813 2477 867 2518 non

67 2562 169 2607 tanturn
181 2559 273 2607 cutem
289 2551 355 2604 toris
367 2551 466 2623 signet,
478 2551 526 2605 sed
542 2559 665 2621 permeet
679 2550 713 2603 ad
727 2550 866 2614 interiora,

67 2644 98 2696 ad
124 2638 211 2698 ΙΝ
237 2637 386 2695 medullam
406 2645 537 2702 transeat,
560 2648 587 2693 et
613 2638 659 2693 liat
682 2637 804 2710 irrigatio
824 2654 868 2692 ns·

68 2732 132 2785 εἰιιιιι
151 2745 157 2782 :
183 2743 332 2784 sermones
356 2727 426 2783 enirn
443 2729 503 2797 ejus
519 2726 614 2782 molliti
628 2742 712 2799 super
725 2725 826 2793 oleum,
841 2732 870 2779 et

69 2820 115 2889 ipsi
128 2827 198 2875 sunt
214 2816 317 2888 jacula.
343 2818 384 2871 dn
408 2817 471 2872 ideo
490 2817 563 2888 quia,
587 2816 609 2871 si
625 2832 775 2888 expansum
790 2816 871 2871 fuerit

920 1753 1056 1822 majestati
1074 1768 1204 1808 sensuum
1227 1755 1272 1809 tali
1296 1756 1422 1825 injuriant
1440 1760 1573 1816 uocabulo
1593 1762 1714 1816 fecerim.

921 1844 1018 1895 Annon
1038 1841 1086 1896 tibi
1101 1842 1283 1899 confabulatio
1304 1843 1421 1910 videtur,
1437 1863 1498 1902 cuin
1522 1856 1549 1903 et
1573 1850 1645 1921 quod
1661 1866 1717 1906 non

920 1929 1044 1986 videmus
1058 1929 1202 2002 loquimur,
1218 1940 1246 1986 et
1259 1933 1331 2006 quod
1348 1950 1401 1989 uon
1416 1935 1551 2002 audimus,
1568 1939 1717 1995 ιεειιιιιιιιιι

923 2021 1033 2083 oculus,
1046 2019 1133 2092 inquit
1149 2023 1291 2092 propbeta,
1305 2039 1361 2079 tacu
1376 2024 1455 2090 uidit,
1470 2027 1551 2096 Deus,
1562 2032 1716 2098 praeferte,

921 2126 982 2179 quus
1004 2110 1176 2179 praeparasti
1195 2113 1422 2182 exspectantibus
1443 2118 1470 2170 te
1489 2116 1555 2185 (Iac.
1574 2131 1651 2181 extu,
1668 2119 1716 2188 ll:

923 2195 1095 2267 sperantibus
1123 2204 1150 2253 et
1179 2199 1411 2268 exspectantibus,
1428 2202 1476 2255 sed
1498 2202 1618 2259 nonduin
1636 2219 1718 2275 speo-

924 2285 1052 2343 tentibus.
1066 2285 1145 2352 Quod
1159 2286 1231 2341 enim
1246 2287 1320 2343 videt
1335 2289 1405 2360 quis,
1421 2290 1486 2361 quid
1501 2294 1612 2363 sperati
1628 2295 1719 2365 (dont.

925 2389 986 2439 t'ttt,
1008 2374 1065 2444 at).
1089 2375 1167 2442 Quod
1190 2375 1213 2429 si
1239 2376 1264 2429 id
1289 2376 1362 2447 quod
1391 2377 1525 2449 videmus,
1549 2398 1600 2452 per
1621 2398 1720 2452 specu·
1783 2374 1802 2421 ’·

924 2463 977 2516 lum
1003 2470 1055 2527 est,
1075 2469 1102 2517 et
1123 2463 1150 2517 in
1174 2463 1337 2534 aenigmate,
1363 2473 1464 2535 quanto
1488 2468 1575 2540 magis
1598 2468 1626 2523 id
1646 2470 1720 2542 quod

924 2550 1082 2622 loquimur?
1097 2565 1152 2606 non
1168 2551 1239 2605 enim
1259 2560 1349 2622 potest
1367 2569 1469 2624 sermo,
1485 2557 1659 2627 quantumvis
1674 2557 1719 2612 di-

925 2649 1027 2704 sertus‚
1050 2656 1180 2694 sensuum
1199 2640 1386 2711 perexplicare
1406 2653 1521 2699 secreta.
1550 2647 1584 2699 Et
1611 2646 1722 2718 quidem

927 2728 1002 2796 milti,
1026 2743 1087 2784 meo
1108 2744 1159 2799 pro
1181 2744 1262 2783 sensu
1288 2734 1319 2784 ut
1342 2728 1448 2802 loquar,
1474 2732 1570 2788 futura
1594 2743 1722 2806 respectu

926 2816 1048 2872 veritatis
1072 2817 1195 2888 quaedam
1223 2817 1329 2872 uidetur
1353 2819 1430 2890 quasi
1454 2819 1555 2887 fabula,
1579 2823 1667 2878 omnis
1690 2823 1723 2879 ud

69 2909 133 2965 sicut
148 2906 251 2964 coelunt
267 2905 456 2971 certaminis,
480 2906 687 2976 complicabitur
707 2907 776 2962 sicut
791 2907 869 2975 liber,
927 2905 999 2959 illam
1023 2904 1199 2961 intimandam
1224 2905 1341 2978 figurata
1363 2908 1503 2979 parabola.
1524 2909 1622 2981 Specie
1645 2919 1725 2986 grata

69 3010 92 3055 et
109 3000 183 3056 ειειιι
206 2998 300 3053 furnus
313 2995 469 3068 liquescet?
496 2996 695 3068 taterpretotur
709 2996 824 3068 quisque
843 2995 870 3049 in
890 2973 990 3061 Bsint,
1007 2995 1109 3049 unitate
1131 3004 1285 3065 compacta,
1309 3012 1358 3051 usu
1383 2999 1536 3064 commoda,
1558 3000 1656 3057 virtute
1681 3000 1724 3057 ef-

68 3086 214 3155 sententia,
231 3085 302 3140 sicut
325 3084 463 3155 experitur
477 3084 504 3138 in
518 3084 686 3140 conscientia
700 3101 708 3138 t
723 3085 870 3155 perfectus,
928 3082 1019 3138 ticacia
1040 3083 1164 3138 universa
1191 3101 1252 3155 qum
1275 3095 1366 3140 creata
1389 3096 1453 3142 suut
1469 3102 1475 3140 :
1492 3088 1541 3143 sed
1560 3088 1623 3158 quid
1639 3091 1674 3144 ad
1693 3090 1725 3145 il·

69 3176 137 3248 quod
165 3176 245 3230 illum
274 3172 392 3227 infundit
415 3179 443 3226 et
460 3179 600 3243 penetrat;
623 3170 777 3244 proficiens,
800 3171 870 3244 quod
927 3172 1094 3226 lamdivinre
1121 3173 1250 3228 essentiae
1279 3174 1439 3230 iuuuensatn
1467 3184 1494 3231 et
1513 3176 1665 3248 simplicem
1698 3188 1726 3238 et

68 3265 136 3320 titum
153 3261 306 3335 pertransit
320 3270 348 3317 et
372 3261 554 3333 praetervolat.
579 3261 729 3316 Pertransit
747 3276 762 3313 a
782 3261 870 3326 nobis,
928 3270 1058 3315 aeternam
1079 3263 1222 3326 unitatem,
1238 3263 1379 3331 sapientiae
1402 3263 1640 3334 pulchritudinem,
1656 3283 1725 3338 pon·
1769 3281 1773 3291 ’

70 3363 94 3407 ut
107 3368 158 3409 nos
174 3353 297 3406 attrabat
312 3359 373 3421 post
387 3355 466 3414 se,et
479 3349 595 3404 transire
607 3349 688 3404 faciat
702 3349 736 3403 ad
751 3366 781 3404 so
796 3349 873 3420 quasi
929 3354 979 3405 dus
995 3350 1094 3405 amoris
1109 3358 1136 3404 et
1151 3350 1223 3405 vires
1242 3351 1397 3421 potentiae?
1413 3352 1537 3424 Denique
1552 3362 1579 3408 et
1602 3355 1662 3426 ipse
1683 3367 1727 3412 est

68 3444 214 3518 ipsafnga,
228 3441 337 3496 dicaam:
354 3440 484 3496 transite
495 3439 595 3507 odnie,
611 3440 661 3513 qui
672 3440 873 3512 concupiscitis
929 3440 974 3511 qni
998 3449 1040 3494 est
1064 3439 1162 3508 (deod.
1178 3454 1218 3505 ιιι,
1236 3442 1290 3506 ιι),
1307 3447 1334 3493 ει
1358 3440 1499 3511 sapientia
1518 3444 1579 3511 eius
1596 3459 1726 3500 numerus

68 3549 107 3588 me
134 3530 243 3601 (Secti.
272 3544 346 3597 xxiv,
376 3530 432 3601 26).
464 3528 597 3585 Fortassis
621 3543 675 3584 non
704 3528 874 3600 frequentius
930 3544 984 3584 non
999 3534 1040 3582 est
1055 3529 1142 3599 (Psot.
1158 3543 1252 3592 ιιιιιί,
1264 3527 1351 3599 5);ει
1366 3528 1507 3599 plenitudo
1518 3531 1656 3586 charitatis
1666 3534 1726 3603 ejus

70 3621 220 3677 transimus
235 3634 252 3672 a
266 3628 302 3684 te,
319 3617 448 3689 Domine,
472 3633 553 3688 quam
578 3625 606 3673 tu
625 3632 642 3670 a
660 3617 762 3673 nobis:
788 3616 873 3688 siqui·
929 3617 1056 3674 scientia
1069 3617 1278 3689 supereminens
1293 3624 1344 3673 εει.
1362 3617 1395 3673 Et
1410 3618 1471 3689 quis
1486 3620 1610 3691 loquetur
1628 3630 1726 3695 poten-

69 3713 124 3765 dem
146 3717 179 3766 et
204 3710 333 3765 ascendis
358 3708 510 3774 lucernam,
536 3715 564 3763 et
580 3707 684 3763 everris
706 3706 826 3775 domum,
847 3714 874 3762 et
930 3706 980 3761 tias
995 3704 1122 3762 Domini?
1135 3705 1227 3761 omnia
1249 3722 1309 3776 quae
1329 3708 1361 3761 ad
1378 3707 1422 3762 illa
1437 3708 1516 3763 nobis
1531 3719 1668 3783 utcunque
1681 3711 1725 3766 iu·

69 3798 199 3856 scrutaris
220 3813 282 3864 nos,
294 3799 370 3869 juxta
385 3799 545 3871 propbetam
562 3796 696 3869 (Septen.
712 3813 731 3864 t,
750 3797 806 3867 ta),
821 3796 874 3852 sic·
930 3795 1037 3851 ituenda
1052 3794 1080 3850 in
1098 3795 1233 3850 sermonis
1247 3804 1385 3866 amurttpta
1399 3806 1461 3851 sunt
1476 3814 1563 3864 usum,
1580 3799 1726 3857 trasume-

70 3890 109 3944 ubi
125 3887 258 3946 invenias
282 3887 354 3942 intus
380 3885 477 3944 sordes
493 3884 639 3950 latitantes,
655 3884 733 3942 uanis
746 3893 773 3940 ει
786 3884 872 3955 vagis,
931 3885 1022 3940 biliter
1041 3893 1105 3940 sunt
1124 3892 1228 3939 naturae
1248 3885 1354 3940 ratione
1372 3886 1523 3955 dissimilia,
1537 3896 1563 3944 et
1582 3903 1727 3962 compara·

9 4018 12 4035 .
70 3977 199 4034 mollibus
213 3982 244 4031 et
267 3975 391 4031 molestis
405 3973 478 4031 curis
501 3982 528 4028 et
542 3973 751 4048 cogitationibus
766 3973 874 4028 immer—
931 3974 1003 4030 tione
1028 3972 1109 4030 nulla.
1132 3974 1192 4029 Non
1221 3973 1423 4046 comparabitur
1452 3975 1477 4031 ei
1505 3992 1599 4033 aurum
1624 3979 1658 4033 de
1681 3979 1727 4034 AE·

70 4082 121 4138 sos,
143 4081 203 4123 nou
224 4063 307 4120 modo
322 4080 384 4121 cum
407 4065 465 4119 Deo
486 4071 512 4118 ει
535 4062 636 4118 mundo
656 4061 775 4117 animum
795 4061 875 4116 dimi·
931 4061 1041 4133 tbiopia,
1072 4078 1124 4118 nec
1153 4072 1352 4133 componentur
1385 4063 1510 4120 tinctura
1543 4067 1725 4123 mundissimae

70 4158 186 4218 dantes,
203 4153 256 4208 sed
271 4152 300 4209 in
315 4154 431 4209 alteram
446 4151 639 4223 propensiores
653 4158 680 4207 et
695 4151 875 4223 promptiores
931 4151 990 4221 (tob
1005 4165 1108 4221 xxviii,
1125 4152 1178 4222 ts).
1198 4152 1231 4205 at
1255 4160 1344 4206 tamen
1369 4167 1436 4208 auro
1461 4161 1488 4207 et
1507 4153 1642 4223 tincturis,
1658 4156 1726 4212 flore

70 4255 192 4317 partem;
212 4243 265 4298 etsi
281 4257 336 4300 non
352 4257 402 4314 pro
417 4240 576 4313 cupiditate,
593 4248 684 4296 tamen
698 4256 748 4312 pro
762 4255 875 4296 consue

72 4336 174 4391 tudine.
190 4334 264 4388 Nam
280 4339 308 4388 et
325 4347 386 4403 quae
400 4330 504 4386 utiliter
519 4328 697 4386 admittuntur
710 4345 792 4395 curae,
813 4329 875 4385 vio·

71 4427 198 4483 lenterse
215 4421 347 4495 ingerunt
358 4435 365 4474 t
377 4420 471 4492 sicque
485 4435 547 4475 cum
557 4433 612 4474 non
622 4427 701 4494 urget
717 4419 875 4486 necessitas,

73 4525 162 4570 tumen
177 4520 296 4583 occupat
305 4509 519 4582 supervacuitas.
536 4508 660 4580 Denique
675 4507 798 4564 videmur
811 4507 876 4562 mibi

75 4605 165 4660 aduam
189 4601 331 4672 refugere,
352 4615 415 4670 qnae
440 4597 499 4654 duit
521 4614 583 4653 cum
597 4597 718 4666 silentio,
732 4595 876 4668 Babylonis

75 4693 183 4746 flumina
199 4689 313 4745 sectari.
327 4687 383 4743 Sed
407 4701 457 4742 nos
468 4686 526 4759 jam
543 4685 683 4758 aliquanta
700 4684 875 4740 sermocinati

16 4818 19 4857 Ξ
76 4799 176 4849 sumus,
190 4785 294 4844 tecum,
311 4777 438 4847 Domine,
453 4774 526 4831 etde
541 4785 567 4830 te
586 4791 592 4828 :
608 4783 635 4830 et
649 4773 771 4830 suaviter
781 4773 875 4831 refecti

16 4868 19 4937 ζ
75 4887 176 4939 ειιιιιιε,
205 4869 284 4944 quasi
313 4865 404 4946 catelli
430 4865 465 4920 de
495 4863 572 4920 micis
600 4880 662 4936 quae
689 4864 822 4920 cadebant
840 4863 875 4919 de

75 4979 169 5020 mensa
188 4973 246 5021 tua.
269 4958 298 5014 Si
321 4957 362 5012 sic
381 4954 467 5011 afficis
492 4955 627 5010 transiens
647 4962 675 5009 et
695 4962 872 5025 transmeans,

74 5052 136 5125 quid
152 5051 224 5108 facis
246 5062 363 5104 nmnens
387 5051 415 5101 et
438 5043 631 5100 commorans?
648 5044 705 5099 ileu
721 5044 785 5100 mc!
802 5045 875 5117 quod

75 5141 179 5217 indigni
193 5155 288 5197 sumus
307 5143 363 5191 ιειιι
386 5133 458 5189 dulci
482 5132 708 5211 commoratione.
731 5133 809 5188 lianc
823 5149 875 5189 tto·

75 5221 876 5302 liscum,Daciaequouiomcdoesperoscil,etinclincta

74 5323 192 5392 estjam
212 5318 271 5373 dics
291 5316 368 5386 (Luc.
395 5327 470 5380 xxiv,
491 5313 536 5380 28,
556 5310 613 5382 ιιι).
637 5310 705 5364 t'ere
720 5308 875 5374 inclinatur,

74 5424 132 5463 eunt
161 5417 191 5464 tu
216 5403 348 5461 declinas.
364 5399 526 5471 Compeilite
541 5414 613 5468 euin,
640 5397 750 5468 fratres,
766 5411 876 5467 precum

75 5507 229 5554 tubarum
252 5491 389 5548 instantia.
407 5487 466 5542 Vim
481 5487 506 5542 ei
522 5488 672 5543 intulerunt
686 5484 741 5541 duo
756 5485 793 5540 illi
808 5501 877 5541 eun-

189 5605 316 5663 t’mot.
336 5595 506 5656 ffllfflt·

931 4249 959 4297 ct
978 4240 1075 4308 fructu,
1093 4247 1120 4295 ει
1143 4239 1227 4305 omni,
1244 4256 1304 4311 quae
1328 4248 1418 4295 creatu
1440 4249 1491 4307 εει,
1512 4242 1724 4313 pulchritudine,

891 4288 915 4366 n
932 4331 1004 4401 quod
1019 4345 1102 4401 super
1115 4344 1196 4384 omne
1216 4327 1360 4399 pulchrum
1381 4336 1423 4384 εει
1444 4330 1524 4386 nobis
1539 4333 1676 4388 coloratur
1697 4340 1725 4389 et

932 4418 1051 4491 pingitur
1075 4426 1131 4489 qut,
1147 4417 1191 4472 uia
1214 4416 1322 4487 penitus
1345 4417 1467 4471 intimum
1492 4426 1543 4485 est,
1558 4421 1634 4488 juata
1652 4421 1724 4490 quod

931 4516 974 4562 cst
987 4507 1098 4563 omnino
1114 4521 1163 4560 nos
1184 4505 1284 4568 lateat;
1301 4512 1328 4560 et
1352 4521 1401 4575 per
1423 4505 1632 4575 superinductos
1652 4509 1724 4578 tigo-

932 4613 1021 4651 rarum
1047 4594 1155 4650 colores
1178 4591 1347 4662 aliquatenus
1375 4590 1524 4648 intimatum
1553 4596 1604 4650 sub
1628 4596 1725 4653 umbra

932 4684 1100 4739 interluceat.
1118 4682 1191 4736 Bona
1211 4679 1322 4753 quidem
1346 4682 1452 4751 umbra,
1470 4692 1497 4739 et
1515 4684 1550 4739 ad
1569 4685 1663 4741 boram
1678 4703 1724 4742 re·

931 4775 1077 4847 t'rigerans.
1095 4772 1242 4843 Propterea
1256 4770 1353 4827 dicitur
1370 4772 1558 4833 :Subututtu
1574 4779 1634 4848 ejus
1644 4794 1725 4849 quem

931 4861 1155 4919 desidet-coercet
1173 4859 1243 4927 sedi,
1259 4865 1285 4916 ct
1305 4863 1418 4930 fructus
1432 4865 1493 4934 ejus
1508 4864 1599 4920 dulcis
1612 4862 1724 4937 quitari

932 4968 990 5009 titeo
1004 4950 1125 5019 (Contio.
1144 4965 1173 5018 tt,
1190 4950 1227 5021 3).

966 5040 1032 5096 ιθ
1054 5054 1135 5110 quam
1157 5037 1356 5107 delectabilius,
1373 5054 1453 5109 quam
1473 5038 1650 5096 affectuosius
1671 5054 1725 5095 non

931 5132 981 5185 sub
996 5127 1251 5194 annumerasse
1266 5141 1349 5197 super
1363 5127 1486 5184 umbram
1496 5128 1523 5183 in
1536 5137 1563 5183 te
1572 5128 1643 5197 ipso,
1655 5127 1727 5185 bone

930 5223 1006 5285 lesu,
1016 5219 1136 5283 sederet,
1149 5225 1176 5272 et
1184 5217 1235 5271 boc
1245 5213 1376 5270 desiderii
1387 5217 1429 5270 sui
1440 5214 1493 5271 tine
1507 5216 1594 5287 potita
1603 5217 1730 5288 quiesce.

935 5318 987 5364 rot.
999 5308 1079 5363 Nunc
1089 5312 1179 5362 autem
1190 5305 1240 5359 sub
1250 5303 1345 5358 umbra
1356 5302 1486 5374 quiescit,
1497 5315 1525 5361 et
1534 5306 1585 5362 sub
1596 5307 1691 5362 umbra
1701 5322 1731 5363 se

938 5393 1731 5467 retcittsntqualtsiatecttaquamsequiturdetaeuottix

942 5496 1018 5559 parte
1028 5487 1099 5542 enini
1109 5482 1299 5555 cognoscimus
1311 5499 1316 5535 :
1329 5483 1505 5540 evacuabitur
1519 5488 1591 5558 quod
1606 5504 1638 5541 eu
1653 5499 1732 5559 parte

1624 5596 1641 5650 9
