3706 5962
57 193 115 255 ms
755 199 1010 294 vtttsutsrtet.
1651 201 1705 262 rso

59 336 110 392 per
124 329 273 391 serpentes,
289 338 367 395 quam
382 322 528 381 diabolicas
539 326 728 397 suggestiones
737 326 857 399 aecipie-
872 342 895 420 Α
910 329 1023 385 ramur?
1037 329 1149 384 Prorsus
1168 344 1201 383 sn
1228 327 1372 385 exaltatum
1400 327 1426 384 in
1447 344 1526 385 cruce
1554 327 1704 399 benignum

60 411 144 465 mus‘?
159 413 199 466 Ad
215 412 413 468 similitudinem
430 414 501 468 enim
520 422 674 486 serpentum
691 425 797 487 reptant
811 432 855 473 oo·
909 420 1011 484 Jcsum,
1024 418 1071 490 qui
1082 419 1182 491 optime
1200 417 1318 489 serpenti
1328 433 1404 473 aneo
1415 428 1439 474 et
1462 419 1578 475 exaltato
1594 432 1705 488 compa·

59 499 133 555 culte
147 515 196 571 per
210 508 313 556 mentes
327 502 485 571 hominum;
500 503 548 558 sed
573 505 671 571 subito,
698 505 748 561 nisi
767 521 856 576 agno·
909 515 995 562 ratur.
1011 505 1128 577 Serpens
1143 508 1215 562 enim
1231 505 1329 561 dicitur
1344 505 1474 572 mortifer,
1491 505 1553 578 quia
1574 521 1621 577 per
1634 522 1703 578 sug·

61 598 181 653 scantur,
205 604 312 643 morsus
335 591 464 646 mortales
484 591 598 647 incautis
621 591 736 667 alligent
760 593 856 665 :quod
909 596 1059 667 gestionem
1079 595 1214 665 serpentis
1228 610 1302 650 mors
1317 594 1427 649 intravit
1442 595 1469 649 in
1484 595 1588 650 orbem.
1604 595 1705 650 AEueus

61 677 267 748 paaeliguratnm
281 678 428 749 accipimus
443 680 470 734 in
498 679 561 735 filiis
580 680 663 736 lsrael
678 680 705 735 in
719 680 826 738 deserto
841 698 857 738 a
908 698 984 748 tero,
995 683 1056 754 quia
1065 682 1203 740 charitatis
1214 683 1292 738 simul
1304 691 1331 738 et
1342 682 1511 754 passionibus
1523 681 1631 755 ignibus
1640 697 1707 737 con·

60 766 236 837 serpentibus
251 767 439 823 miserabiliter
452 768 620 841 interemptis
634 769 732 840 (Num.
747 786 806 836 xxr,
818 771 855 842 6).
909 771 1142 843 ssatus,passionis
1157 771 1288 843 sanguine
1302 770 1505 836 rubricatus,ad
1522 770 1631 824 modum
1645 767 1707 825 aeris

61 857 148 924 Hujus
164 855 378 925 interemptionis
405 872 516 913 oausam
545 858 621 930 ponit
639 859 785 929 Apostolus
812 860 856 914 di·
909 861 938 914 in
954 860 1148 916 resurreetione
1158 859 1300 916 induratus
1316 868 1367 932 est,
1382 859 1445 932 quia
1460 860 1531 915 ultra
1541 874 1595 914 non
1618 857 1705 914 mori·

61 960 148 999 eens:
166 945 413 1016 ll'cquetentemua
428 949 525 1012 Deum,
536 949 611 1003 sicut
630 947 745 1019 quidam
760 965 857 1005 eorem
911 955 963 1003 tur.
980 949 1112 1005 Exultatio
1135 956 1226 1003 autem
1255 949 1389 1020 serpentis
1410 947 1602 1004 exaltationem
1617 945 1706 1003 oruei·

62 1037 292 1101 centaurorum
305 1036 506 1106 oserpentibtts
521 1037 701 1107 parientem
710 1039 770 1094 Cor.
783 1053 810 1108 x,
820 1039 855 1108 91.
912 1037 956 1091 fixi
973 1038 1052 1092 Jesus
1064 1037 1170 1110 figurat.
1188 1037 1236 1092 Hie
1246 1042 1288 1091 est
1307 1053 1428 1108 serpens,
1448 1051 1528 1110 quem
1543 1035 1706 1092 incredulis

61 1121 134 1189 Quid
149 1129 286 1176 astantem
298 1130 402 1178 tentare
416 1123 522 1178 Deum?
536 1124 595 1180 Non
607 1125 719 1182 eredere
729 1125 855 1181 Domino.
911 1126 1034 1199 malignis
1049 1125 1189 1197 spiritibus
1214 1126 1358 1195 vulnerati,
1386 1125 1418 1180 ad
1433 1124 1620 1181 crudelitatem
1634 1139 1704 1180 eon-

62 1209 257 1265 lncrcdulitatis
273 1227 386 1283 namque
400 1211 465 1267 vitio
479 1212 654 1282 urgebantur,
671 1227 756 1285 eoque
770 1230 786 1268 a
799 1229 857 1269 ser·
911 1215 990 1282 versi,
1006 1215 1029 1269 si
1049 1215 1142 1270 volunt
1156 1214 1262 1280 salvari,
1277 1213 1412 1284 respicere
1427 1222 1641 1271 commonentur.
1658 1212 1708 1267 Est

61 1299 189 1369 pentibus
209 1298 287 1353 occisi
308 1307 382 1355 sunt.
401 1297 472 1368 Quid
500 1307 541 1356 est
554 1312 641 1356 autem
657 1301 805 1369 desertum,
830 1303 856 1357 in
911 1303 981 1359 enim
996 1319 1108 1373 serpens
1123 1304 1216 1359 istede
1231 1303 1308 1375 virga
1325 1303 1412 1373 Moysi
1427 1302 1641 1358 transformatus.
1658 1300 1707 1355 Per

61 1402 117 1458 quo
137 1386 220 1441 occisi
240 1394 313 1450 sunt,
330 1387 379 1443 nisi
395 1388 438 1443 hic
454 1389 579 1456 mundus,
597 1389 623 1444 in
646 1405 699 1460 quo
714 1405 855 1464 vagamur,
910 1393 1025 1464 uirgam,
1041 1408 1101 1464 quae
1115 1402 1155 1448 est
1184 1392 1290 1463 insigne
1315 1392 1430 1464 regium,
1456 1393 1544 1447 Deum
1560 1389 1680 1462 intellige
1698 1403 1705 1443 :

61 1491 110 1545 per
122 1475 284 1545 baptismum
302 1484 430 1547 tanquam
445 1477 568 1532 Rubrum
582 1485 756 1532 transeuntes
772 1494 856 1547 mare,
911 1496 958 1551 per
972 1488 1124 1552 serpentem
1140 1497 1221 1546 vcro,
1239 1482 1317 1548 cuius
1328 1479 1502 1552 suggestione
1515 1478 1596 1550 primi
1611 1493 1707 1549 paren·

61 1563 169 1618 liberati
183 1580 232 1635 per
247 1564 562 1638 nostrnmlegislatorem
577 1565 718 1621 Dominum
732 1569 856 1622 iesuma
912 1576 953 1624 tes
968 1568 1064 1624 mortui
1080 1577 1152 1637 sunt,
1170 1567 1304 1624 hominem
1330 1569 1470 1624 mortalem
1486 1568 1588 1638 accipe.
1605 1568 1709 1622 Mutata

61 1652 193 1707 servitute
207 1653 373 1727 AEgyptiaoa,
384 1671 437 1725 qua
451 1661 513 1710 ante
527 1654 657 1726 baptismi
672 1655 785 1727 gratiam
794 1671 856 1727 pre·
873 1613 895 1691 Β
911 1664 952 1711 εει
963 1658 1038 1730 virga
1051 1657 1078 1714 in
1094 1666 1259 1729 serpentem,
1274 1657 1382 1730 quando
1403 1656 1518 1712 Verbum
1531 1670 1595 1712 earo
1606 1654 1708 1712 laetum

60 1741 222 1795 mebamuri
911 1752 961 1812 εει,
977 1761 1118 1801 assumens
1133 1747 1203 1817 quod
1214 1761 1268 1800 non
1278 1744 1426 1810 erat,idest
1438 1744 1640 1809 humanitatem,
1650 1760 1710 1798 ma·

100 1832 160 1884 tat.
178 1830 206 1884 Si
229 1840 317 1886 antem
346 1830 503 1902 diligentius
522 1829 738 1898 consideremus,
762 1839 858 1888 cuneta
915 1833 1145 1905 nensquoderat,
1171 1832 1197 1887 id
1214 1840 1254 1888 est
1282 1835 1363 1889 Deus.
1380 1833 1535 1905 Sicutergo
1552 1831 1713 1887 laetusser·

60 1932 131 1986 pene
145 1918 208 1971 vitia
223 1935 254 1973 ex
277 1919 470 1975 incredulitatis
494 1919 559 1976 vitio
586 1919 753 1976 inveniemus
780 1920 856 1976 oriri.
914 1938 981 1995 pens
1007 1922 1145 1996 Magorum
1177 1921 1364 1994 AEgyptiorum
1395 1927 1537 1992 serpentes
1570 1919 1710 1977 devoravit

59 2004 129 2073 Qiris
148 2006 220 2059 enim
235 2022 330 2061 vanem
348 2009 439 2063 mnndi
456 2008 572 2080 gloriam
592 2019 734 2080 quaereret,
750 2009 772 2064 si
795 2025 859 2082 per·
913 2010 1009 2082 (Eeod.
1028 2027 1076 2079 vu,
1090 2015 1132 2077 ιθ,
1159 2010 1204 2082 te)
1221 2026 1227 2064 τ
1243 2011 1282 2067 sie
1297 2013 1367 2066 Deus
1381 2008 1467 2066 lactus
1481 2010 1563 2065 homo
1579 2008 1708 2065 inimieo-

59 2093 132 2149 leetc
152 2095 273 2149 crederet
297 2093 376 2150 aliam
392 2110 452 2150 esse
471 2096 586 2151 luteram
602 2096 628 2151 in
652 2097 727 2152 coelis
751 2097 860 2153 immar-
913 2113 973 2151 rum
1001 2097 1202 2169 suggerentium
1230 2106 1348 2169 peecata,
1373 2107 1401 2150 et
1426 2096 1537 2152 fraudes
1555 2095 1707 2160 evacuavit,

60 2181 225 2247 cessibilem,
243 2198 323 2254 quam
349 2184 444 2239 oculus
458 2200 513 2238 non
527 2183 604 2249 vidit,
630 2199 678 2241 nee
693 2187 766 2240 auris
785 2184 863 2239 audi·
915 2184 1030 2238 maxime
1046 2191 1134 2238 tamen
1153 2200 1215 2239 cum
1240 2192 1310 2239 essct
1329 2184 1460 2238 exaltatus
1487 2182 1516 2237 in
1539 2198 1627 2250 cruoe,
1647 2198 1709 2237 eum

60 2272 109 2335 vit,
127 2271 689 2344 necincorhominisasoenderunt,quae
712 2273 861 2328 humilibus
916 2270 1112 2344 sanguinissui
1144 2271 1226 2327 llores
1253 2271 1418 2340 ostenderet,
1440 2280 1468 2326 et
1496 2270 1604 2336 ilerum,
1633 2269 1710 2325 scili·

60 2359 416 2427 conscrvanturlPutasne‚
443 2360 505 2416 huic
527 2360 621 2431 gloriae
644 2363 858 2417 mundanaetam
913 2366 954 2415 ccl
969 2359 1101 2416 virtutum
1112 2374 1221 2415 suarum
1232 2360 1345 2415 odorem
1360 2375 1407 2431 per
1422 2366 1509 2414 totum
1523 2357 1655 2413 mundum
1670 2356 1711 2412 es·
1776 2350 1778 2352 ’

60 2450 177 2518 incertae,
201 2464 282 2519 quam
310 2448 471 2505 transitoriae
486 2449 607 2505 animum
623 2450 787 2507 inclinaret?
800 2451 858 2507 Ne·
895 2520 898 2527 Ι
914 2448 1046 2518 funderet,
1063 2453 1089 2502 et
1103 2447 1185 2503 eorda
1201 2447 1407 2518 quibuscunque
1422 2445 1496 2502 vitiis
1513 2446 1652 2503 vulnerata
1665 2460 1709 2499 sa-

61 2553 206 2609 quaquam.
223 2538 276 2591 Sed
292 2538 363 2608 quod
381 2537 449 2593 tales
464 2547 591 2593 asserunt
605 2555 635 2594 se
662 2540 719 2596 Deo
734 2541 857 2610 eredere,
912 2543 998 2593 naret.

61 2625 187 2696 provenit
205 2642 236 2680 ex
252 2625 369 2696 quadam
384 2625 588 2691 consuetudine,
611 2626 673 2698 quia
688 2634 774 2684 totum
790 2645 860 2699 pene
951 2624 1011 2681 159.
1036 2625 1223 2697 Respiciamus
1237 2623 1322 2697 igitur
1336 2631 1363 2680 ει
1374 2639 1424 2680 nos
1438 2623 1466 2679 in
1486 2623 1581 2680 laeiem
1597 2639 1710 2697 serpen·

63 2714 193 2769 mundum
208 2713 253 2769 tali
268 2715 360 2770 vident
375 2723 402 2769 et
421 2714 531 2769 audiunt
547 2713 599 2771 fide
627 2716 725 2770 teneri.
743 2716 823 2785 Quod
837 2717 861 2773 si
914 2713 948 2768 tis
962 2713 1030 2769 aenei
1046 2712 1152 2780 elevati,
1163 2713 1272 2780 Christi,
1289 2713 1312 2768 si
1326 2714 1481 2768 volumusa
1497 2727 1638 2782 pravorum
1655 2712 1710 2767 dae·

62 2801 211 2857 infidelium
234 2819 362 2858 numerus
387 2813 561 2867 excresceret,
588 2813 614 2859 et
629 2819 728 2860 nomen
759 2806 860 2862 Christi
915 2818 1024 2858 monum
1040 2801 1263 2873 suggestionibus
1285 2800 1446 2872 serpentinis
1469 2800 1587 2855 liberari.
1610 2798 1710 2880 Respif

63 2906 117 2946 non
133 2899 242 2963 possent
255 2891 413 2963 sinepooua,
424 2893 467 2947 vel
483 2891 542 2946 sine
559 2891 654 2948 timore
667 2894 789 2949 confiteri
800 2914 808 2963 ;
820 2895 861 2949 ci·
875 2889 898 2968 Β
913 2906 974 2946 cere
988 2898 1089 2956 eutem,
1106 2890 1159 2946 ilde
1187 2890 1214 2945 in
1243 2889 1332 2960 ipsum
1359 2889 1471 2945 tendere
1492 2897 1551 2944 est:
1568 2889 1641 2961 quod
1657 2904 1710 2944 nott

63 2979 118 3034 tius
137 2980 244 3034 audires
265 2995 311 3035 eos
325 2980 398 3054 quod
422 2981 503 3036 corde
518 2990 624 3053 gerunt,
645 2981 736 3054 lingua
759 3000 859 3054 propa·

62 3070 120 3125 lare
135 3077 162 3124 et
175 3069 264 3124 verbis
280 3070 359 3124 etiam
374 3070 499 3141 abjurare
510 3085 584 3135 eum,
600 3086 680 3140 quem
705 3069 782 3127 laetis
807 3071 858 3128 de-

62 3173 164 3230 negare
178 3172 232 3212 non
242 3157 342 3212 timent.
360 3157 451 3212 Simile
465 3167 506 3213 est
521 3158 660 3224 deavaris,
677 3159 721 3229 qui
738 3161 860 3216 coelestes

62 3261 120 3301 non
134 3245 363 3313 eurantdivitias;
381 3245 450 3301 etde
465 3245 573 3316 invidis,
590 3247 637 3316 qui
651 3247 790 3304 charitatis
800 3248 860 3304 lau·

61 3337 126 3391 dem
140 3343 167 3389 et
188 3334 331 3406 praemium
358 3348 413 3387 non
442 3334 603 3404 attendunt3
620 3334 696 3389 etde
712 3334 860 3401 iracundis,

63 3423 111 3494 qui
126 3421 152 3476 in
170 3422 293 3491 patientia
318 3422 421 3477 animas
440 3437 504 3478 suas
531 3437 587 3476 non
613 3421 771 3491 possident;
787 3427 815 3477 et
828 3423 861 3479 de

63 3511 204 3575 acediosis,
222 3512 267 3582 qui
295 3526 345 3582 pro
369 3523 470 3566 aeterno
493 3509 635 3565 commodo
649 3509 757 3566 labores
772 3511 863 3567 subire

64 3599 204 3671 refugiunt
219 3601 380 3672 temporales
394 3619 401 3667 ;
417 3601 491 3656 etde
508 3597 664 3665 luxuriosis,
681 3599 727 3670 qui
742 3599 860 3656 ooelesti·

65 3690 119 3744 bus
132 3689 312 3759 voluptatibus
341 3690 439 3745 mentis
454 3686 562 3744 oculum
591 3703 646 3742 nun
667 3688 819 3752 intendunt,
836 3695 862 3743 et

64 3777 100 3833 de
116 3777 231 3850 gulosis,
248 3778 294 3849 qni
308 3794 405 3848 panem
419 3777 494 3832 illum
511 3776 733 3832 delicatissimum
748 3776 862 3848 angelo-

65 3881 128 3921 rum
143 3865 200 3920 suis
214 3865 300 3936 epulis
317 3866 428 3921 terrenis
438 3875 604 3937 postponunt
620 3883 626 3919 :
643 3866 705 3935 quia
719 3868 741 3921 si
756 3882 790 3921 ca
801 3882 862 3939 quta

67 3954 162 4009 lutura
190 3954 395 4024 promittuntur,
428 3972 491 4012 vere
519 3955 669 4018 crederent,
693 3972 863 4029 nequaquam

67 4041 184 4097 terrenis
200 4048 251 4093 tam
267 4045 394 4096 ardenter
406 4043 549 4098 inhiarent.
566 4044 679 4114 Propter
694 4061 759 4116 ergo
770 4047 862 4100 iucre-

67 4128 208 4184 dulitatem
223 4144 299 4181 suam
319 4129 426 4194 dantur,
443 4146 496 4186 non
529 4133 616 4186 solum
644 4133 800 4189 vulnerandi
817 4151 864 4204 per

71 4215 245 4280 tentationes,
261 4216 308 4270 sed
323 4217 401 4271 etiam
415 4215 500 4274 dots
510 4217 705 4291 occidendiper
717 4220 813 4275 ueneni
824 4221 866 4276 sui

69 4304 234 4361 inlusionem
253 4305 425 4376 serpentibus
447 4304 551 4377 ignitis,
572 4304 668 4370 idest,
697 4307 867 4364 daemonibus

69 4394 142 4449 illius
157 4393 265 4449 maximi
276 4400 302 4448 et
317 4394 432 4450 tortuosi
447 4395 583 4467 serpentis
606 4394 685 4465 primi
700 4395 866 4464 perversoris

69 4480 211 4548 ministris,
228 4482 273 4552 qui
288 4481 351 4537 illos
376 4491 651 4553 secumpervertunt,
680 4487 707 4536 et
734 4481 866 4539 incendiis

70 4569 180 4626 aeternis
194 4572 330 4639 addicant,
347 4587 415 4643 quos
433 4571 460 4627 in
476 4574 527 4627 hae
540 4570 594 4626 vita
614 4570 737 4627 incendio
757 4586 866 4627 suarum

70 4675 214 4732 pravarum
238 4661 442 4731 suggestionum
465 4669 651 4732 corrumpunt.

109 4751 169 4805 tes.
188 4747 240 4802 Sed
255 4749 402 4804 remedium
425 4750 603 4819 attendamus,
621 4766 670 4821 per
684 4748 757 4822 quod
771 4749 867 4804 vitium

69 4836 270 4896 incredulitatis
280 4848 432 4894 correctum
447 4850 498 4895 cst.
514 4838 585 4895 Dixit
599 4839 730 4896 Dominus
745 4839 777 4893 ad
793 4839 871 4910 bloy-

70 4940 119 4979 sen
132 4944 139 4980 :
152 4929 205 4981 Fac
212 4931 371 4999 serpentem
379 4945 501 4992 eneam,
509 4933 616 5000 etpone
628 4931 661 4985 ire
677 4930 751 5001 ligno
766 4931 875 4999 erecto,·

71 5017 445 5087 quemquit'ntut‘tisuerint,
458 5035 476 5072 e
490 5017 666 5089 serpentium
681 5019 816 5074 morsibus
830 5034 872 5073 su-

70 5103 219 5159 notantur
233 5105 328 5174 (Num.
344 5120 401 5173 xxi,
418 5107 455 5175 8).
470 5104 553 5174 Cujus
565 5107 700 5175 serpentis
711 5106 870 5176 mysterium

70 5191 132 5263 ipse
144 5193 274 5249 Dominus
287 5194 365 5248 iesus
380 5193 484 5250 curavit
494 5208 640 5263 exponere,
656 5194 750 5248 diceus
766 5211 773 5248 :
791 5196 870 5252 Sicut

71 5281 174 5352 Moyses
187 5283 328 5338 enullavit
343 5285 502 5355 serpentem
514 5280 547 5338 ia
556 5281 672 5348 deserto,
685 5283 729 5338 itu
743 5284 870 5339 exultari

70 5369 865 5444 opor·tetFiliumhominis;utomnisquieredt'tinillam,

70 5463 237 5530 pauperent
252 5459 344 5533 (loon.
360 5473 400 5526 tu,
419 5461 463 5524 tt,
475 5460 532 5529 to).
542 5458 670 5524 Videsne,
685 5473 817 5532 quorsum
825 5457 867 5515 le-

913 2977 1030 3045 infirma,
1056 2979 1104 3034 sed
1120 2978 1182 3034 lorti
1203 2985 1229 3035 et
1256 2977 1374 3050 perlecta
1393 2976 1447 3035 fide
1465 2978 1626 3049 completur.
1642 2979 1711 3035 Sunt

913 3068 1061 3140 autemqtti
1087 3066 1196 3140 quidem
1225 3082 1271 3124 ore
1298 3065 1460 3124 confitentur
1487 3065 1613 3141 quoniam
1641 3066 1712 3122 oltri-

913 3156 992 3211 stiani
1008 3168 1080 3222 sunt,
1110 3154 1186 3212 lactis
1214 3163 1303 3211 autem
1333 3166 1432 3228 negant
1449 3169 1455 3208 :
1471 3170 1539 3226 quos
1563 3170 1618 3210 non
1645 3161 1712 3226 pulo

913 3245 965 3300 lide
980 3247 1089 3300 tendere
1103 3243 1131 3299 in
1141 3243 1298 3301 crucifixum
1314 3245 1387 3315 pium
1401 3244 1503 3299 iesum.
1516 3244 1552 3300 ttt
1561 3251 1650 3298 autem
1661 3245 1713 3301 hoc

914 3350 963 3406 per
978 3332 1183 3388 similitudinem
1198 3333 1288 3405 aliquo
1303 3333 1383 3410 modo
1399 3330 1573 3389 ostendamus
1591 3348 1599 3386 ε
1617 3331 1712 3388 similis

914 3428 955 3476 est
970 3420 1041 3497 enim
1057 3418 1124 3473 fides
1138 3420 1210 3484 vino,
1226 3420 1298 3492 quod
1313 3428 1413 3473 tantum
1426 3420 1543 3475 colorem
1558 3419 1711 3485 babetvini,

916 3509 965 3565 sed
980 3524 994 3562 a
1009 3523 1105 3578 sapore
1119 3507 1179 3562 veri
1190 3506 1244 3562 vini
1257 3516 1283 3562 et
1297 3507 1400 3562 viribus
1414 3517 1454 3562 est
1464 3507 1600 3564 alienum.
1615 3507 1712 3577 cujus·

917 3597 990 3652 modi
1004 3597 1096 3654 vinum
1113 3611 1166 3652 non
1194 3593 1275 3651 credo
1290 3595 1406 3652 fideliter
1420 3597 1477 3651 Deo
1492 3606 1643 3669 acceptum,
1663 3596 1711 3652 sed

917 3686 996 3758 quale
1007 3685 1033 3738 in
1047 3684 1157 3740 Cantieo
1169 3682 1332 3739 canticorum
1348 3683 1479 3750 laudatur,
1490 3683 1535 3738 ubi
1552 3684 1610 3755 ipse
1624 3699 1711 3756 spon·

916 3790 963 3829 sus
976 3776 1008 3828 ad
1024 3788 1153 3844 sponsam
1166 3773 1212 3841 ait,
1226 3774 1332 3830 Guttur
1341 3778 1433 3839 tuum,
1444 3773 1624 3831 sicetvinum
1635 3778 1713 3847 opli-

916 3881 996 3920 rettm.
1005 3862 1038 3916 Et
1047 3862 1089 3917 illa
1101 3861 1189 3917 statim
1201 3861 1354 3932 respondet,
1362 3863 1485 3933 Dignum
1493 3862 1593 3922 diiecto
1608 3879 1667 3920 meo
1678 3863 1714 3919 bd

915 3951 1079 4027 potandum,
1087 3956 1115 4007 et
1123 3951 1254 4009 dentibus
1264 3953 1324 4023 ejus
1339 3951 1374 4006 ud
1392 3952 1602 4009 ruminandum
1617 3951 1714 4023 (Curet.

915 4058 965 4112 vu,
980 4044 1023 4095 st:
1041 4051 1068 4096 et
1084 4051 1143 4112 post
1159 4056 1254 4113 pauca,
1270 4042 1353 4109 Dabo,
1370 4040 1468 4113 inquit,
1479 4041 1530 4096 tior·
1540 4042 1638 4096 virtum
1650 4057 1716 4098 eore-

920 4130 1013 4187 ditum
1034 4136 1060 4189 et
1079 4132 1199 4187 mistum
1215 4129 1358 4187 melorum
1378 4135 1567 4201 manaturum
1585 4146 1714 4187 meorum

920 4218 1082 4291 (tanturn,
1092 4221 1133 4288 2).
1149 4219 1215 4274 Eece
1226 4219 1304 4288 quale
1313 4218 1408 4273 viuum
1418 4217 1471 4273 erit
1479 4218 1588 4287 placens
1603 4217 1713 4282 dilecto,

920 4308 1026 4380 etquod
1036 4308 1064 4362 in
1073 4322 1193 4364 amorem
1204 4305 1288 4360 nostri
1302 4305 1380 4360 illttm
1388 4304 1525 4362 accendat.
1536 4304 1584 4359 Est
1597 4320 1715 4376 namque

923 4397 1018 4453 vinum
1036 4395 1165 4466 optimum
1185 4394 1251 4450 fides
1264 4392 1395 4465 perlecta,
1413 4394 1502 4451 cordis
1516 4392 1658 4459 sententia,
1688 4400 1715 4451 et

920 4484 974 4539 oris
984 4482 1155 4539 confessione
1169 4481 1268 4551 pariter
1282 4481 1476 4537 concordante.
1492 4481 1524 4535 ttt
1537 4482 1609 4550 quod
1618 4482 1713 4538 subdi-

921 4580 974 4641 tur,
990 4571 1062 4630 Dabo
1073 4572 1125 4628 tibi
1137 4573 1236 4627 virtum
1249 4569 1405 4634 eonditum,
1419 4568 1485 4626 fides
1498 4569 1578 4626 bonis
1591 4569 1718 4630 virtutum

920 4660 1048 4731 operibus
1062 4659 1170 4715 condita
1184 4668 1211 4715 et
1236 4658 1382 4715 exercitata
1405 4658 1572 4731 intelligitur.
1592 4659 1647 4715 Tali
1663 4659 1715 4718 tide

928 4748 1045 4802 tenditur
1059 4755 1087 4803 ct
1099 4746 1248 4803 intenditur
1262 4747 1288 4802 in
1304 4746 1376 4816 piutn
1392 4749 1491 4814 Deum,
1507 4763 1561 4804 nott
1575 4748 1627 4805 fide
1641 4748 1714 4820 fieta,

927 4837 1109 4909 operibusque
1122 4847 1240 4904 carente,
1254 4835 1313 4892 sine
1340 4837 1438 4907 quibus
1467 4834 1534 4893 lides
1549 4847 1719 4896 mortuaest.

928 4926 1028 4981 Demus
1041 4941 1106 4999 ergo
1119 4924 1216 4982 dilecto
1232 4934 1325 4982 nostro
1345 4926 1390 4997 pio
1407 4927 1464 4982 Deo
1480 4925 1570 4982 vinum
1586 4926 1718 4998 optimum

925 5015 988 5071 fidei
1004 5014 1138 5085 perlectae,
1155 5023 1182 5070 et
1198 5014 1289 5071 vinum
1317 5015 1428 5071 diversis
1451 5015 1616 5071 aromatibus
1630 5015 1718 5072 virtu·

925 5115 980 5161 tum
995 5119 1155 5174 saporosum
1172 5119 1179 5157 ε
1195 5111 1221 5158 ει
1248 5102 1289 5159 sio
1316 5103 1467 5159 intueamur
1495 5103 1524 5157 in
1537 5103 1631 5158 laeiem
1646 5104 1717 5174 ejus,

924 5209 973 5267 pro
988 5192 1066 5248 nobis
1094 5191 1127 5247 ad
1151 5190 1352 5245 similitudinem
1367 5191 1502 5261 serpentis
1516 5191 1583 5246 aenei
1598 5192 1625 5247 in
1639 5206 1719 5251 erues

922 5281 1057 5354 suspensi.
1075 5279 1107 5334 Et
1121 5278 1228 5348 quoties
1256 5275 1372 5344 alicujus
1386 5276 1548 5348 serpentinae
1562 5279 1719 5350 teutationis

922 5386 1015 5426 morsu
1030 5383 1080 5424 nos
1092 5364 1301 5438 cognoverimus
1312 5365 1478 5435 vulneratos,
1494 5365 1526 5420 ad
1537 5383 1644 5424 erucem
1657 5385 1719 5426 onr-

920 5472 1024 5523 remus,
1040 5464 1067 5511 et
1081 5452 1115 5509 ad
1130 5452 1256 5509 thronum
1275 5450 1366 5509 oruois
1378 5452 1542 5527 quandoque
1551 5453 1717 5532 igttomiuioe,
