3706 5962
130 168 169 247 ἡ
782 168 978 233 Glbltlillllll'l'l
994 170 1131 233 taulus

1747 177 1784 238 to

132 304 271 364 civttctu.
286 300 340 372 Qui
362 299 419 357 tieti
433 305 462 355 et
486 295 598 353 fallaces
611 303 684 364 sunt,
701 294 767 352 nibil
779 302 834 352 tam
852 295 931 353 retu·
944 312 969 392 g
987 297 1075 354 lantes
1089 294 1151 354 Μ
1167 311 1255 364 suam,
1270 297 1315 354 vel
1333 311 1367 353 ex
1381 303 1477 370 tepore
1499 297 1612 371 proprio
1624 297 1782 377 ariditatem

131 394 219 467 giunt,
241 407 322 464 quam
346 390 382 445 ab
400 388 443 443 bis
466 385 583 444 inveniri
606 384 774 454 custodibus,
790 393 818 442 et
838 385 862 441 si
882 385 930 442 dc-
984 385 1101 442 sienem
1132 384 1287 441 metientes.
1311 384 1470 458 Languidus
1493 384 1568 441 enim
1593 393 1622 443 ει
1647 388 1782 447 remissus

131 480 347 554 prehenduntur,
364 492 419 530 nou
438 474 516 531 tacile
531 474 740 531 convincuntur.
757 474 822 530 Cain
842 474 929 530 tactus

131 579 174 628 est
188 584 276 641 vagus
293 572 320 622 et
334 565 467 637 profugus
479 579 563 635 super
576 572 688 630 terram,
702 562 818 619 inveniri
832 561 929 619 lormi-

131 659 210 714 dans.
233 653 340 726 amnis,
355 652 452 726 inquit,
469 654 517 725 qui
530 654 673 710 inuenerit
687 669 741 719 me,
758 652 867 708 occidet
885 669 930 708 nte

130 748 216 819 (Gen.
237 761 278 813 rr,
296 744 353 816 tt).
368 742 429 798 Nou
444 740 502 797 vult
515 749 662 813 peecatum
681 739 777 812 occidi,
797 757 852 797 non
873 740 929 797 vult

129 834 187 910 pati
200 833 346 888 salutarem
360 831 389 885 in
408 829 581 888 confessione
604 829 816 897 verecundiam,
841 829 928 885 medi·

128 922 246 982 dualem
264 920 471 995 castigationem
494 919 629 992 magistri.
643 919 704 974 Non
725 918 781 975 vult
802 916 927 986 inveniri,

129 1012 262 1087 quianon
277 1010 426 1069 vultmari.
442 1009 511 1064 Nam
534 1008 580 1063 ubi
599 1024 653 1064 nou
674 1014 785 1065 veretur
799 1005 927 1072 interfici,

128 1100 180 1158 scd
201 1099 337 1171 mugisse
360 1096 446 1154 foveri
467 1096 591 1169 contidit,
606 1094 782 1167 impudenter
797 1110 827 1151 se
845 1095 929 1164 jactat

113 1175 345 1261 'indisciplinatus
362 1186 488 1243 aflectus.
504 1184 559 1241 Sed
582 1199 683 1256 sponsa
702 1182 774 1238 ultro
789 1197 818 1238 se
833 1181 925 1250 offert,

128 1278 192 1336 laeta
212 1278 307 1350 sponsi
322 1276 441 1333 occurrit
460 1273 611 1330 sodalibus.
636 1270 737 1342 Quidni
759 1269 845 1325 laetat
867 1271 927 1326 Nou

128 1368 262 1426 invenitur
277 1365 354 1439 quasi
370 1365 477 1440 fugiens
492 1363 619 1429 ultorem,
634 1363 683 1417 sed
708 1374 836 1432 quaerens
850 1374 925 1413 ema·

59 1500 68 1507 -
129 1464 228 1514 torem.
244 1457 419 1512 Invenerunt
432 1470 478 1508 me
496 1451 646 1519 custodes,·
662 1466 717 1505 non
732 1456 795 1505 sunt
812 1447 925 1519 iurand,

983 489 1071 542 amor,
1087 473 1214 546 culpabili
1237 473 1354 546 quadam
1383 474 1514 546 patientia
1537 489 1593 530 non
1617 483 1673 532 tam
1692 485 1778 551 optat,

983 579 1065 636 quam
1074 571 1215 636 exspectat
1224 563 1314 619 lutura
1328 562 1409 620 bona.
1421 563 1473 632 Qui
1486 580 1552 622 vcro
1566 564 1716 624 ferventior
1726 576 1778 635 εει,

981 652 1088 709 ardenti
1114 653 1200 708 tertur
1229 651 1377 719 desiderio,
1406 652 1555 721 repositam
1580 654 1779 726 plenitudinem

981 740 1075 796 lumim
1090 749 1117 797 et
1131 756 1165 796 ex
1178 749 1256 813 parte
1267 740 1400 797 deflorare
1415 748 1534 798 tenmus.
1546 741 1616 811 Quia
1630 743 1699 800 tales
1715 745 1779 816 plu·

982 829 1065 886 umes
1077 830 1152 887 novit
1169 845 1271 900 sponsa
1284 831 1421 898 custodes,
1437 829 1555 903 quodam
1574 833 1624 887 sub
1647 832 1779 908 ambiguo

981 917 1226 993 interrogationem
1243 918 1347 975 librat:
1371 919 1444 976 Num
1463 936 1547 993 quem
1566 920 1664 994 diligit
1677 923 1781 981 anicio

980 1025 1046 1067 meo
1058 1006 1193 1065 vidistis?
1208 1007 1249 1064 Sit
1261 1008 1393 1080 prudens,
1412 1008 1448 1065 sit
1461 1008 1559 1078 tidelis,
1575 1010 1611 1065 sit
1624 1019 1717 1068 custos
1730 1029 1779 1070 se·

981 1097 1072 1165 dulus,
1087 1105 1116 1154 et
1136 1096 1286 1170 disciplina
1309 1097 1447 1169 diligentia
1460 1097 1579 1154 bostium
1594 1108 1721 1158 coerceat
1737 1102 1779 1157 ir—

982 1186 1135 1258 ruptionem
1144 1187 1180 1241 ab
1194 1187 1267 1243 ovili.
1276 1186 1340 1242 Non
1354 1194 1445 1244 tamen
1459 1186 1551 1243 statim
1566 1187 1636 1245 sciet
1648 1191 1780 1246 amatoria

980 1289 1090 1341 cauere,
1107 1283 1135 1332 et
1149 1275 1242 1347 sponsi
1261 1275 1446 1332 internuntius
1461 1277 1522 1347 ejus
1535 1285 1690 1334 monstrare
1704 1295 1779 1352 prae-

980 1364 1109 1430 sentiam,
1126 1371 1154 1419 et
1181 1363 1209 1419 in
1233 1379 1359 1420 recessus
1378 1373 1500 1421 secretos
1524 1365 1622 1437 raptim
1643 1367 1780 1424 admissus

979 1451 1081 1507 stillare
1095 1452 1130 1508 de
1149 1452 1243 1507 iubma
1257 1453 1358 1525 aliquid
1371 1453 1524 1511 dulcedine.
1543 1454 1630 1512 Valde
1644 1457 1719 1513 euim
1738 1466 1780 1514 est

128 1545 179 1601 sed
193 1546 364 1600 invenerunt.
379 1541 526 1614 Diligentia
539 1541 662 1612 ipsorum
680 1539 707 1594 iu
723 1540 774 1594 boc
786 1552 926 1595 commen·
977 1541 1092 1613 imparis
1105 1541 1210 1615 gratiae,
1223 1539 1320 1598 furtiva
1345 1548 1373 1597 et
1387 1542 1478 1599 fucata
1492 1543 1609 1600 adulteri
1622 1544 1779 1617 depreben-

132 1632 221 1690 datur.
236 1632 311 1705 Pigri
325 1631 454 1688 custodes
469 1638 497 1686 ει
517 1629 589 1685 male
602 1627 699 1683 sidetes
718 1626 819 1682 nullam
831 1626 860 1681 in
874 1627 926 1681 hoc
942 1650 965 1729 Β
979 1630 1045 1687 dere
1066 1629 1212 1701 lenocinia,
1229 1638 1256 1687 et
1276 1629 1413 1704 legitimos
1427 1631 1521 1703 sponsi
1537 1631 1668 1689 adventus
1683 1634 1777 1689 conci-

129 1722 261 1779 adhibent
273 1719 439 1791 diligentiam
452 1733 458 1772 ι
472 1734 526 1773 nou
542 1717 721 1781 circumeunt,
733 1731 788 1770 nou
802 1722 927 1787 quaerunt
980 1719 1058 1774 liare.
1073 1719 1202 1774 italorum
1218 1718 1281 1791 quia
1297 1718 1427 1792 frequens
1443 1728 1483 1776 εει
1498 1721 1675 1793 experientia,
1693 1719 1778 1776 facilis

128 1810 248 1883 siquem
263 1808 404 1865 inveniant
426 1806 600 1862 cauteriatam
620 1806 767 1860 habentem
781 1803 926 1859 eonscieu-
980 1815 1022 1863 est
1042 1807 1145 1863 notitia.
1166 1807 1352 1878 Spiritualium
1375 1825 1440 1866 vero
1463 1825 1592 1865 sensuum
1614 1811 1678 1882 quia
1701 1826 1779 1866 rarus

130 1897 206 1965 uam,
232 1897 311 1969 signo
334 1896 435 1951 amoris
454 1895 520 1952 casti
544 1904 572 1950 et
592 1894 682 1950 studio
706 1893 846 1966 quaerendi
865 1908 927 1963 pro·
980 1912 1047 1953 usus
1060 1905 1110 1963 est,
1127 1903 1154 1952 et
1169 1897 1240 1952 exile
1254 1897 1393 1968 judicium,
1410 1906 1492 1954 tenue
1507 1899 1573 1954 satis
1591 1906 1634 1955 εει
1650 1899 1778 1955 indicium

123 1986 242 2042 dentem
260 1984 413 2040 dilectionis
427 1982 593 2039 incendium.
608 1981 669 2037 Nou
684 1981 852 2038 conveniunt
866 1979 928 2034 sub
980 1985 1105 2056 deipsis,
1122 2001 1174 2041 nec
1191 1995 1305 2057 possunt
1319 1987 1468 2058 spiritualia
1483 1987 1536 2042 uisi
1558 2005 1574 2044 a
1591 1987 1778 2059 spiritualibus

129 2075 211 2146 (litos,
227 2083 255 2131 ει
277 2073 347 2129 lorte
366 2071 510 2128 molestum
527 2070 627 2127 ducunt
642 2071 665 2125 si
680 2069 878 2141 compellantur
892 2068 926 2122 ab
979 2073 1131 2143 diJudieart.
1153 2075 1188 2128 Et
1202 2073 1264 2129 ideo
1282 2090 1338 2130 nou
1356 2084 1468 2147 possunt
1481 2075 1534 2131 nisi
1554 2092 1570 2130 a
1593 2076 1780 2147 spiritualibus

128 2164 205 2239 ipsis.
226 2163 337 2222 Nonnisi
359 2162 520 2233 interrogati
539 2161 682 2232 proferunt
700 2160 814 2217 verbum
838 2157 926 2214 solatii
979 2161 1172 2226 demonstrari,
1191 2165 1286 2235 quales
1305 2171 1368 2219 suut
1382 2164 1416 2220 de
1430 2164 1529 2237 quibus
1544 2164 1666 2236 legitur:
1690 2167 1778 2234 Quom

129 2256 248 2328 quidam,
269 2270 320 2309 uec
345 2261 408 2308 tunc
431 2251 552 2323 quidem.
575 2251 674 2305 littera
694 2249 767 2318 quod
794 2249 877 2303 habet
900 2248 926 2302 in
976 2253 1092 2324 polotri
1106 2254 1653 2326 supermonteepederannuntiantium
1665 2270 1775 2326 pacem,

129 2344 239 2417 pagina,
256 2351 361 2398 tantum
384 2341 522 2413 proponit,
539 2337 576 2394 nil
599 2337 814 2411 superadjiciens
828 2335 871 2392 vel
885 2335 927 2389 iu·
980 2342 1223 2397 annuntiantium
1238 2338 1330 2397 bona!
1344 2341 1410 2413 (lae.
1425 2357 1473 2411 stt,
1489 2344 1527 2408 l.)

129 2431 240 2488 dustriae
254 2430 298 2487 vel
313 2429 470 2501 diligentiae.
483 2428 543 2482 Atia
559 2434 601 2483 est
610 2428 691 2499 plane
705 2425 826 2482 custodis
836 2425 925 2479 ratio:
1016 2431 1042 2483 4,
1060 2430 1133 2485 Num
1154 2446 1235 2501 quem
1248 2430 1344 2503 uergit
1362 2433 1460 2486 ,mima
1481 2444 1546 2484 mea
1560 2428 1695 2484 „regem
1714 2427 1777 2483 Non

129 2519 282 2594 prevenire
305 2519 398 2584 debet,
419 2533 473 2571 nou
498 2524 601 2571 tautum
624 2531 785 2585 reponere:
808 2513 927 2568 excitare
980 2525 1023 2573 est
1046 2533 1100 2572 una
1125 2533 1178 2573 nec
1201 2517 1316 2589 simplex
1335 2534 1385 2573 nec
1408 2517 1552 2573 unilormis
1575 2516 1643 2572 visio
1672 2516 1778 2585 sponsi.

128 2609 216 2681 magis
227 2623 309 2680 quam
319 2612 477 2676 exspectare
489 2605 666 2676 quaesituros,
680 2601 757 2674 quasi
767 2601 802 2656 de
817 2600 927 2670 specula
981 2606 1131 2661 Exsultavit
1153 2607 1290 2661 Abraham
1314 2613 1344 2660 ut
1362 2605 1468 2661 videret
1482 2604 1555 2659 diem
1574 2605 1654 2673 ejus:
1671 2604 1737 2661 vidit
1752 2613 1780 2660 et

129 2713 212 2768 super
230 2694 300 2749 tilios
321 2693 486 2764 prospicere,
503 2692 549 2762 qui
564 2691 599 2745 sit
618 2689 773 2762 intelligens
795 2696 823 2745 et
838 2688 928 2761 requi·
980 2694 1091 2766 gavisus
1114 2694 1337 2763 est(toon.r1u,
1359 2695 1415 2763 56),
1433 2692 1506 2750 Vidit
1526 2694 1610 2748 Jacob
1634 2693 1778 2748 Dominum

130 2800 193 2842 rens
217 2784 315 2838 Deum.
332 2781 430 2835 Custos
454 2786 516 2834 tuus
534 2794 596 2832 sum
618 2793 624 2832 :
648 2777 683 2832 da
704 2777 779 2846 milri,
803 2776 925 2843 Domine,
980 2783 1049 2839 tacte
1078 2784 1114 2839 ad
1140 2783 1247 2852 taciem,
1276 2792 1304 2838 ει
1331 2781 1405 2839 salva
1433 2782 1504 2839 iacta
1532 2789 1575 2837 est
1599 2782 1691 2836 anima
1719 2783 1779 2851 ejus

130 2877 252 2950 linguam
263 2875 406 2940 eruditam,
423 2883 453 2929 ut
467 2872 550 2928 eciam
565 2887 627 2927 eum
646 2871 693 2945 qui
707 2871 799 2944 lapsus
811 2878 852 2926 est
867 2886 926 2925 sus·
981 2873 1061 2945 (Gen.
1083 2887 1173 2942 xxru,
1190 2871 1246 2943 30).
1262 2870 1335 2928 Vidit
1346 2872 1461 2942 lloyses,
1479 2870 1526 2927 sed
1547 2872 1700 2943 posteriora
1713 2871 1781 2928 vidit

131 2974 237 3025 tentare
252 2965 347 3028 verbo,
363 2971 391 3019 et
405 2963 440 3018 ad
455 2962 568 3019 verbum
582 2961 711 3034 dirigere.
942 2962 963 3040 c
980 2961 1079 3034 (ised.
1100 2975 1200 3026 xxxru,
1217 2961 1273 3029 23).
1291 2959 1363 3014 Vidit
1377 2959 1459 3014 isaias
1474 2959 1621 3015 Dominum
1635 2959 1778 3014 sedentem

167 3059 193 3111 a.
209 3057 243 3111 Ει
265 3052 330 3125 quid
352 3050 425 3106 aliud
439 3058 515 3123 optat
532 3065 641 3121 sponsa,
662 3066 733 3119 cum,
750 3048 836 3104 dicit:
853 3049 926 3104 Num
980 3066 1063 3121 super
1084 3049 1184 3105 solium
1203 3048 1338 3104 excelsum
1357 3047 1422 3119 (leo.
1444 3063 1482 3112 vr,
1501 3047 1539 3118 l).
1560 3046 1633 3102 Vidit
1648 3047 1778 3102 Exechiel

131 3159 213 3218 quem
231 3143 327 3215 diligit
346 3142 443 3196 anieno
457 3156 520 3206 mea
535 3138 671 3195 uidistis?
685 3137 768 3194 Vides
782 3137 854 3191 illam
870 3150 925 3191 non
979 3139 1089 3212 (Bacch.
1115 3141 1137 3211 ι)
1159 3156 1166 3194 :
1190 3137 1258 3195 vidit
1287 3137 1383 3193 Daniel
1406 3137 1433 3191 in
1457 3136 1574 3192 bominis
1602 3135 1778 3192 similitudine

131 3240 185 3288 tam
200 3230 342 3304 fatigatam
358 3244 438 3301 quam
454 3227 599 3284 excitatam
615 3226 713 3281 studiis
733 3225 923 3298 spiritualibus,
980 3227 1062 3301 (Dua.
1083 3243 1131 3297 ιιι,
1149 3231 1192 3295 li,
1209 3228 1267 3300 ll),
1287 3243 1348 3283 cum
1371 3224 1491 3282 noudum
1516 3225 1654 3280 bominem
1677 3241 1775 3281 susce-

130 3320 290 3376 intellexisti
303 3316 480 3391 pertinaciam
493 3317 553 3387 ejus
567 3315 596 3370 in
611 3314 758 3388 quaerendo
773 3313 923 3370 dilectum:
979 3316 1073 3390 pisset.
1093 3317 1148 3373 Sed
1172 3318 1261 3372 omnis
1288 3325 1350 3373 ante
1379 3315 1592 3372 incarnationem
1620 3315 1775 3385 hujusmodi

75 3422 79 3429 ·
129 3407 193 3466 ride
215 3423 288 3463 nunc
311 3405 439 3462 humilem
468 3403 650 3475 prudentiam.
675 3401 769 3458 Nescit
796 3402 926 3457 custodes
978 3405 1046 3466 visio
1065 3405 1093 3461 in
1111 3405 1247 3476 corporali
1262 3413 1411 3461 monstrata
1430 3412 1472 3460 est
1486 3403 1587 3475 specie,
1604 3418 1658 3460 nou
1672 3403 1700 3459 iu
1714 3420 1775 3460 cor-

130 3505 317 3554 contemnere.
332 3495 392 3551 Nec
406 3494 478 3551 enim
494 3498 580 3549 tutum
595 3492 741 3546 arbitratur
758 3490 926 3546 inconsultos
979 3493 1054 3564 poris
1082 3492 1193 3550 humaui
1216 3493 1341 3550 raritate.
1361 3491 1498 3548 Viderunt
1518 3491 1641 3562 Apostoli
1667 3491 1695 3547 in
1719 3491 1779 3564 ipsa

129 3586 283 3658 praeterire,
301 3600 370 3657 quos
384 3584 435 3638 scit
448 3581 576 3638 dominici
591 3587 619 3636 et
633 3580 759 3636 conscios
772 3579 880 3650 secreti,
899 3585 926 3634 ει
979 3583 1069 3639 caruis
1095 3584 1219 3650 veritate,
1246 3590 1273 3640 ει
1297 3582 1477 3654 palpaverunt
1496 3588 1524 3636 et
1552 3588 1776 3636 attrectaverunt.

129 3675 240 3732 nuntios
254 3671 386 3728 mandati.
402 3672 476 3727 Num
491 3686 571 3741 quem
586 3668 682 3740 ditiqit
694 3672 791 3724 cetero
804 3684 867 3723 mec
881 3669 925 3724 ui·
979 3671 1091 3744 Utrique
1103 3680 1194 3727 tamen
1204 3671 1277 3726 intus
1289 3669 1342 3726 lide
1357 3671 1446 3725 Deum
1462 3669 1601 3725 viderunt.
1616 3670 1724 3726 Dictum
1738 3677 1779 3726 est

130 3763 234 3820 distis?
248 3761 318 3830 Quid
339 3767 430 3816 tamen
453 3757 506 3812 sibi
524 3757 581 3813 vult
603 3757 661 3812 haec
684 3755 861 3831 interrogatio
875 3757 925 3812 sub
978 3761 1125 3833 Philippo:
1153 3762 1205 3830 Qui
1218 3758 1294 3816 videt
1313 3776 1366 3828 me,
1387 3759 1463 3816 videt
1486 3762 1515 3815 et
1534 3759 1650 3815 Patrem
1673 3775 1777 3815 mcum.

130 3846 259 3924 ambiguo
274 3847 384 3920 posita?
398 3847 440 3903 Au
463 3845 491 3900 in
509 3845 562 3900 hoc
581 3845 728 3901 admonere
748 3852 776 3899 te
794 3844 878 3901 voluit
896 3851 926 3899 ut
979 3848 1046 3917 Quae
1060 3849 1127 3907 visio
1147 3849 1210 3920 quia
1233 3848 1370 3905 reseratur
1392 3848 1427 3903 ad
1451 3847 1548 3918 tidem,
1563 3848 1637 3920 quod
1661 3847 1778 3919 adjunc-

129 3954 186 3995 uon
200 3938 297 3995 credas
318 3936 392 3992 omui
414 3935 530 4007 spiritui,
547 3934 595 3990 sed
613 3936 713 4006 probes
728 3935 751 3989 si
765 3950 799 3990 ex
819 3935 878 3990 Deo
891 3934 926 3989 sit
979 3948 1036 3997 tum
1051 3947 1093 3994 est
1107 3938 1225 3994 declarat
1241 3953 1248 3992 ;
1265 3940 1325 3996 Non
1346 3937 1464 3995 creditis
1478 3939 1546 4011 quta
1567 3953 1613 4011 φο
1632 3939 1663 3993 in
1680 3940 1775 4004 Patre,

129 4025 265 4101 spiritus?
278 4025 401 4098 Denique
425 4040 483 4081 non
500 4023 620 4080 omnium
645 4031 687 4080 est
710 4030 814 4081 cerium
833 4022 926 4094 sponsi
979 4033 1010 4087 et
1022 4032 1109 4085 Pater
1123 4031 1154 4085 in
1164 4046 1210 4084 me
1220 4027 1429 4100 est?Alioquin
1440 4032 1560 4100 propter
1572 4042 1655 4098 opera
1669 4024 1776 4081 credite

129 4124 260 4190 praestare
272 4114 413 4181 indicium,
429 4112 476 4186 qui
490 4112 612 4169 custodis
625 4111 744 4169 olircium
763 4112 808 4169 vel
829 4126 925 4168 susce·
978 4119 1071 4191 (toan.
1092 4134 1149 4188 ιιι,
1170 4117 1257 4189 sta).
1281 4117 1348 4188 Quae
1371 4117 1444 4173 enim
1463 4113 1671 4187 consequentia,
1686 4121 1717 4168 ut
1739 4113 1775 4168 ad

128 4209 229 4277 parunt
255 4201 300 4260 vel
323 4201 507 4274 arripuerunt.
529 4200 604 4257 llulti
627 4202 700 4257 euim
724 4209 787 4257 sunt
810 4215 924 4273 quorum
978 4206 1150 4281 probandum
1169 4206 1242 4278 quod
1266 4207 1374 4262 Patrem
1395 4205 1511 4274 uiderit,
1527 4204 1637 4259 inducat
1658 4201 1722 4274 quia
1745 4218 1776 4258 se

129 4300 173 4349 est
185 4293 284 4349 oculus
299 4293 332 4348 in
355 4293 490 4348 uniuerso
510 4294 599 4359 tetra,
615 4296 643 4346 et
660 4291 736 4360 iuxta
749 4289 860 4347 alterius
874 4288 925 4346 loci
940 4311 963 4390 u
978 4295 1086 4362 viderit,
1108 4295 1160 4350 uisi
1179 4295 1251 4367 quod
1274 4295 1302 4350 in
1321 4302 1438 4367 utroque
1461 4312 1521 4352 eam
1541 4294 1626 4352 voluit
1643 4290 1775 4348 visionem

129 4381 318 4450 Proverbium,
333 4382 366 4438 in
378 4380 483 4452 finitus
500 4382 584 4436 lert&
596 4378 688 4450 (Prot
703 4394 776 4445 ΠΗ,
792 4378 848 4452 et).
863 4378 925 4434 N011
980 4384 1104 4456 intelligi,
1121 4400 1181 4456 quae
1195 4401 1246 4457 per
1260 4383 1342 4440 fidem
1358 4383 1406 4439 till
1420 4385 1572 4455 Propterea
1585 4389 1612 4435 ct
1627 4379 1661 4434 de
1677 4379 1775 4435 credu-

129 4479 171 4528 est
186 4470 276 4527 lumen
292 4486 386 4526 eorum
409 4486 471 4526 curu
486 4468 563 4541 ipsis,
578 4480 630 4522 nco
645 4475 757 4537 possunt
775 4464 841 4521 illud
856 4463 926 4519 ultra
980 4474 1054 4529 [irate
1077 4481 1279 4547 consequenter
1303 4472 1426 4544 adjungit
1449 4491 1456 4525 :
1482 4472 1543 4526 teon
1568 4467 1685 4524 mediiis
1712 4469 1779 4540 quea

114 4567 210 4617 ΨΜ)
233 4560 378 4634 immitte
401 4559 525 4626 limitem,
548 4557 638 4613 letale
661 4555 695 4610 ad
722 4554 832 4612 cilDum·
855 4553 926 4610 Salis
980 4579 1027 4637 ego
1042 4565 1074 4620 ie
1088 4566 1181 4632 Patre,
1194 4569 1221 4622 et
1234 4566 1319 4620 Peter
1333 4568 1418 4618 tecte
1435 4562 1496 4615 est?
1516 4556 1647 4629 Alioquin
1662 4561 1779 4628 propter

128 4649 239 4721 quidem
254 4648 350 4705 fideles
373 4656 436 4705 sunl
454 4656 481 4703 el
495 4644 593 4712 seduli,
608 4644 657 4700 sed
675 4645 815 4716 hucusque
829 4651 858 4700 ιιῑ
871 4652 926 4700 ier·
980 4668 1065 4725 opero
1083 4652 1145 4724 ipsa
1170 4651 1286 4708 credite.
1312 4649 1339 4704 Si
1362 4647 1435 4703 euim
1459 4644 1563 4700 habitat
1584 4644 1707 4700 cbristus
1729 4660 1778 4716 per

130 4751 197 4793 ΝΜ
211 4745 381 4803 θθὸθθΝθιιῑ,
398 4745 426 4794 el
440 4744 549 4792 terrena
564 4743 682 4790 sellem·
701 4734 811 4801 oculta
829 4733 924 4806 inquil,
979 4738 1062 4796 fidem
1076 4741 1104 4794 in
1123 4738 1250 4796 cordibus
1273 4736 1384 4806 nostris,
1401 4743 1429 4791 et
1450 4734 1472 4790 si
1496 4735 1553 4806 ipsa
1577 4734 1660 4790 corda
1683 4744 1777 4788 nostra

131 4840 230 4883 eorum
248 4825 282 4880 te
305 4826 440 4882 universa
465 4829 552 4895 tera,
568 4822 742 4894 inexplebilis
764 4822 880 4879 aviditas
898 4821 926 4876 in
979 4831 1144 4884 mundantur
1156 4842 1206 4898 per
1219 4824 1311 4891 iidem,
1328 4842 1375 4881 cur
1392 4840 1445 4880 non
1460 4834 1488 4880 et
1498 4824 1525 4878 iu
1539 4823 1667 4879 cordibus
1677 4821 1777 4877 nostris

128 4912 258 4972 universa
274 4921 346 4970 terra
366 4930 395 4971 se
409 4914 531 4971 extendit
552 4929 558 4969 :
580 4919 727 4985 propterea
745 4912 863 4969 terrenis
881 4910 925 4965 in·
978 4916 1086 4975 videtur
1121 4931 1172 4987 per
1199 4914 1304 4970 fidem?
1329 4915 1504 4987 superiorum
1540 4929 1604 4970 rere
1631 4912 1775 4979 visionum,

129 5010 252 5060 amesata
274 5019 353 5059 meus
380 5003 463 5074 curis,
484 5002 597 5059 etillius
614 5014 716 5057 mensae
738 5000 860 5058 serviens
879 4999 926 5071 qul
979 5021 1093 5078 quarum
1124 5004 1210 5060 altera
1243 5002 1315 5059 facta
1343 5012 1385 5060 cet
1410 5005 1437 5059 in
1466 5003 1606 5074 imagine,
1637 5001 1720 5057 altera
1748 4999 1776 5052 iu

129 5093 271 5166 perirati,
287 5093 406 5150 celestis
425 5092 513 5165 eputae
522 5092 611 5149 nescit
625 5089 786 5163 dispensare
799 5088 926 5145 viaticum
978 5111 1070 5162 mnne,
1086 5102 1200 5166 utraque
1215 5092 1296 5165 plena
1312 5104 1353 5150 est
1369 5092 1412 5151 vet
1425 5092 1603 5165 jucuuuuaus
1617 5092 1659 5148 vet
1673 5089 1776 5144 ututu-

130 5189 158 5241 οι
172 5180 207 5238 de
231 5184 355 5255 supernis
370 5183 482 5240 theoriis
500 5181 602 5256 aliquid
624 5195 751 5236 serenum
772 5184 926 5250 temperare
979 5185 1033 5252 ειη
1049 5184 1098 5241 sed
1117 5199 1180 5241 qum
1205 5183 1302 5258 teniae,
1320 5201 1382 5257 quae
1406 5195 1448 5241 est
1470 5201 1520 5258 per
1544 5181 1777 5250 fidem‚se1·vatur

129 5269 269 5341 subjectis.
285 5272 355 5328 Nam
370 5272 421 5332 atsi
434 5270 504 5329 torte
518 5270 566 5346 qui
581 5268 649 5326 tales
664 5275 736 5335 sunt,
752 5267 788 5323 de
802 5266 927 5339 spiritua·
978 5272 1131 5350 integritas.

44 5356 49 5365 “
129 5356 201 5415 ibus
229 5367 359 5431 rogentur
386 5360 511 5430 secretis,
535 5358 643 5432 planam
672 5354 737 5412 lldei
765 5363 792 5411 et
819 5370 925 5410 morum
1014 5364 1041 5421 5,
1060 5360 1129 5417 Nam
1147 5369 1177 5418 ut
1203 5361 1237 5419 de
1263 5361 1347 5419 Verbi
1365 5362 1621 5436 apparitioneque
1642 5357 1670 5413 iu
1692 5369 1776 5413 carne

129 5448 300 5522 ‘effidem
317 5448 443 5509 fluffitere
465 5449 555 5517 viimi
571 5447 600 5502 ³¹¹
622 5448 674 5504 ¹¹⁰0
686 5443 863 5519 lsswflliialssm
876 5448 924 5503 ὅθ·
977 5457 1047 5522 ειει,
1062 5449 1181 5525 loquar:
1205 5461 1306 5525 preater
1327 5452 1389 5511 vitae
1401 5452 1496 5519 verba,
1514 5464 1575 5522 quae
1590 5447 1624 5503 de
1644 5461 1693 5504 ore
1717 5445 1777 5515 ejus
