3706 5962
164 189 217 250 sss
711 182 901 251 numeros
920 184 963 250 os
982 183 1274 256 intentantem.
1645 152 1656 176 ⁰
1759 188 1815 255 sic

163 313 348 385 dnlcedinem,
363 320 390 369 et
405 319 514 368 marnae
527 310 626 382 qnietis
653 311 888 383 tranquillitatem.
903 310 962 369 Rs-
978 325 1001 408 ⁸
1017 318 1106 375 catum
1129 310 1302 384 dissimnlst;
1328 318 1355 367 et
1377 323 1440 367 com
1465 310 1596 382 corripit,
1615 325 1672 367 non
1694 310 1814 368 insultat.

162 402 364 461 ditaturPatris
391 400 550 471 potentiam,
571 399 631 455 Filii
655 400 824 472 sapientiam,
846 398 962 472 Spiritus
1015 399 1176 472 Tranquilla
1199 406 1247 464 est,
1274 400 1337 471 qnia
1360 398 1488 455 omnibus
1511 407 1552 455 est
1580 398 1681 464 dulcis,
1701 409 1729 456 et
1749 400 1816 456 nulli

162 493 250 548 sancti
265 491 471 565 benignitatem,
488 498 516 544 et
544 489 673 560 angelicae
698 496 801 546 naturae
813 486 960 545 beatitudi-
1015 489 1105 560 gravis
1122 507 1128 543 :
1145 500 1225 546 utens
1237 489 1325 546 eurico
1346 490 1379 544 ad
1394 487 1520 563 gratiam,
1536 486 1644 544 inimico
1659 488 1692 545 ad
1706 489 1814 560 patien-

163 596 234 636 nem.
245 579 402 635 Delectatur
415 578 450 634 de
463 579 520 633 Deo
532 578 559 632 in
573 577 670 642 Deum,
686 579 750 633 dum
761 577 821 646 eius
837 575 959 645 pietatem
1016 577 1089 646 tiam,
1105 578 1208 636 cunctis
1229 579 1264 635 ad
1281 577 1509 645 benevolentiam,
1526 576 1663 648 atquibus
1678 585 1768 649 potest
1782 579 1813 635 ad

131 677 133 681 '
163 668 288 737 miretur,
304 675 330 722 et
357 667 485 722 decorem
498 665 707 735 contemplatur.
724 664 747 720 0
765 664 961 736 quamiucun-
1016 665 1230 722 beneficentiam.
1244 667 1354 723 Talibus
1376 665 1447 722 enim
1466 664 1566 722 domus
1583 664 1683 721 anime
1697 665 1815 723 aedifica·

164 756 226 810 dum
246 757 402 823 sentiretur,
431 754 455 810 si
474 764 614 810 nonesset
637 755 670 809 ad
699 761 753 809 tam
772 752 962 810 modicnmra-
1015 763 1069 810 tur.
1085 755 1164 824 Quod
1189 755 1212 810 si
1230 755 1310 824 forte,
1326 754 1427 811 utheri
1443 754 1520 822 solet,
1543 753 1747 823 furadsenerit,
1766 756 1815 829 qui

163 846 239 914 ptusl
269 843 389 914 Rapitur,
419 843 480 898 dnm
497 843 554 897 sola
576 841 917 912 coelestiacontemplatnr,
934 848 961 896 et
1015 844 1168 910 nonrenit,
1190 843 1244 900 nisi
1262 851 1291 900 ut
1310 843 1424 911 furetur,
1442 852 1469 899 et
1493 844 1812 913 macutatperdm:si,

164 931 376 1003 contemplando
388 931 561 1001 jucundatur.
578 930 631 985 Sed
649 944 709 986 oum
725 928 763 984 ibi
775 937 847 985 stare
859 928 961 983 diutins
1016 926 1136 999 inquam,
1152 928 1197 985 fur
1211 929 1327 999 venerit,
1348 928 1373 984 id
1398 917 1493 984 est'rel
1510 926 1601 983 cordis
1623 926 1704 984 elatio
1717 929 1813 984 intrin-

162 1030 286 1087 ccnatnr,
303 1019 393 1075 subito
420 1020 535 1083 lahitnr;
553 1027 581 1073 et
596 1017 706 1074 rediens
727 1018 761 1071 ad
782 1033 811 1072 so
827 1016 960 1096 nnlli'po-
1016 1031 1092 1072 sacru
1115 1016 1218 1086 oriens,
1238 1017 1282 1073 vel
1296 1018 1430 1090 appetitus
1447 1017 1572 1073 humauae
1596 1016 1685 1073 laudis
1706 1019 1814 1075 extrin-

163 1116 214 1164 tast
244 1106 368 1162 intimare
387 1107 461 1177 qnod
488 1106 553 1163 vidit
581 1121 708 1178 suprase
737 1104 807 1160 :sed
822 1104 961 1177 agnitione
1015 1119 1094 1160 secus
1119 1105 1280 1173 adueniens,
1305 1120 1351 1162 sen
1374 1105 1465 1176 aliqua
1488 1105 1613 1176 quaelibet
1637 1107 1729 1178 pestis,
1749 1122 1812 1179 quse

162 1195 303 1251 suavitatis
328 1195 443 1259 illectus,
469 1200 582 1265 gustatae
610 1193 763 1249 dulcedinis
791 1192 960 1265 suavitatem,
1015 1192 1125 1255 donnum
1146 1193 1225 1248 istam
1247 1193 1416 1251 machinetur
1439 1193 1596 1264 perl'odere3
1619 1181 1683 1251 tunc
1699 1195 1812 1250 rationis

162 1292 190 1339 et
203 1283 276 1338 illam
290 1283 430 1340 coelestem
446 1282 607 1340 infusionem
632 1281 730 1338 laetitiae
754 1280 899 1352 spiritualis
918 1281 960 1335 in·
1016 1277 1065 1347 ira,
1082 1279 1161 1349 quasi
1177 1280 1262 1346 canis,
1279 1280 1434 1336 thesaumm
1449 1279 1623 1347 custodiens,
1638 1280 1757 1356 evigilet,
1777 1283 1814 1336 la-

163 1379 204 1425 tra
232 1375 404 1440 semetipsum
430 1370 553 1428 miratur.
578 1371 700 1429 Resolvit
724 1371 805 1427 etiam
828 1370 856 1426 in
880 1370 961 1426 corde
1016 1374 1075 1432 tret,
1090 1367 1213 1425 mordeat
1232 1378 1260 1426 et
1276 1368 1383 1439 jugulet
1401 1386 1407 1425 :
1423 1368 1529 1424 irruens
1549 1368 1577 1423 in
1595 1367 1697 1435 hostes,
1713 1367 1814 1425 nemini

162 1460 306 1516 suessona
328 1469 416 1516 mente
438 1460 606 1532 incorporeae
621 1460 689 1516 locis
704 1458 862 1526 claritatem,
879 1466 907 1516 et
919 1458 961 1512 in·
1016 1464 1117 1526 parcat,
1146 1456 1251 1513 nullum
1271 1458 1373 1512 intrare
1394 1457 1547 1530 permittat;
1572 1456 1618 1514 sed
1641 1456 1814 1525 clamitet„at

162 1547 234 1603 timae
247 1548 381 1605 satietatis
396 1564 533 1620 saporem,
549 1556 576 1604 et
600 1549 666 1604 illnd
681 1547 794 1605 internae
807 1546 905 1619 qnietis
918 1562 961 1602 se·
1018 1544 1116 1601 excitet
1131 1545 1204 1601 intus
1217 1545 1367 1602 habitantes
1385 1549 1418 1601 ad
1434 1561 1509 1602 arms
1527 1546 1702 1618 capessenda.
1719 1546 1813 1602 Unde·

161 1646 274 1707 cretum,
291 1647 317 1693 et
346 1653 459 1694 summa
487 1636 687 1707 tranquillitatis
715 1651 853 1693 arcanum.
868 1637 897 1691 ln
912 1635 964 1690 hn-
1017 1648 1123 1706 cunque
1138 1633 1242 1705 vitium,
1258 1634 1314 1692 sive
1330 1635 1409 1704 clem,
1425 1634 1482 1691 siva
1501 1634 1591 1707 palam
1609 1649 1707 1691 nocere
1720 1640 1814 1690 ιειιιι-

160 1727 206 1793 jas
231 1726 461 1796 contemplatione
494 1724 783 1796 contemplationisque
821 1723 964 1781 dulcedine
1016 1722 1094 1790 sarit,
1119 1724 1296 1794 proculillud
1310 1732 1411 1794 arceat,
1430 1723 1507 1780 nteit
1526 1739 1622 1781 secura
1636 1723 1810 1781 conscientia.

164 1827 243 1868 meus
265 1813 468 1870 delectabiliter·
486 1812 612 1884 aflicitur,
628 1821 655 1868 et
674 1811 963 1875 mirabiliterdelecta·
1015 1811 1114 1869 Secura
1137 1823 1178 1870 est
1201 1815 1308 1886 qnando
1332 1813 1531 1873 accusationem
1556 1829 1609 1869 oon
1630 1813 1743 1886 patitur,
1769 1815 1813 1870 sel

163 1911 215 1958 tnr.
233 1901 311 1957 Volet
329 1917 407 1975 ergo,
432 1910 528 1957 etnon
553 1900 666 1959 deficiat.
694 1901 780 1970 Volet,
801 1900 963 1956 donecaute
1017 1912 1067 1968 pro
1091 1904 1214 1970 tempore
1237 1898 1323 1963 boni,
1344 1899 1387 1955 vel
1419 1913 1469 1972 pro
1494 1897 1705 1972 presumptione
1733 1896 1808 1959 meli.

162 1986 243 2044 Ml
265 1990 368 2063 Regem
383 1989 531 2062 parveniat,
559 1989 652 2058 ibique
680 1989 769 2060 ploret
790 1999 817 2046 et
832 1988 959 2060 suspiret,
1016 1985 1115 2043 hfunda
1129 1995 1172 2043 est
1185 1997 1210 2043 et
1225 1989 1294 2045 bene
1309 1987 1360 2044 sibi
1381 1988 1496 2056 conscia,
1512 2003 1573 2044 cum
1586 2003 1635 2044 nec
1648 1986 1682 2044 da
1695 1994 1810 2058 praeter-

163 2084 315 2150 mactatque
328 2095 357 2134 se
373 2080 399 2132 in
414 2077 541 2148 lacrymis
565 2095 571 2135 :
595 2079 752 2148 deprecetur
776 2079 892 2147 veniam,
908 2092 961 2148 po·
1015 2074 1053 2131 ito
1076 2074 1151 2146 juste
1172 2087 1323 2145 accusatur,
1348 2092 1398 2134 nec
1411 2077 1445 2133 de
1464 2076 1593 2149 praesenti¹
1610 2075 1712 2147 injuste
1734 2074 1810 2132 dele·

163 2166 245 2221 stnlet
258 2167 393 2242 qratiam
418 2182 470 2224 nec
488 2166 553 2223 iude
579 2167 695 2232 recedet,
720 2183 862 2240 quousque
876 2167 960 2222 Deum
1016 2170 1115 2222 utatur.
1133 2167 1203 2221 Pura
1217 2175 1269 2232 est,
1285 2165 1329 2223 cui
1347 2168 1423 2223 Dens
1438 2180 1485 2223 nec
1499 2182 1548 2221 sua
1561 2172 1671 2237 peccata
1684 2164 1811 2237 imputat,

162 2270 244 2326 quem
263 2256 375 2313 nimium
389 2255 549 2325 offenderat,
565 2255 700 2327 placetum
715 2257 823 2320 sentiat,
838 2264 865 2310 et
878 2254 913 2310 ab
928 2270 961 2312 eo
1015 2252 1080 2324 quia
1104 2269 1159 2310 nou
1186 2253 1266 2311 fecit:
1285 2271 1334 2311 nec
1351 2253 1447 2321 aliena,
1467 2255 1530 2327 quia
1552 2269 1606 2310 non
1627 2253 1811 2325 approbarit:

161 2344 371 2401 consolationem
388 2345 509 2416 recipiat.
1015 2355 1064 2395 nec
1089 2340 1288 2416 negligentiam,
1304 2342 1367 2416 quia
1385 2358 1439 2400 nou
1461 2342 1560 2400 tacuit:
1580 2357 1629 2399 nec
1642 2340 1811 2415 superbiam,

463 2433 578 2492 CAPUT
591 2433 660 2491 Vlll.
1014 2428 1079 2499 quia
1097 2430 1123 2484 in
1139 2429 1287 2488 hnmilitate
1297 2432 1454 2504 permansit.

232 2523 271 2580 Dc
285 2524 399 2580 rotiouc
413 2521 593 2588 illumiaatio,
608 2524 741 2580 colururto
753 2521 888 2594 septimo.
1326 2521 1439 2579 CAPUT
1457 2521 1495 2579 X.

201 2614 244 2683 lli.
261 2612 385 2683 Denique
398 2611 467 2668 ratio
497 2627 545 2682 per
563 2611 663 2667 mentis
688 2627 828 2668 excessum
841 2611 869 2666 in
890 2624 958 2665 con·
1083 2606 1121 2661 Dc
1136 2623 1207 2663 curo
1221 2609 1588 2682 comcieetioeproesereudo
1600 2611 1737 2670 scimtiae.

166 2699 367 2768 templationem
400 2698 556 2755 sublimium
583 2698 732 2764 sublevate,
762 2709 788 2755 et
814 2699 842 2755 in
860 2698 958 2752 divinae
1050 2694 1094 2748 li.
1121 2694 1198 2749 Multi
1221 2706 1345 2769 quaerunt
1366 2697 1522 2765 scientiam;
1548 2699 1627 2771 pauci
1654 2712 1720 2756 sero
1743 2713 1810 2756 cou-

163 2786 400 2855 confemplationis
420 2802 545 2842 arcanum
568 2795 656 2857 rapta,
672 2795 751 2858 atque
765 2787 801 2842 ibi
814 2786 961 2843 illuminata
1015 2781 1167 2839 selemiam.
1182 2783 1210 2840 Si
1229 2801 1291 2845 vero
1301 2794 1374 2844 lanio
1389 2785 1479 2844 sifidio
1493 2797 1518 2845 ei
1532 2787 1714 2844 sollicitudine
1727 2803 1808 2861 (11183-

162 2874 197 2928 sd
224 2872 406 2946 cognitionem
430 2874 552 2930 veritatis
578 2884 604 2930 et
629 2875 683 2932 reri
711 2874 831 2944 luminis,
861 2873 962 2929 inflam-
976 2877 998 2957 c
1014 2879 1118 2928 seretur
1141 2871 1317 2943 conscientia,
1342 2884 1443 2949 quanto
1461 2877 1593 2951 quaeritnr
1618 2876 1754 2935 secularis
1781 2887 1809 2932 et

163 2969 235 3017 mata
249 2961 283 3016 ad
299 2961 462 3019 desiderium
480 2962 620 3032 bonitatis,
637 2979 733 3019 omnes
754 2962 861 3019 illicitas
876 2963 962 3034 ⁴nolu·
1013 2975 1081 3016 uana
1103 2959 1225 3029 scientia,
1246 2970 1272 3020 et
1296 2964 1374 3022 citius
1397 2966 1650 3039 apprehenderetur,
1673 2973 1700 3023 et
1718 2965 1810 3023 utilius

168 3059 267 3124 pratas,
283 3049 449 3117 affectiones,
467 3062 493 3107 et
509 3066 591 3123 trugas
619 3052 756 3129 memorie
770 3052 959 3124 cogitationes,
1014 3050 1186 3112 retineretur.
1203 3051 1329 3124 cogitare
1343 3069 1463 3127 namque
1477 3055 1512 3112 de
1526 3054 1700 3125 conscientia,
1711 3069 1809 3112 maus

166 3138 257 3196 cordis
284 3139 480 3212 dispersiones,
513 3139 594 3196 enimi
621 3139 819 3207 fluctuationes,
848 3140 959 3212 spiritus
1012 3145 1055 3192 est
1068 3149 1289 3210 consummatus,
1306 3153 1334 3200 et
1348 3143 1395 3214 qni
1409 3143 1526 3203 custodit
1534 3143 1617 3210 illam,
1637 3159 1745 3216 semper
1757 3143 1810 3201 erit

167 3229 351 3303 svmtiones,
372 3236 400 3287 et
419 3229 518 3287 manus
539 3229 726 3289 distractiones
739 3231 767 3285 in
783 3247 863 3291 nuum
879 3231 959 3289 colli-
1013 3241 1137 3283 securus.
1152 3228 1234 3286 Salva
1248 3232 1398 3291 reverentie
1415 3233 1565 3307 sapientias,
1584 3233 1676 3291 utilius
1689 3243 1731 3291 est
1743 3248 1809 3293 our·

166 3319 216 3391 qil,
231 3326 310 3390 atque
323 3318 351 3374 in
379 3319 425 3376 illo
453 3318 586 3375 felicitatis
603 3317 677 3377 fonte
693 3327 776 3376 totum
790 3336 870 3376 snum
884 3319 958 3375 desi·
1013 3330 1073 3371 rere
1086 3316 1121 3371 ad
1137 3319 1344 3388 conscientiam,
1363 3339 1443 3396 quam
1458 3323 1492 3380 ad
1507 3323 1680 3397 sapientiam
1695 3322 1750 3381 uisi
1761 3339 1807 3380 sa·

163 3407 269 3464 derium
284 3407 351 3480 figit.
382 3410 483 3465 Locum
499 3408 668 3479 superiorem
682 3409 750 3464 ratio
764 3424 873 3479 semper
887 3407 959 3465 obti·
1011 3402 1112 3475 pientia
1136 3405 1179 3461 illa
1211 3409 1246 3465 sit
1273 3427 1335 3484 qna
1360 3410 1476 3469 aedificet
1500 3413 1702 3471 eomcientiam.
1731 3414 1808 3470 Tunc

162 3504 234 3564 nem,
263 3496 409 3568 nudusque
438 3507 527 3555 motus
559 3497 687 3554 adversus
707 3511 767 3554 eam
782 3497 814 3554 sit
829 3497 957 3562 rebellis,
1012 3491 1083 3548 enim
1107 3511 1137 3550 se
1151 3495 1276 3571 intelligit
1298 3499 1396 3569 anima,
1412 3516 1473 3557 cum
1497 3500 1650 3561 illustratur
1663 3500 1806 3560 conmma-

164 3587 210 3643 sed
225 3585 316 3643 omnis
330 3588 355 3643 ei
370 3586 568 3658 obtemperant,
584 3587 656 3643 sicut
680 3595 707 3643 at
720 3585 779 3659 ipsu
793 3586 959 3657 obtemperat
1012 3579 1063 3655 tia;
1078 3579 1166 3640 auu
1184 3593 1248 3642 tunc
1268 3587 1392 3658 impletur
1404 3588 1536 3646 corbona
1554 3591 1726 3660 couscientia,
1741 3604 1804 3647 cnm

159 3675 226 3729 Deo.
242 3674 271 3728 Si
285 3689 349 3730 aero
362 3674 481 3744 aliquem
501 3681 604 3731 motum
619 3675 654 3730 ad
669 3673 695 3732 id
711 3673 783 3746 qood
798 3689 852 3732 noo
866 3674 956 3744 debet,
1011 3670 1038 3727 in
1052 3686 1082 3726 sa
1101 3671 1203 3742 Deum,
1220 3682 1247 3731 et
1268 3675 1297 3731 in
1311 3677 1369 3733 Deo
1386 3684 1479 3734 mutua
1499 3679 1668 3739 revolutione
1685 3679 1806 3752 scipsum

160 3761 205 3819 nol
223 3761 361 3832 quomodo
385 3776 442 3818 non
454 3760 544 3829 debet,
558 3761 660 3820 moveri
674 3763 801 3830 sanserit,
816 3778 871 3818 non
890 3777 956 3820 con·
1011 3761 1142 3831 receperit
1164 3762 1255 3838 imago
1274 3773 1373 3822 creata.
1393 3766 1514 3823 Creatrix
1534 3763 1626 3842 imago
1645 3768 1672 3824 in
1686 3767 1805 3841 imagine

168 3850 275 3918 sentim,
295 3850 346 3906 sed
372 3849 443 3907 illico
472 3849 587 3907 resistat.
613 3850 682 3907 Nam
710 3851 783 3911 solus
810 3865 958 3908 cousensus
1010 3858 1110 3918 creata,
1133 3850 1199 3908 nihii
1215 3852 1286 3910 alind
1309 3865 1350 3911 ast
1371 3856 1423 3912 nisi
1437 3856 1570 3929 sapientia
1591 3857 1619 3914 in
1637 3857 1738 3928 anima,
1751 3857 1806 3914 nisi

161 3954 223 3996 reos
238 3953 288 3996 nos
312 3938 386 4005 facit,
411 3937 515 3995 etiamsi
543 3937 643 4011 aliquid
663 3938 790 4011 impediat
812 3956 846 3996 ne
872 3955 958 4011 opera
1010 3937 1099 4011 gloria
1124 3939 1151 3995 in
1175 3941 1347 4010 conscientia,
1373 3944 1425 4000 nisi
1450 3945 1626 4004 sanctificatio
1646 3946 1673 4002 in
1690 3961 1761 4005 arca.
1782 3943 1807 4002 0

163 4026 371 4099 subsequantur.
386 4027 461 4083 Tunc
485 4026 557 4082 euim
576 4026 665 4085 anime
692 4029 770 4098 mori,
794 4028 863 4086 sicut
890 4030 957 4086 scri·
1012 4043 1092 4099 quam
1103 4027 1248 4086 ineffabilis
1262 4039 1302 4087 ost
1314 4031 1403 4106 pietas
1416 4033 1476 4102 Dei,
1493 4049 1553 4106 quae
1567 4042 1669 4092 tautam
1679 4035 1807 4106 majesta·

161 4123 235 4187 ptum
249 4123 301 4184 est,
317 4114 414 4172 dicitur
428 4114 563 4188 cumipse
591 4114 659 4171 ratio
685 4116 719 4173 ad
744 4127 886 4189 paccatum
908 4133 958 4190 per
973 4158 997 4239 Β
1013 4123 1065 4172 tem
1087 4117 1197 4174 inclinat
1214 4119 1248 4176 ad
1274 4130 1373 4178 tantam
1398 4122 1595 4182 humilitatem!
1625 4123 1679 4197 Qui
1706 4122 1807 4183 accub

163 4219 329 4262 mosensnm
343 4211 478 4262 curtatur.
512 4206 615 4262 Animo
628 4205 700 4262 enim
715 4222 775 4279 que
786 4208 957 4279 peccauerit,
1011 4221 1071 4278 uos,
1096 4208 1250 4265 creaturis
1272 4210 1367 4267 nobis:
1392 4219 1419 4268 et
1447 4213 1523 4285 qnasi
1544 4229 1640 4287 parum
1663 4222 1737 4270 esset
1753 4227 1806 4270 nos

160 4295 225 4367 ipro
239 4294 382 4352 morietur
398 4293 510 4365 (sect.
534 4310 615 4361 xxur,
641 4295 697 4367 20).
714 4295 830 4352 Resistet
843 4310 909 4370 ergo
923 4313 957 4354 na
1011 4296 1100 4352 Deum
1115 4305 1218 4368 patrem
1233 4299 1342 4369 habere,
1365 4301 1421 4357 tuit
1436 4302 1516 4358 etiam
1536 4318 1586 4360 nos
1602 4301 1661 4360 ficri
1678 4300 1732 4361 sibi
1744 4301 1804 4359 fra·

161 4382 312 4440 moriatur:
329 4393 431 4457 pugnet
455 4392 482 4439 nt
505 4391 657 4441 coronetur.
685 4381 800 4440 idolesta
813 4391 856 4440 est
873 4384 955 4456 lucta,
1012 4392 1081 4441 trem
1096 4394 1123 4442 et
1137 4395 1258 4444 matrem.
1270 4390 1444 4465 Quicunque,
1457 4390 1553 4464 inquit,
1563 4393 1662 4461 feeerit
1675 4391 1806 4450 volunta·

160 4473 210 4528 sed
225 4471 377 4538 fmctuoss3
392 4472 457 4543 qnia
472 4473 495 4527 si
510 4472 590 4528 habet
613 4487 732 4544 prauam,
748 4473 858 4530 habehit
872 4481 900 4531 et
913 4489 958 4530 co·
1014 4478 1071 4532 tem
1086 4476 1181 4533 Patria
1193 4480 1249 4536 mci
1263 4480 1348 4552 quii-u
1363 4481 1503 4550 oculisest,
1519 4481 1664 4553 ipromcus
1673 4481 1766 4552 freter
1776 4485 1805 4537 et

144 4575 270 4619 ronam.
288 4563 347 4619 Non
361 4571 442 4622 nocet
467 4576 575 4632 sensus,
590 4561 636 4618 ubi
650 4578 705 4619 non
728 4569 770 4618 est
783 4576 933 4620 consensus
949 4580 955 4621 :
1011 4568 1106 4622 muter
1119 4569 1161 4620 est
1176 4565 1288 4637 quatit.
1303 4582 1352 4638 ιιι,
1364 4570 1421 4640 ιιι).
1438 4568 1540 4638 Frater,
1555 4568 1725 4638 obediendo;
1740 4582 1803 4625 ma-

166 4649 222 4706 imo
234 4651 305 4722 quod
321 4651 489 4708 resistentem
503 4649 608 4723 fatigat,
622 4650 774 4709 vincentem
790 4660 910 4709 remeat.
1012 4658 1062 4721 ter,
1087 4655 1265 4725 generando:
1286 4654 1381 4726 frater,
1404 4673 1452 4728 per
1474 4656 1637 4713 haereditetis
1655 4656 1803 4731 participa·

470 4737 583 4793 CAPUT
596 4738 645 4796 lX.
1012 4739 1114 4796 donem
1125 4760 1133 4812 ;
1146 4752 1241 4811 mater,
1257 4758 1305 4814 per
1319 4742 1431 4802 aliorum
1447 4744 1662 4805 instructionem.
1678 4743 1702 4802 0
1716 4743 1804 4802 fidelis

197 4823 326 4882 bractis
342 4829 371 4882 et
386 4822 479 4882 euntis
495 4824 562 4882 hauc
571 4824 921 4894 edifiootoecoureieutioe.
1011 4829 1111 4895 anima,
1137 4830 1258 4902 expande
1281 4830 1366 4904 sinus,
1390 4833 1472 4890 dilata
1495 4833 1623 4901 affectns;
1652 4850 1686 4901 na
1714 4849 1801 4910 anqu-

199 4917 244 4970 ld.
259 4913 304 4970 Sic
317 4913 458 4982 nimirum,
473 4915 513 4968 sic
541 4913 688 4971 edificatur
701 4912 771 4970 bona
784 4914 956 4974 conscientia.
1013 4917 1103 4975 stieris
1119 4918 1146 4977 in
1161 4918 1309 4976 visceribus
1332 4922 1384 4979 tuis
1399 4924 1549 4996 concipere,
1564 4938 1645 4996 quem
1665 4929 1739 4981 totus
1757 4938 1804 4979 or·

163 5005 238 5061 Bona
252 5001 476 5074 conscientiaest,
504 5018 566 5075 quse
586 5011 693 5074 pensate
712 5003 850 5074 praeterita
869 5003 956 5075 punit,
976 5065 984 5079 Ι
1020 5003 1062 5060 bis
1083 5021 1136 5062 non
1152 5007 1238 5078 potnit
1260 5011 1501 5083 comprehendere,
1516 5011 1603 5068 donec
1620 5009 1707 5084 Virgo
1729 5011 1807 5068 beuta

163 5104 189 5150 at
208 5094 346 5166 punienda
371 5093 538 5149 committere
565 5091 663 5167 refugit
686 5108 767 5164 :qum
781 5094 805 5149 si
818 5101 958 5165 peccatum
1016 5092 1090 5150 illnm
1112 5092 1165 5153 fide
1186 5099 1321 5170 concepit.
1344 5100 1408 5156 Ride
1420 5115 1536 5173 namque
1554 5099 1676 5170 bitriscus
1689 5100 1793 5172 ooucipi

173 5183 281 5250 sentiet,
311 5188 424 5255 peccato
446 5198 500 5239 nou
528 5183 663 5240 consentit
678 5199 686 5239 ι
701 5181 817 5253 quamsi
830 5181 959 5256 cogitatio
1017 5191 1072 5251 tur,
1095 5184 1170 5244 uerbi
1191 5186 1381 5257 predicatione
1404 5188 1532 5259 nascitur,
1556 5188 1700 5249 devotione
1721 5188 1806 5245 nutri·

162 5272 295 5345 inquinet,
318 5271 387 5329 ratio
414 5274 494 5329 lauat.
536 5273 621 5330 Recte
647 5270 814 5333 conscientia
836 5277 886 5342 est,
915 5272 958 5331 cui
1019 5278 1073 5340 tur,
1092 5289 1187 5331 amore
1210 5283 1325 5341 tenetur.
1343 5278 1386 5334 Sit
1408 5294 1475 5354 ergo
1496 5278 1659 5336 couscientia
1676 5293 1757 5350 pura,
1779 5283 1807 5332 nt

162 5355 243 5418 snum
270 5370 413 5435 peceatum
440 5360 575 5433 displicet,
589 5369 617 5419 et
629 5361 719 5421 aliano
732 5376 786 5419 uon
801 5361 936 5421 consentit
949 5378 956 5415 :
1016 5362 1102 5425 neum
1115 5365 1249 5434 condurat
1263 5366 1297 5431 ad
1316 5366 1461 5440 hospitium
1479 5377 1601 5427 nosunm
1615 5388 1623 5429 ι
1643 5367 1679 5425 sit
1691 5365 1808 5429 sollicita

169 5462 221 5505 noc
233 5461 345 5522 propter
367 5453 420 5509 hoc
430 5461 602 5524 peccatorem
614 5451 733 5519 dimittit,
746 5467 797 5509 nec
817 5449 878 5526 ojus
888 5465 957 5524 pec-
1014 5453 1089 5532 oireu
1109 5453 1191 5517 fidele
1209 5456 1380 5532 obsequium,
1395 5474 1431 5517 ne
1453 5465 1526 5521 unta
1546 5457 1678 5534 mnesteus
1700 5462 1809 5531 reuqset
