3706 5962
146 184 201 247 sua
630 161 631 164 ‘
734 180 924 246 naimarus
943 182 986 243 na
1005 181 1202 245 cananaea.
1740 186 1796 251 ma

146 316 175 369 et
192 304 342 364 devotionis
356 305 483 363 infundit.
497 304 600 365 Clausit
629 315 720 364 tamen
742 307 843 367 ostium
868 323 941 366 con·
957 324 980 403 p
996 307 1057 377 rali,
1072 309 1130 378 sina
1152 307 1346 383 compositione
1378 308 1507 382 partium,
1535 307 1593 368 sine
1618 310 1798 372 distinctions

146 394 297 460 scientiaea
312 394 402 454 lavore
417 395 639 453 humanaelaudis
654 440 662 464 ,
678 396 941 455 nesineuleoiuter
995 398 1196 469 membrorum,
1213 413 1246 454 ιιι
1263 410 1319 469 quo
1344 397 1435 455 omnia
1460 397 1617 467 causaliter,
1634 416 1689 457 nou
1708 409 1796 458 mate-

146 484 266 556 virqines
281 482 368 541 fatuas
379 493 528 556 reputetur.
539 487 693 544 creditores
704 495 776 555 suat,
792 485 941 557 importuni
995 486 1110 543 rialiter:
1135 485 1163 541 in
1184 500 1239 559 qno
1261 485 1361 553 omnia,
1377 500 1433 543 non
1446 484 1475 541 in
1489 485 1560 554 loco,
1577 487 1626 543 sed
1640 488 1669 544 in
1685 488 1795 546 virtute.

146 583 297 639 exactores,
314 573 426 646 maligni
440 574 560 647 spiritus,
576 575 623 646 qui
638 592 686 649 pro
715 576 941 647 voluptatctran·
995 575 1059 632 Siue
1074 574 1318 648 qualitatebonus,
1333 574 1392 632 sine
1415 577 1561 649 quantitate
1590 593 1720 650 mmsis,
1735 578 1796 651 sina

146 663 494 737 sitoriaaeteruosenigunt
506 665 649 720 cruciatus.
678 663 789 736 Vicinae,
809 682 826 721 a
844 665 942 737 quibus
996 668 1048 721 situ
1064 663 1225 736 praesidens,
1238 664 1295 720 sine
1310 663 1403 720 habitu
1422 664 1575 736 continens,
1589 668 1682 724 omnia
1699 666 1796 742 dispc-

145 768 212 810 aasa
231 762 326 808 mutuo
342 751 523 823 accipiuntur,
539 762 601 810 sunt
615 753 746 826 angelice
761 760 907 827 potestates
917 762 944 810 et
996 768 1073 808 nene.
1088 752 1215 825 Disponit
1229 752 1300 808 enim
1314 760 1343 808 ut
1361 751 1502 828 sapientia,
1519 764 1649 826 operatur
1661 763 1692 812 ιι
1710 755 1798 814 virtus

146 843 247 900 animae
269 851 436 907 sauctorum,
461 842 507 915 qui
536 858 586 898 nos
612 843 735 901 consiliis
758 843 887 899 erudiunt
915 848 943 898 ιι
997 841 1253 911 amatutcharitas,
1283 841 1385 899 revelat
1406 850 1435 898 ιι
1461 840 1517 909 ιιι,
1534 842 1677 901 miseretur
1691 851 1722 901 ut
1736 845 1798 917 pie-

147 930 290 1005 exemplis,
306 930 379 1001 quod
394 931 484 987 oleum
499 930 691 988 misericordie
706 932 839 1004 proximis
853 931 945 987 infun·
997 939 1048 999 tas,
1063 931 1114 989 scit
1140 938 1170 987 ιι
1184 931 1292 997 veritas,
1308 931 1411 1003 judicat
1429 938 1459 987 ut
1475 933 1598 1006 equitas,
1617 935 1746 1006 praesidet
1766 945 1798 994 ut

147 1020 263 1085 damus3
279 1018 397 1076 scientes
423 1028 449 1076 et
470 1020 590 1093 quaudiu
613 1021 769 1090 hujusmodi
799 1019 943 1092 superlue-
999 1023 1139 1091 maiestas.

147 1109 213 1177 rint,
227 1123 282 1166 uon
297 1109 380 1164 stabit
393 1109 493 1175 oleum,
510 1117 537 1165 ιι
550 1109 670 1166 charitas
686 1109 808 1181 impensa
823 1108 945 1183 pluribus
1037 1112 1080 1165 ιιι.
1100 1110 1161 1166 Non
1176 1108 1385 1182 comprehendis
1408 1111 1468 1180 ejus
1483 1110 1662 1182 altitudinem,
1685 1112 1737 1170 nisi
1752 1115 1797 1170 ri·

147 1198 260 1257 uberius
278 1198 405 1254 sortietur
419 1205 608 1270 augmentum.
1000 1199 1087 1256 lescas
1101 1198 1172 1272 apud
1187 1208 1214 1255 ιι
1226 1198 1453 1270 contemplatione
1467 1200 1535 1270 ejus.
1551 1201 1798 1275 Neccomprehen·

184 1291 229 1344 38.
245 1287 357 1360 tingue
379 1289 541 1360 angelorum
559 1296 586 1343 et
604 1288 754 1356 hominum,
784 1285 946 1343 sustentatio
1002 1288 1043 1344 dis
1061 1289 1121 1359 ejus
1146 1288 1369 1361 magnitudinem,
1392 1287 1444 1343 nisi
1472 1304 1573 1359 parvus
1593 1288 1642 1346 fias
1660 1290 1689 1346 iu
1712 1291 1798 1349 oculis

150 1392 298 1451 pauperum
321 1384 402 1449 atque
429 1388 596 1448 martyrum,
623 1376 682 1432 sine
718 1374 847 1432 charitate
880 1375 946 1432 nihil
1003 1375 1065 1442 tuis,
1086 1375 1234 1448 subiiciens
1258 1384 1282 1433 te
1311 1377 1386 1432 omrai
1413 1386 1545 1434 creaturae
1560 1387 1670 1452 propter
1694 1378 1797 1453 ipsum.

151 1476 223 1523 snut.
238 1465 383 1538 Prophetis
399 1463 481 1522 401
495 1466 627 1538 praedicit,
643 1465 757 1523 scientia
771 1466 948 1535 comprehen-
1002 1465 1075 1522 Deus
1088 1465 1206 1523 charitas
1224 1474 1265 1522 ιιι
1294 1467 1388 1538 (loca.
1410 1482 1450 1533 tv,
1469 1465 1524 1538 tc).
1554 1466 1669 1538 Spiritus
1684 1474 1799 1526 sanctus

149 1555 200 1622 dit,
220 1554 287 1612 fides
301 1554 388 1613 credit
408 1572 416 1610 ι
436 1555 485 1611 ιιι
499 1570 550 1613 ιιι
572 1556 724 1627 prophetia,
740 1568 791 1610 nec
822 1553 946 1620 scientia,
1002 1553 1156 1625 specialiter
1177 1553 1312 1610 charitatis
1335 1555 1446 1612 nomine
1469 1537 1729 1630 designatum'lpse
1758 1564 1800 1616 ιιι

148 1659 199 1700 nec
223 1642 300 1709 fides,
326 1642 378 1702 etsi
407 1652 514 1700 montes
543 1642 696 1710 transferat,
720 1643 867 1716 quidquam
891 1642 949 1698 sine
964 1599 987 1677 Β
1003 1659 1080 1701 amor
1094 1642 1180 1699 Patris
1193 1653 1221 1699 et
1236 1643 1307 1711 lilii,
1323 1651 1350 1701 et
1371 1644 1490 1702 suavitas
1503 1654 1531 1701 et
1552 1644 1654 1714 unitas,
1668 1653 1695 1702 et
1715 1661 1800 1703 oscu-

150 1731 282 1789 cbaritata
310 1734 438 1790 valebunt
451 1734 478 1803 (l
491 1732 552 1789 Cer.
575 1747 639 1801 ιιι,
664 1731 703 1803 2).
725 1733 790 1789 Sine
817 1729 949 1788 charitate
1002 1732 1057 1788 lum
1083 1739 1110 1789 et
1123 1731 1281 1804 amplexus,
1297 1742 1325 1789 et
1342 1731 1474 1806 quidquid
1497 1734 1638 1790 amborum
1653 1749 1801 1792 commune

152 1821 219 1877 nihil
247 1820 379 1892 prodesse
406 1827 505 1891 potest,
533 1837 595 1877 cum
633 1821 763 1877 charitate
790 1836 855 1878 vero
882 1819 948 1875 nihil
1003 1835 1065 1880 csse
1078 1828 1178 1894 potest.
1193 1820 1263 1890 Quia
1281 1837 1345 1879 vero
1372 1838 1421 1895 per
1442 1821 1557 1897 gratiam
1574 1822 1692 1895 Spiritus
1714 1824 1801 1880 sancti

152 1908 261 1966 obesse.
272 1908 416 1965 charitatis
430 1908 560 1964 beneficio
574 1908 737 1983 impediente
752 1948 760 1973 ,
774 1918 880 1980 peccata
895 1924 949 1963 non
1003 1909 1094 1967 anima
1112 1908 1231 1965 hominis
1244 1910 1301 1966 Deo
1317 1909 1474 1966 mirabiliter
1484 1910 1586 1978 unitur,
1602 1908 1742 1966 sciendum
1759 1919 1803 1968 est

154 2007 239 2064 sunt;
255 1997 320 2068 quia
347 1996 463 2053 charitas
490 1998 579 2069 operit
602 1997 802 2054 multitudinem
831 2005 950 2069 peccato
1003 1997 1076 2069 quod
1090 1997 1160 2052 idem
1178 1998 1295 2069 Spiritus
1309 1997 1393 2053 inille
1407 1998 1509 2055 unione
1525 1999 1639 2055 donator
1653 2006 1696 2054 est
1707 2008 1733 2055 et
1751 1998 1802 2056 do·

155 2102 214 2143 rum
229 2086 254 2158 (ι
267 2088 342 2144 Patr.
358 2101 397 2151 tv,
414 2087 452 2157 8).
468 2086 589 2143 Charitas
603 2094 645 2143 est
659 2087 701 2143 lex
718 2086 790 2154 vitae,
805 2083 949 2157 disciplina
1003 2102 1077 2141 num.
1094 2084 1210 2157 Spiritus
1229 2087 1302 2141 enim
1316 2087 1417 2157 estqui
1432 2085 1550 2143 vivificat
1564 2085 1690 2157 spiritum
1708 2084 1802 2152 homi·-¹

154 2191 274 2244 morum,
294 2191 345 2246 pan
358 2175 567 2242 conviventium,
590 2175 673 2249 gloria
697 2173 881 2240 concordium,
896 2173 950 2229 cri·
1003 2174 1055 2243 nis,
1081 2182 1108 2231 et
1128 2174 1218 2247 ipsum
1240 2174 1348 2233 instruit
1366 2183 1392 2232 ιι
1419 2173 1544 2233 ιιιιιιιιι
1562 2176 1651 2231 Deum
1673 2173 1802 2250 diligere,

85 2278 90 2292 ·
156 2263 259 2320 minum
281 2261 403 2334 abolitio,
431 2264 499 2338 legis
517 2263 668 2336 plenitudo,
691 2277 776 2319 sacre
803 2260 950 2333 Scriptura
1003 2279 1125 2337 quaerere
1139 2273 1165 2319 et
1179 2263 1309 2333 invenire,
1329 2271 1421 2322 tenere
1444 2274 1470 2320 et
1484 2263 1548 2320 frui.
1563 2265 1625 2335 lpse
1640 2273 1682 2321 est
1696 2265 1801 2322 sollici·

157 2350 346 2423 compendium
376 2360 573 2424 preceptorum
598 2351 645 2408 Dei
670 2350 877 2415 consummatio,
897 2348 950 2404 air·
1005 2352 1071 2409 tudo
1090 2352 1276 2424 quarentibus
1303 2354 1447 2409 Dominum
1474 2353 1503 2408 in
1530 2352 1691 2427 humilitate,
1717 2352 1803 2425 pietas

152 2448 242 2497 tntum
274 2439 379 2509 uirtus,
410 2449 437 2497 et
464 2443 597 2498 honorum
638 2439 759 2512 impletio
784 2439 950 2495 meritorum.
1005 2440 1176 2498 adhortantis
1191 2440 1219 2496 in
1234 2441 1330 2514 spiritu
1346 2451 1372 2497 ιι
1395 2442 1516 2499 ιιιιιιιι.
1531 2440 1594 2513 [ιιι
1613 2450 1655 2499 ιιι
1669 2442 1805 2514 sapientia

153 2530 251 2587 Ornnia
271 2530 395 2586 muhdata
410 2531 481 2600 vite,
502 2530 592 2585 omnia
604 2530 716 2601 justitie
731 2543 815 2601 opera
834 2526 953 2584 referun-
1005 2529 1175 2597 invenientis,
1200 2546 1277 2586 amor
1304 2528 1439 2600 habentis,
1469 2530 1597 2603 gaudium
1624 2529 1803 2603 perfruentis.

152 2626 196 2675 tar
210 2619 245 2674 ad
264 2619 351 2675 illam.
371 2619 411 2674 Ex
425 2622 474 2674 ιιιι
489 2633 569 2674 suum
583 2618 732 2675 sortiuntur
742 2617 873 2674 effectum
882 2631 951 2689 ope·
1309 2620 1420 2677 CAPUT
1433 2621 1482 2677 Xl.

154 2722 215 2763 rum
226 2705 437 2777 commendatio,
448 2707 552 2762 devotae
567 2707 715 2775 eradonas,
734 2713 762 2761 et
774 2708 809 2761 ab
823 2706 882 2777 ipsa
895 2714 951 2761 tan·
1007 2713 1039 2769 ιι
1048 2711 1130 2768 reone
1144 2711 1250 2767 creatis
1264 2711 1394 2767 ιιιιιιιηι
1409 2711 1579 2782 felicitatem
1595 2711 1804 2784 ιιιιίιιιηιιι.

155 2809 235 2867 quam
251 2795 355 2849 fructus
379 2794 414 2847 ab
440 2795 551 2863 arbore,
584 2803 713 2867 tanquam
741 2809 832 2849 ramus
857 2792 951 2860 suite,
1048 2797 1092 2852 tt.
1105 2795 1190 2851 Porro
1209 2793 1317 2866 quidam
1332 2797 1365 2850 ad
1382 2794 1573 2867 perfruendum
1586 2795 1640 2852 sibi
1657 2795 1763 2869 eligunt
1775 2811 1808 2864 ea

155 2880 254 2952 pendet
267 2887 324 2936 tota
338 2881 381 2936 lex
395 2892 422 2938 et
435 2882 577 2952 Prophetae
589 2882 701 2953 (dicttlt.
715 2898 783 2952 suti,
804 2882 862 2954 to).
878 2881 953 2938 Sicut
967 2866 989 2946 Β
1005 2899 1067 2957 quae
1078 2882 1261 2956 peremptoria
1279 2890 1343 2938 sunt
1362 2884 1469 2939 salutis.
1486 2884 1598 2940 Veneno
1613 2884 1687 2940 enim
1702 2883 1808 2957 cupidi·

154 2971 228 3026 euim
251 2967 353 3025 fructus
374 2985 455 3025 suum
474 2984 491 3026 a
518 2970 628 3042 palmite
654 2971 749 3043 recipit
774 2970 950 3040 alimentum,
1007 2972 1068 3027 tatis
1084 2971 1188 3039 infecti,
1205 2971 1335 3028 amalitia
1349 2973 1430 3042 huius
1448 2973 1553 3041 mundi,
1578 2972 1722 3030 fallacibus
1735 2972 1808 3029 divi-

155 3061 242 3114 donec
264 3057 299 3113 ad
325 3057 507 3114 maturitatem
526 3061 676 3131 perveniat,
707 3060 746 3115 sic
771 3059 837 3116 boni
861 3060 952 3131 operis

155 3145 269 3218 fructus,
289 3146 329 3203 sic
343 3155 436 3203 sancta
449 3147 568 3220 devotio,
589 3148 629 3205 sic
642 3164 724 3204 omne
739 3148 812 3221 quod
836 3147 880 3219 pie
894 3149 954 3221 agi·

156 3242 207 3304 tur,
224 3252 240 3292 a
254 3236 384 3294 charitate
398 3253 477 3295 suum
491 3238 588 3309 recipit
601 3236 708 3294 initium
722 3246 750 3294 et
763 3252 950 3311 progressum.

1006 3061 1061 3131 tiis,
1078 3060 1241 3116 transitoriis
1255 3068 1282 3116 ιι
1302 3061 1462 3127 bonoribus,
1486 3063 1516 3117 in
1535 3061 1722 3132 voluptatibus
1748 3078 1808 3119 car·

1005 3148 1059 3221 nis,
1075 3148 1223 3219 secutique
1236 3148 1373 3206 favoribus
1387 3167 1444 3207 suae
1460 3150 1617 3207 intentionis
1637 3149 1721 3208 finem
1739 3167 1808 3209 con·

1005 3240 1129 3310 stituunt,
1143 3249 1169 3293 ιι
1191 3237 1219 3293 ιι
1234 3238 1283 3303 his,
1299 3255 1360 3310 quae
1381 3236 1469 3296 noo
1483 3247 1546 3296 sunt
1560 3247 1669 3296 aeternae
1692 3240 1809 3296 damna·

477 3325 590 3382 CAPUT
608 3327 647 3382 X.
1005 3325 1088 3383 tionis
1102 3327 1219 3397 occasio,
1234 3325 1391 3383 felicitatem
1404 3343 1481 3383 suam
1491 3326 1561 3383 falsa
1572 3327 1712 3397 opinione,
1727 3325 1808 3402 quasi

345 3417 384 3473 Dc
398 3417 464 3486 Deo,
474 3419 589 3490 ejusque
602 3414 760 3473 attributis.
1005 3414 1166 3473 somniando
1193 3414 1352 3489 depingunt.
1381 3416 1435 3471 Sed
1464 3415 1510 3471 nbi
1539 3415 1618 3488 copia
1650 3415 1809 3473 divitiarum

190 3506 235 3560 39.
251 3502 396 3560 Sciendum
414 3505 488 3574 quod
502 3510 604 3575 quanto
619 3516 691 3560 terra
710 3502 822 3560 inferior
836 3509 879 3560 est
892 3501 950 3559 alti·
1006 3506 1093 3575 major
1108 3504 1247 3573 exuberat,
1264 3503 1300 3560 ihi
1319 3520 1349 3559 se
1368 3502 1476 3578 gravior
1500 3503 1626 3561 molestia
1645 3502 1809 3560 sollieitudi-

155 3591 326 3662 tudinacoeli,
343 3599 418 3647 tanto
429 3592 590 3666 elegantior,
602 3599 629 3648 ιι
642 3591 814 3661 eminentior,
831 3595 858 3648 et
873 3591 953 3648 inaes-
1006 3609 1081 3660 num,
1097 3593 1179 3648 totius
1193 3591 1377 3663 perturbativa
1391 3591 1490 3664 quietis
1505 3591 1635 3649 incendit.
1656 3590 1810 3648 [ιιιιιιιιιι

157 3679 317 3738 timabiliter
330 3679 437 3736 dulcior
456 3689 499 3736 est
512 3695 588 3736 amor
610 3681 729 3750 proximi
755 3696 830 3737 amor
844 3680 904 3736 Dei.
920 3679 953 3736 Et
1005 3683 1096 3756 ltaque
1107 3681 1196 3738 anima
1215 3683 1276 3739 licet
1292 3680 1328 3738 ad
1341 3698 1474 3738 summam
1489 3680 1682 3739 beatitudinem
1696 3680 1809 3738 deside·

155 3778 185 3825 ut
211 3768 246 3825 de
261 3767 312 3823 Dei
339 3768 484 3825 dilectione
509 3769 683 3842 loquentibus
709 3786 825 3843 campus
852 3770 952 3840 arrepti
1006 3781 1097 3827 rantes
1108 3771 1220 3840 aspiret,
1236 3769 1296 3825 aliis
1310 3778 1398 3829 ιιιιιι
1414 3771 1589 3837 abstrahitur,
1610 3780 1639 3827 ιι
1650 3785 1712 3826 eam
1727 3787 1808 3843 quae-

154 3855 290 3930 propositi
304 3855 513 3913 desiderabilius
526 3866 552 3913 et
566 3858 676 3914 liberius
690 3858 725 3914 ad
748 3857 951 3931 intelligentium
1004 3857 1066 3912 dam
1091 3854 1159 3911 falsa
1184 3853 1319 3911 felicitatis
1335 3854 1426 3928 imago
1442 3855 1557 3925 deludit,
1573 3862 1620 3911 aut
1634 3871 1706 3912 aerae
1721 3854 1808 3911 mise-

112 3935 116 3943 ’
154 3961 185 4001 ιι
200 3943 347 4012 diffundat,
363 3959 448 4016 pauca
466 3944 502 4000 de
517 3947 637 4019 eoquasi
651 3947 796 4004 delibando
821 3946 950 4016 perstrin-
1003 3945 1052 4000 riae
1074 3942 1219 4000 similitudo
1236 3943 1363 4000 deterret.
1388 3943 1456 4015 Quis
1491 3954 1581 4002 autem
1607 3949 1808 4018 paupertatem,

156 4047 262 4108 gamus,
274 4042 304 4090 ut
320 4040 447 4106 appareat
466 4049 547 4104 quarn
561 4033 691 4090 ineflabili
711 4035 802 4108 gratia
818 4044 845 4092 ιι
854 4036 952 4106 digna·
1007 4033 1236 4106 persecutionem,
1260 4031 1463 4105 egritudinem,
1486 4033 1598 4100 luctum,
1618 4031 1727 4098 famem,
1753 4046 1809 4097 non

160 4121 233 4180 tione
245 4120 458 4194 incomparabili,
473 4123 546 4178 Deus
560 4124 656 4197 gloriae
670 4124 803 4180 mediante
816 4125 954 4181 clrsritatis
969 4141 993 4221 n
1009 4128 1117 4194 reputet
1130 4137 1256 4194 magnam
1269 4119 1385 4176 miseriae
1402 4121 1575 4192 portionem?
1588 4122 1650 4176 ιιιιι
1673 4127 1764 4176 umen
1782 4125 1810 4177 et

163 4210 294 4269 tenendo
309 4210 410 4269 homini
423 4211 629 4269 condescendat.
646 4212 809 4270 Credendus
823 4212 912 4286 itaque
928 4222 955 4271 et
1009 4227 1072 4269 vera
1085 4210 1192 4268 miseria
1207 4218 1384 4282 precaretur,
1406 4217 1433 4267 ιι
1453 4225 1518 4266 aera
1531 4208 1675 4266 beatitudo
1694 4207 1810 4282 acquiri,

161 4300 321 4374 cupiendus
334 4308 377 4358 ιιι
394 4304 464 4358 oeus
480 4302 606 4373 quedam
620 4303 674 4359 ιιιι
692 4311 833 4374 perpetua,
860 4303 955 4359 vivens

163 4390 191 4446 in
204 4406 243 4458 se,
258 4398 286 4446 et
300 4389 392 4446 omnia
406 4387 551 4462 vivificans,
567 4391 658 4447 omnia
668 4389 828 4464 intelligens,
839 4405 956 4447 omnem-

160 4496 214 4553 que
228 4493 325 4537 creaus
337 4478 554 4552 intelligentiam,
570 4480 680 4552 sapiens
697 4489 724 4537 ιι
738 4479 798 4552 ipsa
812 4479 955 4552 sapientia,

156 4567 257 4625 ιιιιιιι
274 4566 340 4639 fixa,
364 4568 469 4638 justitia
487 4568 697 4638 indeclinabilis,
728 4584 834 4624 summa
858 4568 956 4637 virtus,

157 4654 276 4729 perfecta
298 4656 415 4722 bonitas,
447 4656 588 4728 divinitas,
617 4656 765 4727 aeternitas,
786 4657 957 4733 magnitudo,

157 4743 337 4813 immensitas,
363 4760 470 4801 summa
496 4745 621 4814 essentia,
654 4761 670 4800 a
696 4763 750 4816 qua
768 4761 849 4803 omne
885 4761 955 4812 esse,

156 4847 263 4891 summa
281 4839 310 4888 et
322 4841 426 4890 eterna
439 4833 599 4903 substantia,
620 4848 675 4889 ιιι
685 4835 810 4905 subjecta
823 4834 957 4906 praedica-

158 4921 257 4981 mentis
270 4935 370 4980 tocum
384 4930 431 4978 aut
449 4921 637 4995 cogitabilium
650 4922 696 4978 sed
712 4925 832 4979 omnium
861 4939 955 4980 rerum

156 5007 394 5070 causalcefiicicns
409 5017 437 5066 et
454 5011 683 5082 superessentiale
703 5011 879 5084 principium.
896 5012 952 5069 Cu-

158 5100 285 5174 gitandus
299 5106 341 5156 est
355 5100 428 5156 Deus
450 5099 575 5172 simplex,
606 5116 700 5172 purus,
716 5101 833 5175 integer,
850 5109 876 5156 ιι
892 5116 954 5171 per·

159 5188 255 5257 fectus,
283 5187 349 5245 nihil
365 5190 468 5245 liabens
492 5188 567 5262 quod
595 5189 622 5245 in
643 5205 785 5247 numerum
814 5198 955 5254 transeat,

160 5279 225 5335 nihil
242 5281 376 5336 trabensa
391 5286 516 5353 tempore
525 5281 568 5336 ιιι
582 5295 598 5334 ι
611 5279 683 5335 loco.
696 5279 742 5336 Sic
755 5279 782 5335 ιι
797 5278 872 5335 omni
886 5278 955 5344 loco,

160 5368 235 5439 quod
250 5383 303 5423 non
319 5367 472 5425 includatur
488 5383 538 5424 nec
553 5367 711 5426 excludatur
725 5383 740 5423 a
753 5367 824 5426 loco.
834 5365 962 5438 Cogitan-

1011 4311 1063 4359 tur.
1083 4302 1140 4359 Nec
1153 4301 1260 4357 mirum.
1269 4301 1416 4370 Paupertas
1426 4299 1503 4373 regni
1517 4298 1636 4357 celestis
1649 4297 1811 4374 acquisitirtt

1010 4399 1060 4448 ιιι.
1077 4389 1232 4448 [ιιιιιιιιιι
1248 4404 1391 4461 ριιριιιι,
1407 4389 1535 4462 quoniam
1554 4387 1676 4461 ipsorum
1702 4393 1745 4444 est
1759 4400 1808 4442 re·

1010 4495 1092 4555 quarm
1111 4478 1252 4534 coelorum.
1266 4476 1339 4532 ilenti
1360 4476 1407 4548 qui
1421 4477 1525 4551 lugent,
1545 4478 1591 4549 qui
1606 4475 1741 4540 esuriunt,
1762 4472 1809 4548 qui

1012 4567 1229 4639 persecutionem
1263 4565 1415 4638 patiuntur,
1444 4567 1507 4638 quia
1542 4565 1595 4639 ipsi
1618 4565 1811 4622 saturabuntur

1011 4657 1123 4730 (aetat.
1139 4672 1168 4721 v,
1190 4655 1216 4720 3,
1233 4657 1258 4722 s,
1275 4655 1303 4726 ι)
1317 4669 1324 4708 :
1340 4652 1379 4711 illi
1399 4654 1611 4711 consolationem
1630 4653 1773 4724 recipient,
1784 4657 1812 4727 ιι

1010 4745 1054 4800 ιιιι
1069 4747 1128 4815 jam
1143 4745 1254 4801 coeleste
1267 4759 1380 4818 regnum
1397 4743 1488 4817 adepti
1514 4752 1588 4809 sunt,
1604 4758 1657 4800 non
1672 4734 1810 4799 solumad

1011 4834 1174 4898 habendum,
1199 4832 1248 4889 sed
1262 4831 1326 4888 aliis
1340 4831 1547 4888 conferendum.
1563 4831 1650 4901 Quam
1678 4829 1760 4886 fallu
1784 4834 1813 4884 et

1010 4920 1145 4978 delusoria
1160 4920 1194 4977 sit
1209 4918 1256 4976 illa
1271 4919 1423 4992 perniciosa
1438 4920 1562 4987 felicitas,
1587 4936 1668 4993 quam
1687 4916 1813 4994 plerique

1013 5010 1145 5066 incarnis
1160 5010 1298 5081 voluptate
1312 5014 1489 5078 constituunt,
1505 5010 1533 5066 in
1547 5009 1618 5066 libro
1633 5005 1823 5080 experientias

1013 5098 1112 5173 legitur
1136 5100 1312 5169 incessanter,
1339 5098 1403 5155 dunt
1422 5099 1448 5154 in
1464 5115 1547 5170 opere
1562 5097 1739 5169 impudicitias
1757 5095 1812 5155 cito

1014 5188 1136 5262 praeterit
1150 5189 1222 5262 quod
1248 5189 1374 5257 delectat,
1389 5196 1416 5245 ιι
1429 5199 1574 5262 permanet
1588 5190 1647 5244 sine
1670 5186 1724 5243 [ιιι
1738 5183 1813 5260 quod

1015 5276 1127 5333 cruciat.
1150 5279 1189 5334 De
1218 5277 1315 5334 talibus
1334 5277 1482 5350 lugendum
1505 5278 1598 5349 potius
1619 5275 1709 5332 sentio
1729 5288 1812 5349 qaam

1013 5365 1189 5440 loquendum.
1205 5362 1276 5434 Quid
1291 5381 1358 5438 ergo
1373 5365 1513 5440 indignius
1526 5364 1641 5434 homini,
1656 5379 1739 5439 quam
1753 5360 1813 5426 anie

160 5454 212 5511 dus
226 5461 269 5511 est
281 5457 356 5513 bens
371 5456 529 5515 sinefcrma
542 5457 655 5525 risibili,
675 5458 734 5516 sine
753 5456 845 5530 specie
867 5471 962 5529 corpo·
1014 5470 1084 5510 mam
1113 5470 1202 5527 suam,
1218 5469 1267 5525 pro
1289 5469 1343 5527 qua
1357 5453 1482 5512 Christus
1506 5463 1628 5511 nrcrtuus
1650 5461 1701 5525 est,
1721 5449 1813 5510 viliori
