3706 5962
60 251 129 314 tate
607 254 703 318 ttttttt
721 256 765 318 btt
783 256 874 320 ttouo
892 258 976 322 atta
994 256 1142 322 VIVlllilll.
1635 261 1705 324 tato

59 380 180 454 perfecte
192 381 232 437 vis
255 381 417 436 tentationes
440 380 536 453 lugere
553 383 653 449 carnis,
671 384 775 439 abstine
795 400 849 441 nnn
866 401 889 480 fl
906 393 962 441 tum
971 385 1198 458 vinnmgravatur
1206 400 1284 440 mens
1297 403 1304 439 ι
1316 402 1364 458 por
1373 385 1468 442 vinum
1477 386 1585 443 luxuria
1594 388 1704 455 crescit,

59 472 144 526 solum
158 486 173 524 a
186 470 263 535 cibis,
275 470 322 527 sod
336 471 418 527 etiam
433 472 467 525 ab
481 473 609 528 omnibus
623 473 716 529 saeculi
731 473 849 531 delecta·
907 474 1060 545 parvinum
1079 473 1186 530 luxuria
1198 473 1336 542 excitatur,
1358 489 1407 544 per
1421 475 1533 529 multum
1548 475 1639 531 vinnm
1656 476 1703 533 ln·

59 559 186 625 tionibus,
208 565 237 615 ut
252 563 313 628 post
330 559 400 614 hanc
417 559 500 614 vitam
522 559 550 615 in
565 559 633 616 coelo
654 560 739 617 laetari
763 564 853 633 possis
906 562 983 618 xurin
996 563 1121 618 nutritur.
1136 561 1234 618 Vinum
1256 564 1329 617 enim
1356 563 1434 620 nobis
1447 565 1520 619 Deus
1535 563 1568 619 ad
1583 564 1703 620 laetitiam
1774 615 1782 631 ,

60 663 122 705 cum
137 646 259 719 Angelis.
274 645 373 701 Amen.
907 651 997 708 cordis
1014 650 1100 717 dedit,
1115 667 1169 706 non
1184 651 1218 706 ad
1232 651 1390 708 ebrietatem
1404 652 1529 710 donavit.
1547 651 1643 726 igitur,
1654 654 1705 709 ho·

277 736 472 800 lxxv-nc
489 737 638 796 ebrictate.
907 748 983 797 nesta
1006 739 1094 813 virgo,
1119 740 1242 796 bibamus
1266 755 1320 796 non
1347 748 1478 810 qnantum
1507 741 1570 813 gula
1598 740 1706 813 quaerit,

95 824 140 879 73.
169 823 253 880 Soror
275 823 432 881 charissima
456 841 524 894 mea,
544 827 609 882 audi
630 827 736 882 Domini
765 831 852 884 nostri
908 829 955 886 sed
976 839 1107 903 qnantum
1127 828 1275 885 ιεεεεείιεε
1298 827 1420 900 requirit.
1445 828 1594 886 caveamus
1611 828 1705 904 igitur,

58 908 122 966 Jesn
137 911 235 967 Christi
249 913 332 968 verba
347 932 354 968 :
371 914 515 971 Attendite
530 929 566 971 ne
584 916 775 973 cordavestra
788 933 855 988 pro·
909 934 942 973 ne
955 916 1020 972 illud
1040 917 1113 989 quod
1128 918 1201 973 Dens
1218 917 1252 971 ad
1268 917 1401 974 medelam
1417 917 1497 972 nobis
1510 917 1635 988 eorporis
1651 916 1703 973 tri-

58 1005 162 1057 centur
174 1003 293 1075 crapula
308 1007 337 1060 ct
356 1002 491 1061 comate
504 1004 581 1074 ttae.
598 1019 657 1074 aar,
677 1005 734 1074 ll).
755 1004 853 1060 Paulus
909 1006 973 1078 buit,
988 1005 1053 1063 vitio
1078 1007 1149 1079 gntae
1167 1005 1330 1077 deputemus
1354 1023 1361 1061 ε
1381 1006 1526 1062 caveamus
1550 1023 1586 1064 na
1611 1006 1705 1063 vinum

58 1088 140 1145 etiarn
158 1092 296 1161 apostolus
310 1090 469 1164 castigando
483 1106 548 1149 suos
559 1092 708 1162 discipulos
721 1094 758 1149 ait
774 1110 780 1147 :
798 1096 853 1152 iio·
908 1097 979 1166 quod
1002 1096 1076 1151 Dens
1099 1094 1177 1151 nobis
1206 1092 1280 1150 dedit
1298 1095 1332 1149 ad
1358 1095 1472 1150 salinam
1499 1107 1652 1166 corporum,
1680 1096 1707 1149 in

59 1177 111 1234 lite
124 1179 262 1237 inebriari
284 1180 359 1248 vino,
384 1183 416 1236 tn
430 1197 483 1252 quo
500 1184 543 1237 eat
565 1181 683 1239 innume
697 1182 809 1255 (pres.
826 1199 853 1249 ι,
908 1200 987 1241 nsum
1006 1194 1142 1241 vertamus
1160 1183 1286 1239 vitiorum
1303 1202 1310 1237 ε
1335 1197 1479 1241 caveamus
1494 1199 1528 1240 ne
1544 1182 1707 1238 medicinam

59 1268 116 1335 ta).
133 1267 167 1322 Et
182 1266 309 1324 Salomon
327 1287 333 1324 :
350 1270 510 1327 incuriosa
524 1286 569 1328 res
582 1276 624 1328 εει
642 1271 753 1339 ninom,
765 1276 795 1329 et
811 1276 857 1328 tu·
909 1273 999 1330 earnis
1021 1273 1049 1329 in
1062 1271 1159 1328 vitium
1176 1277 1367 1328 convertamus
1388 1270 1536 1328 ebrietatis.
1559 1270 1637 1325 ttutti
1657 1285 1710 1340 per

57 1356 204 1413 multuotn
213 1357 490 1427 ebrictnslProv,xx‚
502 1358 736 1428 l).lVelntttenrit
745 1360 853 1428 mnam,
911 1362 1002 1417 vinum
1016 1359 1213 1416 adaemonibus
1226 1359 1298 1431 capti
1315 1367 1389 1426 sunt,
1405 1373 1457 1417 nec
1471 1366 1513 1416 εει
1528 1357 1601 1415 aliud
1615 1358 1707 1414 ebrie·

58 1443 167 1516 quondo
178 1445 313 1513 flaocadi,
324 1461 451 1503 neceam
463 1446 641 1518 splenducrit
651 1447 767 1505 invitm
781 1448 857 1505 color
912 1460 952 1506 tas
974 1464 1057 1522 qnam
1077 1447 1312 1504 manifestissimus
1331 1449 1451 1504 daemon.
1473 1449 1514 1504 Tu
1538 1461 1614 1520 crgo,
1631 1461 1709 1504 soror

58 1533 129 1604 ejas.
143 1532 510 1604 Ingrediturcnimblnnde,
521 1534 611 1591 tedio
620 1537 773 1594 moissiaco
782 1552 856 1593 otor·
910 1537 937 1593 in
952 1537 1059 1593 cbristo
1072 1535 1207 1602 amabilis,
1223 1535 1287 1592 bibe
1301 1533 1393 1591 vinum
1409 1544 1598 1606 temperatum,
1617 1541 1645 1591 et
1656 1532 1717 1603 crit¹

59 1619 136 1678 detti
149 1626 182 1679 ut
195 1623 315 1688 coteler,
331 1625 359 1679 ct
374 1622 457 1694 quoti
473 1637 586 1695 serpens
599 1639 741 1681 ommno-m
754 1625 853 1695 essun-
910 1626 957 1683 tibi
971 1626 1071 1682 sanitas
1089 1625 1213 1696 corporis
1226 1633 1252 1681 et
1280 1625 1374 1681 laetitia
1394 1622 1501 1680 mentis.
1526 1624 1592 1680 Bibe
1616 1623 1709 1680 vinum
1782 1664 1785 1674 .

58 1712 101 1765 dit
118 1709 212 1781 (Proo-
229 1724 311 1776 xxnr,
328 1714 371 1778 at,
389 1712 444 1782 32).
461 1691 571 1767 qullum
595 1721 729 1768 secretum
746 1723 797 1777 est,
813 1713 858 1768 ubi
873 1666 895 1745 Β
912 1731 974 1772 cum
988 1713 1146 1781 sobrietate,
1160 1725 1188 1771 et
1201 1712 1332 1771 aufereta
1348 1724 1373 1770 te
1388 1712 1522 1784 pigritiam
1539 1720 1619 1785 atque
1634 1711 1708 1768 desi·

59 1797 176 1855 ebrietas
191 1806 238 1854 est
255 1798 354 1855 llultos
369 1797 556 1854 exterminavit
570 1798 670 1862 vinum,
693 1802 720 1854 et
736 1800 858 1868 perunxit
911 1804 993 1876 diam,
1009 1804 1077 1860 etin
1101 1802 1152 1860 llei
1176 1801 1288 1860 servitio
1303 1812 1328 1858 ιε
1353 1801 1435 1858 laniet
1456 1801 1599 1858 sollicitam
1623 1797 1708 1858 8⁴8

60 1903 107 1942 eos
122 1889 154 1942 ad
172 1888 319 1957 periculum
335 1903 480 1957 corporum
498 1895 525 1945 et
539 1887 699 1943 animarum.
715 1888 815 1944 Vinum
829 1889 857 1942 in
912 1901 993 1965 atque
1007 1892 1141 1949 devotam.
1156 1890 1270 1961 Quare?
1293 1889 1363 1958 Quia
1384 1889 1476 1946 vinum
1494 1895 1643 1961 temperate
1657 1903 1708 1959 po·

56 1975 251 2047 jucundiltlem
265 1982 382 2031 creatum
396 1985 447 2039 0⁸²,
463 1989 518 2032 ⁰011
538 1975 565 2029 in
580 1975 741 2031 ebrietatem
756 1977 855 2048 (dccli.
911 1990 993 2038 tatum
1009 1978 1069 2036 iacit
1093 1979 1229 2036 bominem
1244 1979 1278 2035 ad
1294 1981 1445 2036 orationem
1475 1977 1621 2034 sollicitum
1640 1983 1668 2033 ct
1683 1976 1711 2031 in

58 2063 313 2135 xxxr,3tt).Ubicun
323 2080 367 2131 me
377 2064 502 2119 saturitas
510 2063 694 2129 abundaverit,
702 2063 740 2119 ibi
750 2063 857 2120 luxuria
910 2069 959 2126 nei
973 2068 1083 2125 servitio
1098 2074 1216 2124 acutum.
1233 2067 1329 2139 igitur,
1350 2082 1428 2123 soror
1443 2067 1613 2135 charissima,
1630 2065 1654 2121 si
1667 2077 1712 2119 me

56 2153 249 2210 dominabitur.
262 2151 387 2207 Ventrem
396 2150 543 2208 distentum
552 2152 621 2209 cibis
630 2164 656 2208 et
670 2151 726 2207 viui
741 2154 856 2222 potatio·
908 2158 987 2230 quasi
1010 2155 1118 2213 tratrem
1144 2162 1220 2209 tuum
1243 2153 1372 2224 audieris,
1392 2158 1419 2209 ct
1442 2153 1500 2208 baec
1525 2152 1617 2208 omnia
1639 2152 1712 2207 sicut

57 2241 137 2296 nibus
152 2240 295 2311 irrigatum
320 2240 444 2312 voluptas
459 2240 569 2296 luxuriae
584 2239 719 2312 sequitur.
734 2238 858 2296 Ebrietas
909 2245 964 2301 dixi
976 2245 1084 2311 leceris,
1100 2242 1209 2313 sapiens
1223 2241 1287 2298 eris.

56 2345 157 2400 corpus
170 2329 300 2394 debilitat,
317 2327 432 2384 animam
448 2327 575 2399 illaqueat
590 2346 597 2395 ς
611 2327 727 2384 ebrietas
741 2338 857 2400 generat
1132 2331 1234 2388 XXVI.
1254 2359 1286 2373 -
1305 2333 1343 2387 lle
1355 2335 1481 2404 peccato.

56 2417 288 2494 perturbationem
303 2417 410 2488 mentis,
426 2416 543 2474 ebrietas
562 2424 644 2488 anget
662 2417 780 2474 furorem
795 2431 857 2474 cor·
944 2423 991 2477 75.
1007 2421 1091 2478 Soror
1105 2419 1273 2485 charissima,
1293 2419 1355 2474 andi
1380 2418 1527 2476 Dominum
1542 2418 1571 2473 in
1584 2418 1710 2490 Evange-

55 2508 108 2574 dis,
124 2506 244 2562 ebrietas
258 2505 346 2559 nutrit
369 2505 504 2560 llammam
521 2504 717 2570 fornicationis,
738 2504 857 2562 ebrietas
910 2509 946 2566 lio
960 2509 1093 2566 dicentem
1111 2530 1117 2566 ;
1137 2507 1235 2568 Omnia
1248 2510 1296 2580 qai
1310 2508 1384 2580 facit
1391 2511 1552 2580 peccatum,
1565 2522 1661 2564 seruus
1672 2511 1715 2564 est

56 2592 93 2647 ita
108 2591 207 2647 alienat
223 2601 350 2658 mentem,
380 2602 409 2648 ut
432 2594 513 2651 bomo
533 2594 636 2650 nesciat
649 2593 832 2665 semetipsum
848 2611 855 2650 :
910 2600 1019 2672 pcccati
1034 2599 1128 2668 (tenu.
1144 2611 1204 2667 vrri,
1232 2597 1289 2667 at).
1304 2596 1419 2652 Duobus
1432 2595 1519 2652 modia
1535 2593 1718 2652 committitur

56 2680 139 2735 homo
154 2679 247 2737 ebrius
261 2689 302 2735 est
316 2683 353 2736 ita
376 2698 392 2736 a
411 2683 558 2753 semetipso
579 2682 695 2752 alicnus,
710 2690 741 2740 ut
755 2681 857 2739 nesciat
911 2697 1073 2761 peccatum
1098 2702 1197 2758 nempe
1217 2695 1263 2741 aut
1285 2700 1378 2741 amore
1391 2683 1556 2756 cupiditatis,
1581 2692 1627 2739 aut
1641 2691 1714 2739 metu

57 2769 166 2827 ubisit.
198 2770 333 2843 Plerisque
358 2771 417 2825 laus
435 2783 475 2827 εει
498 2773 614 2827 multum
635 2772 737 2838 bibam,
754 2781 781 2828 et
802 2787 857 2829 non
912 2777 1034 2834 timoris:
1050 2776 1115 2833 dum
1140 2776 1224 2832 bomo
1239 2774 1282 2830 vel
1303 2774 1361 2830 vult
1384 2773 1483 2830 babere
1511 2772 1584 2845 quod
1610 2788 1715 2829 concn-

56 2858 182 2914 inebriari
201 2875 290 2931 :quos
316 2859 446 2933 propheta
469 2860 601 2930 increpat,
619 2860 722 2933 dicens,
744 2863 795 2933 Vae,
807 2862 858 2935 qui
912 2867 1006 2938 piscit;
1028 2866 1069 2922 vel
1094 2881 1157 2922 cum
1178 2864 1255 2920 timet
1270 2879 1303 2919 ne
1319 2864 1438 2919 incurrat
1454 2861 1552 2917 malum
1573 2861 1645 2934 qnod
1662 2875 1716 2917 me·

54 2950 263 3019 potentatestis
278 2947 312 3004 ab
322 2947 474 3006 bibendum
490 2951 600 3016 ninum,
612 2956 639 3007 ct
651 2951 707 3007 oiri
720 2953 810 3022 sortes
824 2952 861 3010 nd
876 2926 899 3005 Β
915 2957 973 3014 tuit.
989 2952 1110 3023 Quatuor
1123 2951 1213 3009 modis
1229 2952 1406 3009 committitur
1422 2960 1562 3018 peecatum
1577 2949 1606 3005 in
1621 2950 1713 3017 corde,

60 3035 231 3091 miscentem
245 3034 424 3102 comantem
441 3036 589 3101 etiterum,
611 3038 662 3107 γε,
682 3038 733 3111 qai
747 3053 860 3096 conscr-
913 3054 1026 3118 quatuor
1040 3043 1120 3098 etiarn
1134 3041 1223 3097 motta
1238 3038 1450 3111 perpetraturi»
1466 3054 1558 3110 opere.
1574 3037 1713 3093 commit-

59 3123 126 3196 92'22'8
138 3140 223 3181 mm
238 3123 276 3178 “d
288 3124 455 3181 malem
469 3125 646 3191 testandam.
661 3128 689 3182 tt
701 3126 861 3199 potandum
914 3134 978 3189 titur
993 3139 1129 3204 peceatum
1144 3129 1171 3185 in
1185 3129 1280 3194 corde,
1290 3127 1468 3200 suggestione
1482 3126 1647 3191 damonum,
1662 3125 1713 3183 de·

60 3210 361 3283 wqwssdvtssttti'amt
385 3215 419 3268 tt!
443 3213 508 3268 vino
530 3216 657 3270 wtttttlit
672 3215 749 3285 (kai-
769 3229 798 3283 v,
814 3217 859 3281 2¹,
916 3220 1057 3277 tentatione
1083 3217 1182 3282 cernis,
1206 3213 1388 3271 consensione
1411 3214 1520 3279 mentis,
1550 3212 1712 3269 defensione

61 3303 118 3369 lt).
134 3299 221 3354 Etiam
233 3298 295 3354 luel
312 3301 442 3369 propbeta
457 3300 564 3366 clamat,
590 3301 684 3356 diceus
701 3318 708 3354 :
723 3303 861 3374 Ecperpi·
916 3303 1051 3359 clationis.
1084 3300 1267 3357 committitur
1298 3301 1382 3353 etiam
1414 3297 1440 3351 in
1474 3313 1557 3366 opere
1587 3297 1712 3368 aliquan·

60 3388 686 3458 scimini,ebrii,etttate,·etulutate,omnas
702 3392 752 3460 qui
766 3389 861 3445 bibitis
916 3393 953 3447 do
981 3391 1104 3457 latenter,
1132 3387 1276 3458 aliquando
1309 3384 1427 3457 publice,
1467 3384 1612 3457 aliquando
1640 3401 1712 3441 con·

61 3479 203 3535 vinumtn
216 3476 363 3534 dulcedine
375 3477 448 3547 (teat
458 3491 478 3540 ι,
491 3475 529 3545 5).
544 3475 689 3556 Non-dicit,
705 3475 758 3545 Qui
770 3475 863 3532 bibitis
916 3474 1070 3539 suetudine,
1103 3471 1247 3544 aliquando
1284 3468 1487 3541 desperatione.
1518 3469 1580 3524 latis
1624 3469 1721 3526 modia-

60 3562 864 3636 vmuminneoessitate;sed,quibibittsvirtumtodolcc·
916 3580 984 3637 ergo
1016 3574 1044 3619 et
1073 3560 1157 3617 corde
1182 3573 1334 3632 peccamus,
1360 3565 1388 3613 et
1414 3572 1496 3628 opere
1524 3566 1716 3630 perpetramus

62 3655 139 3718 dine,
157 3655 262 3710 bocest
284 3652 312 3709 in
327 3652 518 3709 delectatione.
534 3651 660 3709 Ebrietas
677 3655 788 3709 mortale
803 3654 861 3711 cri·
918 3662 1066 3724 peccatum.
1095 3649 1194 3705 Tribus
1225 3646 1314 3702 modis
1341 3653 1484 3718 peecatum
1512 3646 1713 3716 committitur;

63 3758 126 3797 men
140 3753 191 3810 εει,
206 3743 323 3798 ebrietas
341 3756 423 3813 grave
438 3751 579 3814 peccatum
594 3749 644 3808 eat,
661 3741 779 3799 ebrietas
794 3741 865 3798 inter
916 3741 1043 3798 videlicet
1070 3754 1120 3812 per
1156 3737 1345 3809 ignorantiam,
1382 3751 1432 3809 per
1467 3734 1658 3803 infirmitatem,
1688 3740 1716 3792 et
1757 3768 1763 3779 .

63 3831 208 3887 homicidia
230 3839 258 3888 et
280 3830 412 3888 adulteria
438 3838 466 3886 ct
490 3829 684 3887 fornicationes
712 3837 862 3904 reputatur,
917 3848 965 3904 per
989 3827 1158 3893 industriam,
1183 3825 1209 3880 id
1234 3832 1274 3882 ast
1301 3824 1426 3881 sci-nter.
1456 3824 1506 3879 Per
1529 3823 1727 3896 ignorantiam

62 3920 179 3977 ebrietas
192 3920 266 3990 ejicit
280 3920 420 3977 hominem
433 3935 449 3974 a
464 3935 547 3990 regno
560 3919 620 3990 Dei,
640 3920 757 3976 ebrietas
770 3920 862 3990 erpel—
917 3916 1035 3992 peccavit
1055 3918 1110 3972 ilva
1123 3915 1151 3971 in
1169 3914 1307 3987 paradiso,
1332 3913 1403 3969 sicut
1421 3912 1459 3967 ait
1472 3913 1622 3983 apostotus
1638 3929 1645 3970 :
1667 3914 1713 3970 Vir

64 4008 95 4064 lit
110 4008 243 4063 bominem
258 4023 274 4061 a
287 4007 425 4077 paradiso,
441 4009 560 4064 ebrietas
573 4009 707 4081 demergit
721 4009 858 4065 bominem
919 4005 1179 4071 emarecescens,
1193 4000 1588 4072 sedmaliersaitaedoctnli
1602 4002 1673 4058 Tim.
1683 4015 1715 4074 n,

63 4098 91 4153 in
107 4096 250 4151 internum.
275 4095 333 4150 Noe
361 4093 429 4149 bibit
443 4097 547 4165 vinum,
575 4103 602 4152 et
624 4096 712 4152 virilia
727 4114 789 4169 quae
815 4113 864 4167 per
920 4100 976 4167 tt).
991 4095 1063 4168 Ergo
1077 4094 1161 4151 ndum
1181 4091 1304 4165 peccavit
1324 4107 1373 4161 per
1386 4089 1557 4156 industriam,
1579 4091 1634 4147 Eva
1648 4104 1714 4148 vero

62 4191 205 4241 sexcentos
229 4197 314 4237 annos
334 4182 478 4247 celaverat,
504 4182 614 4238 nudavit
641 4183 723 4255 (Gen.
741 4201 779 4245 tx,
804 4187 861 4255 ut).
879 4181 903 4260 n
919 4203 966 4256 per
979 4183 1169 4257 ignorantiam.
1189 4179 1242 4247 Qui
1270 4193 1335 4237 vero
1358 4177 1504 4246 decipitur,
1524 4178 1632 4248 ignorat
1650 4178 1716 4248 quid

61 4273 149 4330 Etiam
164 4273 232 4327 Loth
256 4269 319 4327 vino
347 4268 498 4327 inebriatus
519 4270 647 4326 dormivit
671 4287 734 4328 cum
757 4271 863 4329 filiabus
918 4274 967 4346 [ol.
981 4271 1066 4343 quod)
1086 4267 1249 4326 consentiat.
1264 4266 1315 4320 Per
1330 4264 1510 4320 infirmitatem
1527 4266 1646 4334 peccavit
1660 4266 1716 4321 Pe-

62 4363 198 4429 anianae
220 4370 310 4416 tamen
339 4368 479 4431 peccatum
504 4359 600 4426 sensit,
620 4359 684 4431 quia
698 4359 863 4417 alienatusa
918 4356 1111 4431 trns,quando
1130 4353 1317 4428 pertimerem
1336 4351 1441 4408 ancillae
1455 4350 1589 4408 Christum
1605 4352 1716 4424 negavit

64 4450 212 4522 semetipso
225 4448 276 4505 init
292 4450 371 4520 (Gen.
388 4464 444 4519 arr,
461 4448 562 4517 aneo).
584 4447 679 4520 Cogita
693 4462 770 4519 ergo,
787 4463 864 4505 soror
919 4448 1029 4519 (ltnttb.
1046 4448 1139 4514 aava).
1152 4442 1269 4500 Gravius
1281 4451 1323 4497 est
1336 4456 1447 4511 peccare
1461 4456 1509 4513 per
1522 4439 1714 4508 infirmitatem,

65 4540 172 4607 dilecte,
187 4546 316 4611 quantum
331 4537 366 4595 sit
383 4537 541 4595 detestanda
555 4545 582 4593 et
596 4536 725 4610 fugienda
745 4538 864 4594 ebrietas
917 4552 999 4610 gnam
1015 4552 1062 4606 per
1074 4532 1257 4606 ignorantiam
1272 4548 1280 4598 ς
1296 4529 1343 4586 sed
1358 4530 1444 4586 multo
1461 4536 1503 4585 est
1525 4528 1636 4602 gravius
1650 4544 1717 4602 pen-

67 4629 100 4684 ab
115 4628 241 4684 omuibus
254 4629 342 4684 servis
356 4627 415 4683 Dei.
920 4640 983 4683 care
997 4641 1045 4695 par
1064 4620 1237 4686 industriam,
1260 4633 1343 4691 qnam
1363 4634 1409 4689 per
1432 4615 1625 4674 infirmitatem.
1641 4618 1717 4675 Gra·

102 4718 148 4772 ll.
163 4716 375 4790 (iuterrogatio.)
399 4715 490 4773 Frater
506 4715 554 4784 mi,
584 4720 628 4773 εει
656 4722 800 4787 peecatum
819 4714 865 4771 bi·
920 4716 979 4772 vius
1001 4712 1080 4770 edam
1107 4720 1197 4783 peccat
1215 4707 1262 4782 qui
1281 4707 1308 4763 in
1338 4707 1445 4780 publico
1467 4706 1608 4780 delinquit.
1635 4723 1718 4782 ᾳιιιιι

66 4808 131 4863 bete
154 4804 271 4861 vinum?
293 4803 482 4877 (Responsio.)
509 4802 673 4860 Venerabilis
697 4817 785 4871 soror,
809 4818 864 4859 non
919 4799 967 4872 qui
992 4798 1019 4853 in
1054 4795 1225 4853 abscondito.
1253 4793 1401 4863 Dupliciter
1431 4801 1525 4864 peccm
1547 4793 1641 4863 quiin
1663 4808 1716 4864 pn-

65 4904 107 4951 est
127 4900 267 4967 peecatum
282 4894 375 4950 bibere
389 4893 481 4951 vinum
495 4900 685 4964 temperatum,
701 4891 784 4948 idest
803 4907 865 4948 oum
920 4889 991 4946 blico
1007 4897 1106 4960 peooat,
1121 4886 1185 4958 qnia
1198 4894 1225 4940 et
1242 4891 1340 4956 peccat,
1356 4892 1384 4938 et
1399 4881 1458 4938 aliis
1476 4896 1592 4953 peceare
1605 4881 1718 4938 demon·

64 4980 221 5039 sobrietate.
238 4981 283 5037 Sic
296 4979 368 5038 enim
387 4980 424 5036 ait
445 4979 545 5037 Paulus
567 4980 708 5051 apostolus
720 4980 864 5036 Timotheo
920 4985 997 5033 strat.
1716 4984 1719 4989 ·

65 5069 202 5141 discipulo
217 5084 266 5125 sno
283 5081 291 5120 τ
309 5068 443 5127 todtmm
452 5068 619 5125 ninumbibc
632 5071 865 5140 propterctomo·
954 5069 999 5122 76.
1015 5065 1074 5121 tam
1087 5063 1212 5136 quaedam
1225 5075 1290 5133 pars
1301 5060 1413 5132 justitiae
1428 5067 1471 5117 εει
1485 5059 1618 5116 hominem
1640 5073 1717 5114 suam

66 5160 150 5220 chum
183 5164 276 5224 taam,
296 5164 325 5217 et
343 5160 505 5230 frequentes
533 5157 721 5228 infirmitates
749 5157 868 5229 tuns(1
919 5155 1085 5228 iniquitatem
1104 5165 1288 5224 cognoscere,
1310 5158 1338 5205 et
1359 5149 1395 5204 da
1417 5148 1539 5221 peccaue-
1558 5147 1675 5218 propriis
1688 5145 1730 5202 in·

70 5251 139 5308 Tim.
150 5263 180 5316 v,
194 5249 249 5313 ιιι).
261 5247 333 5303 audi
349 5246 430 5302 etiam
440 5245 503 5316 qnid
515 5246 642 5302 Salomon
652 5246 745 5302 dicat:
763 5247 864 5303 Vinum
919 5243 1065 5316 semetipso
1087 5239 1276 5298 verecundiam
1304 5239 1415 5293 babere.
1441 5236 1539 5294 Melius
1564 5250 1604 5292 eat
1626 5234 1729 5292 homi·-

65 5355 132 5397 cam
142 5335 548 5409 nemorumnemorum
558 5340 599 5393 etl
615 5337 721 5392 enimc
731 5338 759 5392 et
770 5350 866 5407 totpo-
919 5349 979 5390 nem
1003 5347 1059 5388 non
1077 5343 1190 5402 peecare
1206 5333 1315 5397 propter
1342 5340 1463 5381 amorem
1478 5325 1537 5391 Dei,
1555 5336 1636 5397 quam
1652 5337 1718 5396 pro·

65 5431 106 5485 ris
120 5425 218 5497 (aecta.
236 5439 314 5491 xxxi,
326 5426 384 5496 36).
396 5423 493 5479 Vinum
509 5424 717 5496 intemperatum
731 5438 877 5479 venenum·
919 5431 977 5494 pter
993 5421 1117 5477 timorem
1130 5414 1241 5472 inferni.
1258 5415 1353 5470 idalius
1366 5422 1409 5470 est
1424 5415 1504 5470 etiam
1518 5428 1573 5470 non
1592 5426 1730 5485 peccare,

10 5482 15 5531 Ι
66 5525 120 5577 εει.
135 5515 233 5575 Vinum
245 5513 306 5572 sine
320 5528 447 5572 memora
460 5521 573 5587 superat
586 5522 715 5582 mentem,
731 5527 782 5586 per
794 5511 879 5569 malr
919 5527 1001 5586 mam
1015 5516 1154 5584 paccatm
1168 5502 1324 5590 emendare.
1338 5503 1436 5567 Omnia
1451 5517 1566 5575 peonnam
1579 5501 1717 5576 superbus
1778 5506 1782 5511 ’
