3706 5962
166 224 221 285 635
847 213 934 278 vltis
958 215 1109 280 trimum
1760 219 1816 282 Μ

138 364 141 369 ’
165 349 252 420 ligunt
276 356 412 403 creaturas
425 350 485 400 tuas
498 357 548 414 pro
567 344 607 399 te!
624 343 722 398 Anima
735 356 797 413 que
821 341 958 397 mundum
975 343 1069 436 με).
1086 345 1120 399 Et
1151 360 1282 419 nusquam
1297 346 1363 402 mibi
1388 348 1474 419 edus,
1489 363 1621 420 nusquam
1639 347 1813 417 iucunditas,

162 437 263 508 diligit,
279 443 388 507 peccato
403 432 533 498 servit,cl
547 434 688 503 absquete
708 446 845 504 nunquam
859 431 957 503 quieta,
1014 449 1103 505 neque
1122 434 1240 505 perlecta
1267 434 1385 507 requies,
1418 435 1469 491 nisi
1488 436 1515 491 in
1541 444 1579 503 tr,
1604 435 1668 491 lesu
1705 435 1816 495 Christo

163 540 255 599 noque
273 539 367 581 mcum
388 521 448 578 erit.
464 519 539 579 Unde
552 520 742 592 Augustinus:
762 518 886 575 «Fecisti
906 535 959 585 me,
1014 537 1114 594 sponse
1132 521 1293 578 fidelissime.
1311 524 1339 579 Si
1354 524 1394 579 vis
1408 533 1437 581 ut
1450 524 1573 581 recedam
1594 532 1661 591 ate,
1675 525 1712 580 da
1746 523 1814 581 mibi

165 611 288 677 Domine,
319 610 352 664 ad
378 616 415 675 te,
445 613 471 663 el
490 608 637 678 inquietum
656 617 697 663 est
724 621 884 673 cormeum,
909 608 960 664 do·
1013 608 1094 664 alium
1114 618 1148 678 te,
1163 611 1241 666 nlde
1255 611 1395 684 teiugiam
1411 610 1495 669 497
1510 614 1605 677 adte3
1622 612 1814 686 alioquinnon

166 717 216 758 nec
230 695 419 771 requiescatin
443 705 479 751 te.
496 715 508 745 ι
534 693 557 751 0
581 694 737 751 dulcissime
760 696 834 760 lesu,
850 695 960 767 quando
1014 700 1166 754 recedama
1186 712 1221 754 te.
1237 701 1343 773 Pauper
1352 709 1452 767 tecum,
1469 701 1530 758 vilis
1544 710 1642 767 tecum,
1654 708 1683 757 et
1708 702 1814 773 abjecta

163 795 191 846 te
206 785 437 860 iideboiquaudo
446 785 583 856 apparebo
597 793 659 840 ante
675 784 769 841 taciem
785 785 959 841 tuemiPsol.
1013 787 1195 861 multomagis
1209 787 1352 856 desiderio,
1369 805 1448 859 quam
1463 789 1584 846 habitare
1598 789 1626 845 in
1654 791 1816 847 tabernacu·

166 875 395 949 xct,3.)quaudo
413 872 812 945 suuuborpulchritudinctua,
833 872 860 927 in
877 890 959 945 quem
1011 873 1462 947 lispocoatorum(Psotmxxxm,
1480 877 1535 948 tl).
1559 880 1636 933 liora
1660 888 1742 950 grata
1771 884 1814 933 ost

166 963 426 1036 desiderantbngsli
437 961 649 1035 prospicerei(l
663 963 958 1033 Pclr.1,l2.)0quam
1013 962 1078 1018 mibi
1093 963 1213 1034 separari
1225 981 1241 1018 a
1254 971 1280 1018 te
1292 965 1326 1019 ad
1349 971 1456 1038 tempus
1471 972 1583 1036 propter
1601 973 1628 1021 tc
1645 985 1653 1022 :
1668 967 1719 1022 sed
1736 982 1814 1022 mora

165 1055 289 1112 excelsus
308 1059 336 1107 lu
350 1067 390 1117 cs,
417 1052 462 1123 qui
477 1049 610 1107 excelsior
623 1051 692 1107 coelo
706 1067 745 1107 es.
762 1050 794 1107 Et
816 1056 907 1107 tamen
932 1051 959 1107 in
1012 1051 1092 1106 nimis
1120 1051 1246 1119 difficilis,
1263 1053 1353 1124 aliquo
1376 1060 1497 1124 tempore
1520 1068 1579 1110 esse
1604 1053 1665 1110 sine
1686 1060 1735 1124 te;
1751 1069 1812 1111 mum

164 1151 268 1200 tacitum
292 1150 318 1197 te
331 1139 473 1197 humiliare
486 1139 613 1211 dignatus
628 1147 679 1206 est,
691 1139 764 1210 quod
785 1139 888 1196 animas
905 1141 958 1197 hu·
1012 1147 1102 1196 tamen
1117 1139 1157 1195 tui
1179 1141 1210 1196 ad
1227 1141 1283 1196 baec
1297 1140 1394 1197 misere
1418 1157 1534 1207 caream,
1559 1143 1616 1197 sinc
1639 1156 1696 1215 quo
1724 1153 1812 1200 umen

166 1231 242 1287 miles
255 1229 284 1286 in
297 1228 478 1286 babitaculum
489 1228 536 1283 libi
550 1227 665 1301 elegisti.
679 1229 751 1301 Ergo
760 1228 871 1284 domum
888 1239 959 1285 tuam
1013 1244 1074 1285 esse
1088 1243 1140 1284 non
1156 1243 1279 1298 possum.

165 1321 242 1378 decet
264 1318 413 1375 sanctitudo
427 1317 510 1381 (Psoi.
526 1334 591 1381 xcii,
619 1318 658 1385 a).
674 1319 832 1386 liujustam
847 1319 958 1391 gloriosi
1050 1320 1111 1375 too.
1134 1317 1248 1389 Surgam
1269 1328 1377 1389 ergoet
1403 1318 1521 1374 circuibo
1544 1319 1634 1374 omnia
1662 1320 1726 1377 loca
1751 1337 1811 1391 quac

165 1417 192 1464 cl
212 1420 265 1464 tam
281 1406 372 1464 dilecti
384 1406 498 1479 hospitis
508 1407 645 1477 possimus
658 1407 698 1463 aio
717 1407 891 1463 considerare
905 1408 959 1463 uti·
1013 1416 1107 1479 potero
1120 1421 1126 1459 τ
1138 1422 1192 1462 non
1206 1407 1277 1462 dabo
1291 1420 1418 1462 somnum
1432 1409 1517 1464 oculis
1533 1407 1610 1474 iureis,
1622 1423 1674 1464 nec
1691 1410 1811 1482 requiem

166 1498 287 1564 litctem;
303 1496 430 1570 quonium
458 1495 558 1551 mentis
572 1512 650 1569 quam
665 1495 811 1562 inhabitat,
826 1498 961 1567 torpentia
1013 1496 1127 1567 pedibus
1150 1497 1227 1560 meis,
1244 1494 1330 1551 donec
1352 1493 1487 1552 inveniam
1512 1512 1593 1567 quem
1614 1495 1708 1571 diligit
1723 1497 1810 1553 anima

164 1586 273 1656 excitat,
289 1587 351 1659 quia
362 1585 449 1656 gallus
464 1592 519 1650 est,
539 1584 659 1653 inquiete
678 1584 775 1650 tremat,
790 1586 854 1656 quia
868 1587 960 1659 magi·
1014 1598 1086 1638 moa.
1113 1581 1246 1638 Effundite
1259 1582 1400 1654 lacrymas,
1416 1583 1488 1638 oculi
1502 1583 1568 1649 mei,
1583 1592 1609 1639 et
1635 1587 1757 1657 plorate.
1784 1595 1811 1643 ct

164 1685 221 1730 ster
234 1685 288 1740 est,
305 1673 403 1746 frigida
424 1673 553 1739 accendit,
582 1672 646 1744 quia
676 1673 811 1742 ignisest;
844 1688 961 1733 accensa
976 1635 999 1714 Β
1016 1669 1236 1735 nolitedciioere,
1257 1680 1282 1726 et
1300 1670 1383 1726 nolite
1405 1671 1550 1742 quiescere,
1566 1670 1654 1728 donec
1672 1672 1750 1729 ilium
1771 1673 1810 1730 in·

164 1762 329 1831 moderatur,
343 1761 406 1834 quia
420 1768 587 1835 unguentum
598 1768 654 1827 asl;
671 1761 772 1817 emollit
785 1763 882 1835 rigida,
898 1764 961 1833 qnia
1015 1759 1137 1815 veniatis.
1153 1759 1206 1815 Sed
1218 1758 1282 1830 quid
1298 1756 1404 1825 faciam,
1421 1766 1450 1814 ul
1478 1759 1553 1815 illum
1567 1760 1735 1818 inveniam?
1757 1776 1811 1834 quo

165 1852 306 1915 ratioest;
329 1849 401 1904 fluxa
421 1849 567 1920 restringit,
583 1850 644 1920 quia
670 1849 803 1905 medicina
830 1858 881 1909 est.
911 1852 960 1907 Est
1014 1847 1333 1918 movertamiudquem
1342 1847 1671 1921 iboiaquoconsilium
1682 1853 1806 1920 pelam?

164 1939 247 2012 igitnr
262 1937 520 2009 manifestum,quia
533 1953 610 1992 amor
625 1949 687 1994 tuns
708 1952 760 1994 noo
780 1948 822 1994 est
836 1939 957 2005 otiosus;
1013 1951 1093 2009 qoam
1107 1937 1279 2008 interrogabo
1295 1937 1309 1991 i
1324 1936 1386 2006 quis
1400 1938 1454 1991 mei
1473 1936 1674 1994 miserebitur?
1689 1939 1753 2011 qnia
1767 1955 1808 1995 me

164 2028 227 2101 qnia
246 2028 292 2100 qui
317 2036 342 2084 te
366 2027 466 2098 diligit,
491 2041 545 2081 uun
573 2026 694 2099 tepescit.
712 2027 751 2081 Da
770 2027 837 2083 mibi
861 2027 952 2100 igilur,
1013 2024 1292 2097 consolabltortquia
1306 2024 1371 2079 mihi
1389 2023 1808 2097 indicabitquomdiligitanima

163 2116 266 2189 optime
279 2118 355 2184 lesu,
371 2125 397 2171 te
411 2115 533 2188 diligere,
549 2124 575 2171 et
589 2114 772 2170 indesinentur
787 2115 908 2172 meditari
926 2117 959 2172 de
1013 2129 1083 2181 mea,
1099 2122 1127 2167 ut
1140 2113 1315 2184 requiescat?
1329 2113 1536 2184 circumspicio,
1549 2115 1571 2169 si
1586 2114 1713 2170 viderem
1724 2117 1807 2183 iilum,

165 2215 200 2260 te.
218 2203 291 2261 Odor
303 2213 372 2272 tuus,
387 2205 430 2276 pie
450 2202 549 2260 Christi
563 2201 686 2270 Domine,
703 2211 730 2259 et
744 2219 846 2276 sponse
871 2222 960 2262 aman·
1013 2211 1042 2257 et
1055 2217 1108 2256 nou
1122 2201 1211 2258 video.
1223 2201 1323 2256 Vellem
1337 2201 1414 2256 illum
1428 2201 1559 2271 invenire,
1571 2210 1598 2257 et
1617 2216 1672 2259 nou
1688 2203 1808 2262 invenio·

146 2292 266 2360 tissime,
282 2293 393 2349 suscitat
414 2300 547 2362 mortuos,
581 2301 656 2348 curat
691 2299 821 2362 aegrotos.
842 2293 893 2348 Fac
917 2312 959 2350 me
1015 2291 1194 2345 blomiscram
1211 2286 1217 2343 l
1234 2289 1489 2362 quidagamiquo
1517 2289 1590 2345 enim
1610 2291 1676 2347 abiit
1691 2291 1804 2351 dilectus

164 2382 253 2456 igitur,
270 2380 427 2438 charissime
441 2381 555 2438 Domine
568 2382 632 2435 lesu
647 2380 761 2444 Christe,
782 2381 840 2436 haec
854 2397 961 2453 semper
1014 2393 1090 2433 meus
1104 2379 1119 2432 i
1133 2376 1261 2446 Quaesivi,
1278 2385 1304 2434 et
1315 2393 1368 2432 uon
1383 2377 1473 2433 inveni
1483 2378 1578 2448 illum3
1595 2379 1703 2446 vocavi,
1718 2393 1745 2436 et
1755 2397 1805 2437 non

164 2467 262 2525 habere
276 2469 304 2524 in
327 2467 456 2523 memoria
471 2484 540 2535 meu,
570 2475 597 2523 et
622 2467 755 2524 recordari
771 2469 959 2526 amaritudinis
1015 2465 1683 2537 responditmihi.Heulheulquoabiitgaudium
1697 2469 1808 2527 meum?

163 2556 233 2612 aceli
248 2565 275 2611 et
289 2555 368 2623 sellis,
395 2556 467 2626 quod
485 2562 522 2623 tu,
540 2563 641 2611 aeteroa
662 2555 789 2620 dulcedo,
804 2570 853 2626 pro
880 2557 959 2613 nobis
1015 2555 1059 2610 ubi
1074 2556 1136 2610 latet
1149 2569 1223 2610 amor
1237 2570 1315 2610 meus
1329 2556 1344 2611 i
1359 2554 1406 2610 ubi
1420 2564 1461 2610 eut
1470 2556 1585 2611 dulcedo
1600 2557 1686 2615 mea?
1699 2575 1748 2615 cur
1760 2559 1809 2614 dc-

163 2644 279 2715 gusiasti
292 2644 318 2699 in
334 2651 432 2700 morte.
1013 2642 1147 2716 reliquisti
1162 2659 1213 2707 me,
1228 2643 1301 2699 salus
1315 2658 1375 2698 mea
1390 2643 1404 2699 ‘l
1419 2644 1475 2698 Heu
1492 2642 1556 2699 mihi
1574 2642 1580 2697 l
1596 2644 1724 2713 Domine,
1741 2647 1808 2703 botai

201 2735 260 2788 toi.
276 2731 471 2802 consolamini,
500 2731 612 2803 quisub
637 2732 778 2804 chlamyde
801 2733 959 2790 voluntaria
1013 2734 1141 2788 miserere
1165 2730 1261 2787 animae
1277 2731 1538 2795 meaeliiccessisti,
1559 2732 1719 2790 consolator
1750 2735 1811 2791 ritas

165 2823 328 2892 paupertatis
354 2818 503 2885 nutrimini,
523 2821 570 2890 qui
585 2820 667 2875 lectos
693 2821 787 2876 sericis
802 2828 887 2876 tectos
911 2838 958 2877 ro·
1012 2835 1090 2885 meae,
1105 2835 1156 2875 uec
1169 2819 1323 2876 valedixisti
1336 2837 1343 2885 3
1360 2819 1442 2883 mibi;
1459 2820 1563 2892 etquid
1578 2820 1676 2875 inciam
1691 2823 1707 2875 ⁴?
1724 2821 1769 2877 ubi
1782 2833 1809 2878 te

164 2911 277 2980 spuitis;
290 2909 352 2982 quis
371 2908 513 2966 vobiscum
524 2909 598 2964 Deus
612 2911 639 2964 in
648 2918 817 2980 paupertate.
836 2912 897 2966 Non
911 2926 959 2967 ou·
974 2901 996 2980 c
1011 2907 1122 2964 unicum
1141 2910 1243 2964 bonum
1257 2924 1346 2963 meum
1356 2909 1492 2980 requiram
1505 2907 1520 2960 l
1533 2915 1561 2963 et
1576 2907 1725 2979 qnandota
1737 2909 1811 2966 iure-

159 2999 209 3053 'bat
218 2997 245 3053 in
256 2996 359 3054 deliciis
367 2996 500 3070 splendidi
511 2995 618 3053 cubilis.
630 2997 690 3052 Non
705 2996 872 3052 invenituriu
888 3005 956 3053 terra
1012 2998 1084 3052 niam
1103 3012 1152 3068 ego
1168 2995 1352 3053 miserabilis?
1372 2995 1469 3051 Rcirnit
1493 2995 1627 3052 consolari
1643 2998 1810 3055 animamur

164 3087 283 3142 suaviter
296 3084 442 3141 viventium
471 3084 541 3156 (lob,
556 3099 652 3152 xxviii,
675 3085 729 3156 13).
743 3085 814 3141 Vere
842 3085 957 3143 delicata
1011 3085 1090 3156 (rial
1112 3100 1205 3151 cxxvi,
1221 3087 1259 3155 dl,
1275 3085 1328 3140 nisi
1351 3086 1378 3139 iu
1393 3091 1429 3151 tc,
1440 3085 1556 3141 dulcedo
1571 3094 1665 3141 sancta
1694 3084 1811 3143 memo

163 3173 255 3244 nimis,
276 3175 330 3229 ino
354 3173 426 3231 intua
453 3179 479 3229 et
493 3173 636 3231 inhonesta
664 3182 735 3228 esset
752 3187 867 3243 sponsa,
896 3190 956 3245 quae
1011 3175 1133 3231 Salvator
1146 3189 1234 3243 meus,
1251 3176 1348 3240 veniat,
1365 3175 1488 3240 obsecro,
1504 3181 1612 3247 tempus
1630 3175 1744 3245 quando
1762 3191 1807 3232 re·

163 3277 292 3333 sponsum
313 3279 392 3317 snum
417 3266 577 3334 sapientem,
600 3262 810 3332 pulcherrimum
835 3268 863 3318 et
889 3261 958 3317 doli·
1014 3262 1110 3319 velatis
1124 3262 1210 3319 oculis
1225 3263 1365 3332 inspiciam
1380 3279 1460 3334 quem
1475 3278 1572 3319 nunca
1588 3263 1669 3337 longe
1683 3262 1811 3328 iudano,

163 3358 251 3406 ratum
271 3350 377 3407 videret
410 3354 611 3408 recumbentem
628 3353 653 3407 in
670 3351 728 3407 loco
753 3350 847 3406 humili
876 3367 959 3423 super
1014 3351 1217 3420 apprehendam
1228 3366 1307 3418 quem
1318 3350 1451 3416 desidero,
1462 3359 1489 3405 el
1499 3351 1658 3421 amplietur,
1673 3351 1703 3406 in
1713 3353 1811 3423 abysso

138 3502 141 3507 ,
164 3439 266 3509 ionum,
282 3443 310 3494 et
337 3438 399 3511 ipso
412 3441 522 3497 vidente
537 3440 658 3514 ingeret,
683 3453 713 3495 ac
735 3438 774 3495 sic
787 3439 850 3496 loco
878 3440 960 3495 volu·
1014 3440 1114 3497 amoris
1129 3439 1168 3494 lui
1193 3447 1266 3494 totus
1279 3438 1435 3494 absorbear.
1451 3437 1523 3497 Nihil
1537 3440 1614 3506 crito,
1630 3453 1737 3509 quaeso,
1754 3437 1812 3495 sins

164 3537 262 3603 ptuoso
279 3544 308 3584 ae
336 3529 492 3585 collocaret.
508 3528 580 3599 Quid
603 3545 720 3600 sponsus
745 3535 840 3598 posset
862 3528 896 3584 de
911 3526 960 3583 tali
1017 3539 1041 3584 te
1055 3527 1202 3591 dulcescat,
1219 3524 1256 3580 uil
1285 3524 1371 3595 proclo
1387 3541 1432 3581 um
1455 3524 1575 3581 arrideat
1601 3525 1680 3586 mihi.
1711 3524 1812 3582 Sedda

162 3617 284 3682 credere,
301 3616 350 3671 nisi
366 3615 439 3686 quod
466 3616 546 3672 vellet
572 3617 714 3673 divortium
747 3617 789 3672 sui
816 3629 843 3672 et
867 3617 958 3686 sponsi
1014 3616 1090 3684 mibi,
1106 3616 1257 3679 bonelesu,
1274 3614 1299 3668 in
1321 3615 1457 3680 tevivere,
1476 3621 1503 3669 et
1517 3630 1568 3686 pro
1584 3621 1736 3672 amoretuo
1749 3629 1811 3671 mo·

163 3703 304 3772 quaerere?
318 3703 390 3768 Noli,
414 3703 506 3758 anima
520 3721 590 3772 mea,
613 3705 809 3774 separationem
823 3720 957 3775 quaerere,
1013 3704 1047 3771 ri,
1066 3705 1111 3776 qui
1125 3721 1174 3776 pro
1190 3720 1232 3758 me
1248 3702 1404 3776 dignabaris
1417 3719 1515 3759 amare
1531 3705 1629 3759 mortis
1642 3704 1738 3760 subire
1753 3711 1810 3761 tor·

164 3792 210 3847 sed
226 3789 270 3844 dic
286 3807 292 3845 :
306 3793 372 3848 ltili
382 3791 523 3848 udltoercrc
534 3794 700 3850 Deobonom
711 3798 752 3849 cst
765 3795 854 3855 (Psoi.
870 3809 958 3862 cxxii,
1013 3803 1143 3847 mentum.
1160 3794 1257 3848 Amen.

754 4067 918 4175 ViTiS
954 4063 1238 4173 MYSTICA

962 4232 1013 4274 stu

517 4333 838 4429 Tuscilius
867 4333 938 4424 DE
972 4330 1233 4424 passione
1267 4331 1468 4424 bolllllt

741 4501 857 4584 Super,
878 4496 947 4582 Ego
964 4495 1118 4561 moratas
1132 4515 1226 4560 ocra.

200 4776 252 4832 iiic
267 4778 407 4833 tractator
423 4788 480 4828 aon
495 4776 536 4828 cst
552 4773 580 4828 S.
597 4770 801 4841 duricordiam
808 4770 956 4841 cuiusdam
966 4769 1088 4826 oilerius
1107 4770 1233 4825 auctoris
1247 4767 1299 4843 pii,
1312 4785 1362 4828 occ
1372 4768 1489 4838 indocti,
1501 4785 1556 4824 neo
1567 4770 1750 4842 inelegantis,
1761 4769 1813 4842 qui

662 4858 760 4913 paruos
775 4857 916 4898 sermones
930 4838 1110 4909 conscripsit,
1126 4856 1161 4895 ec
1174 4856 1260 4896 cum.
1274 4843 1320 4894 53.

407 5098 491 5157 m
506 5099 716 5158 submittunt.
979 5113 1003 5190 ῃ
1019 5093 1183 5159 castissimae,
1199 5093 1258 5150 sine
1272 5108 1327 5166 qno
1347 5093 1437 5150 nullus
1459 5094 1538 5164 sapit,
1551 5094 1617 5165 qnia
1630 5100 1660 5149 tu
1675 5110 1706 5151 es
1720 5095 1814 5150 aterni

201 5194 264 5248 lesu
285 5192 412 5265 benigne,
441 5190 504 5246 vitiu
518 5205 593 5260 vcra,
620 5188 726 5262 lignum
753 5187 826 5257 vitte,
841 5187 914 5260 quod
933 5188 961 5243 in
1017 5183 1101 5238 Patris
1115 5182 1275 5255 Sapientia:
1296 5195 1411 5239 mentem
1428 5198 1514 5238 meam
1529 5183 1648 5239 debilem
1663 5194 1692 5242 et
1708 5182 1811 5239 aridum

167 5281 256 5335 medio
271 5280 385 5352 paradisi
402 5281 484 5336 situm
505 5287 561 5345 ost;
578 5280 692 5336 Domine
709 5279 774 5335 Josu
785 5275 901 5345 Christe,
917 5293 962 5333 cn-
1015 5295 1083 5352 pane
1097 5280 1259 5346 intellectus,
1275 5289 1302 5335 et
1320 5296 1390 5351 aqua
1404 5279 1542 5348 sapientia
1558 5278 1682 5336 salutaris
1700 5280 1811 5355 dignare

165 5367 212 5438 ins
224 5366 289 5423 lolia
311 5375 374 5424 sunt
388 5368 415 5423 in
429 5366 601 5435 medicinam,
629 5367 732 5425 tructus
749 5382 815 5424 vero
829 5365 857 5422 in
876 5366 959 5422 uitam
1009 5368 1135 5436 >reficere
1151 5376 1181 5426 ul
1198 5368 1473 5436 te,ocloris1)arid,
1489 5368 1635 5440 aperiente,
1652 5369 1719 5426 mibi
1742 5384 1813 5427 rese·

164 5460 313 5522 aternam
329 5454 550 5514 benedictusflos
564 5467 590 5514 et
605 5455 707 5513 iunctus
722 5455 840 5529 Virginis
861 5455 953 5513 liutris
1014 5465 1106 5515 rentur
1119 5459 1248 5525 obscum
1264 5465 1292 5515 et
1305 5465 1343 5528 te,
1369 5472 1462 5515 overa
1479 5457 1536 5525 lus,
1568 5457 1700 5525 radiante,
1733 5467 1808 5517 tens·
