3706 5962
154 201 207 265 211
812 205 1003 268 numanati
1020 204 1154 265 taetris
1751 207 1809 270 att

154 331 256 387 tionem
270 329 507 388 virtutumdilecti
520 332 570 399 tui,
586 333 735 404 ingredere
750 332 778 388 iu
792 333 949 391 delectatio·
966 348 990 426 Α
1006 350 1069 390 mee
1081 349 1191 406 sponso.
1203 332 1278 386 Tune
1288 330 1451 403 gloriabitur
1465 331 1546 400 plene
1561 345 1622 386 eum
1637 332 1805 388 aromatibus

155 435 204 475 nes
219 420 289 490 ejus,
313 435 465 477 memorare
487 421 600 492 justitiae
613 423 674 492 ejus
692 422 786 478 solius.
803 423 843 477 lbi
866 425 949 489 Dens,
1006 422 1064 478 suis
1077 438 1108 479 se
1123 421 1262 493 myrrham
1277 419 1434 476 messuisse.
1448 419 1524 475 Tune
1538 418 1613 474 euim
1627 427 1656 474 et
1669 421 1806 493 passionis

155 510 230 565 Deus
253 516 313 565 tuus
327 509 436 566 docebit
453 519 478 566 te
496 511 523 565 in
542 511 723 581 jucunditate,
744 519 772 567 et
794 512 911 568 deducat
925 520 952 568 te
1006 526 1072 580 suae,
1088 518 1116 566 et
1131 525 1253 581 precum,
1265 524 1326 580 quae
1336 508 1364 563 in
1374 509 1540 565 aromatibus
1549 506 1701 580 signantur,
1718 511 1805 581 potie-

158 597 318 653 mirabiliter
331 597 444 654 dextera
458 614 519 654 sua.
532 599 640 655 Cibabit
653 607 680 655 te
693 599 782 671 pomis
797 600 859 655 vitae
872 610 899 656 et
913 600 954 655 in·
1007 605 1051 654 tur
1064 598 1175 657 ellectu.
1192 599 1260 654 Cum
1275 598 1395 654 clamore
1414 597 1550 669 siquidem
1563 596 1653 654 valido
1670 605 1698 653 et
1713 598 1805 671 laery-

157 686 290 743 tallectus.
305 686 443 758 Myrrham
458 694 485 742 et
500 695 622 742 aromata
636 687 749 743 messuit
766 688 822 746 tibi.
1007 687 1057 742 mis
1071 704 1168 760 preces
1182 685 1314 756 offerens,
1330 685 1474 743 exauditus
1489 692 1532 741 est
1549 700 1600 757 pro
1616 701 1665 740 sua
1679 702 1806 743 reveren-

191 781 219 830 6.
230 775 597 849 Mestui,inquit,myrrhom
607 779 952 835 meomeumoromattbus
1006 775 1053 842 tia,
1074 776 1162 833 laetus
1180 775 1307 831 omnibus
1325 774 1579 847 optemperantibus
1595 773 1646 830 sibi
1661 791 1743 831 eausa
1757 792 1805 830 sa·
1830 790 1832 794 ⁴

156 864 236 922 meis
262 864 497 921 Immortalitatem
525 865 597 920 enim
622 872 651 921 et
673 866 953 938 incorruptibilitatem
1006 864 1069 920 lutis
1083 873 1193 921 aeternae
1209 863 1300 934 (Hebr.
1313 880 1339 931 v,
1351 867 1377 931 7,
1390 864 1427 932 9).
1445 864 1517 928 Volo,
1530 861 1629 933 inquit,
1646 867 1678 919 et
1695 864 1743 920 abi
1756 881 1804 937 ege

156 951 271 1009 messuit
289 961 349 1024 post
371 962 498 1010 mortem.
521 955 640 1026 llyrrbae
663 953 797 1010 sionidem
822 954 953 1010 beneficio
1006 954 1157 1022 semellia
1174 954 1211 1010 sit
1230 956 1257 1010 et
1272 953 1404 1008 minister
1413 969 1491 1008 meus
1502 953 1596 1023 (leon.
1608 967 1656 1018 nrt,
1673 955 1728 1023 26).
1741 953 1804 1022 Ubi,

156 1056 273 1112 corpora
288 1046 459 1097 mortuorum
474 1043 623 1113 perdurant
636 1042 731 1098 illaesa.
748 1044 898 1116 Myrrham,
913 1042 955 1098 in·
1008 1041 1059 1096 nisi
1072 1041 1100 1097 in
1115 1043 1193 1099 horto
1208 1041 1281 1099 suo?
1295 1040 1354 1096 Erit
1369 1039 1420 1096 hoe
1434 1040 1462 1094 in
1476 1038 1612 1112 generalis
1626 1041 1805 1098 resurreetio-

157 1128 518 1201 qniemeamuenesnnm,
537 1147 619 1201 quarn
631 1140 659 1186 et
678 1130 781 1202 primus
795 1130 910 1202 aceepit,
927 1138 955 1187 et
1008 1131 1050 1186 nis
1068 1130 1249 1202 completione
1273 1149 1280 1184 ι
1307 1127 1480 1185 nihilominus
1508 1135 1601 1185 tamen
1627 1136 1655 1185 et
1673 1130 1755 1186 modo
1774 1129 1806 1186 lit
1847 1136 1850 1147 “

156 1218 231 1275 solus
251 1218 383 1291 impartit.
400 1218 527 1277 Primitiae
552 1220 625 1276 enirn
640 1220 772 1287 Christus,
787 1219 886 1276 dende
908 1222 954 1293 qui
1008 1236 1061 1291 per
1073 1217 1342 1290 contemplationem.

157 1315 221 1364 snut
244 1307 353 1364 Christi.
370 1307 508 1364 Perillam
532 1309 696 1365 resurreetio
710 1318 887 1377 mortuorum,
908 1309 956 1380 qui
1043 1310 1071 1363 7.
1095 1308 1180 1377 Quasi
1203 1308 1276 1364 enim
1300 1307 1328 1362 in
1342 1308 1452 1363 hortum
1466 1307 1528 1377 ejus
1541 1304 1720 1381 ingredimur,
1742 1323 1805 1362 cum

156 1396 261 1468 primus
289 1413 437 1470 resurgens
465 1399 522 1467 jam
549 1412 604 1453 non
637 1397 762 1454 moritur.
794 1399 868 1454 Bona
895 1398 955 1452 talis
1009 1394 1157 1451 affectuose
1172 1396 1366 1468 condigneque
1387 1403 1416 1452 et
1430 1394 1618 1450 desideranter
1632 1394 1806 1467 speculamur

155 1486 280 1556 myrrha,
295 1494 323 1541 et
348 1485 444 1541 melior
465 1501 548 1556 quam
561 1486 621 1541 haee
644 1486 753 1556 usitata,
768 1503 829 1559 quae
844 1501 955 1543 carnem
1009 1484 1103 1556 quales
1123 1484 1208 1540 sutori
1227 1500 1321 1541 sumus
1335 1500 1384 1554 per
1406 1483 1507 1555 ipsum,
1526 1489 1555 1538 et
1579 1481 1667 1556 qualis
1679 1484 1737 1552 ianr
1760 1500 1805 1539 re-

157 1579 292 1629 mortuam
307 1589 363 1630 non
382 1573 446 1629 sinit
461 1581 621 1645 putrescere
638 1592 644 1628 :
662 1591 724 1630 nam
739 1575 792 1631 ista
806 1574 955 1633 redivivam
1009 1589 1124 1644 surgens
1138 1572 1225 1629 factus
1239 1581 1281 1630 est
1295 1574 1354 1645 ipse
1377 1588 1428 1644 pro
1443 1571 1532 1642 uobis,
1558 1582 1586 1628 et
1604 1572 1632 1627 in
1647 1572 1805 1645 exemplum

156 1677 212 1718 oon
226 1661 290 1718 sinit
303 1662 434 1719 deficere.
455 1664 521 1718 Erat
535 1670 564 1719 et
585 1664 696 1734 myrrha
718 1666 779 1734 ejns
793 1664 954 1734 praecellens
971 1680 994 1760 Β
1010 1661 1098 1719 nobis.
1114 1661 1185 1731 Quid
1199 1661 1271 1728 dico,
1296 1661 1472 1736 Resurgens?
1492 1666 1520 1716 ei
1542 1671 1606 1718 ante
1625 1661 1805 1718 resurreetio-

157 1758 186 1806 et
198 1750 345 1825 singularis
358 1750 403 1806 illa
425 1749 537 1807 castitas
559 1750 709 1825 virginalis,
725 1770 787 1823 quae
806 1753 908 1809 nullum
922 1754 955 1808 ti·
1010 1767 1072 1808 nem
1087 1751 1176 1807 omnis
1188 1751 1360 1808 conversatio
1374 1752 1442 1822 ejus,
1460 1748 1531 1806 horti
1543 1749 1719 1821 pulcherrimi
1738 1767 1806 1822 gra·

157 1837 297 1894 tillationis
320 1846 424 1893 motum
448 1846 607 1909 surgentem
631 1838 727 1910 sensit,
752 1855 804 1897 nec
833 1839 954 1897 fomitem
1009 1841 1075 1897 tiam
1089 1839 1218 1912 praeiert;
1239 1839 1289 1895 sed
1303 1839 1377 1912 quod
1394 1847 1457 1895 ante
1471 1838 1611 1910 plantavit,
1627 1847 1720 1909 postea
1735 1855 1805 1896 mes

156 1925 265 1991 habuit;
281 1926 309 1982 iu
336 1941 389 1997 quo
413 1942 464 1982 nee
479 1935 569 1983 motus
593 1936 635 1984 εει
653 1927 715 1985 talis
738 1944 887 2003 repressus,
902 1946 973 1987 nee.
1010 1930 1071 1986 suit.
1096 1930 1127 1984 ln
1154 1929 1363 1996 resurreetione,
1388 1938 1416 1985 et
1437 1928 1601 1984 maturitatis
1620 1935 1648 1985 et
1662 1929 1805 1986 messionis

156 2014 244 2073 fomes
258 2015 390 2072 remissus
406 2029 412 2069 :
429 2024 583 2088 preventus
599 2024 641 2072 est
655 2016 767 2073 enimin
782 2018 954 2075 unctionibus
1010 2026 1053 2075 εει
1077 2025 1194 2091 tempus,
1216 2018 1326 2091 quando
1349 2018 1534 2091 uuusquisque
1548 2017 1671 2074 laborum
1692 2033 1803 2075 suorum

156 2104 285 2176 myrrae,
300 2113 328 2160 et
351 2107 472 2176 myrrhea
485 2121 552 2161 suae.
569 2105 693 2161 Aliorum
707 2114 820 2162 eatenus
833 2114 874 2163 est
893 2107 953 2163 elh-
1010 2107 1114 2164 fruetus
1137 2106 1280 2179 percipiet.
1305 2106 1385 2176 Quod
1405 2121 1473 2179 ergo
1488 2122 1538 2163 nos
1557 2105 1585 2160 in
1604 2107 1711 2162 hortum
1727 2124 1804 2163 suum

156 2207 206 2249 eax
222 2192 343 2263 myrrha,
355 2202 382 2250 et
393 2193 559 2251 coutinentia
569 2194 710 2268 pertingit,
721 2204 851 2253 utservet
863 2210 879 2250 a
890 2212 954 2253 cor-
1010 2203 1099 2263 vocat,
1123 2196 1196 2268 quod
1211 2197 1349 2268 myrrham
1370 2203 1397 2252 et
1411 2202 1531 2251 aromata
1547 2210 1596 2251 sua
1610 2210 1639 2250 se
1655 2194 1802 2252 messuisse

155 2281 281 2353 ruptione
298 2299 305 2336 τ
321 2284 379 2338 haec
392 2299 408 2338 a
422 2281 649 2356 corruptibilitate
664 2299 775 2340 carnem
790 2284 954 2342 dominicam
1009 2283 1162 2350 subnectit;
1188 2284 1223 2339 ad
1250 2282 1487 2353 contemplandam
1510 2282 1720 2339 resurrectionis
1742 2284 1804 2356 glo-

156 2370 276 2427 eustodit
303 2370 442 2429 intactam.
471 2371 593 2427 Aliorum
617 2373 730 2444 myrrha
752 2374 954 2444 corruptionem
1009 2372 1078 2428 riam
1096 2373 1230 2443 hortatur,
1246 2389 1307 2443 quae
1326 2371 1416 2428 lutura
1440 2377 1482 2427 est
1503 2371 1656 2442 peripsum
1671 2371 1699 2426 in
1713 2371 1802 2439 nobis,

156 2458 272 2515 carnalis
286 2459 415 2517 incentivi
431 2460 623 2532 subsequitur:
634 2463 693 2518 haee
707 2462 873 2521 incentivum
888 2480 955 2535 prae
1008 2462 1053 2519 vel
1067 2478 1127 2534 qnae
1141 2463 1197 2533 jam
1211 2461 1239 2516 in
1253 2461 1313 2532 ipso
1329 2461 1468 2531 praecessit
1481 2475 1531 2531 pro
1545 2459 1635 2518 nobis.
1651 2461 1749 2517 Nonne
1762 2460 1804 2531 ju-

155 2547 230 2604 venit
253 2563 345 2605 omne.
370 2547 480 2605 illorum
504 2547 633 2619 excludit,
650 2559 677 2605 et
701 2551 782 2621 hujus
800 2550 951 2622 praecludit.
1009 2547 1115 2604 nundus
1142 2553 1170 2602 et
1188 2561 1253 2604 vere
1272 2543 1439 2601 delectabilis
1461 2558 1624 2619 progressus
1645 2544 1759 2601 introire
1773 2546 1801 2600 in

155 2637 185 2692 ln
200 2638 265 2692 lesu
276 2652 327 2692 neo
341 2652 434 2704 eausa,
451 2653 504 2694 nee
516 2638 654 2709 corruptio
667 2658 673 2694 :
686 2638 714 2694 iu
729 2641 789 2709 ejus
804 2641 888 2697 llatre
902 2641 953 2697 etsi
1009 2637 1116 2693 hortum
1128 2634 1236 2704 Christi,
1252 2633 1365 2690 introire
1379 2635 1406 2689 in
1418 2633 1601 2706 plantationes
1614 2633 1724 2690 Domini
1739 2650 1805 2707 quo·

51 2726 54 2731 ’
156 2740 248 2789 causa,
279 2739 333 2780 non
362 2732 454 2780 tamen
484 2725 623 2796 corruptio
650 2741 657 2779 ε
682 2725 709 2781 in
738 2727 798 2782 aliis
826 2727 953 2785 omnibus
1009 2723 1071 2779 dam
1080 2730 1228 2796 prospectu
1242 2722 1276 2778 de
1290 2723 1390 2780 virtute
1404 2723 1433 2778 in
1447 2722 1575 2780 virtutem
1588 2724 1648 2794 ejus
1661 2723 1676 2782 ‘l
1690 2724 1805 2796 Prospe-

156 2818 184 2867 et
219 2827 302 2868 causa
338 2819 365 2867 et
401 2812 548 2883 corruptio.
584 2814 696 2884 lllyrrha
734 2823 828 2872 nostra
863 2824 953 2874 motus
1009 2819 1064 2879 ctu,
1095 2811 1220 2884 inquam;
1244 2827 1299 2867 non
1321 2811 1409 2869 audeo
1429 2822 1588 2884 proveetum
1608 2810 1712 2869 dicere.
1736 2813 1807 2868 Nam

156 2908 338 2972 exsurgentes
352 2900 470 2957 carnalis
484 2901 713 2972 concupiscentie
726 2904 867 2975 reprimit:
884 2923 954 2978 myr-
1010 2902 1045 2956 ad
1063 2900 1193 2959 virtutum
1219 2899 1302 2972 ipsius
1324 2900 1468 2957 veritatem
1485 2909 1512 2958 et
1526 2900 1725 2972 plenitudinem
1744 2900 1805 2974 quis

157 2989 204 3043 rba
219 2987 311 3044 llarim
326 2989 393 3046 tales
417 2998 506 3046 motus
520 2989 635 3047 nescivit
652 3005 658 3044 :
675 2993 788 3063 myrrha
809 2995 874 3050 Jesu
888 2994 952 3050 tali·
1009 2990 1061 3047 sibi
1071 2999 1229 3062 provectum
1240 2989 1704 3062 polliceturllucnndusdigressus
1714 2989 1805 3062 plane,

157 3083 200 3133 ter
214 3075 343 3133 movendi
366 3093 417 3134 nee
436 3093 557 3145 eausam,
574 3094 624 3135 nec
647 3080 780 3154 originem
795 3082 897 3138 habuit.
914 3085 954 3141 lte
1008 3086 1036 3136 et
1058 3078 1217 3136 commodus
1245 3078 1366 3152 quidem.
1392 3078 1533 3151 Nusquam
1560 3079 1649 3153 magis
1679 3080 1806 3135 burnanae

156 3164 324 3239 plenitudine
339 3167 400 3236 ejns
420 3181 516 3224 omnes
535 3167 700 3240 accepimus,
716 3179 743 3226 et
763 3173 900 3242 myrrham
919 3173 954 3229 de
1008 3169 1106 3225 mentis
1129 3167 1215 3224 fastus
1234 3167 1390 3239 reprimitur
1416 3167 1614 3232 humiliatione,
1644 3183 1695 3224 nee
1719 3166 1806 3226 fames

156 3254 278 3326 myrrha.
303 3256 414 3328 llyrrha
436 3265 538 3314 uostrae
555 3256 697 3326 eastitatis,
713 3275 827 3317 munere
851 3271 879 3318 et
893 3261 954 3318 imi·
1008 3256 1236 3330 contemplatione
1264 3256 1386 3322 satiatur,
1417 3271 1469 3312 nee
1507 3254 1643 3311 fastidium
1672 3256 1807 3312 excitatur

154 3343 257 3401 tatione
271 3344 359 3418 ipsius
373 3354 416 3403 est
432 3363 439 3404 :
455 3346 518 3403 ideo
532 3362 595 3402 eum
608 3345 637 3402 in
652 3347 732 3404 nobis
747 3352 885 3422 myrrham
901 3368 954 3408 me·
1007 3345 1188 3420 emulatione.
1206 3345 1377 3416 Comparatio
1392 3343 1529 3409 humiliat;
1552 3343 1667 3400 imitatio
1679 3353 1805 3412 exercet;

155 3431 197 3504 tit,
213 3448 292 3490 suam
315 3435 404 3493 metit.
429 3435 537 3492 Utinam
560 3435 655 3493 inme
679 3437 791 3494 multam
815 3441 953 3512 myrrham
1008 3433 1189 3492 consideratio
1212 3434 1339 3490 delectat.
1359 3432 1453 3489 Prima
1478 3432 1591 3505 premit;
1606 3432 1727 3491 secunda
1743 3449 1805 3504 pro·

155 3521 283 3593 inveniat,
299 3539 381 3595 quam
402 3531 496 3581 metat.
512 3524 653 3598 hyrrltom
667 3541 733 3584 eum
754 3529 951 3587 aromatibus:
1008 3530 1105 3591 voeat;
1130 3522 1211 3580 tertia
1230 3522 1326 3594 pascit.
1350 3521 1451 3580 Premit
1474 3521 1658 3588 immensitas;
1673 3531 1806 3594 provocat

155 3609 184 3667 id
197 3619 239 3667 est
252 3611 446 3669 abstinentiam
455 3613 519 3669 mali
535 3629 596 3670 cum
610 3613 753 3672 aflectibus
767 3617 848 3684 boni;
859 3617 953 3674 distri-
1008 3614 1151 3681 honestas,
1166 3611 1254 3685 pascit
1268 3611 1378 3669 veritas.

156 3697 274 3756 ctionem
294 3699 395 3770 camis,
411 3707 438 3757 ει
457 3701 631 3759 devotionem
650 3703 753 3772 eordis;
770 3706 828 3762 sive
852 3713 955 3779 tempe-
1043 3707 1070 3758 8.
1086 3700 1209 3774 Denique
1223 3699 1304 3773 paulo
1318 3707 1381 3773 post
1390 3699 1451 3771 ipse
1467 3698 1593 3765 dilectus,
1609 3699 1668 3771 ipse
1683 3716 1801 3772 sponsus
1845 3712 1850 3721 '

156 3786 273 3844 rentiam
286 3802 302 3843 a
315 3786 406 3855 licitis,
423 3788 481 3845 sive
504 3788 679 3846 tolerantiam
697 3792 726 3847 in
745 3792 854 3863 injuriis
878 3795 953 3852 aeci·
1009 3790 1110 3847 amieos
1127 3797 1155 3846 et
1169 3789 1343 3846 charissimos
1366 3787 1416 3844 sibi
1436 3787 1538 3857 invitat,
1559 3798 1588 3845 ut
1611 3789 1755 3846 comedant
1779 3798 1807 3846 et

156 3875 272 3949 piamun.
291 3877 323 3932 ln
345 3878 457 3949 myrrha
479 3877 552 3934 bene
575 3877 717 3953 utriusque
739 3881 870 3938 virtutum
894 3899 956 3940 aro-
1009 3881 1113 3949 bibant,
1132 3886 1159 3935 et
1171 3879 1341 3937 inebrientur
1358 3894 1364 3932 :
1381 3894 1490 3951 quoque
1506 3880 1593 3950 major
1608 3879 1662 3935 illis
1677 3878 1803 3936 innasca-

157 3965 394 4024 matasooiautur.
411 3967 474 4023 llaec
494 3972 536 4022 est
550 3967 622 4025 euim
636 3969 726 4042 gratia
741 3971 764 4026 si
778 3971 952 4029 benefacien-
1010 3975 1053 4024 tur
1075 3968 1198 4038 aviditas,
1228 3969 1263 4025 de
1288 3983 1337 4024 suo
1360 3966 1437 4039 prius
1469 3966 1605 4024 blanditur
1625 3975 1653 4023 et
1673 3967 1804 4040 proponit

158 4059 200 4110 tes
213 4052 392 4125 flagellamur,
405 4054 497 4126 si,ipsi
511 4057 694 4129 nosmetipsos
708 4058 774 4114 loris
789 4060 953 4134 affligentes,
1009 4058 1149 4114 convivio:
1165 4058 1450 4129 demediseeumeom
1461 4057 1623 4115 mettensem
1634 4057 1804 4125 Tuumtesn

161 4138 243 4200 187
259 4157 292 4199 eo
314 4142 374 4213 ipso
389 4143 508 4201 suaviter
530 4143 603 4200 intus
626 4144 769 4203 afficimur.
784 4147 895 4204 llultam
918 4151 953 4206 de
1009 4148 1093 4212 bone,
1109 4152 1254 4217 utrumque
1269 4153 1319 4213 est,
1341 4153 1368 4201 et
1384 4145 1450 4201 illud
1464 4146 1519 4200 mel
1535 4147 1607 4216 quod
1622 4148 1681 4213 das,
1697 4145 1805 4203 utillud

158 4230 286 4303 martyris
308 4231 455 4311 Laurentii,
471 4234 560 4304 culus:
584 4238 643 4289 esta
658 4250 730 4291 nunc
752 4236 870 4309 agimus,
887 4254 954 4313 agro
1009 4234 1081 4307 quod
1106 4251 1145 4290 es.
1170 4233 1225 4290 Sed
1239 4234 1292 4290 hoe
1317 4234 1345 4289 in
1365 4233 1424 4290 loco
1440 4234 1494 4289 rrrel
1516 4234 1581 4289 illud
1597 4234 1670 4307 quod
1690 4250 1721 4290 es
1735 4234 1803 4306 ipse,

157 4320 297 4392 myrrham
320 4320 478 4389 demessuit,
505 4330 625 4380 aromata
647 4323 750 4396 multa;
775 4324 954 4383 confessionis
969 4364 993 4441 ss
1009 4329 1108 4379 nostrae
1131 4321 1319 4395 intelligentiae
1338 4338 1367 4379 se
1391 4323 1542 4394 promptius
1557 4321 1648 4378 ellert.
1673 4323 1727 4379 Cur
1750 4338 1805 4380 non

157 4410 304 4482 myrrham,
330 4410 511 4467 confessionis
537 4417 665 4488 aromata.
696 4414 738 4468 hd
761 4413 852 4489 ignem
881 4416 953 4472 enim
1008 4411 1077 4467 dicis
1092 4411 1181 4467 levum
1201 4420 1287 4478 tuum,
1302 4411 1371 4468 sieut
1386 4411 1439 4467 mel
1459 4412 1552 4468 tuum?
1575 4412 1630 4467 Cur
1644 4412 1695 4467 hae
1709 4411 1806 4466 distin·

157 4496 306 4570 applicatus
333 4499 468 4556 Christum
501 4499 642 4557 consessus
668 4509 726 4568 est;
750 4517 849 4574 corpus
876 4520 953 4560 suum
1008 4502 1098 4559 ctione
1112 4517 1189 4558 nunc·
1199 4500 1306 4558 uteris?
1329 4502 1363 4556 Et
1384 4500 1458 4558 lavas
1474 4507 1535 4556 tuus
1557 4509 1609 4567 est,
1626 4500 1696 4556 sieut
1711 4501 1807 4557 etmel

157 4585 277 4657 tradidit,
292 4587 330 4643 ita
353 4596 382 4645 nt
405 4587 535 4659 arderet;
560 4587 703 4647 facultates
730 4590 858 4663 dispersit
885 4608 953 4664 pau·
1009 4598 1085 4646 tuum
1102 4609 1108 4649 :
1125 4589 1248 4663 quamvis
1273 4589 1415 4647 manifeste
1438 4588 1511 4646 istud
1525 4589 1672 4663 exprimas,
1689 4606 1752 4646 eum
1771 4590 1805 4645 il-

156 4675 277 4746 peribus.
294 4675 363 4733 Caro
384 4678 445 4747 eius
467 4685 587 4735 cremata
606 4687 648 4735 est
670 4687 783 4753 propter
806 4681 953 4750 Christum,
1009 4679 1054 4735 lud
1068 4679 1157 4736 sileas.
1173 4680 1230 4736 Tua
1253 4687 1294 4735 est
1317 4686 1432 4751 utraque
1446 4685 1563 4745 natura,
1578 4678 1626 4734 sed
1642 4677 1732 4735 divim
1747 4687 1803 4747 tua,

156 4762 206 4819 sed
221 4777 268 4819 eor
283 4764 370 4836 magis
393 4764 421 4819 in
436 4766 543 4823 Christo
558 4786 566 4822 r
581 4765 644 4823 ideo
668 4768 703 4823 de
717 4768 845 4826 eraticula
870 4786 954 4829 voca·
1009 4776 1036 4825 ει
1063 4769 1143 4842 quasi
1169 4767 1328 4824 naturaliter
1356 4778 1411 4837 tua,
1436 4768 1555 4824 humana
1577 4782 1632 4823 non
1662 4773 1705 4822 est
1729 4770 1806 4840 quasi

156 4858 202 4907 tur
215 4851 250 4908 ad
265 4852 384 4910 hortum.
399 4854 435 4909 Et
457 4855 522 4911 dum
540 4854 569 4911 in
587 4855 716 4913 eraticula
734 4865 804 4929 erat,
825 4860 860 4915 ab
875 4863 954 4918 horto
1009 4855 1169 4913 naturaliter
1183 4864 1238 4926 tua,
1255 4855 1303 4910 sed
1318 4854 1405 4927 magis
1427 4862 1576 4927 assumpta,
1597 4861 1626 4909 et
1648 4853 1806 4926 dignatione

156 4957 212 4998 nou
225 4941 330 4998 aberat.
345 4941 425 4999 Nune
439 4949 544 5000 tantum
557 4943 587 5000 in
600 4945 692 5018 horto,
707 4962 761 5004 nou
777 4954 868 5005 tamen
883 4956 955 5006 totus
1011 4945 1058 5002 tibi
1072 4944 1173 5002 aflecta
1187 4951 1229 5000 est
1250 4942 1391 4999 naturalis.
1408 4945 1520 5001 consedi
1530 4946 1629 5016 forum
1642 4960 1709 5000 cum
1722 4944 1807 5003 mette

154 5029 183 5086 iu
198 5045 242 5088 eo.
258 5031 329 5088 Caro
346 5031 550 5103 ejusadhncin
564 5035 739 5108 corruptione
755 5046 874 5106 tenetur,
890 5054 956 5095 non-
1009 5051 1080 5093 naso.
1102 5035 1173 5090 dnm
1200 5048 1286 5089 sacrae
1312 5042 1476 5106 conceptum
1504 5033 1624 5107 Virginis
1648 5033 1726 5105 quasi
1754 5033 1807 5089 mel

155 5119 219 5176 dum
241 5120 363 5180 refloruit
378 5138 385 5180 :
409 5123 550 5181 reflorebit
569 5133 658 5183 autem
679 5142 742 5183 eum
760 5127 843 5185 fuerit
856 5142 956 5200 corpus
1009 5121 1094 5176 solnm
1105 5126 1174 5188 erat,
1185 5127 1214 5177 et
1224 5119 1365 5192 sineiavo,
1378 5120 1499 5178 nondum
1511 5121 1650 5178 incarnata
1664 5121 1805 5180 Divinitas.

154 5208 313 5267 humilitatis
332 5219 433 5269 nostrae
452 5214 594 5271 conforme
614 5217 722 5288 corpori
737 5215 866 5273 claritatis
879 5219 954 5274 Jesu.
1010 5211 1106 5268 Postea
1120 5211 1173 5267 mel
1195 5211 1223 5266 in
1238 5210 1310 5278 lavo,
1328 5211 1403 5268 Deus
1421 5211 1449 5268 in
1465 5212 1575 5269 bomine
1596 5227 1693 5270 :nune
1712 5220 1807 5269 autem

154 5294 230 5354 Tunc
268 5309 353 5359 metet
374 5301 581 5360 immortalitatis
608 5305 757 5376 myrrham,
784 5320 867 5378 quam
896 5305 956 5378 ipse
1009 5300 1087 5359 favus
1101 5300 1130 5357 in
1143 5301 1235 5372 melle,
1250 5301 1332 5357 homo
1346 5301 1452 5358 Deitate
1471 5303 1594 5360 vestitus.
1611 5303 1686 5359 Etsi
1709 5318 1810 5375 cogno·

153 5387 333 5457 praemessuit,
361 5397 389 5446 et
422 5399 542 5447 aromata
563 5391 727 5451 multimode
753 5392 856 5465 gloriae.
880 5394 956 5451 Tunc
1009 5393 1101 5449 cimas
1118 5391 1263 5450 Christum
1277 5391 1575 5457 secandarneornem‚
1592 5391 1640 5447 sad
1654 5407 1733 5448 nusae
1744 5394 1809 5463 jem

152 5488 219 5533 vera
231 5472 357 5532 invitabit
370 5477 496 5537 etdieet:
512 5483 577 5541 Veni
587 5482 618 5538 te
633 5481 750 5543 hertam
759 5498 864 5555 mm,
876 5500 955 5546 soror
1009 5481 1264 5554 maromontem.
1275 5479 1312 5535 ait
1324 5478 1472 5553 apestolus
1484 5478 1523 5552 (ll
1537 5479 1600 5538 eor.
1622 5496 1649 5548 v,
1663 5482 1720 5549 lt).
1732 5480 1808 5539 stent
