3706 5962
59 223 112 286 945
538 222 707 284 SERMONES
726 223 770 283 hlt
790 221 909 284 VERBIS
928 221 1044 285 DOMINI
1062 223 1096 284 th
1115 222 1227 286 COENA.

1654 220 1709 295 dih

60 360 139 420 cepto
162 363 256 404 ornnes
277 347 413 421 obediant,
435 356 462 405 et
479 350 613 407 cervicem
636 350 772 421 superhiae
793 366 850 405 suae
867 361 892 440 p
909 349 974 405 lexit
988 365 1038 405 nos
1053 359 1080 407 ει
1097 350 1163 406 lavit
1188 350 1222 404 ab
1237 346 1312 405 omni
1334 345 1538 419 inquinamento
1563 346 1654 405 carnis
1677 356 1707 407 et

59 440 111 493 suh
125 440 192 509 jugo
211 453 267 493 suae
282 438 441 494 humilitatis
456 439 582 494 edomare
602 439 736 495 festinent.
753 438 849 511 lgitur,
911 438 1023 510 spiritus
1038 438 1064 492 in
1078 438 1284 509 sanguinesuo.

59 526 157 582 iratres
184 525 248 592 mei,
273 534 397 599 tanquam
431 528 495 584 boni
528 527 654 598 discipuli
681 527 791 596 Christi,
820 528 855 582 ad
947 529 974 581 ll.
987 526 1062 581 Sicut
1076 525 1158 599 igitur
1172 542 1222 583 nos
1233 525 1358 582 Christus
1371 523 1474 594 duplici
1484 539 1577 581 amore
1587 523 1705 583 dilexit:

60 614 222 670 audiendum
256 624 342 671 estote
370 615 464 686 parati,
492 624 519 673 et
547 626 711 688 preceptum
744 615 854 683 Christi,
910 614 946 669 ita
967 631 1018 671 nos
1036 614 1099 669 bina
1117 615 1243 672 charitate
1269 613 1385 684 tlagrare
1404 613 1543 684 praecepit,
1562 614 1706 672 dilectione
1771 616 1774 621 ’

59 703 133 773 quod
160 705 319 776 evangelica
341 704 419 762 vohis
433 705 535 761 intonat
553 707 629 773 tuba,
649 705 764 762 libenter
782 705 853 762 aeci·
910 702 952 761 aui
966 711 994 758 et
1005 702 1150 759 dilectione
1164 702 1290 776 proximi.
1307 702 1337 758 Si
1351 703 1508 758 charitatem
1523 702 1581 757 Deo
1605 710 1631 756 ει
1650 704 1704 758 ho-

58 793 123 861 pite‚
149 800 175 848 et
198 792 342 851 elficedter
366 796 393 850 iu
413 795 539 850 omnihus
552 803 579 850 ct
599 793 750 866 peremnia
767 794 854 850 adim·
908 790 1027 847 minibus
1037 793 1120 848 corde
1135 807 1215 864 puro,
1230 800 1257 846 ει
1270 791 1438 848 conscientia
1452 791 1534 859 bona,
1549 798 1577 846 ει
1588 789 1703 846 lidenon

59 881 145 951 plate3
173 889 203 936 ut
225 883 256 936 ad
285 882 360 938 illuni
381 883 491 953 possitis
515 899 564 954 per
586 897 706 940 amorem
727 883 856 953 redire,a
908 878 969 935 fleta
992 874 1171 948 exhibemus}
1199 879 1277 937 focile
1297 888 1410 951 peccato
1439 878 1600 947 resistimus
1625 878 1705 935 bonis

58 984 112 1040 quo
128 986 175 1040 per
192 978 325 1026 tumorem
340 972 473 1042 snperbiae
488 971 649 1028 recessistis.

94 1105 120 1156 3.
140 1103 219 1157 Nunc
235 1103 356 1159 intendat
371 1104 488 1160 charitas
508 1112 595 1159 restra
610 1104 676 1176 qnid
690 1103 767 1162 vobis
781 1119 852 1175 prae-

57 1189 140 1259 cipiet
153 1192 269 1247 charitas
288 1207 361 1259 vora,
384 1192 502 1248 charitas
517 1193 658 1264 exquisita,
678 1193 794 1249 charitas
808 1193 851 1247 in·

56 1278 156 1345 andita,
177 1280 294 1336 charitas
322 1281 377 1351 pia,
401 1282 518 1337 charites
546 1281 629 1353 hona,
653 1281 768 1337 charitas
795 1287 853 1336 tota

57 1366 154 1432 dulcis,
178 1375 234 1424 tota
256 1368 424 1426 delectabilis
439 1369 554 1425 charitas
570 1385 688 1441 sponsus
702 1369 851 1441 speciosus,

57 1453 183 1521 decorus,
198 1457 337 1527 candibus,
354 1457 530 1524 rubicundus,
550 1458 653 1515 electus
670 1475 704 1513 ex
722 1457 850 1524 millibus,

57 1543 181 1599 Christus
196 1545 280 1602 futuri
299 1546 388 1602 ειεειιιί
406 1546 501 1617 judex,
517 1547 642 1618 princeps
655 1546 730 1619 pacis
750 1555 777 1602 et
792 1547 850 1602 Do-

58 1631 149 1687 minus
160 1634 231 1689 vitae.
253 1635 296 1691 dit
314 1635 445 1691 Dominus
463 1636 542 1691 Jesus
557 1652 604 1706 per
624 1637 712 1691 omnia
727 1643 889 1726 temporep

57 1719 217 1777 benedictus
234 1725 308 1779 :lloe
322 1726 364 1778 cst
380 1727 552 1795 preceptum
561 1740 663 1791 meam,
679 1727 713 1778 ot
723 1723 851 1797 diligatis

57 1809 187 1874 inuicem,
203 1813 281 1880 sicot
295 1811 388 1867 dileat
408 1828 465 1870 ecs.
487 1813 556 1867 teve
576 1817 753 1882 preceptum,
769 1825 853 1866 snare

58 1906 233 1967 pracceptum,
259 1906 286 1953 ει
313 1897 391 1954 dulce
419 1905 594 1970 praeocptum.
621 1898 662 1953 Ad
691 1899 852 1970 portandum

56 1982 127 2048 leve,
144 1985 177 2038 ad
200 1987 417 2055 amplectendum
440 2003 533 2055 suave,
555 1987 588 2042 ad
607 1987 752 2042 nuendum
775 1987 852 2044 dulce

55 2080 84 2127 ct
103 2072 269 2128 delectabile.
296 2074 367 2142 Qnid
391 2075 488 2146 levius,
518 2075 583 2147 quid
604 2075 724 2142 suavius,
754 2076 852 2145 quidve
886 2098 888 2103 ·

56 2159 174 2227 dulcius,
199 2177 281 2233 quam
301 2162 434 2233 diligere?
456 2165 512 2218 lloc
540 2170 629 2234 potest
646 2164 735 2219 omnis
757 2163 849 2230 homo,

56 2263 140 2303 sanna
154 2258 182 2304 ει
200 2265 281 2320 aeger,
303 2250 379 2306 dives
392 2259 419 2305 ει
432 2266 544 2322 pauper,
569 2251 666 2307 stultns
688 2262 713 2307 et
732 2252 850 2322 sapiens,

57 2337 157 2392 nobilis
171 2346 200 2392 et
212 2338 350 2410 ignobilis,
362 2355 456 2397 servus
471 2348 498 2395 et
506 2340 585 2396 liber.
596 2340 683 2396 Nemo
693 2356 722 2396 se
732 2348 851 2410 excuset,

56 2441 138 2482 nemo
153 2442 182 2481 se
197 2428 223 2481 in
238 2428 290 2482 hac
301 2434 375 2497 parte
389 2427 551 2500 apologizet.
566 2427 683 2484 Cuilibet
696 2428 798 2484 homini
811 2437 853 2484 εει

57 2514 225 2586 possibilitas
240 2516 460 2583 istaeommunis,
477 2515 709 2574 amareridalioct.
725 2517 853 2591 Sequitur

56 2604 189 2676 igiturex
210 2611 344 2676 praeeepto
370 2605 517 2676 dominico,
537 2613 567 2662 ιιι
580 2621 631 2662 ιιοε
653 2605 770 2663 inuicem
791 2605 854 2663 dili-

58 2709 124 2764 gere
137 2692 298 2749 debeamus.

60 2893 62 2898 A
92 2828 119 2881 l.
135 2825 187 2882 Sed
203 2827 331 2898 quoniam
355 2826 433 2882 multi
458 2841 487 2883 se
509 2825 635 2899 diligunt,
659 2839 712 2881 non
727 2839 761 2881 ea
783 2823 851 2881 dilc-

53 2914 142 2970 ctione
156 2930 218 2986 quae
230 2915 345 2972 charitas
358 2924 408 2985 est,
426 2913 473 2971 sed
489 2929 520 2970 ea
533 2930 594 2985 qnae
608 2914 634 2969 in
651 2911 795 2970 Dominum
811 2922 852 2971 est
871 2909 893 2988 c

53 3001 232 3074 blasphemia,
248 3011 324 3060 ntea
340 3020 400 3076 quae
415 3003 444 3059 lit
464 3018 513 3074 pro
529 3003 598 3074 pella
612 3003 645 3057 ad
664 3001 774 3071 pellem,
790 3018 851 3075 quae

52 3091 169 3163 concipit
189 3093 320 3162 dolorem,
341 3101 367 3148 et
387 3091 457 3162 parit
469 3091 655 3164 iniquitatem3
677 3101 707 3149 nt
728 3107 798 3149 caeca
818 3091 852 3146 li·

53 3179 129 3244 bido,
146 3180 328 3250 prostibulosa
342 3180 450 3250 cupido,
474 3197 535 3253 quae
549 3181 697 3253 equuleum
720 3197 800 3237 suum
814 3181 854 3239 sic

54 3269 88 3323 ad
109 3268 292 3342 impetiginem
307 3269 459 3324 calcaribus
483 3269 590 3324 malitiae
611 3277 640 3324 et
662 3270 789 3339 nequitiae
812 3273 853 3331 ire

55 3352 201 3426 compellit,
217 3364 246 3412 ut
260 3357 417 3413 barathrum
436 3356 535 3412 inlerni
553 3356 582 3411 in
602 3371 657 3428 quo
680 3365 730 3421 εει,
752 3361 851 3429 praeai-

56 3445 121 3501 dere
135 3453 161 3500 et
177 3445 263 3501 altare
277 3461 330 3500 non
345 3444 432 3515 possit
453 3461 459 3497 :
480 3445 636 3514 adjunctum
653 3452 702 3511 est,
719 3445 795 3501 sicut
813 3443 853 3499 di·

56 3533 114 3589 looi
139 3550 194 3591 uos.
230 3531 374 3600 Quomodo
399 3531 523 3588 Christus
549 3547 600 3587 nos
626 3530 741 3588 dilexit?
770 3533 853 3588 Prout

55 3618 124 3691 ipsc·
139 3620 223 3688 dedit,
260 3636 341 3690 supra
382 3620 510 3692 scriptum
539 3619 705 3692 reliquimus.
733 3620 787 3677 Sed
822 3624 851 3676 ul

55 3708 82 3764 ιε
106 3711 192 3781 ipsum
217 3711 251 3765 ad
276 3710 346 3766 istud
375 3707 595 3781 cognoscendum
619 3708 745 3765 reducam
771 3708 806 3763 ad
825 3717 851 3766 te

908 967 1034 1023 omnibns
1048 970 1229 1037 abundamus,
1239 968 1331 1025 saeculi
1345 968 1530 1023 blandimenta
1553 966 1701 1038 rejicimus¹

908 1065 935 1112 et
949 1055 1323 1127 omniaetiamquaedilficilia
1337 1063 1401 1110 sunt
1416 1056 1545 1111 hnmauae
1565 1053 1712 1127 fragilitati

906 1145 946 1202 ael
957 1159 1063 1216 aspera.
1071 1136 1224 1202 etiamnum
1237 1144 1382 1200 dilectione
1393 1143 1556 1212 perficimus,
1576 1142 1600 1196 si
1612 1151 1703 1200 tamen

905 1232 992 1288 Deum
1004 1231 1125 1304 perlecta
1147 1231 1288 1298 charitate,
1303 1247 1364 1302 quae
1387 1231 1467 1285 nohis
1481 1231 1515 1286 ab
1529 1230 1574 1286 illo
1593 1241 1644 1295 est.
1667 1246 1704 1305 ex

907 1327 963 1375 toto
977 1319 1057 1376 corda
1072 1327 1099 1376 ει
1113 1336 1146 1376 ex
1165 1326 1221 1375 tcta
1241 1320 1330 1376 anima
1351 1318 1504 1396 diligamus.
1530 1320 1607 1375 Hnnc
1630 1320 1651 1375 si
1671 1335 1703 1376 ex

906 1416 963 1465 toto
977 1410 1058 1466 corde
1071 1410 1222 1483 diligimus,
1232 1410 1299 1466 nihil
1315 1411 1366 1466 erit
1377 1411 1405 1466 in
1419 1412 1508 1479 nobis,
1519 1404 1704 1482 unnepeccatt

906 1498 1047 1554 desideriis
1057 1499 1215 1555 serviamus.
1231 1500 1263 1554 lit
1276 1499 1340 1572 quid
1353 1507 1393 1555 cst
1408 1500 1491 1554 Deum
1512 1498 1648 1572 diligere?
1662 1498 1704 1553 Illi

905 1587 954 1641 soli
969 1587 1105 1657 occupari,
1121 1587 1210 1642 animo
1226 1588 1371 1659 concipere
1395 1586 1517 1644 l'rnendae
1527 1585 1637 1642 visionis
1646 1587 1705 1655 eius

904 1674 1041 1744 allectum,
1058 1675 1158 1732 habere
1182 1677 1283 1748 peccati
1296 1678 1405 1744 odium,
1425 1676 1520 1731 mundi
1539 1675 1675 1731 fastidium
1695 1691 1702 1729 ι

905 1763 1017 1836 diligere
1028 1764 1180 1834 proximum
1194 1780 1275 1838 quem
1301 1764 1328 1819 in
1359 1765 1504 1820 accensuit
1518 1763 1703 1836 diligendum,

906 1852 934 1906 in
948 1853 1009 1920 ipso
1018 1866 1110 1908 amore
1119 1868 1230 1909 servare
1243 1853 1396 1927 legitimum
1403 1852 1527 1918 modurn,
1540 1868 1589 1908 nec
1598 1867 1707 1920 premar·

906 1948 961 1997 tere
975 1939 1125 1997 dilectionis
1139 1941 1262 1997 ordinem
1276 1943 1463 1998 constitutum.
1479 1939 1612 1997 Ordinem
1635 1939 1706 1995 dile-

904 2028 1003 2085 ctionis
1017 2028 1056 2084 illi
1080 2037 1249 2100 pervertunt,
1265 2044 1315 2085 nee
1330 2029 1441 2085 modum
1465 2028 1595 2101 diligendi
1609 2036 1706 2086 custo-

903 2116 991 2186 diunt,
1006 2118 1052 2190 qui
1067 2128 1115 2173 aut
1128 2120 1257 2174 mundum
1270 2117 1314 2189 qui
1328 2117 1539 2174 contemnendus
1551 2115 1639 2174 644
1654 2125 1706 2190 εει,

905 2205 1032 2277 diligunt,
1048 2213 1094 2260 aut
1109 2219 1226 2278 corpora
1237 2221 1285 2261 sua
1299 2205 1390 2261 minus
1409 2202 1546 2277 diligenda
1556 2203 1622 2274 ¹plus
1640 2203 1705 2260 dili-

906 2301 988 2367 gunt3
1012 2300 1059 2349 aut
1083 2293 1222 2364 proximos
1245 2309 1310 2349 suos
1333 2309 1388 2350 non
1411 2293 1480 2350 sicut
1500 2307 1530 2349 se
1549 2291 1635 2362 ipsos,
1659 2300 1707 2349 aut

906 2383 992 2437 Deum
1006 2381 1160 2454 plusquam
1175 2381 1302 2454 seipsos,
1319 2381 1582 2453 lortenondilignnt.
1601 2380 1708 2452 Corpus

906 2472 1029 2526 nostrum
1045 2471 1151 2526 anobis
1165 2479 1206 2526 est
1227 2469 1407 2542 diligendum,
1422 2477 1451 2525 ιιι
1477 2468 1557 2527 saluti
1581 2471 1641 2539 ejus
1662 2479 1708 2526 aut

906 2557 1042 2629 fragilitati
1057 2561 1214 2616 naturaliter
1240 2559 1428 2624 consulamus;
1445 2566 1474 2613 ιιι
1500 2557 1605 2631 spiritui
1629 2554 1706 2614 ordi-

905 2639 968 2701 nate
984 2647 1083 2704 serviat
1096 2648 1153 2704 suis
1167 2647 1295 2713 motibus,
1313 2647 1409 2703 animae
1423 2656 1451 2703 et
1465 2646 1563 2703 rationi
1583 2646 1613 2701 in
1632 2642 1707 2702 nullo

906 2734 1082 2808 contradicat,
1104 2743 1134 2791 nt
1148 2736 1177 2791 in
1190 2736 1235 2792 die
1248 2735 1455 2793 resurrectionis
1469 2735 1557 2810 gloria
1571 2733 1643 2791 felici
1657 2749 1707 2806 pe·

908 2823 1028 2880 renuiter
1042 2840 1105 2882 cum
1116 2824 1233 2881 Domino
1248 2824 1330 2881 visat.

1210 2913 1329 2971 SEllllO
1351 2913 1413 2972 XV.

1087 3004 1121 3059 ln
1134 3017 1203 3059 ocra.
1223 3003 1256 3057 ll
1269 3018 1331 3075 cap.
1346 3018 1387 3059 xa
1396 3003 1528 3061 loannis.

945 3094 970 3145 l.
991 3089 1129 3147 Proximos
1144 3097 1254 3147 nostros
1273 3099 1337 3148 tunc
1356 3091 1497 3163 diligimus
1511 3091 1581 3147 sicut
1596 3106 1658 3161 nos,
1684 3090 1709 3146 si

908 3194 960 3236 non
976 3186 1086 3250 propter
1100 3178 1204 3252 aliquas
1231 3180 1363 3235 utilitates
1378 3187 1494 3248 nostras,
1509 3179 1554 3235 vel
1575 3178 1706 3250 sperande

907 3266 1048 3332 beneficia,
1064 3267 1235 3336 aelarccpta,
1249 3267 1291 3323 rel
1303 3275 1417 3340 propter
1431 3266 1585 3332 affinitates,
1595 3269 1708 3323 velcon·

907 3353 1125 3425 sanguinitates3
1147 3356 1193 3408 sel
1218 3363 1334 3424 propter
1352 3356 1406 3410 hoc
1422 3362 1537 3419 tantum,
1552 3355 1624 3426 quod
1644 3361 1708 3410 sunt

907 3440 1287 3513 nosrraenataraepartieipes,
1302 3441 1461 3512 diligamus.
1478 3440 1596 3500 Proinde
1611 3456 1708 3498 secun·

907 3531 971 3585 dum
991 3530 1044 3585 hoc
1058 3544 1108 3585 nos
1126 3543 1221 3585 omnes
1236 3528 1376 3600 proximos
1394 3529 1551 3600 diligemus,
1576 3537 1707 3598 quantum

906 3618 938 3672 ad
954 3633 1043 3674 mores
1059 3617 1146 3672 bonos
1161 3617 1233 3672 etad
1248 3619 1330 3674 ritem
1345 3626 1472 3673 aeternam
1488 3618 1707 3689 consequendam

906 3720 1001 3762 eornm
1021 3705 1110 3776 saluti,
1126 3707 1197 3762 sicut
1211 3709 1239 3762 et
1256 3714 1355 3763 nostrae
1372 3721 1514 3779 proposse
1528 3705 1704 3775 consulendo,

55 3797 156 3870 ipsum,
172 3801 276 3856 noverit
292 3799 399 3856 dilectio
415 3808 469 3867 tua,
486 3805 580 3854 sancta
598 3795 691 3871 religio
707 3804 761 3866 tua,
778 3793 851 3871 qnod
904 3804 933 3851 ct
945 3810 1038 3851 eorum
1052 3794 1263 3865 necessitatibus,
1278 3802 1358 3866 prout
1371 3794 1484 3852 facultas
1498 3794 1707 3866 suppetit,suh-

55 3903 117 3943 caro
133 3888 233 3943 Christi
247 3900 273 3944 ει
296 3887 417 3960 sangnis,
433 3887 521 3958 quiin
536 3886 613 3944 altari
628 3902 644 3941 a
668 3884 792 3943 lidelihus
806 3903 851 3942 sn·
905 3883 1046 3939 veniendo.
1062 3882 1147 3940 Deum
1169 3900 1201 3940 ex
1218 3891 1274 3941 toto
1290 3884 1371 3941 corde
1385 3883 1535 3959 diligimus,
1552 3884 1574 3939 si
1598 3882 1637 3940 illi
1656 3882 1707 3941 soli

56 3978 139 4031 mitur
153 3985 179 4031 ει
193 3976 355 4042 immolatur,
374 3976 420 4031 tibi
438 3977 622 4032 testimonium
642 3975 766 4047 perhibet
778 3989 850 4047 quo·
904 3973 1050 4028 secundum
1074 3979 1197 4029 nostrum
1220 3988 1303 4045 posse
1318 3972 1425 4044 placere
1448 3972 1651 4038 contendimns;
1681 3970 1704 4028 si

57 4064 138 4119 modo
162 4066 214 4116 nos
239 4063 365 4118 dilexerit
387 4063 517 4119 Christus.
546 4065 611 4121 ldeo
632 4072 725 4121 noscat
743 4063 851 4120 dilectio
906 4061 964 4132 ipse
979 4050 1438 4144 solns‘estqdesiderinmnostrum
1453 4077 1517 4131 spes
1541 4068 1644 4130 nostra,
1660 4059 1705 4116 in·

57 4157 113 4213 tna,
143 4148 216 4221 quod
244 4149 350 4205 utilitati
389 4151 572 4220 proximorum
605 4151 706 4207 utilitas
739 4151 851 4223 propria
909 4150 991 4206 tentio
1004 4159 1108 4219 nostra,
1125 4159 1197 4207 totus
1219 4166 1296 4206 amor
1319 4158 1422 4216 noster,
1440 4157 1497 4206 tota
1511 4149 1627 4205 charitas
1651 4163 1705 4204 no-

57 4233 220 4312 quandoqne
236 4245 277 4293 εει
300 4237 499 4311 postponenda.
520 4239 572 4295 Sed
597 4240 620 4295 si
635 4238 712 4296 aliern
726 4239 854 4297 dilectio·
908 4246 973 4294 stra.
987 4239 1113 4311 Alioquin
1125 4238 1199 4295 illum
1220 4254 1275 4293 non
1288 4238 1405 4309 perlecta
1419 4237 1568 4311 diligimus,
1579 4238 1702 4292 neccha-
1789 4307 1797 4317 ι

57 4344 117 4383 ιιειιι
134 4325 234 4383 Christi
258 4327 346 4382 adhuc
365 4327 493 4383 sanctitas
517 4334 562 4383 tna
580 4327 708 4399 requirit;
728 4328 808 4385 etiam
827 4328 855 4383 in
908 4326 1011 4382 ritatem
1031 4335 1153 4383 tenemus
1174 4344 1181 4381 a
1198 4331 1225 4380 ει
1240 4325 1288 4397 qni
1302 4326 1459 4382 charitatem
1473 4339 1527 4380 non
1543 4325 1634 4390 habet,
1647 4323 1704 4394 jam

57 4416 137 4472 honis
150 4415 346 4487 temporalibus
367 4415 417 4471 tibi
442 4417 476 4471 ab
494 4415 554 4492 ipso
573 4415 677 4472 collatis
692 4415 795 4487 poteris
809 4414 853 4470 in·
908 4429 963 4469 non
977 4416 1020 4470 est
1034 4415 1111 4484 eius3
1132 4429 1181 4470 nac
1195 4412 1270 4469 illum
1286 4413 1429 4469 habehitin
1445 4411 1584 4484 praemium
1600 4411 1641 4467 sui
1662 4411 1704 4466 lt·

56 4505 160 4562 venire.
185 4505 262 4561 Unde
285 4503 433 4560 notandum
452 4511 503 4572 εει,
524 4504 592 4560 duas
611 4519 671 4561 esse
685 4502 785 4560 Christi
808 4502 852 4557 di·
906 4499 989 4568 beris,
1006 4502 1051 4572 qui
1066 4502 1094 4557 in
1108 4502 1157 4557 hac
1171 4515 1326 4556 aernmnosa
1340 4500 1489 4558 solitudine
1505 4508 1603 4557 rectam
1618 4500 1702 4557 semi-

57 4595 188 4651 lectiones
213 4611 220 4647 :
245 4609 324 4650 unam
351 4588 544 4666 temporalem,²
562 4593 641 4648 aliam
669 4590 852 4664 spiritualem3
905 4596 958 4644 tam
974 4603 1028 4646 non
1043 4588 1159 4645 tenuerit
1173 4588 1321 4646 charitatis.
1337 4589 1401 4644 Haec
1415 4593 1467 4655 est,
1482 4587 1593 4658 inquam
1608 4586 1704 4645 semita

56 4698 140 4738 unam
159 4697 339 4748 communem,
356 4681 435 4737 aliam
450 4681 605 4753 specialem.
626 4680 756 4746 Primam,
776 4679 852 4736 scili-

57 4777 100 4824 oet
114 4772 300 4839 temporalem,
316 4771 495 4827 communiter
513 4771 596 4842 justis
618 4780 645 4827 et
663 4769 753 4842 impiis
767 4768 853 4839 pietas

54 4857 191 4914 'Creatoris
206 4859 329 4915 adhibuit
354 4877 361 4914 ι
383 4859 552 4930 spiritualem
574 4858 617 4913 vel
640 4859 783 4930 specialem
808 4857 853 4928 pic

58 4953 86 5001 ει
107 4947 182 5015 jnstc
206 4947 359 5003 viventibus
381 4956 483 5005 tantum
511 4949 641 5004 attribuit.
671 4949 733 5006 llaeo
751 4947 854 5004 scilicet

59 5035 188 5107 specialis
207 5036 327 5092 hilariam
351 5037 496 5111 spargitur.
519 5037 580 5092 Alia
599 5045 640 5094 cst
658 5038 691 5093 de
711 5037 853 5093 collatione

50 5125 199 5194 ¹virtutum,
216 5127 268 5180 alia
281 5127 315 5180 de
338 5126 513 5182 retributione
528 5125 684 5181 meritorum
706 5143 711 5183 :
730 5125 782 5182 alia
800 5135 854 5191 est,

59 5229 111 5284 qna
131 5229 180 5269 nos
195 5214 338 5269 airtutihus
352 5222 444 5269 contra
464 5215 517 5269 tela
530 5213 615 5269 hostis
628 5215 793 5286 nequissime
808 5230 854 5271 ro-

56 5302 150 5367 borat;
176 5304 236 5373 alia,
267 5319 320 5374 qua
344 5318 394 5358 nos
421 5303 456 5358 de
480 5312 573 5359 nostro
597 5311 708 5374 tyranno
736 5301 855 5375 legitime

49 5390 256 5462 triumphantes
277 5389 361 5461 gloria
385 5400 516 5463 perpetua
535 5391 612 5450 ditat.
633 5392 688 5447 llas
707 5390 775 5446 duas
788 5391 855 5446 dila·

50 5480 163 5537 ‘otiores
177 5478 257 5536 nohis
269 5479 329 5554 ipsa
343 5480 389 5552 pia
403 5478 502 5537 Christi
518 5479 627 5537 dilectio
645 5479 729 5551 dedit,
749 5495 801 5553 qua
815 5480 856 5537 di·

906 4677 1055 4744 charitatis,
1075 4692 1130 4733 non
1143 4676 1231 4732 solnm
1245 4675 1401 4748 diligentem
1416 4677 1539 4752 diligere,
1560 4677 1704 4736 sedetiam

906 4765 1054 4834 odientem,
1069 4780 1124 4821 non
1139 4765 1228 4821 minus
1242 4782 1322 4837 quarn
1335 4782 1364 4823 se
1379 4767 1488 4838 ipsum,
1504 4768 1551 4824 sed
1574 4770 1645 4824 sicut
1673 4782 1704 4823 sa

907 4854 1006 4926 ipsum.
1035 4854 1134 4912 Stricta
1149 4862 1175 4911 et
1189 4863 1304 4927 angusta
1316 4863 1359 4911 est
1380 4855 1479 4912 semita
1493 4856 1553 4923 ista,
1571 4864 1598 4912 ει
1624 4849 1705 4928 pauci

907 4943 1008 4999 sariunt
1023 4960 1071 5011 per
1085 4959 1155 5000 eam.
1177 4944 1219 5000 llli
1233 4944 1284 5001 soli
1298 4945 1402 5002 radunt
1415 4960 1464 5016 per
1482 4961 1551 5013 eam,
1576 4944 1623 5018 qni
1638 4959 1704 5017 pro·

906 5034 968 5104 pter
982 5032 1118 5090 Christum
1132 5048 1162 5090 se
1177 5034 1250 5106 ipsos
1272 5033 1437 5107 despiciunt,
1453 5042 1480 5090 et
1496 5034 1595 5108 quibus
1607 5040 1705 5091 cuncta

909 5129 1006 5194 praeter
1019 5124 1106 5193 ipsum
1120 5121 1257 5177 Christum
1273 5123 1416 5178 vilescunt.
1429 5123 1476 5179 lsti
1488 5109 1517 5179 si¹
1527 5122 1631 5194 aliquas
1647 5121 1706 5177 dia·

909 5209 1011 5268 helices
1022 5219 1124 5276 sentes,
1134 5209 1249 5266 viatores
1263 5211 1402 5266 charitatis
1425 5213 1561 5268 occultare
1583 5211 1707 5267 volentes

908 5298 1070 5369 invenerint,
1095 5310 1220 5370 unquam
1248 5300 1320 5357 cervi
1334 5299 1443 5369 agiliter
1465 5299 1624 5372 fortiterque
1641 5316 1705 5356 cnr·

909 5395 1009 5459 rentes,
1025 5401 1116 5444 amore
1129 5386 1247 5443 coelestia
1273 5386 1366 5459 patria
1379 5387 1464 5455 ducti,
1485 5388 1556 5445 ultra
1569 5389 1635 5445 dant
1649 5388 1706 5446 sel·

903 5482 978 5545 turn,
998 5483 1026 5533 et
1050 5475 1140 5548 ipsum
1154 5474 1302 5544 diabolum,
1327 5473 1476 5564 fraternum
1489 5479 1583 5535 odium
1603 5494 1707 5569 sugge-
