3706 5962
155 192 224 253 ross
354 154 357 159 ’
738 183 848 246 sunno
868 187 913 247 tu
927 184 1111 247 ranutros
1129 182 1300 248 reconda
1737 186 1803 251 rost

153 314 313 383 dominium,
335 310 443 382 judices
463 318 566 367 mnium
584 307 691 380 essetis,
707 325 761 365 nou
786 310 950 380 justificato·
1007 318 1034 368 et
1053 326 1132 369 nemo
1159 312 1268 370 claudit.
1290 311 1395 368 liabent
1422 318 1449 367 et
1465 309 1580 384 regalia,
1613 310 1682 384 qnia
1704 311 1805 371 donini

152 422 216 474 τοις
231 415 258 460 et
272 405 332 460 ideo
342 401 473 472 justitiam
492 400 582 456 lacere
604 414 658 454 non
683 399 809 470 possetis.
835 401 948 473 Propter
1006 411 1067 456 sunt
1081 401 1188 457 urbium
1207 409 1233 458 et
1251 402 1424 474 oppidorum.
1439 403 1495 457 Neo
1514 400 1601 458 solum
1618 402 1801 476 episoopatras,

154 497 207 552 hoo
221 493 267 566 qni
291 491 367 548 dedit
390 490 468 548 vobis
485 489 627 560 judicium,
649 488 725 543 dedit
743 498 770 544 et
789 490 950 557 dominium,
1005 490 1053 545 sed
1072 497 1099 546 et
1113 490 1266 546 consulatus
1295 491 1402 558 babent,
1429 498 1458 546 ut
1477 490 1576 546 merito
1604 491 1647 546 eis
1669 492 1801 549 dioetur:

151 592 180 641 ut
212 582 337 657 praedirit
363 582 511 653 propbeta:
545 578 719 635 Iudicabunt
755 579 898 652 nationes,
922 588 952 639 et
1004 577 1077 648 Quid
1106 578 1175 634 ultra
1193 573 1274 635 debui
1296 578 1401 646 iacere,
1417 586 1444 636 et
1471 596 1526 637 nou
1546 579 1621 636 feei?
1649 581 1706 637 Sed
1734 584 1803 653 quod

152 674 378 731 dominabuntur
408 669 522 741 populis
549 667 627 741 (Sep.
652 667 744 740 ιιι-8).
776 669 880 739 Duplex
909 680 951 726 est
1003 669 1095 723 datum
1120 676 1162 725 est
1184 668 1238 723 illis
1261 668 1289 725 in
1311 668 1490 739 adiutorium,
1515 669 1619 726 lectum
1642 678 1687 727 est
1704 670 1804 729 illisio

152 762 300 820 dominium
334 758 519 831 prelatorum.
551 757 655 813 Habent
684 757 755 813 enim
779 759 871 814 claves
895 761 949 813 Eo·
1003 758 1169 815 scandalum.

151 852 250 925 olesiae,
265 851 364 922 quibus
386 849 525 920 claudunt,
541 856 568 904 et
581 862 662 903 nemo
685 847 774 921 aperit
789 866 796 915 ;
813 848 947 919 aperiunt,
1220 848 1334 907 Videtur
1347 848 1459 923 aliquid
1472 847 1574 906 deesse.

393 1171 466 1262 ab
501 1167 803 1260 PRAELATOS
835 1169 886 1258 tlt
911 1168 1167 1262 concillo
1193 1169 1556 1264 collibertos

929 1326 1047 1389 isliu.

151 1465 185 1529 ln
204 1461 291 1528 hunc
306 1459 408 1526 locum
432 1458 573 1526 :Omnes
587 1476 646 1521 nos
664 1455 875 1542 manifestari
891 1461 1020 1541 oportet
1034 1462 1111 1522 ente
1128 1456 1274 1524 tribunal
1286 1458 1418 1537 Cltrisii,
1433 1463 1472 1524 nt
1483 1459 1621 1544 recipiat
1635 1462 1805 1548 unusquis-

360 1550 534 1636 queproot
547 1547 644 1634 pessit
657 1549 847 1630 incorpore,
863 1545 930 1610 sive
948 1543 1079 1632 bonum,
1095 1546 1161 1613 sive
1177 1548 1303 1614 malum
1319 1549 1368 1634 (ΙΙ
1379 1545 1457 1615 Cor.
1473 1568 1503 1614 ι.
1522 1547 1591 1638 to).

148 1873 232 1932 mi
241 1877 290 1931 llic
299 1890 390 1930 sermo
402 1873 515 1930 babitus
524 1877 566 1928 esi
574 1875 675 1946 paucis
683 1874 768 1929 eneis
776 1877 839 1945 post
848 1873 957 1931 obitum
966 1874 1086 1946 liupenii
1096 1875 1144 1942 ΠΙ,
1152 1891 1189 1931 ec
1198 1892 1278 1932 num.
1287 1879 1302 1931 3
1311 1893 1319 1942 3
1329 1878 1358 1932 et
1369 1875 1482 1949 quidem
1492 1879 1618 1948 ternpore
1627 1874 1804 1947 schismatis,

183 1947 234 2004 sub
251 1947 422 2018 pontificatu
439 1944 707 2013 immuabiliter
721 1961 802 1999 eura.
820 1948 852 1999 to
867 1949 894 1999 et
910 1949 954 2003 ll.
974 1947 1081 2002 Auctor
1099 1946 1253 2004 monachos
1274 1948 1476 2009 cistarciensis.
1490 1964 1570 2004 enm.
1587 1951 1638 2018 ll,
1658 1950 1736 2019 sorte
1752 1949 1806 2005 eis

185 2019 304 2076 tebertus
314 2015 398 2073 atius
411 2016 550 2086 cistercii,
566 2014 603 2071 ad
612 2031 696 2087 prtem
712 2015 869 2073 discendes
879 2017 919 2072 lll
930 2019 1055 2091 scripsit.
1080 2018 1113 2076 ln
1125 2019 1267 2090 prioribus
1282 2017 1367 2076 editis
1385 2020 1538 2090 inscriptus
1552 2022 1616 2075 erut
1637 2020 1760 2077 «Samo
1776 2020 1806 2076 is

183 2090 301 2219 {pacilio
315 2088 452 2216 portabili.
471 2090 526 2144 »At
539 2088 689 2161 «generati
701 2110 711 2138 s
724 2086 974 2145 additumnidetnr
983 2105 1019 2148 aa
1032 2106 1114 2146 num.
1125 2091 1153 2161 i,
1164 2091 1359 2163 ubijudicium
1375 2107 1540 2166 supremum
1555 2091 1666 2148 dmitos
1686 2092 1804 2149 «rotwi-

196 2178 258 2221 tum
268 2175 371 2234 genere
402 2178 440 2218 ,a

829 2288 1094 2312 —*

183 2431 209 2481 l.
225 2427 287 2482 Non
298 2439 348 2496 pro
364 2422 505 2495 sapientia,
523 2436 585 2494 qne
600 2421 627 2477 in
641 2436 686 2476 me
701 2420 746 2491 sit,
763 2421 812 2478 sed
825 2438 874 2492 pro
888 2440 947 2479 um·
1001 2439 1055 2496 que
1069 2421 1142 2494 quod
1162 2421 1292 2476 Dominus
1304 2420 1364 2475 ait:
1393 2420 1415 2475 Α
1429 2417 1570 2491 [ructibus
1586 2435 1688 2480 eorum
1702 2438 1806 2496 cogno·

145 2515 195 2572 bre
221 2514 338 2571 nominis
361 2528 447 2582 nuper
469 2512 562 2584 magni
586 2511 615 2565 in
642 2517 716 2567 terro
744 2526 828 2582 supra
850 2527 949 2567 nomen
1001 2511 1086 2571 scetis
1105 2507 1271 2582 eos(llnttb.
1286 2525 1334 2577 ιιι,
1349 2508 1407 2580 20).

146 2618 319 2675 magnorum,
340 2600 441 2673 quivel
458 2610 521 2655 tuno
545 2608 631 2665 erant,
655 2599 698 2654 vel
721 2599 748 2654 in
772 2608 845 2655 terre
868 2600 949 2656 bodie
1038 2604 1064 2655 2.
1099 2598 1253 2654 Cavendum
1290 2611 1358 2669 ergo
1384 2597 1498 2667 pastori,
1532 2614 1567 2655 ue
1595 2596 1755 2656 inveniatur
1781 2600 1809 2656 iu

146 2702 219 2759 aunt,
246 2691 392 2761 imponitur
415 2687 482 2742 milii
510 2687 581 2760 quod
601 2701 729 2757 magnum
743 2695 785 2742 est
800 2687 833 2740 ad
848 2704 902 2754 me,
918 2689 947 2743 in
1001 2687 1163 2746 vindicanda
1190 2687 1342 2742 intentione
1368 2686 1459 2742 cordis
1485 2687 1676 2758 suspiciosum
1692 2690 1746 2745 sed
1766 2690 1809 2746 ni·

146 2781 261 2839 ecclesie
284 2795 384 2852 magua
405 2778 505 2832 hebere
528 2790 690 2831 sermonem.
719 2774 827 2831 Utinam
859 2783 946 2833 autem
1002 2776 1150 2832 bilominus
1178 2775 1378 2843 attendendum,
1417 2790 1452 2830 ne
1489 2776 1525 2831 sit
1552 2775 1581 2831 iu
1609 2778 1811 2835 consideranda

147 2869 215 2925 nihil
229 2883 336 2936 eorum,
351 2881 412 2938 quae
427 2880 480 2922 nou
502 2864 672 2920 invenientur
694 2862 721 2917 in
737 2878 789 2930 me,
805 2870 947 2933 exspecto·
1002 2864 1129 2922 exteriori
1149 2865 1352 2921 conversatione
1378 2865 1519 2921 remissus.
1535 2865 1641 2922 Vultum
1662 2866 1740 2921 enim
1762 2883 1812 2940 pe·

149 2967 194 3014 tur
209 2973 243 3012 ex
260 2971 315 3019 me,
330 2953 398 3007 nibil
425 2959 503 3007 acute
530 2950 722 3024 excogitatum,
753 2950 817 3004 nihil
842 2952 948 3007 deserte
1001 2953 1129 3010 eorlssui
1158 2953 1313 3009 nonsolum
1342 2968 1499 3026 agnoscere,
1517 2954 1564 3009 sed
1594 2952 1745 3026 diiigenter
1767 2953 1813 3027 jn·

130 3028 305 3120 ⁸probatnml
322 3041 382 3095 Non
404 3038 514 3108 egoille
532 3052 602 3103 sum,
626 3039 670 3093 oui
693 3037 840 3104 dicebatur,
857 3043 947 3096 Fenus
1000 3044 1079 3099 betur
1121 3059 1283 3114 agnoscere,
1304 3053 1407 3099 utnon
1431 3050 1573 3112 praesumet
1603 3042 1714 3100 facilem
1745 3063 1812 3103 sese

146 3132 292 3193 distillans
308 3128 443 3185 ludintun
458 3125 552 3197 (Cant.
570 3141 606 3188 ru,
624 3127 680 3195 ll„
696 3124 861 3180 Etsiessem
872 3129 944 3198 quod
1000 3133 1101 3188 hebere
1115 3133 1249 3197 notitiam,
1262 3132 1286 3186 si
1308 3148 1364 3186 non
1392 3133 1519 3190 adhibeat
1544 3131 1727 3206 diligentiam.
1748 3135 1809 3191 Nou

146 3238 200 3279 nou
216 3236 286 3286 sum,
302 3217 448 3274 timendum
465 3222 554 3270 lamen
575 3212 652 3277 mihi,
672 3215 743 3282 quod
759 3214 873 3283 Sapiens
887 3215 943 3274 ait:
999 3223 1072 3278 enim
1097 3238 1205 3293 semper
1231 3222 1286 3277 eris
1309 3221 1445 3293 princeps,
1474 3225 1522 3280 sed
1543 3239 1662 3297 ¹summo
1688 3223 1809 3296 principi

145 3301 730 3373 Animasaturniacatcatttscvnm(Prov-
743 3302 882 3374 xll1¹‚7)·
895 3302 944 3359 SO-
998 3311 1145 3385 aliquando
1167 3311 1265 3368 reddes
1289 3311 1422 3369 rationem
1451 3321 1505 3369 tuae
1528 3312 1714 3379 villicationis,
1746 3331 1807 3371 eum

118 3402 183 3459 *let
196 3399 328 3454 interdum
344 3394 425 3450 etiam
449 3391 590 3462 corporale
600 3389 737 3444 fastidium
757 3389 792 3444 ad
814 3390 943 3466 exiguum
997 3400 1115 3458 villicare
1142 3402 1213 3457 ultra
1239 3416 1293 3457 nou
1317 3401 1430 3472 poteris.
1454 3402 1570 3469 caroea,
1593 3399 1691 3473 inquit,
1719 3398 1809 3455 detur

150 3488 249 3559 aliquid
266 3496 289 3541 et
305 3484 474 3556 aliquatenus
488 3495 551 3536 aere
569 3477 689 3534 edulium
702 3478 823 3536 relevari.
835 3480 943 3551 thuid
996 3505 1013 3545 a
1032 3489 1214 3561 yemratione
1230 3492 1261 3546 m
1280 3493 1501 3561 perterritionem,
1532 3490 1594 3547 meo
1609 3489 1694 3559 enim,
1710 3498 1744 3545 ut
1771 3488 1808 3544 ait

145 3577 220 3637 omni
235 3573 358 3633 rationali
374 3569 479 3642 spiritui
498 3576 551 3624 tem
566 3568 702 3636 toerbumt
725 3583 807 3638 quam
831 3569 941 3625 lttlibi·
993 3579 1150 3647 Apostolus,
1160 3579 1258 3652 plures
1280 3582 1353 3650 secti
1366 3579 1610 3644 sontsuoerdotes,
1621 3576 1695 3653 quod
1713 3583 1807 3635 morte

145 3668 180 3723 lis
191 3662 356 3735 exspectatio
364 3661 408 3715 illa
419 3655 540 3729 judicii?
555 3655 651 3727 Punssii
664 3655 773 3727 quidem
793 3663 820 3711 et
835 3673 940 3714 mento·
996 3668 1207 3725 interueniente
1220 3683 1337 3725 manere
1346 3685 1402 3725 non
1409 3667 1536 3742 possent,
1550 3669 1605 3724 Nec
1615 3667 1719 3722 mirum
1731 3667 1806 3740 quod

104 3817 107 3823 ,
146 3756 186 3813 ria
205 3752 309 3821 mliii,
327 3750 374 3806 sed
398 3749 483 3804 mum>
501 3744 589 3816 magis
604 3744 844 3817 hae⁰⁰⁰¹¹¹lll¹¹¹iist·
862 3746 941 3821 Legi·
957 3736 980 3815 c
996 3770 1045 3825 per
1068 3754 1142 3812 vices
1172 3755 1223 3811 sibi
1242 3758 1403 3823 succedunt,
1432 3757 1479 3828 qui
1499 3757 1535 3812 ad
1558 3756 1691 3829 gerendas
1709 3756 1806 3811 aeterni

143 3851 299 3900 mustamen
313 3847 338 3895 et
354 3840 387 3893 de
401 3836 458 3901 illa,
470 3835 575 3890 dicente
588 3830 704 3887 Domino
719 3836 752 3887 ud
764 3835 937 3905 prophetam:
993 3842 1066 3899 tices
1091 3844 1248 3900 Sacerdotis
1271 3846 1413 3912 accedunt,
1432 3844 1467 3900 de
1490 3860 1546 3917 quo
1571 3843 1665 3899 subdit
1683 3846 1806 3915 Aposto-

147 3927 339 3996 Cieme.0uid
364 3923 514 3982 clamabo?
544 3920 642 3977 Omnis
672 3934 738 3975 caro
770 3921 879 3990 senum.
912 3927 940 3978 02
993 3930 1059 3989 lus:
1079 3934 1159 3988 iesus
1174 3936 1272 3988 etitem
1286 3934 1349 3992 ideo
1372 3933 1443 4007 guod
1466 3937 1584 3992 moneat
1606 3936 1638 3989 itt
1650 3937 1805 4002 oetmmum,

142 4017 332 4089 manispioriu
346 4017 406 4086 ejus
421 4016 560 4083 tanquam
573 4009 625 4076 lios
638 4008 716 4077 seni:
731 4008 829 4077 senem
848 4015 938 4082 uruit,
991 4021 1197 4093 sempiternum
1210 4021 1291 4079 babet
1302 4021 1597 4095 sucerdotiomlllebr.
1608 4036 1659 4086 ιιι,
1682 4024 1731 4088 23,
1748 4022 1804 4093 bl).

141 4115 170 4168 et
180 4110 231 4180 llos
240 4109 301 4178 ejus
312 4101 556 4168 decidit3uerbom
566 4099 664 4153 autom
674 4096 789 4151 omnini
798 4103 896 4155 tranet
907 4102 939 4156 in
991 4108 1046 4164 lllis
1061 4124 1127 4182 ergo
1142 4125 1158 4163 e
1172 4110 1344 4183 generatione
1359 4111 1387 4165 in
1402 4111 1606 4186 generationem
1637 4125 1744 4168 corona
1758 4113 1805 4168 da-

146 4203 288 4256 aetereum
307 4191 385 4263 (lsai.
409 4205 452 4259 ut,
469 4192 495 4252 b,
512 4186 550 4259 8).
565 4185 630 4240 lnde
644 4191 685 4239 est
708 4184 783 4253 quod
801 4185 938 4254 sapienter
993 4201 1047 4265 tur,
1061 4211 1078 4251 a
1092 4195 1192 4268 quibus
1207 4198 1330 4268 ejusdem
1345 4213 1453 4254 eorouae
1468 4198 1539 4256 retio
1564 4198 1682 4271 exigitur
1698 4215 1705 4256 :
1724 4207 1754 4255 et
1776 4197 1804 4254 in

146 4296 269 4360 pastores
283 4282 406 4354 singulos
420 4279 566 4335 admonens
580 4270 795 4346 sapientissimus
811 4274 937 4332 Salomon
988 4283 1043 4340 illis
1057 4284 1192 4342 inuenitur
1218 4288 1278 4343 baee
1302 4287 1470 4354 vicissitudo,
1486 4288 1587 4359 quibus
1613 4285 1717 4344 maaria
1742 4302 1804 4343 ere-

143 4378 198 4435 ait:
220 4375 379 4445 liiiipenter
402 4365 643 4441 opoosoeonltnm
660 4360 769 4436 pecoris
789 4363 844 4431 tui,
861 4368 937 4424 tuos·
988 4373 1061 4428 ditur
1073 4374 1252 4447 dispensatio.
1282 4377 1352 4445 Quid
1380 4385 1471 4433 autem
1499 4392 1548 4447 pro
1584 4377 1668 4447 hujus
1691 4391 1804 4432 coronae

148 4480 202 4542 pate
221 4479 315 4537 crepes
330 4458 485 4519 considera.
502 4457 563 4513 lton
581 4460 656 4510 enim
672 4466 782 4523 semper
790 4455 846 4510 eris
857 4458 937 4527 prin
989 4463 1133 4535 adeptione
1148 4465 1259 4520 ambitio
1274 4466 1394 4521 bumana
1417 4482 1471 4524 oon
1487 4466 1594 4532 laceret,
1618 4465 1642 4520 ai
1668 4473 1803 4537 perpetus

140 4569 215 4627 ceps,
231 4543 717 4616 sedcoronedaterepencratione
731 4545 935 4619 ingeneratio·
988 4549 1083 4608 ioreti
1107 4554 1185 4610 Nunc
1211 4561 1302 4609 eutem
1330 4556 1411 4611 babet
1426 4556 1483 4612 haee
1512 4568 1612 4611 oorona
1640 4552 1801 4623 terminum,

137 4657 213 4698 mem.
233 4639 414 4712 Apertesunt
429 4639 525 4708 pratu,
544 4636 572 4690 et
585 4634 936 4706 apparuerantberboevi·
988 4646 1015 4694 et
1044 4644 1195 4699 nonhabet
1217 4643 1435 4714 eoncupiscentia
1457 4645 1580 4700 modum.
1602 4641 1649 4698 Uti
1673 4658 1738 4698 nam
1763 4643 1802 4698 sio

138 4721 934 4794 rentes,etcolieetasuntionodemontibustl'roa.xxvii,
988 4737 1163 4799 quereretur,
1180 4731 1219 4786 sio
1234 4731 1406 4788 affectaretur
1421 4733 1603 4799 coronavitae,
1628 4747 1713 4804 quarn
1738 4733 1801 4788 red·

137 4816 249 4889 usti).
272 4814 392 4879 lutum,
403 4811 500 4884 iuquit,
511 4811 617 4882 pecoris
634 4810 935 4885 tuidilipoutcrupno-
988 4814 1034 4873 det
1052 4818 1124 4874 Deus
1137 4820 1313 4894 diligentibus
1327 4839 1366 4890 se,
1385 4823 1524 4896 quomodo
1543 4822 1601 4877 baec
1614 4821 1749 4893 queritur
1774 4829 1802 4877 et

26 4914 31 4920 ’
138 4926 191 4973 sce.
208 4903 348 4977 Siquidem
361 4905 411 4958 ltoo
420 4910 494 4957 tuum
505 4910 555 4964 est,
571 4900 840 4971 dicenteScriptura:
855 4903 939 4957 Hosne
991 4903 1144 4979 affectatur,
1165 4925 1246 4980 quarn
1269 4926 1285 4965 a
1309 4911 1401 4966 multis
1416 4912 1531 4967 obtineri
1559 4909 1682 4981 permisit
1711 4911 1802 4985 negli-

137 4998 214 5059 oidct
231 4996 264 5052 in
277 4995 361 5068 facie,
373 4995 443 5050 Deus
458 4992 490 5046 io
504 4990 584 5047 eorde
593 4991 618 5059 (l
637 4992 700 5062 liep.
712 5007 768 5058 avr,
781 4992 809 5058 t,
820 4999 848 5047 et
861 4990 938 5047 Psel.
994 4995 1121 5067 gentibus
1135 4994 1178 5052 sel

136 5108 189 5158 vn,
204 5090 262 5158 llll.
278 5087 354 5142 Sicut
373 5096 439 5153 ergo
453 5080 487 5136 de
509 5079 621 5136 occultis
635 5079 715 5136 alieni
730 5081 820 5137 cordis
834 5090 936 5138 temere
1030 5086 1056 5138 ³.
1081 5081 1132 5140 Sed
1149 5087 1172 5140 si
1186 5086 1266 5142 datur
1281 5104 1297 5142 a
1311 5089 1497 5163 generatione,
1523 5087 1551 5143 ia
1579 5088 1797 5162 generationem,

135 5186 178 5238 ost
190 5172 413 5250 iudicare,siode
423 5171 531 5241 eisquoe
541 5169 568 5224 iu
579 5168 647 5225 laoie
658 5180 730 5236 sunt,
745 5185 799 5226 non
810 5170 873 5227 licet
883 5169 935 5223 dis·
988 5181 1096 5244 quantae
1107 5185 1169 5230 sunt
1187 5176 1268 5232 bodie
1280 5176 1340 5232 istae
1365 5176 1580 5253 generationes?
1605 5176 1633 5233 Si
1657 5192 1715 5234 nou
1744 5178 1796 5234 du·

138 5268 268 5329 simulare
295 5263 407 5336 pastori.
432 5259 517 5315 liabet
539 5262 628 5313 autem
643 5268 670 5316 et
683 5261 774 5315 vultus
793 5251 934 5330 probabile
989 5268 1031 5316 rat
1060 5261 1089 5317 iu
1114 5272 1287 5338 perpetuum,
1301 5265 1415 5324 iorsitau
1442 5266 1522 5324 durat
1538 5266 1566 5322 iu
1589 5267 1717 5338 longum.
1746 5273 1794 5326 at-

136 5357 272 5430 quoddam
305 5347 452 5407 toluntetis
479 5342 619 5411 indicium,
643 5339 715 5396 unde
741 5341 822 5395 etism
837 5339 934 5395 dicitur
988 5351 1068 5408 tende
1093 5354 1166 5426 quod
1193 5354 1327 5427 sequitu„
1350 5363 1378 5412 θ,
1399 5354 1473 5427 quod
1495 5355 1522 5410 jn
1546 5354 1607 5412 ,1103
1630 5355 1724 5413 oemjs
1751 5363 1793 5412 ῃ.

136 5443 285 5505 obtinuisse
308 5439 482 5496 uocabulum.
506 5433 549 5490 td
569 5430 643 5504 quod
660 5428 848 5502 pertinetillud
862 5443 933 5501 quo·
987 5438 1069 5497 tende
1079 5458 1088 5499 s
1098 5444 1203 5515 aperio
1218 5449 1288 5502 sont
1298 5448 1435 5519 pruteni
1444 5450 1641 5519 apparuerunt
1658 5444 1754 5503 berboe
1766 5446 1795 5502 oi
