3706 5962
167 196 274 294 totr'
700 206 792 288 ine.
814 215 1288 300 atauusanuonruaerato.
1741 210 1811 285 tota

164 356 365 421 misericordia,
380 355 451 428 quod
474 353 674 428 pradestinavit
687 354 761 409 Deus
784 358 846 408 ante
860 351 959 408 saecula
976 366 1000 445 Λ
1014 365 1093 423 quant
1109 368 1205 425 magna
1219 351 1364 410 mullitudo
1378 350 1530 410 dulcedinis
1543 349 1591 406 toti
1616 349 1678 406 orbi
1692 348 1760 404 inde
1774 349 1813 405 al-

165 455 193 510 iu
208 448 419 520 redemptionem
435 454 564 510 nostram,
590 442 747 515 primumin
773 449 801 497 te
825 456 839 495 a
865 443 959 497 muudi
1014 437 1097 494 fulsit.
1128 441 1227 496 llortus
1253 441 1399 497 conclusus
1427 448 1455 495 tu
1483 455 1522 508 es,
1552 439 1602 495 Dei
1627 438 1812 506 Genitria,ad

163 541 264 599 artifice
279 542 313 595 sit
329 538 498 593 lubricatum.
513 533 627 600 Quando
642 533 713 586 enim
736 530 841 602 placuit
866 531 958 604 gratiae
1012 543 1091 598 quem
1105 528 1288 585 deflorandum
1308 546 1403 585 manus
1427 529 1577 602 peccatoris
1600 543 1741 600 nunquam
1771 528 1812 582 io-

164 646 299 703 supernae,
314 635 344 683 ut
356 622 442 694 688
472 622 605 677 habitaret
619 621 646 675 in
661 619 752 689 nobis,
767 636 782 674 a
796 619 894 692 quibus
912 619 959 673 diu
1012 617 1112 674 troivit.
1131 619 1170 673 Tu
1185 627 1339 674 sanctorum
1366 618 1455 675 areola
1484 630 1632 674 aromatum
1659 634 1675 673 a
1702 617 1812 674 coelesti

163 718 407 794 elongataiuerat3
425 708 796 783 tusolaiuventaesdigna,
826 708 897 764 utin
912 715 959 764 tna
1012 706 1116 763 comita
1145 707 1337 781 pigmentario,
1366 709 1492 765 virtutum
1516 707 1639 763 omnium
1675 706 1813 780 speciosis

163 808 287 880 virginati
302 805 363 860 aula
378 804 436 859 lter
452 815 549 873 regum
563 807 588 852 et
604 797 736 853 Dominus
751 796 956 864 dominantium,
1011 795 1122 852 floribus
1139 795 1335 853 delectabiliter
1357 812 1455 854 vernas
1479 813 1486 850 :
1508 795 1579 852 inter
1605 810 1723 868 quorum
1749 795 1812 865 pul·

163 897 325 966 aregalibus
341 892 454 947 sedibus
464 887 705 957 veniensprimam
719 885 770 942 sibi
785 885 955 940 mansionem
1011 885 1158 942 cherrimos
1187 886 1267 943 trium
1290 886 1319 942 iu
1348 896 1373 942 te
1390 887 1520 942 miramur
1545 885 1744 943 excellentiam.
1773 885 1808 940 lli

165 986 317 1045 interlrlios
344 981 482 1037 homiuum
512 977 631 1049 eligeret.
659 975 728 1031 Vere
755 973 955 1046 beneplacitum
1011 976 1300 1046 aurituuorumodore
1328 975 1488 1031 suavissimo
1516 984 1600 1031 totam
1618 975 1735 1031 domum
1752 976 1807 1030 Do·

164 1078 213 1133 luit
223 1078 279 1130 Deo
294 1072 414 1128 habitare
430 1069 457 1123 in
474 1080 510 1135 te,
521 1067 628 1140 quaudo
640 1081 672 1120 ex
687 1065 745 1130 ipsa
755 1063 857 1118 illibata
868 1063 958 1118 carnis
1012 1065 1076 1119 mini
1090 1066 1190 1135 reples,
1206 1080 1223 1120 o
1237 1065 1328 1132 lllaria,
1346 1065 1416 1122 viola
1427 1064 1591 1133 humilitatis,
1613 1064 1701 1119 lilium
1719 1066 1806 1120 casti-

163 1179 215 1222 tuae
242 1161 402 1228 substantia,
418 1156 494 1230 quasi
509 1158 543 1211 de
568 1153 649 1226 liguis
663 1152 768 1220 Libani,
784 1151 958 1208 architectura
1012 1154 1081 1218 tatis,
1097 1169 1158 1209 rosa
1172 1153 1317 1209 charitatis.
1334 1154 1427 1210 lllerito
1442 1153 1476 1209 de
1486 1149 1535 1208 Dei
1550 1152 1628 1227 [fort.
1645 1151 1703 1226 tali]
1717 1154 1808 1208 areola

163 1252 305 1316 ineflabili,
321 1250 431 1304 domurn
446 1246 499 1302 sibi
512 1242 653 1299 aediticarit
666 1242 713 1296 Dei
729 1239 865 1311 Sapientia
881 1240 957 1297 :sul-
1011 1242 1060 1296 llos
1074 1242 1118 1296 ille
1133 1241 1272 1312 speciosus
1287 1258 1341 1313 prae
1366 1241 1427 1297 liliis
1443 1241 1518 1315 [Jbrt.
1549 1240 1670 1314 floribus]
1688 1242 1809 1311 paradisi

162 1344 237 1401 fulsit
252 1359 309 1398 eam
324 1345 427 1409 septem
442 1334 576 1391 columnis
603 1330 746 1401 argenteis,
762 1345 793 1386 ac
813 1328 956 1386 reclinato·
1010 1330 1110 1386 electus
1137 1340 1187 1394 est,
1217 1347 1402 1404 superquam
1440 1331 1574 1401 requievit
1601 1330 1724 1403 Spiritus
1752 1332 1810 1386 Do-

163 1436 231 1489 rium
244 1446 352 1485 aureum
368 1428 395 1481 in
415 1441 446 1480 ea
460 1422 612 1480 collocavit.
629 1420 661 1476 Hi
675 1427 738 1475 sunt
751 1424 856 1489 septem
872 1417 955 1488 spiri·
1011 1418 1086 1473 mini.
1101 1418 1134 1473 Et
1149 1419 1192 1474 cui
1220 1428 1247 1474 te
1273 1419 1490 1488 assimilabimus,
1520 1421 1604 1475 Mater
1626 1419 1809 1486 pulchritudi-

162 1529 207 1576 tus
225 1518 288 1581 Deir
306 1524 333 1570 ει
359 1515 417 1568 hare
446 1521 488 1568 est
515 1509 593 1565 unica
619 1509 663 1564 illa
681 1506 831 1562 Salvatoris
855 1505 955 1561 lemica
1010 1507 1158 1565 uis‘lVere
1173 1507 1312 1579 paradisus
1327 1507 1376 1563 Dei
1394 1517 1422 1563 tu
1446 1524 1485 1573 cs,
1512 1510 1575 1580 quia
1602 1508 1710 1582 lignum
1743 1507 1806 1563 vitre

161 1609 210 1681 lcl.
227 1604 377 1678 anima],iu
394 1619 447 1672 qua
471 1601 527 1655 sola
541 1598 679 1669 quaesitam
708 1596 735 1651 in
754 1594 879 1651 omnibus
909 1610 954 1650 re·
970 1641 992 1717 Β
1011 1597 1441 1669 muudoprotulisti,dequoqui
1460 1598 1674 1662 manducaverit,
1692 1597 1807 1653 rivetin

159 1697 250 1770 quiem
264 1692 375 1761 invenit,
391 1700 471 1761 atque
486 1690 513 1742 in
529 1690 590 1757 ejus
600 1687 687 1740 sinum
703 1698 798 1740 omnes
812 1685 954 1740 thesauros
1008 1695 1150 1742 aeternum.
1166 1686 1237 1742 Fons
1255 1687 1328 1756 vitae,
1345 1685 1392 1758 qui
1418 1702 1451 1743 es
1466 1701 1512 1741 ore
1540 1685 1673 1742 ditissimi
1693 1686 1805 1756 prodiit,

158 1799 223 1840 suos
248 1782 350 1851 absque
390 1790 517 1832 mensura
556 1772 706 1829 transfudit.
741 1773 814 1826 Bene
846 1770 953 1841 spiritui
1006 1775 1040 1831 de
1054 1776 1145 1831 medio
1158 1775 1259 1832 ventris
1274 1775 1312 1829 tui
1325 1775 1451 1844 exsilivit,
1464 1782 1544 1847 atque
1556 1775 1583 1830 in
1600 1785 1626 1831 tc
1639 1773 1724 1848 [fort.
1750 1777 1803 1849 lep.

158 1880 252 1929 sancto
267 1871 294 1925 iu
309 1877 336 1923 te
351 1864 523 1936 complacuit,
539 1879 555 1917 o
580 1861 673 1931 llaria,
697 1875 757 1914 curn
773 1857 871 1913 divinis
884 1860 952 1915 adeo
1006 1873 1087 1936 atque
1102 1863 1174 1938 inde]
1189 1865 1215 1920 in
1230 1874 1346 1935 quatuor
1360 1866 1449 1935 capita
1461 1880 1523 1921 sese
1535 1864 1703 1937 dispergens
1717 1863 1801 1938 [sort.

157 1958 294 2032 mysteriis
303 1966 410 2013 uterum
425 1957 502 2009 tuum
517 1957 674 2007 consecrare
689 1947 816 2018 dignatus
831 1953 880 2002 est.
889 1944 952 2016 lpse
1004 1952 1177 2026 dispertiens]
1196 1953 1230 2007 ad
1259 1954 1423 2030 irrigandam
1454 1951 1548 2010 taciem
1574 1951 1681 2010 arantis
1710 1953 1804 2010 mundi

155 2057 197 2106 est
211 2048 282 2104 enirn
297 2045 368 2118 ignis
378 2057 551 2107 consumens,
567 2037 613 2110 qui
628 2034 822 2091 sanctissimam
832 2035 950 2090 animam
1004 2042 1146 2113 emanavit,
1170 2042 1308 2100 laetifipans
1320 2043 1456 2100 oppilarem
1470 2043 1529 2098 Dei,
1554 2042 1653 2100 Omnis
1666 2042 1745 2099 enim
1759 2043 1805 2115 qui

155 2148 227 2195 tuam
244 2147 326 2193 totam
340 2130 561 2196 inflammavit,se
576 2129 636 2198 ipso
654 2133 735 2197 atque
751 2123 895 2195 splendore
914 2123 953 2178 di·
1003 2132 1102 2188 pipern
1117 2148 1150 2187 ex
1165 2147 1208 2199 eo,
1238 2147 1292 2188 nou
1312 2132 1384 2187 sitiet
1406 2134 1433 2187 in
1448 2141 1595 2202 murnum
1619 2141 1648 2188 ει
1673 2133 1726 2188 erip
1741 2131 1803 2200 plu,

95 2236 119 2251 ²
155 2227 225 2286 vinae
238 2222 387 2294 majestatis
411 2219 540 2292 implerit,
556 2225 685 2286 tuumque
699 2221 805 2269 uterum
819 2211 950 2267 ineflabili
1003 2238 1083 2293 quam
1097 2221 1237 2294 paradisus
1251 2223 1305 2289 hie,
1321 2221 1357 2280 de
1371 2222 1449 2292 cuius
1474 2237 1544 2295 aqua
1556 2222 1579 2278 si
1606 2221 1671 2294 quis
1695 2221 1804 2286 biberit,

156 2317 237 2372 modo
261 2311 429 2381 fecundarit3
452 2307 572 2379 fecitque
598 2312 628 2360 ut
653 2304 739 2359 Deum
758 2312 785 2359 ct
811 2303 951 2358 hominem
1003 2311 1201 2369 surrecturum,
1226 2310 1363 2384 oqpanp,
1390 2310 1654 2382 mundwmupsui,
1673 2318 1805 2384 quw„

154 2406 244 2462 clausa
272 2403 434 2474 conciperes,
452 2398 542 2454 clausa
569 2409 689 2469 pareres,
703 2400 730 2450 θῑ
757 2402 817 2464 90⁸¹
842 2398 951 2463 Pistum
1003 2399 1118 2456 salubris
1134 2399 1308 2472 aqueductus
1328 2414 1388 2455 casa
1403 2399 1537 2454 meruistil
1552 2398 1577 2456 0
1595 2399 1706 2471 lampas
1721 2398 1802 2458 lucu-

154 2494 232 2566 virgc
247 2506 429 2562 permaneres.
1003 2488 1160 2558 lentissima,
1185 2495 1300 2559 quantos
1328 2487 1481 2557 laetificasti,
1509 2488 1620 2561 quando
1654 2488 1801 2562 splendore

143 2586 150 2603 ¹
190 2587 216 2639 3.
232 2584 373 2653 demergo
389 2588 497 2635 uterum
515 2583 599 2643 llum,
617 2571 745 2641 Domina,
762 2572 836 2630 lelul
857 2586 950 2627 ⁸³0¹ss-
1004 2579 1053 2636 Dei
1071 2577 1204 2634 illustrata
1213 2577 1391 2635 desideratum
1420 2576 1486 2634 illud
1502 2578 1604 2645 lumen,
1619 2594 1678 2650 quo
1692 2578 1803 2635 inventa

48 2716 59 2727 .
155 2673 288 2730 tissimum
319 2668 369 2725 Dei
388 2667 442 2724 rivi
464 2665 595 2738 templum
609 2672 682 2721 totus
702 2662 817 2717 mundus
834 2676 949 2718 reuera·
1004 2675 1046 2723 est
1058 2667 1188 2724 drachma
1201 2667 1317 2735 decima,
1340 2666 1499 2725 sedentibus
1517 2668 1546 2722 in
1559 2666 1683 2724 tenebris
1696 2678 1725 2725 et
1739 2685 1801 2726 um-

56 2775 61 2784 “
156 2769 208 2827 llll,
218 2759 282 2832 quie
295 2757 323 2813 in
338 2773 371 2815 eo
387 2756 461 2811 salus
475 2752 567 2810 mundi
581 2750 683 2807 initiata
695 2754 737 2806 est
752 2749 810 2809 :lbi
824 2748 950 2807 decorem
1003 2757 1053 2812 bra
1066 2756 1162 2812 mortis
1176 2756 1327 2828 protulisti!
1343 2756 1380 2812 Te
1394 2756 1522 2812 nimirum
1535 2756 1582 2813 ille
1599 2755 1685 2814 divini
1698 2759 1803 2831 epitba·

154 2850 266 2906 indutus
279 2854 320 2903 est
342 2846 391 2902 Dei
407 2845 505 2910 Filium
521 2859 552 2899 ac
581 2841 731 2913 praeelecta
758 2854 867 2912 sponsae
894 2855 951 2894 suae
1005 2841 1078 2899 lamii
1092 2855 1277 2916 praecentore
1293 2845 1374 2917 longe
1388 2845 1501 2902 intuitus
1515 2853 1567 2915 est,
1582 2860 1646 2903 cunr
1669 2845 1697 2902 in
1711 2846 1802 2902 admi-

153 2939 282 2996 Ecclesiae
295 2936 431 2993 formosus
461 2935 488 2989 in
505 2932 574 2989 stola
587 2930 701 2989 candida
727 2929 892 2986 exsultanter
905 2943 951 2985 oc·
965 2916 989 2998 Β
1004 2933 1116 2990 rationis
1128 2949 1194 2991 voce
1208 2936 1245 2991 ita
1258 2934 1399 3008 prorupit:
1415 2937 1482 3005 Qcoe
1491 2939 1534 2993 cst
1548 2938 1676 3010 iathw
1686 2952 1803 3008 propre

155 3028 249 3096 currit,
279 3025 456 3081 desideratum
483 3022 531 3078 diu
553 3020 674 3077 osculum
704 3018 843 3094 proeelegil
870 3017 948 3091 [sort.

154 3114 295 3189 porrexitl,
312 3128 343 3170 ac
355 3111 557 3184 praedestinatas
573 3110 623 3185 [cl.
647 3107 851 3183 preordinatis]
864 3123 880 3164 a
893 3123 948 3164 εε-

155 3209 215 3265 culo
231 3205 338 3278 nuptias
348 3203 425 3278 virgo
439 3219 501 3258 eum
511 3202 614 3275 virgine
624 3199 784 3272 praelibavit.
799 3198 840 3254 lbi
851 3206 948 3268 ruptus

153 3307 195 3353 est
216 3297 303 3368 paries
317 3293 527 3360 inimicitiarum,
542 3308 625 3365 quem
646 3291 718 3346 inter
736 3287 836 3344 coelum
850 3295 878 3343 ει
892 3294 948 3343 ter-

154 3399 211 3439 ram
234 3381 460 3455 protoplastorum
490 3375 673 3434 inobedientia
700 3382 895 3432 construxerat.
909 3372 950 3428 lbi

153 3472 335 3530 conloederata
350 3478 413 3527 suut
431 3469 548 3526 terrenis
571 3465 703 3530 coelestia,
719 3471 747 3521 et
773 3463 952 3521 obviaverunt

154 3562 204 3616 sibl
220 3562 248 3615 in
275 3560 368 3615 osculo
393 3560 480 3631 pacis,
495 3558 606 3630 quaudo
622 3557 649 3610 iu
665 3570 745 3611 unani
771 3553 949 3624 eamdemque

155 3664 298 3723 personam
314 3654 510 3705 concurrerunt
536 3645 661 3701 divinitas
681 3651 710 3698 ει
722 3644 875 3698 humanitas
890 3658 897 3696 :
914 3640 952 3695 la·

154 3748 281 3810 utumque
304 3744 346 3792 εει
373 3752 472 3792 uorum
497 3734 562 3790 illud
590 3747 672 3802 super
697 3737 805 3795 terram,
830 3736 859 3784 ut
881 3737 950 3785 esset

153 3828 228 3883 Deus
238 3828 330 3894 bomo,
345 3832 371 3881 et
385 3827 466 3881 homo
480 3826 565 3879 Deus.
589 3821 629 3876 lbi
658 3834 773 3892 magnus
787 3815 904 3875 Elisaeus
923 3820 951 3874 in

153 3930 310 3970 mensuram
322 3913 466 3970 suscitandi
482 3910 559 3983 pueri
573 3924 632 3966 sese
647 3910 791 3966 contrarii.
805 3907 845 3965 lbi
869 3908 948 3964 tnti-

154 4020 225 4076 quus
242 4003 347 4056 dierum
361 4002 504 4073 praeelecto
521 3999 586 4055 Filio
604 3997 787 4055 statonicem
802 3997 890 4054 induit
902 4013 949 4068 po·

154 4091 282 4163 lyniitam.
299 4091 338 4145 lbi
354 4091 486 4161 Rebecca,
514 4086 665 4146 futurorum
678 4087 803 4157 prescia,
820 4085 945 4159 magnid-

1003 3022 1803 3099 diturwoccaramconacrpcm,pclchrcutlcoo,clec·

1005 3112 1803 3186 tcatrot,tcrrililisctccstrorcmccicsordirtctatlccm

1005 3204 1053 3259 tic.
1069 3216 1108 3269 vr,
1124 3201 1164 3275 9.)
1179 3201 1362 3259 Sicutaurora
1372 3203 1449 3260 valde
1463 3203 1576 3259 rutilans
1589 3203 1731 3260 morundo
1741 3221 1802 3277 pro

1003 3306 1097 3362 pressa
1109 3305 1149 3360 ss,
1165 3305 1181 3346 o
1196 3291 1286 3359 diaria,
1302 3290 1409 3362 quando
1437 3291 1492 3348 veri
1520 3290 1591 3349 Solis
1623 3291 1800 3362 splendorem

1005 3387 1086 3436 tante
1099 3379 1244 3436 εεεειίιειίε
1253 3381 1349 3451 jubare
1363 3379 1573 3450 precucurristi
1589 3387 1619 3437 ut
1638 3396 1706 3438 rere
1725 3382 1796 3439 diem

1004 3470 1098 3524 salutis
1112 3469 1182 3525 diem
1198 3468 1406 3543 propitiationis,
1432 3470 1504 3526 diem
1526 3486 1608 3543 quem
1629 3469 1696 3528 lecit
1709 3471 1799 3528 Domi·

1004 3574 1068 3627 nus,
1082 3574 1097 3613 a
1116 3564 1163 3615 tua
1176 3558 1295 3615 claritate
1305 3558 1403 3615 initiari
1417 3559 1528 3633 dignum
1543 3559 1636 3617 luerit.
1652 3561 1737 3619 Felix
1750 3578 1799 3618 au·

1005 3662 1066 3704 rora
1082 3647 1169 3704 felicis
1195 3647 1247 3705 diei
1270 3649 1363 3705 nuntia
1389 3648 1536 3705 exstitisti:
1554 3648 1691 3707 talisdies
1720 3652 1796 3709 ulem

1003 3752 1128 3793 auroram
1143 3736 1197 3792 diei
1216 3737 1315 3794 decuit.
1325 3737 1361 3794 Et
1374 3747 1446 3796 recte
1460 3738 1568 3811 quidem
1582 3754 1697 3799 aurorae
1712 3741 1799 3812 imple

1004 3827 1038 3882 sti
1047 3824 1179 3883 officium.
1193 3828 1254 3898 lpse
1265 3827 1336 3883 euim
1351 3827 1397 3884 Sol
1408 3827 1564 3898 iustitiaede
1577 3834 1606 3884 te
1617 3845 1793 3900 processurus

1003 3923 1091 3972 ortum
1106 3932 1186 3973 suurn
1202 3916 1317 3989 quadam
1341 3917 1468 3974 matutina
1495 3918 1675 3976 irradiatione
1696 3936 1798 3992 praesc·

1003 4005 1091 4072 niens,
1119 4004 1147 4061 in
1175 4016 1201 4062 te
1226 4006 1294 4063 lucis
1316 4023 1372 4062 sum
1400 4007 1498 4080 radios,
1513 4007 1624 4080 copiose
1641 4011 1796 4081 transiudit,

1001 4093 1100 4165 quibus
1115 4103 1261 4168 potestates
1276 4098 1460 4165 tenebrarum,
1476 4113 1544 4170 quas
1559 4098 1615 4156 Era
1634 4100 1797 4171 produxerat

153 4182 233 4239 candi
247 4181 295 4236 lilii
311 4181 433 4237 manibus
447 4178 587 4252 pelliculas
606 4178 744 4234 haedorum
760 4176 946 4242 circumdedit,
965 4201 988 4279 n
1005 4183 1054 4258 [at.
1072 4185 1231 4259 induxeratl,
1250 4187 1277 4242 ip
1300 4186 1391 4258 fugam
1404 4186 1561 4243 convertisti
1578 4204 1585 4243 ς
1602 4197 1691 4261 atque
1707 4191 1743 4247 iu
1757 4193 1798 4249 ue.

153 4280 180 4328 et
195 4272 258 4328 colli
272 4272 344 4327 nuda
372 4271 499 4345 proterit.
528 4269 568 4324 lbi
592 4269 674 4335 enim,
690 4277 850 4338 cooperante
865 4267 950 4341 gratia

154 4361 270 4434 Spiritus
286 4361 382 4427 sancti,
396 4360 481 4416 Filius
494 4376 510 4414 a
534 4359 591 4414 [leo
618 4357 696 4414 Patre
708 4355 907 4412 hereditandus
922 4354 949 4409 in

93 4492 96 4495 Α
152 4451 277 4506 omnibus
300 4452 436 4522 gentibus,
462 4449 560 4505 divinae
585 4447 731 4518 majestatis
754 4446 901 4519 potentiam
916 4443 950 4498 si·

152 4540 305 4595 militudine
321 4540 409 4596 carnis
420 4538 522 4609 peccati
533 4537 689 4607 cooperuit;
706 4543 732 4591 et
742 4534 818 4608 quasi
833 4534 949 4590 abscon·

153 4628 226 4689 ditus
240 4636 281 4684 est
299 4629 389 4683 vultus
399 4630 460 4698 ejus
475 4628 501 4683 in
517 4626 671 4683 infirmitate
687 4642 693 4680 :
710 4624 782 4680 uude
796 4637 847 4679 nec
865 4637 947 4690 repu-

152 4717 267 4771 tavimus
281 4732 353 4772 eum.
368 4717 407 4771 Ibi
423 4716 503 4790 [fort.
527 4715 594 4780 cdd,
608 4712 702 4786 divini]
734 4711 838 4769 consilii
853 4710 947 4783 provi·

69 4802 78 4821 ⁶
151 4806 243 4862 dantia
270 4804 406 4861 inescatus
424 4814 466 4861 est
490 4806 597 4872 bamus,
621 4802 668 4873 qui
693 4802 726 4855 ad
754 4800 947 4855 extrahendum

151 4903 306 4968 serpentem
319 4894 459 4966 antiquum
484 4896 511 4949 in
534 4895 586 4948 hoc
600 4906 672 4947 mare
686 4905 816 4963 maguum
830 4891 864 4945 de
879 4889 947 4944 coelo

151 4987 345 5054 trajectosest.
379 4984 444 5040 lnde
471 4997 582 5057 egressa
611 4989 651 5035 est
678 4978 783 5034 arrnilla
811 4985 948 5042 aurea,ut

150 5073 336 5146 perforaretur
351 5072 457 5128 maxilla
490 5071 648 5135 leviathan,
676 5073 706 5122 ut
720 5076 857 5122 evomeret
871 5080 946 5120 mor·

149 5170 211 5220 tuos
228 5178 281 5220 non
298 5176 452 5235 suos,quos
467 5162 500 5215 ab
515 5160 620 5232 origiue
635 5155 728 5213 mundi
738 5170 832 5212 secure
847 5154 946 5225 deglu-

147 5251 243 5306 bearat

186 5337 277 5396 689
294 5342 321 5399 l.
338 5342 436 5399 llortus
449 5339 604 5396 deliciarum
631 5337 710 5394 nobis
724 5342 766 5392 est
792 5332 945 5388 saeratissi-

149 5439 213 5479 mus
226 5433 288 5483 tuus
318 5437 421 5498 uterus,
437 5445 453 5484 o
476 5430 576 5496 llaria;
608 5428 672 5501 quia
687 5444 719 5482 ex
734 5440 767 5482 eo
783 5423 944 5497 multiplices

1004 4274 1147 4331 sideratum
1171 4277 1273 4333 cunctis
1287 4277 1416 4350 gentibus
1439 4276 1529 4334 Solem
1544 4277 1651 4336 mundo
1668 4279 1797 4339 inrexbd

1038 4366 1065 4417 ὃ.
1086 4365 1125 4418 Τιι
1136 4365 1260 4438 pulchro
1282 4371 1314 4422 at
1331 4368 1400 4424 latta
1413 4365 1521 4434 diceris,
1537 4367 1618 4440 eique
1633 4383 1694 4424 nou
1709 4370 1799 4426 imme·

1004 4453 1054 4508 rito
1076 4455 1252 4523 compararis.
1280 4455 1327 4511 llla
1356 4456 1427 4515 enini
1443 4455 1564 4513 omnium
1585 4464 1726 4516 astrorum
1748 4460 1798 4518 tola

1002 4542 1054 4596 soli
1068 4541 1214 4610 simillima,
1229 4552 1256 4599 et
1270 4545 1389 4600 candore
1415 4552 1530 4602 venusta
1548 4555 1687 4619 argenteo
1702 4548 1799 4606 calens

1002 4631 1030 4686 in
1045 4630 1118 4688 coelo
1134 4632 1275 4702 praemicat
1289 4632 1424 4689 sideribus
1440 4641 1488 4690 :tu
1499 4649 1563 4691 raro
1579 4633 1632 4709 [cl.
1648 4638 1723 4713 veri]
1735 4639 1798 4696 Solis

1001 4721 1091 4789 imago
1117 4722 1330 4792 expressissima,
1357 4723 1427 4780 inter
1465 4722 1546 4779 millia
1577 4733 1722 4785 astrorum
1748 4727 1798 4783 nea

1001 4810 1183 4866 assistentium
1198 4812 1322 4886 virginali
1335 4812 1450 4886 puritate
1462 4812 1490 4869 in
1505 4812 1574 4871 eoelo
1591 4815 1720 4888 gloriosa
1733 4833 1798 4891 pra·

1002 4896 1102 4971 fulges.
1126 4901 1174 4955 llla
1193 4901 1264 4957 enim
1281 4902 1416 4959 transluso
1432 4902 1460 4958 in
1474 4918 1505 4960 εε
1517 4903 1600 4959 solari
1629 4905 1740 4965 lumine
1753 4921 1799 4964 oo·

1000 4995 1071 5044 ctem
1086 4997 1206 5043 nostram
1220 4988 1352 5048 illuminat
1368 5007 1374 5046 :
1391 5001 1419 5048 tu
1445 4991 1573 5048 virtmum
1588 4993 1641 5049 tibi
1657 4997 1749 5055 alteo
1761 4998 1799 5052 in·

999 5077 1115 5132 ditarum
1139 5078 1290 5154 magnificis
1304 5081 1438 5154 exemplis
1451 5081 1485 5136 ad
1499 5081 1682 5141 imitationem
1697 5089 1738 5142 tui
1755 5103 1801 5142 nos

1001 5182 1142 5237 provocas,
1172 5169 1267 5242 sicque
1296 5179 1403 5227 noctem
1431 5181 1549 5228 nostram
1578 5172 1734 5234 illuminas.
1753 5176 1799 5246 Qui

1000 5257 1072 5312 enim
1083 5258 1139 5315 vias
1152 5267 1213 5315 tuas
1227 5267 1399 5317 consectatus
1419 5260 1511 5332 inerit,
1531 5277 1587 5319 noo
1601 5265 1764 5322 ambulabit
1776 5266 1800 5321 in

999 5347 1136 5420 tenebris,
1156 5349 1202 5404 sed
1214 5351 1302 5406 lumen
1322 5350 1383 5407 vitae
1398 5351 1528 5408 inueniet.
1544 5353 1585 5407 Tu
1595 5367 1667 5425 ergo
1681 5357 1800 5429 putem

998 5452 1028 5494 es
1042 5443 1074 5495 ct
1090 5438 1178 5496 lunc:
1194 5441 1281 5497 imoet
1296 5439 1434 5511 pulchrior
1448 5441 1521 5508 luae,
1536 5443 1600 5516 quia
1615 5452 1674 5500 tota
1688 5446 1801 5521 pulchra

149 5512 243 5586 gaudii
270 5515 352 5573 flores
373 5517 537 5590 colligimus,
553 5517 660 5592 quoties
688 5525 776 5572 menta
799 5512 943 5571 recolimus
996 5541 1037 5598 es,
1049 5537 1077 5585 pu
1086 5528 1478 5597 muculuuunaatiuteldaot.
1488 5546 1527 5597 rr,
1536 5530 1578 5601 7),
1589 5532 1800 5606 coquum.
