3706 5962
114 226 173 288 433
690 215 924 283 cohabitatio
941 214 987 274 EX
1001 216 1196 293 ,lethxitbo
1722 220 1775 281 its
1792 235 1796 242 '

115 350 283 409 lescentulas
305 354 367 420 post
380 363 411 402 se
426 348 557 413 traheret,
582 348 686 415 dicens,
714 351 866 406 curremus
888 345 918 400 iu
935 354 958 432 Α
975 356 1025 397 ncs
1040 342 1169 400 iacimus:
1186 364 1241 403 non
1257 347 1328 418 quud
1353 346 1478 401 omnibus
1492 346 1623 416 prodesse
1642 345 1774 412 nolimus,

92 488 95 493 .
115 441 202 500 odore
211 441 425 511 unquentorum
436 441 550 492 tuorum
562 456 571 492 :
584 438 686 503 statim,
696 444 726 492 ut
740 438 798 510 ipsa
809 433 920 507 profite·
974 432 1022 485 scd
1039 432 1100 503 quia
1123 434 1175 491 illis
1190 435 1305 490 maxime
1331 434 1461 505 prodesse
1485 432 1622 489 credimus
1634 435 1772 491 orationes

115 526 483 593 tnr,iutroduaa'teamre:c
496 522 920 593 iuceiloriaista,utindeacci-
975 527 1081 575 nostras
1105 524 1150 593 qui
1175 524 1254 580 nobis
1280 537 1309 577 se
1324 521 1504 586 committunt,
1528 522 1569 578 vel
1595 522 1658 593 qnia
1685 523 1772 596 magis

115 625 197 689 peret
211 614 284 672 unde
300 613 360 669 illas
375 612 511 678 reficeret,
523 629 558 669 na
573 615 599 669 in
614 630 694 670 cursu
709 614 874 679 deiicercut3
890 617 918 667 ct
973 608 1055 663 corda
1069 617 1161 665 nostra
1185 611 1346 667 excitantur.
1363 612 1456 682 ltaque
1470 610 1522 665 hoo
1535 608 1632 665 ordine
1649 609 1771 683 Sponsus

116 721 170 777 per
183 703 310 760 ordinem
326 703 361 757 de
384 702 462 757 horto
475 702 509 756 ad
533 701 680 767 cellarium,
706 701 740 758 de
759 700 869 758 cellario
883 697 917 754 ad
973 695 1006 750 iu
1019 713 1063 752 mc
1075 699 1220 756 ordinauit
1235 700 1418 756 charitatem.

115 792 272 849 cubiculum
289 791 363 862 regis
376 805 424 845 eas
438 789 642 862 introduceret3
659 807 732 847 nunc
746 789 855 862 quidem
868 804 917 858 per
1007 787 1049 840 di.
1068 787 1098 841 Et
1120 788 1340 860 quandoquidem
1361 787 1461 844 Christi
1484 785 1603 842 charitas
1624 794 1705 861 urget
1720 803 1770 844 nos

115 878 358 952 contemplationis
372 886 400 934 et
413 879 513 933 amoris
526 878 666 947 aflectum,
682 878 854 950 postmodum
870 893 916 932 ve-
970 874 1004 927 ad
1018 889 1077 943 vos,
1094 877 1203 932 Fulcite
1219 893 1262 932 me
1279 876 1393 946 floribus
1408 874 1583 931 affectionum
1606 882 1768 942 vestrarum,

114 985 146 1026 ro
173 985 226 1040 per
248 966 421 1022 beatitudiuis
443 964 580 1021 eiiectum.
604 967 686 1022 Porro
708 968 805 1023 domus
832 983 914 1021 unum
970 963 1076 1034 stipate
1090 967 1232 1021 mentalis
1248 980 1371 1036 operum,
1385 965 1558 1037 quiaoorore
1571 961 1693 1018 absentis
1710 964 1770 1019 iau-

114 1057 200 1114 babct
215 1056 354 1128 praemium
380 1055 501 1117 Domini,
525 1055 575 1109 nisi
599 1056 661 1126 quia
683 1071 732 1126 per
746 1055 796 1111 hoc
812 1055 839 1109 in
865 1055 915 1109 tria
968 1067 1046 1121 queo.
1062 1052 1112 1106 Est
1126 1068 1202 1109 amor
1212 1053 1282 1125 pius,
1294 1061 1336 1108 est
1346 1068 1423 1108 amor
1437 1052 1556 1119 feruens,
1569 1058 1610 1106 εει
1624 1049 1767 1120 languens.

113 1148 231 1219 praemia
246 1144 382 1210 diuiditur,
400 1152 429 1197 ut
452 1143 577 1211 sciamus,
593 1143 667 1215 quid,
693 1152 822 1216 quantus,
843 1158 913 1215 quo·
969 1137 1030 1193 Pius
1042 1140 1076 1194 ad
1101 1141 1298 1212 impetrandam
1320 1142 1427 1197 veniam
1450 1149 1632 1210 peccatorum,
1656 1139 1769 1196 terrens

112 1233 214 1302 modo;
238 1232 264 1287 id
281 1237 333 1297 est,
359 1230 423 1302 quid
439 1230 473 1285 sit
497 1231 581 1296 Deus,
605 1246 704 1302 corpus
729 1246 762 1285 an
786 1230 913 1303 spiritus;
968 1232 994 1281 ln
1009 1227 1174 1286 exhibitione
1189 1245 1312 1302 opornm‚
1327 1230 1470 1302 languens,
1491 1244 1552 1285 cum
1571 1227 1662 1284 delicit
1676 1229 1767 1285 anima

112 1329 244 1395 quantus,
262 1327 371 1376 creatus
389 1335 423 1374 an
438 1319 593 1385 increatos;
618 1318 753 1391 quomodo
770 1319 912 1375 invenien-
967 1314 994 1368 in
1008 1314 1117 1371 salutmi
1134 1319 1192 1385 liei,
1208 1318 1234 1373 id
1250 1327 1301 1384 est,
1317 1319 1417 1374 iutuitu
1432 1316 1678 1387 contemplationis.
1698 1317 1766 1373 Cum

110 1409 176 1468 dus,
967 1402 1025 1458 haec
1039 1403 1133 1459 dicens
1157 1421 1257 1477 sponsa
1271 1406 1423 1481 langueret,
1448 1421 1553 1460 rursum
1578 1404 1665 1460 sensit
1678 1420 1764 1477 spon-

148 1501 195 1555 at.
211 1497 377 1556 Introduxit
389 1513 435 1554 uae
450 1511 525 1567 ergo,
538 1495 576 1551 ait
589 1510 700 1567 sponsa,
716 1498 748 1552 iu
762 1496 863 1552 celiam
875 1496 913 1550 ui·
966 1506 1025 1546 sum
1040 1503 1213 1563 presentem,
1230 1503 1257 1552 et
1270 1493 1364 1573 laevam
1379 1495 1441 1564 ejus
1454 1492 1505 1548 sub
1518 1493 1607 1565 capite
1621 1510 1681 1557 suo,
1697 1494 1764 1551 dex-

111 1588 241 1654 trarium,
255 1586 285 1641 id
299 1594 341 1641 est
354 1583 587 1656 inplenitndinem
602 1584 751 1649 charitatis,
768 1584 794 1638 in
809 1600 863 1655 qua
878 1599 911 1639 ne
967 1588 1052 1634 teram
1060 1596 1126 1637 vero
1140 1584 1200 1652 ejus
1215 1600 1245 1639 sc
1254 1583 1464 1656 amplexantem.
1477 1581 1598 1654 ideoque
1613 1582 1761 1654 respirans,

109 1676 248 1732 inebriata
274 1681 363 1730 musto
389 1672 504 1744 Spiritus
531 1673 616 1729 sancti
641 1689 785 1744 perperam
810 1672 911 1743 aliquid
927 1658 949 1736 B
966 1667 1017 1738 En,
1033 1668 1129 1740 inquit,
1146 1670 1245 1727 iterum
1260 1687 1391 1743 sponsus;
1417 1674 1495 1727 Laeua
1524 1673 1584 1742 ejus
1606 1671 1655 1726 sub
1669 1673 1763 1744 cupite

109 1780 235 1837 agerem
252 1779 313 1819 cum
326 1762 362 1818 ad
380 1761 501 1818 subditos
518 1761 646 1830 redirem,
663 1762 805 1818 ordinauit
820 1764 852 1816 iu
865 1777 911 1816 ure
964 1773 1037 1822 meo,
1052 1761 1080 1814 et
1090 1758 1210 1817 dexteru
1224 1764 1287 1832 eJus
1301 1760 1514 1833 amplexabitur
1527 1776 1581 1815 me.
1604 1760 1682 1816 Ponit
1694 1777 1762 1833 ergo

109 1853 285 1909 charitatem
299 1852 395 1923 (Ceut.
416 1866 448 1917 ιι,
464 1852 502 1922 i).
517 1850 642 1906 Charitas
662 1851 716 1907 duo
735 1851 827 1917 habet,
843 1849 910 1904 aile-
965 1858 1064 1915 sponsa
1076 1854 1156 1918 caput
1180 1858 1209 1905 ut
1224 1849 1388 1921 requiescat,
1404 1863 1458 1904 non
1485 1864 1568 1920 super
1592 1846 1696 1915 laevum,
1712 1850 1762 1905 sed

108 1948 195 2005 ctum,
213 1949 241 1996 et
255 1946 353 1996 actum.
369 1940 408 1993 hc
419 1937 529 2008 aflectu,
541 1937 645 2009 liiiiqcs
658 1940 807 1995 Dominum
822 1939 910 1994 Deam
964 1931 991 1985 in
1006 1933 1072 1990 iaeva
1091 1937 1194 2006 sponsi,
1219 1953 1280 1993 cum
1295 1936 1412 1993 allicitur
1434 1936 1570 2007 mysteriis
1590 1937 1764 1993 humanitatis

110 2033 196 2084 tuum
210 2045 246 2085 esc
258 2026 408 2086 totocorde
423 2033 481 2093 tuo,
494 2030 522 2083 et
532 2043 568 2084 ec
580 2029 746 2084 totauasute
756 2031 816 2096 tau,
836 2031 863 2084 et
874 2044 910 2085 aa
963 2022 1081 2080 Christi:
1098 2023 1210 2081 dextera
1225 2040 1291 2083 vero
1305 2025 1400 2098 sponsi
1424 2041 1484 2082 eam
1499 2025 1679 2097 amplectitur,
1697 2026 1761 2083 dum

108 2117 243 2175 omuibus
266 2117 372 2174 viribus
389 2117 447 2172 tuis
475 2116 589 2188 (liutto.
620 2130 689 2183 xxxi,
719 2114 779 2187 37);
797 2114 824 2170 in
855 2131 910 2187 quo
963 2109 1119 2166 illuminatis
1140 2111 1227 2169 oculis
1249 2114 1317 2184 ejus,
1345 2122 1426 2170 totam
1452 2129 1512 2169 eam
1536 2113 1658 2185 possidet
1685 2128 1763 2172 amor

107 2206 202 2262 omnia
239 2203 355 2262 aiicctus
382 2220 485 2276 genera
522 2204 799 2275 comprehenduntur.
835 2203 908 2261 illie·
964 2198 1124 2270 Divinitatis‚
1148 2210 1176 2256 et
1190 2201 1353 2258 intellectus.
1375 2203 1404 2255 ln
1430 2204 1480 2257 hoc
1497 2210 1549 2256 tam
1565 2202 1610 2274 pio
1633 2202 1759 2274 amplexu

106 2302 170 2351 ctus
196 2307 268 2368 ergo
293 2293 352 2349 Deo
379 2293 495 2349 debetur
522 2292 717 2365 principaliter,
747 2293 910 2350 secundario
962 2302 1062 2358 sponsa
1078 2286 1143 2343 inid
1158 2290 1246 2361 ipsum
1260 2290 1423 2347 obdormivit
1438 2298 1465 2345 et
1481 2292 1623 2364 requievit.
1639 2292 1760 2364 Sponsus

105 2381 244 2454 proximo,
262 2397 345 2454 quem
359 2380 386 2436 in
405 2382 462 2437 Deo
477 2380 609 2437 debemus
628 2380 741 2456 diligere
765 2380 833 2437 sicut
847 2397 907 2437 nos.
961 2375 1041 2430 etiam
1057 2379 1195 2434 exsultans
1209 2379 1235 2434 in
1251 2379 1376 2450 amplexu
1390 2380 1530 2434 charitatis
1544 2381 1614 2450 ejus,
1631 2379 1698 2436 filias
1717 2383 1760 2437 le·

105 2472 165 2527 Nos
190 2470 264 2526 enim
293 2470 420 2542 primum,
448 2471 511 2542 quia
544 2469 622 2526 uobis
644 2469 803 2526 conceditur
830 2469 907 2541 prin·
962 2464 1077 2520 rosaiem
1103 2467 1219 2536 adiurat,
1237 2466 1262 2521 id
1286 2475 1328 2521 cst
1343 2467 1488 2539 quamdam
1511 2469 1552 2524 cis
1575 2470 1757 2526 reverentiam

104 2560 222 2631 cipatus,
245 2567 276 2614 ιιι
288 2560 406 2631 primum
426 2574 547 2615 amemus
569 2575 629 2624 nos,
647 2558 746 2614 deinde
769 2558 908 2629 proximos
960 2567 1026 2622 erga
1049 2569 1174 2624 sponsam
1195 2555 1319 2626 inspirat.
1347 2556 1563 2626 hdjuratautcm
1588 2573 1635 2612 cas
1649 2574 1699 2628 par
1713 2575 1758 2615 ca-

103 2654 176 2703 ιειιι
190 2661 251 2702 nos.
266 2647 389 2703 Debetur
402 2654 493 2703 autem
504 2648 626 2703 charitati
643 2647 692 2702 Dei
707 2648 815 2720 quidam
831 2654 906 2703 actus
960 2658 1039 2711 preas
1058 2659 1209 2715 cervosque
1231 2659 1399 2715 camporum,
1425 2660 1486 2700 cum
1510 2645 1620 2701 exhibet
1642 2646 1681 2702 eis
1697 2648 1756 2719 agi-

102 2735 288 2808 purgatorius,
309 2735 338 2791 id
362 2744 405 2791 εει
419 2752 550 2812 purgans,
567 2752 617 2792 nos
642 2736 676 2791 ad
691 2735 823 2792 visionem
843 2736 904 2802 Dei,
958 2731 1061 2786 litatem
1076 2742 1103 2786 ct
1117 2731 1284 2787 alacritatem
1300 2733 1433 2788 bonorum
1448 2748 1571 2804 operum.
1589 2735 1702 2806 Adjuro,
1716 2736 1757 2790 in·

102 2832 132 2879 ut
162 2832 226 2880 sunt
253 2824 360 2898 vigilia,
391 2825 504 2895 Jejunia,
533 2823 733 2889 meditationes,
761 2824 901 2890 lectiones,
958 2820 1758 2895 quit,vos,filioelertssaiem,percupreus.cervusquecam·

101 2912 347 2984 compunctiones:
379 2912 495 2969 debetur
521 2921 548 2969 et
573 2921 649 2969 actus
676 2914 809 2985 proximo.
836 2914 902 2969 sicut
956 2925 1066 2982 porum,
1078 2913 1110 2964 ut
1125 2925 1183 2965 aaa
1198 2909 1345 2966 suscitetis
1358 2908 1546 2965 occasionibus
1560 2910 1754 2966 necessitatum

102 3017 189 3073 opera
203 3001 409 3068 misericordiae,
426 3011 453 3057 ει
466 3011 565 3057 caetera
575 3020 636 3075 quae
650 3002 733 3075 exigit
752 3003 902 3059 necessitas
917 2963 939 3042 c
955 3005 1106 3053 vestrarum
1120 3013 1208 3070 acque
1222 2997 1485 3070 euiqitaresaciatis
1496 3012 1623 3070 sponsam
1639 2999 1755 3070 impulsu

99 3091 198 3146 activae
212 3097 241 3145 et
265 3089 372 3145 socialis
387 3091 459 3148 vitae.
484 3089 538 3145 Sed
553 3089 678 3147 aflectum
706 3091 755 3147 Dei
770 3092 902 3148 debemus
954 3087 1087 3143 malorum
1102 3095 1263 3154 vestrorum,
1280 3088 1458 3162 quoadusque
1477 3090 1539 3160 ipsa
1554 3088 1637 3156 uelit;
1658 3089 1751 3155 idest,

99 3193 152 3249 per
169 3176 261 3232 omnia
284 3193 445 3250 praeponere
471 3178 581 3233 atiectui
605 3179 732 3248 proximi,
757 3195 810 3235 non
836 3195 901 3235 vero
954 3177 1182 3246 contemplatione
1196 3177 1293 3248 gratiae
1307 3193 1375 3233 mare
1389 3177 1494 3240 satiata,
1517 3192 1549 3251 ex
1565 3176 1668 3248 impetu
1683 3192 1752 3236 oon-

99 3281 212 3336 scmper
225 3266 296 3320 actui
310 3265 424 3337 proximi
436 3274 525 3322 actum
539 3265 599 3322 Dei.
612 3267 665 3322 Sed
680 3276 707 3323 et
722 3267 749 3321 in
765 3268 842 3323 nobis
856 3267 901 3323 de
953 3267 1026 3334 cepti
1040 3265 1151 3329 amoris,
1167 3265 1227 3336 ipsa
1252 3281 1302 3337 per
1316 3281 1345 3320 se
1361 3266 1394 3320 ad
1409 3281 1457 3320 vos
1473 3264 1582 3321 redibit.
1598 3267 1704 3337 Sponsa
1717 3267 1751 3324 de

97 3356 199 3411 bemus
221 3371 295 3425 sape
319 3363 409 3409 actum
432 3355 573 3411 charitatis
595 3356 716 3427 corporis
740 3371 899 3429 praeponere
953 3352 1043 3408 medio
1063 3350 1258 3407 consolationis
1279 3361 1306 3407 et
1324 3350 1562 3422 contemplationis
1583 3368 1678 3410 somno
1699 3369 1750 3409 au-

98 3443 172 3500 tctui
184 3443 323 3500 charitatis
346 3445 457 3513 animae3
479 3452 505 3499 et
528 3454 615 3500 actum
631 3444 769 3501 charitatis
790 3445 898 3511 animae,
952 3440 1030 3496 diens
1053 3440 1136 3496 verba
1151 3440 1253 3512 sponsi,
1270 3439 1298 3493 id
1321 3447 1372 3506 est,
1393 3440 1489 3495 videns
1512 3439 1641 3497 allectum
1654 3444 1750 3514 gratiae

97 3523 171 3590 actui
186 3531 325 3588 charitatis
345 3533 405 3599 Dei,
420 3532 505 3589 idest
527 3532 760 3605 contemplationi.
777 3534 840 3589 Haec
855 3540 900 3587 ta·
951 3530 1021 3600 ejus,
1045 3529 1108 3601 quia
1122 3526 1332 3584 adolescentule
1354 3544 1405 3585 ncc
1429 3542 1489 3583 eam
1512 3528 1672 3591 excitarent,
1698 3546 1750 3586 nec

96 3636 164 3678 men
177 3620 269 3677 omnia
291 3636 354 3678 cum
374 3621 457 3694 exigit
478 3619 557 3678 ‘est
587 3622 743 3687 necessitas,
769 3639 829 3694 quar
844 3638 897 3678 non
951 3625 1079 3698 evigilare
1094 3640 1155 3681 eam
1179 3624 1317 3693 iacerent;
1335 3625 1382 3681 sed
1407 3625 1477 3681 sicut
1500 3641 1606 3697 capreae
1621 3625 1749 3697 cervique

95 3710 183 3767 habet
196 3709 297 3785 legem.
314 3710 362 3766 Est
377 3711 450 3767 enim
468 3710 511 3767 lex
533 3711 679 3776 charitatis,
698 3719 725 3767 ει
740 3720 781 3768 εει
800 3728 896 3768 ιιεεεε-
951 3730 1108 3786 campomm
1118 3713 1146 3768 in
1161 3713 1300 3771 alacritate
1314 3713 1448 3771 bonorum
1462 3732 1577 3788 operum
1589 3732 1619 3771 se
1634 3730 1764 3772 cxcrce-·

94 3800 165 3856 sitas
188 3799 339 3855 charitatis.
362 3799 416 3855 Lex
429 3799 569 3856 charitatis
582 3801 705 3873 praecipit
719 3808 808 3858 actum
834 3803 897 3857 cha·
950 3811 1020 3868 reat,
1047 3804 1188 3874 ipsamque
1211 3803 1238 3858 in
1263 3803 1499 3874 contemplationis
1522 3803 1684 3876 suaequiete
1709 3803 1749 3859 in·

94 3887 184 3944 uitatis
197 3887 248 3943 Ilei
262 3903 423 3960 preponere
440 3889 511 3944 actui
525 3888 632 3957 animae,
649 3897 676 3946 et
695 3899 783 3946 actum
799 3890 897 3946 animae
949 3891 1064 3964 quietari
1080 3889 1157 3946 naias
1167 3891 1314 3948 ducerent:
1328 3907 1480 3966 exsurgens
1488 3893 1515 3946 in
1526 3891 1633 3948 laudem
1642 3892 1744 3964 sponsi,

93 3976 168 4032 actui
198 3977 332 4048 corporis.
360 3976 514 4033 Necessitas
543 3978 682 4034 charitatis
708 3994 779 4050 saepe
806 3978 896 4034 omnia
954 3981 1018 4044 Vox,
1042 3978 1137 4051 iuquit,
1154 3978 1254 4038 dilecti
1275 3980 1333 4038 mei
1348 3979 1473 4050 (Cautio.
1490 3995 1519 4046 u,
1536 3981 1607 4052 5-8).
1623 3981 1745 4037 llaeoest

92 4063 139 4119 his
153 4066 300 4120 contrarie.
326 4063 392 4120 lude
407 4070 449 4120 est
467 4064 540 4135 quod
554 4064 628 4121 multi
642 4065 747 4130 dicunt,
767 4067 844 4137 pauci
859 4067 897 4122 in·
949 4083 1000 4123 vox
1015 4067 1107 4124 dilecti
1122 4067 1185 4131 mei,
1202 4068 1261 4124 haec
1275 4076 1318 4124 est
1331 4067 1456 4123 voluntas
1470 4069 1540 4138 eius,
1553 4068 1603 4124 hoc
1623 4078 1664 4124 est
1677 4085 1746 4139 opus

95 4152 235 4224 telligunt.
250 4153 404 4209 Necessitas
419 4169 473 4208 non
484 4154 675 4226 habetiegem.
688 4155 814 4211 Procedit
827 4156 895 4212 ordo
950 4156 1019 4225 ojus,
1037 4157 1093 4210 haee
1108 4156 1247 4212 estvirtus
1261 4159 1321 4227 ejus
1333 4158 1359 4212 in
1374 4157 1482 4213 illarum
1489 4158 1675 4223 conversione,
1688 4157 1746 4213 haec

94 4248 125 4298 et
148 4240 244 4312 regula
258 4240 405 4307 charitatis,
422 4259 483 4314 quae
499 4242 618 4315 praecipit
643 4259 720 4299 suum
744 4259 842 4316 corpus
867 4255 895 4300 et
950 4253 992 4299 est
1005 4243 1121 4299 dulcedo
1144 4246 1204 4313 eius
1219 4246 1246 4300 iu
1262 4262 1322 4301 mea
1346 4245 1501 4302 dilectione.
1517 4248 1588 4303 Ecce
1609 4245 1745 4317 quomodo

95 4329 210 4386 alterius
224 4329 314 4384 minus
335 4328 450 4404 diligere
465 4347 545 4402 quam
568 4346 643 4386 suam
658 4339 685 4387 et
708 4332 820 4388 alterius
834 4332 892 4387 aui·
949 4332 1074 4389 ordinata
1088 4332 1219 4388 charitate
1234 4334 1324 4388 omnia
1333 4334 1458 4389 oudinus
1471 4342 1569 4388 suntet
1584 4341 1747 4404 peccata,et

94 4432 186 4480 mam;
207 4431 282 4471 snam
307 4433 373 4474 vero
387 4419 504 4473 animam
528 4426 556 4474 ει
569 4417 680 4474 alterius
698 4420 759 4490 ptus
780 4419 893 4492 diligere
948 4422 976 4476 in
1001 4436 1068 4492 pace
1083 4419 1169 4476 iactus
1195 4429 1237 4476 est
1252 4427 1326 4478 locus
1351 4422 1419 4491 ejus,
1444 4429 1472 4477 et
1495 4422 1522 4476 in
1536 4421 1601 4476 Sion
1616 4421 1745 4477 hahitatio

93 4517 179 4575 quam
195 4518 273 4558 suum
287 4520 387 4576 corpus
401 4505 444 4560 vel
458 4505 588 4560 alterius:
605 4522 681 4562 suam
705 4508 824 4563 animam
839 4524 894 4564 non
949 4514 1010 4582 ejus
1025 4512 1110 4579 (Psoi.
1123 4527 1209 4575 cxxv,
1226 4512 1264 4580 3),
1281 4529 1341 4566 cum
1358 4527 1458 4582 sponsa
1473 4512 1499 4565 in
1512 4511 1638 4581 amplexu
1652 4512 1746 4580 sponsi

93 4591 159 4663 pins
187 4606 268 4663 quam
291 4592 410 4659 ειιειίιιε,
427 4595 475 4649 scd
496 4593 606 4649 alterius
629 4595 698 4650 sicut
720 4611 806 4652 suam.
832 4596 895 4653 Hac
949 4598 1072 4672 quiescit,
1100 4614 1161 4653 cum
1176 4612 1294 4668 sponsus
1318 4613 1378 4654 eam
1393 4598 1466 4654 fovet
1489 4606 1516 4654 ει
1538 4599 1664 4670 protegit,
1685 4615 1744 4655 cum

95 4686 229 4752 quantum
241 4681 275 4736 ed
285 4681 411 4738 allectum
421 4682 569 4738 charitatis.
581 4684 714 4740 Caetcmm
724 4690 801 4740 actus
810 4685 895 4757 ipsius
948 4686 1009 4742 filiae
1036 4701 1090 4741 non
1123 4685 1254 4742 suscitant
1283 4703 1353 4753 eam,
1390 4703 1442 4744 neo
1470 4687 1598 4762 evigilare
1625 4687 1745 4752 iaciunt;

95 4767 239 4825 charitatis
261 4785 335 4843 saepe
357 4770 435 4826 aliter
457 4770 609 4828 ordinatur.
631 4772 798 4845 Praeponitur
821 4775 893 4829 enim
947 4775 996 4832 sed
1011 4775 1100 4847 potius
1128 4776 1207 4831 bonis
1227 4776 1283 4832 suis
1303 4777 1399 4833 studiis
1422 4777 1513 4834 laetam
1537 4776 1639 4834 iaciunt
1657 4784 1685 4834 ct
1697 4778 1744 4848 ju-

96 4872 184 4928 ηρε,
199 4866 229 4913 ut
252 4858 354 4916 dictum
370 4867 420 4931 est,
435 4860 463 4915 iu
487 4868 548 4916 actu
562 4875 660 4933 corpus
680 4862 787 4928 animae,
804 4862 894 4917 animo
947 4864 1074 4920 cundam.

96 4947 166 5003 Deo.
183 4946 262 5018 Quod
277 4947 299 5003 si
325 4946 402 5004 fratri
417 4958 475 5017 tuo,
491 4949 613 5020 ejusdem
629 4951 717 5007 meriti
731 4958 760 5007 et
774 4951 895 5009 utilitatis
982 4957 1027 5009 ³5.
1042 4954 1099 5009 Hoc
1110 4954 1282 5027 significabat
1297 4956 1394 5013 mulier
1416 4957 1469 5022 iila,
1488 4974 1549 5029 qum
1564 4956 1697 5013 clamabat
1710 4956 1745 5011 ad

96 5043 190 5092 tecum
202 5036 231 5091 in
246 5037 344 5095 eadem
358 5038 521 5095 necessitate
536 5040 632 5110 posito,
648 5041 723 5113 prius
737 5042 892 5109 subvenias,
947 5043 1072 5100 Elisaeum
1085 5054 1191 5100 mortuo
1206 5045 1264 5102 viro
1274 5061 1333 5111 suo,
1346 5061 1425 5104 servo
1437 5048 1505 5116 ejus,
1518 5059 1644 5119 sponsam
1658 5045 1744 5101 Deum

95 5125 222 5182 abundas
236 5127 382 5196 charitate3
407 5127 429 5183 si
454 5128 513 5196 tibi,
528 5144 583 5185 non
606 5145 713 5200 peccas.
737 5131 804 5186 Nam
819 5133 846 5187 in
861 5147 894 5188 eo
948 5133 1056 5188 Patrem
1076 5131 1248 5189 invocantem
1263 5148 1313 5204 per
1332 5142 1447 5189 mortem
1467 5133 1525 5187 Filii
1544 5133 1585 5187 sui
1599 5131 1648 5188 viri
1662 5133 1739 5202 eius:

95 5214 170 5287 quod
185 5215 285 5272 dicitur
295 5217 372 5273 sicut
386 5221 412 5272 te
422 5217 532 5282 (iiattb.
545 5233 614 5284 xxxx,
631 5221 687 5291 39),
699 5220 831 5292 primatus
846 5221 895 5276 tihi
950 5223 1059 5287 Seruus,
1072 5221 1167 5294 iuquit,
1184 5226 1259 5289 tuus,
1271 5221 1318 5276 uir
1331 5237 1420 5286 meur,
1437 5224 1566 5278 mortuus
1581 5224 1676 5288 est;et
1687 5238 1748 5279 ecce

94 5304 273 5363 conceditur:
291 5304 315 5362 si
329 5313 420 5361 autam
444 5306 561 5380 disparis
574 5309 663 5365 meriti
678 5309 770 5379 tueris,
791 5310 895 5366 meliori
948 5311 1028 5367 veuit
1040 5309 1174 5375 creditor,
1186 5313 1219 5366 ut
1235 5309 1317 5366 tutat
1331 5309 1388 5366 albi
1399 5310 1466 5366 duos
1475 5310 1549 5380 filios
1559 5326 1633 5367 uicos
1643 5311 1680 5366 ad
1690 5328 1749 5370 ser·

95 5403 138 5452 cst
153 5395 385 5452 subveniendum.
400 5396 505 5453 Etcum
519 5413 615 5453 omnes
629 5398 768 5470 aequaliter
782 5399 895 5474 diligere
949 5400 1084 5458 claudum
1098 5398 1163 5453 sihi.
1177 5397 1223 5453 Sic
1234 5404 1261 5454 et
1270 5412 1373 5468 sponsa
1387 5399 1454 5455 duos
1471 5397 1676 5466 [dicacitatum
1691 5418 1749 5458 ver·

95 5484 264 5552 debeamus,
279 5501 333 5541 non
355 5496 446 5542 mmen
460 5485 519 5542 sinc
535 5503 616 5544 causa
634 5486 781 5544 familiares
796 5489 895 5544 oratio·
948 5490 994 5558 lto,
1005 5488 1120 5544 alterum
1130 5488 1255 5560 exemplo
1263 5496 1408 5562 genuerat,
1423 5504 1491 5562 quus
1502 5490 1641 5549 tuleratdc
1658 5508 1742 5547 manu
