3706 5962
183 223 254 299 1163
892 221 1125 297 salutemus.
1764 224 1820 305 lttt

182 348 256 406 diisti
270 348 442 422 quandoque,
459 349 508 406 sed
525 363 605 417 sero;
620 349 676 405 imo
699 347 787 405 redire
810 348 921 406 omnino
943 349 977 407 sd
990 368 1014 448 g
1033 349 1085 419 Ωιι
1098 349 1190 421 major
1203 347 1323 407 volcani
1338 360 1396 405 erae
1411 345 1558 410 intervos,
1572 346 1614 446 ait
1630 346 1757 445 omnium
1770 368 1819 408 oea·

182 446 256 495 tuam
270 440 384 498 vincam.
397 439 463 509 proh
478 438 571 496 dolor!
589 437 732 510 aliquando
745 437 900 495 nescivisti:
917 445 976 495 tau·
1031 443 1111 494 tram
1124 452 1219 495 aeroas
1234 436 1343 507 (licitis.
1353 450 1401 501 xx,
1417 436 1463 499 28,
1474 434 1531 505 26).
1547 431 1821 509 oecumenicum

180 527 244 582 dem
272 542 331 583 eam
353 527 473 583 laborare
500 525 616 582 intrasti.
643 527 695 582 Sed
725 526 790 599 quid
817 526 975 584 acciderat?
1028 517 1087 594 ipsa
1107 541 1161 581 non
1175 524 1358 597 compatitur?
1373 524 1412 595 (ll
1421 523 1482 579 Cor.
1504 536 1544 588 ιιι,
1559 521 1608 593 29)
1622 521 1690 595 quis
1703 525 1821 599 doteque

180 617 280 673 Hostes
292 618 479 681 ascenderunt,
487 615 633 671 maceriam
648 615 858 687 dissipaverunt,
869 616 974 672 vineam

180 704 422 770 vindemiaverunt,
439 704 475 760 ita
488 713 519 760 ut
530 703 574 761 virt
589 719 690 776 paucos
705 719 827 761 racemos
840 704 869 759 in
881 720 913 760 ca
927 720 973 760 re-

180 792 321 864 liquissent
337 809 344 846 :
361 807 458 864 vepres
474 799 500 847 et
523 791 608 862 spicae
632 791 807 847 ascenderant
819 808 901 864 super
913 809 973 849 eam

179 881 251 954 (Iso.
268 897 297 948 v,
314 883 341 948 ὃ,
355 884 384 952 6)
399 890 428 937 ut
437 881 458 937 si
473 896 525 952 qua
541 881 643 953 reliqua
658 881 772 938 luissent
785 885 819 938 ab
839 882 971 953 hostibus,

175 970 211 1025 ab
226 970 268 1025 lris
282 970 419 1027 suffocata
433 970 589 1028 viderentur
604 969 704 1026 omnia.

212 1063 238 1115 9.
255 1060 319 1115 llaec
347 1059 438 1116 omnia
457 1059 575 1132 pessima
597 1074 692 1116 cavere
714 1070 833 1131 poteras,
863 1061 886 1116 si
908 1077 972 1118 cum

174 1161 275 1218 sponso
298 1148 393 1204 ivisses
415 1149 449 1203 ad
473 1150 579 1204 vineas.
604 1148 724 1219 Denique
746 1163 801 1204 uon
817 1148 893 1217 dixit,
913 1150 952 1208 lte

1028 610 1087 683 ipsa
1101 628 1155 669 non
1169 612 1313 668 condolet?
1328 611 1407 667 Certe
1423 609 1469 665 llet
1482 626 1543 665 curn
1558 608 1707 682 flentibus,
1722 621 1750 669 et
1760 633 1820 687 gan·

1027 700 1073 756 det
1082 716 1141 757 cum
1150 700 1426 777 gaudentibuslllom.
1441 714 1490 767 xta,
1500 698 1556 771 15).
1568 699 1691 756 Laborat
1699 703 1821 776 similiter,

1027 799 1053 845 et
1068 804 1121 845 non
1148 789 1294 860 lassescit3
1314 788 1429 845 sustinet
1450 787 1575 843 similiter
1602 796 1633 844 et
1658 806 1714 846 non
1736 795 1820 863 gemit

1026 878 1178 951 Aliquando
1197 879 1249 935 sub
1263 893 1345 934 onere
1360 876 1444 946 dolet,
1459 887 1487 933 et
1500 892 1553 934 non
1567 879 1664 934 sentit.
1677 879 1820 950 Deridctur,

1027 974 1054 1022 et
1067 983 1121 1022 non
1135 967 1259 1023 advertit.
1285 967 1354 1022 Vere
1370 965 1443 1020 onim
1466 974 1506 1022 est
1520 966 1574 1022 sibi
1600 967 1681 1023 lacta
1704 975 1821 1042 tanquan

1027 1070 1074 1111 vas
1089 1055 1224 1126 perditum
1237 1055 1322 1125 (Psoi.
1333 1069 1405 1120 xxx,
1422 1052 1477 1126 ts),
1494 1061 1524 1109 ut
1538 1055 1669 1111 omnium
1682 1060 1822 1116 ιιιιιιιιιι·

1026 1144 1097 1199 tibus
1111 1153 1210 1215 praesto
1225 1159 1330 1217 semper
1344 1152 1480 1203 occurrat.

174 1236 480 1304 aed,ttamus.1eernot
504 1236 574 1303 aliae,
600 1244 627 1292 et
647 1245 745 1309 quanta
764 1237 804 1294 eis
825 1237 852 1294 in
882 1239 971 1295 eundo
1064 1234 1250 1291 dioececis
1265 1239 1291 1288 el
1306 1232 1374 1287 mira
1389 1233 1590 1305 charitas,quae
1618 1249 1748 1292 amarum
1769 1253 1824 1295 eoa·

174 1333 232 1379 erat
250 1324 351 1381 utilitas
365 1325 471 1381 audisti.
498 1324 554 1380 ltlae
575 1340 642 1398 ergo
662 1326 780 1395 jucunde
806 1335 833 1381 et
859 1327 929 1392 laete,
945 1335 973 1383 et
1027 1322 1107 1379 vertit
1120 1322 1149 1377 in
1165 1321 1256 1391 dulce,
1272 1321 1369 1377 durum
1383 1320 1410 1377 in
1425 1321 1498 1389 lene,
1517 1328 1545 1378 et
1565 1338 1699 1395 asperum
1719 1325 1747 1380 in
1771 1344 1824 1384 soa-

173 1420 246 1469 certe
268 1415 381 1469 multum
404 1412 542 1471 fructifere
566 1421 674 1486 tempus
697 1414 791 1486 gratiae
813 1414 974 1473 visitationis
1026 1425 1075 1467 ve:
1096 1425 1178 1482 quam
1197 1410 1277 1466 etiam
1301 1409 1429 1465 delectat!
1452 1408 1472 1467 0
1491 1426 1571 1483 quam
1597 1411 1668 1483 pius
1690 1424 1822 1487 aspectus,

175 1504 383 1571 exspectabaut;
394 1503 455 1574 quia
469 1501 581 1569 fructus,
591 1502 689 1577 quibus
702 1520 831 1575 sponsum
847 1515 967 1577 pascant,
1023 1515 1104 1571 quam
1117 1508 1193 1573 grata
1207 1500 1291 1555 iacies
1306 1499 1312 1553 l
1328 1498 1399 1555 oculi
1414 1498 1504 1569 pudici
1518 1507 1546 1557 et
1560 1515 1676 1572 semper
1695 1513 1774 1562 terre
1786 1506 1823 1562 ιιι-

174 1588 273 1646 habent
286 1607 393 1661 sponsae
406 1592 587 1664 gratissimos.
604 1593 633 1647 ln
648 1600 675 1647 ta
689 1603 778 1648 autem
802 1594 868 1666 quid
884 1593 965 1663 aliud,
1022 1587 1165 1658 herentes,
1185 1603 1235 1643 nec
1248 1596 1318 1642 certe
1332 1586 1432 1642 curiosi
1446 1588 1478 1641 ed
1494 1586 1629 1644 videndas
1640 1590 1821 1664 negligentias

172 1678 376 1735 nisilabruscas
398 1680 524 1738 invenit?
544 1681 623 1736 Certe
639 1679 690 1735 nisi
710 1687 735 1735 te
755 1683 888 1753 corrigas,
912 1689 966 1737 tre·
1021 1675 1153 1732 aliorum:
1178 1676 1276 1732 tmesi
1308 1675 1416 1749 aliquod
1444 1677 1543 1731 malum
1575 1680 1687 1751 grande
1715 1682 1821 1738 aliorum

171 1781 248 1821 mens
271 1767 396 1836 pavidum
420 1779 525 1839 tempus
548 1769 652 1823 iudicis
679 1770 857 1839 exspectabis.
873 1770 967 1826 Timeo

171 1855 244 1922 quod
254 1856 355 1927 saepius
370 1857 404 1910 de
426 1864 452 1910 te
471 1856 543 1910 dicat
557 1857 653 1911 lesus:
674 1859 867 1915 baioarenses
880 1860 965 1930 [riqi-

171 1938 225 1995 dce
238 1941 281 1996 vet
308 1941 431 2008 calidos,
446 1942 493 1997 sed
519 1943 586 2016 quio
604 1943 762 2015 tepiduses,
778 1945 915 2016 incipiam
938 1950 965 2002 te

170 2041 296 2085 evomere
318 2030 412 2102 (spec.
430 2046 472 2097 ur,
494 2035 537 2099 t5,
551 2032 606 2103 lt).
631 2032 708 2087 Corte
725 2032 790 2105 quia
812 2049 886 2106 saepe
912 2036 965 2091 otia

168 2117 290 2182 sectaris,
306 2118 383 2174 velsi
397 2118 541 2190 aliquando
552 2119 651 2192 legisti,
665 2121 727 2192 plns
742 2137 791 2193 pro
806 2136 850 2188 co,
860 2123 965 2180 utalios

166 2205 290 2279 doceres,
305 2224 387 2281 quam
399 2217 423 2264 te
438 2208 597 2281 corrigeres,
611 2209 707 2267 iecisti.
723 2207 819 2267 Overe
834 2212 962 2285 magister

167 2294 276 2364 erroris,
296 2296 342 2366 qni
356 2312 496 2367 nunquam
520 2296 595 2352 luisti
610 2298 759 2369 discipulus
780 2299 889 2367 verutis,
913 2316 961 2356 cur

167 2381 236 2437 alios
250 2382 340 2451 docos,
363 2391 389 2440 et
409 2385 525 2456 teipsum
541 2402 596 2441 non
615 2384 781 2443 instruisi0
803 2395 876 2443 certe
903 2387 959 2443 ini·

166 2485 248 2541 quum
263 2473 391 2541 studium,
407 2473 478 2545 quod
493 2474 553 2544 plus
566 2475 607 2531 vis
622 2475 754 2530 balbutire
767 2474 959 2549 lingua,quam

164 2561 247 2616 corde
266 2575 374 2618 servare
387 2569 415 2618 ct
428 2576 511 2633 opere
524 2562 651 2619 exhibere
668 2560 675 2617 l
692 2562 716 2619 Ο
731 2579 794 2619 vere
811 2565 871 2621 ideo
887 2581 958 2620 nun·

161 2661 241 2716 quam
260 2649 421 2720 sapientiam
434 2647 560 2724 attigisti!
577 2652 648 2706 Audi
663 2652 735 2723 quod
749 2668 827 2708 arcus
845 2661 906 2709 tuus
930 2654 958 2709 ιιι

159 2745 242 2787 manu
267 2740 313 2789 tua
332 2734 429 2790 debeat
454 2734 597 2789 instaurari
612 2735 682 2805 (tob.
698 2751 778 2806 xxta,
796 2735 864 2808 tol:
895 2738 959 2809 quia

160 2817 241 2888 coepit
252 2819 335 2874 lesus
348 2819 436 2875 iacere
445 2828 472 2873 et
485 2819 582 2876 docere
593 2819 667 2890 (Act.
680 2835 700 2891 t,
714 2820 780 2894 l).0
793 2837 839 2877 cor
854 2838 956 2890 meum,

1021 1763 1131 1830 videret,
1149 1763 1352 1834 pudicissimum
1366 1764 1426 1834 ejus
1439 1779 1486 1819 cor
1500 1764 1616 1821 credere
1633 1768 1739 1825 malm
1754 1769 1821 1826 nullo

1019 1852 1100 1909 modo
1114 1856 1278 1909 consentiret
1290 1870 1297 1908 ε
1309 1852 1364 1907 imo
1374 1854 1397 1908 si
1411 1867 1481 1924 opus
1491 1868 1545 1908 non
1560 1864 1661 1925 posset
1676 1857 1820 1929 evidentia,

1018 1941 1164 1998 intentione
1179 1942 1289 1999 omnino
1305 1948 1458 2012 excusaret,
1477 1951 1503 1998 et
1518 1958 1617 2014 pauca,
1639 1942 1728 2003 Μ
1750 1949 1820 2021 pudi-

1017 2045 1059 2100 ca,
1078 2040 1170 2086 sancta
1192 2047 1300 2103 seraper
1323 2032 1383 2100 ejus
1403 2030 1520 2103 eloquia.
1549 2032 1649 2090 lesum
1669 2037 1818 2105 meditator,

1016 2119 1110 2174 lesum
1134 2119 1262 2191 loquitur,
1279 2128 1305 2176 et
1321 2122 1414 2177 lesum
1434 2136 1517 2191 opere
1539 2121 1720 2181 imitatur.0
1745 2143 1819 2199 quarn

1016 2224 1088 2274 aero,
1108 2217 1138 2264 ut
1156 2209 1190 2265 de
1203 2209 1408 2275 detractoribus,
1424 2208 1601 2267 mendacibus
1626 2220 1656 2268 et
1679 2214 1820 2286 impudicis

1015 2303 1128 2365 taceam,
1143 2297 1271 2353 saeculare
1290 2313 1327 2354 ert
1341 2298 1401 2368 ejm
1414 2313 1461 2354 ore
1471 2298 1585 2354 verbum
1602 2301 1698 2371 possis
1708 2305 1815 2363 andire!

1015 2385 1097 2441 Risus
1118 2387 1179 2456 ejus
1206 2402 1312 2457 semper
1335 2390 1482 2452 modestus,
1498 2386 1629 2446 incessus
1657 2394 1770 2448 humilis
1794 2404 1817 2450 et

1014 2475 1053 2529 nil
1076 2462 1151 2530 altio
1174 2475 1309 2548 estquod
1338 2475 1436 2547 cupiat,
1461 2491 1543 2547 quam
1566 2483 1600 2532 nt
1619 2479 1686 2536 Jesu
1706 2482 1813 2552 placeat

1013 2563 1101 2620 ‘lanta
1122 2564 1237 2638 denique
1261 2580 1389 2621 sensuum
1412 2565 1576 2621 exteriorum
1607 2577 1636 2624 et
1657 2568 1813 2628 interiorum

1013 2653 1135 2710 custodia
1148 2663 1198 2719 est,
1213 2670 1247 2708 ne
1263 2654 1290 2708 in
1310 2669 1357 2710 cor
1369 2653 1472 2723 aliquid
1494 2655 1597 2724 veniat,
1610 2658 1689 2729 quod
1713 2676 1814 2732 posses

1012 2757 1101 2798 sorem
1115 2744 1175 2813 ejus
1189 2740 1322 2799 oileudat.
1334 2741 1357 2799 0
1372 2749 1474 2815 quanta
1486 2742 1514 2798 in
1529 2758 1561 2801 ea
1575 2745 1653 2818 viget
1667 2747 1758 2806 virtus
1772 2766 1813 2820 pa·

1013 2829 1132 2886 tientiael
1149 2846 1277 2904 namquo
1292 2831 1353 2902 plus
1370 2830 1398 2885 in
1421 2830 1642 2890 tribulationibus
1661 2842 1691 2891 et
1715 2837 1812 2894 incom-

159 2905 255 2961 attdisti
272 2909 366 2962 multas
380 2916 439 2962 tuas
451 2908 583 2977 miserias,
600 2918 626 2964 et
649 2917 721 2965 certe
745 2911 857 2982 propria
886 2914 953 2969 mala
970 2915 992 2995 e
1005 2919 1094 2974 modis
1114 2922 1242 2991 quatitur,
1257 2935 1291 2976 eo
1309 2919 1517 2992 insuperabilior
1544 2921 1694 2982 invenitur.
1719 2926 1809 2984 Credo

158 3003 239 3059 quam
253 2989 370 3059 plurima
384 2989 536 3061 frequenter
558 2992 664 3048 evenire
677 2993 780 3048 vidisti.
795 2995 890 3052 Timeo
914 3007 955 3052 ta·

158 3090 220 3129 men
243 3076 322 3147 plura
344 3077 441 3130 borum
468 3077 546 3131 illum
573 3078 779 3145 invenire,cum
805 3082 953 3139 Jerusalem

157 3164 323 3219 scrutabitur
336 3164 363 3218 ιιι
377 3164 495 3220 lucernis
510 3163 643 3238 (Sopltort.
658 3183 678 3236 r,
695 3171 750 3239 tn).
765 3169 829 3226 llaec
852 3179 893 3227 est
912 3173 954 3230 via

154 3267 204 3323 per
218 3266 300 3323 quarn
320 3253 450 3308 hactenus
470 3253 632 3310 ambulasti:
648 3257 697 3312 sed
711 3259 824 3314 consulo
848 3260 896 3315 tibi
925 3269 953 3316 ut

153 3355 209 3396 nna
222 3357 323 3397 mecum
338 3342 422 3398 vadas
436 3344 470 3399 ad
483 3358 612 3414 sponsam
626 3344 703 3413 lesu,
719 3352 746 3400 et
767 3346 904 3406 discamus
917 3350 952 3404 ab

154 3445 186 3486 ea
209 3429 378 3511 sapientiam,
389 3432 435 3503 qui
452 3432 524 3488 viam
544 3433 591 3489 uei
607 3434 665 3505 ipsa
688 3435 816 3505 ambulat,
841 3446 868 3493 ct
883 3437 963 3496 banc

153 3518 289 3575 discamus
303 3520 339 3577 ab
354 3536 385 3576 ea
399 3521 548 3577 imitatores
562 3523 621 3592 ejus
631 3522 731 3578 eflecti.

191 3611 235 3663 to.
250 3608 398 3664 Videamus
412 3610 497 3681 primo
511 3613 584 3666 viam
610 3611 670 3681 ejus
685 3612 810 3684 activam,
835 3622 861 3669 et
886 3615 951 3671 imi-

153 3702 253 3761 temur,
263 3704 293 3752 ut
305 3698 423 3768 perejus
436 3700 531 3754 merita
546 3700 625 3754 etiam
641 3701 875 3770 contemplativam
900 3704 950 3759 ad-

153 3799 256 3839 cantus.
280 3785 424 3842 Videamus
447 3804 527 3859 quam
549 3787 663 3843 viriliter
684 3804 782 3860 corpus
806 3807 883 3847 suum
903 3808 950 3849 ce·

154 3872 245 3944 stiget,
261 3879 288 3926 et
303 3871 329 3926 in
343 3871 496 3930 servitutem
510 3875 617 3946 redigat
631 3876 659 3946 (l
672 3878 733 3934 Cor.
750 3894 787 3947 tx,
804 3880 861 3951 27),
877 3888 904 3937 et
917 3881 950 3936 ad

1008 3024 1145 3080 nunquam
1160 3010 1219 3078 ejus
1235 3006 1402 3080 patientiam,
1418 3014 1447 3062 ut
1461 3008 1504 3081 lde
1522 3008 1607 3064 verbis
1625 3017 1743 3078 taceam,
1761 3015 1812 3072 sed

1008 3112 1058 3151 nec
1082 3096 1249 3167 verberibus,
1264 3096 1332 3153 ioris
1353 3096 1399 3152 vel
1422 3097 1493 3157 intus
1515 3096 1613 3154 debere
1632 3098 1809 3172 aliquatenus

1007 3183 1169 3257 perturbari.
1192 3185 1364 3258 Repreheodi
1389 3193 1415 3240 et
1444 3185 1522 3258 argui
1542 3185 1606 3258 plus
1630 3187 1686 3244 sibi
1710 3191 1807 3262 placet,

1007 3289 1089 3344 quarn
1104 3273 1218 3332 laudari.
1234 3274 1257 3330 0
1281 3291 1362 3346 quam
1387 3273 1500 3346 pacilica
1518 3289 1592 3348 ques,
1607 3291 1671 3332 cum
1697 3279 1742 3336 his
1764 3281 1805 3355 qui

1006 3379 1100 3434 pacem
1115 3362 1217 3434 saepius
1241 3379 1256 3417 a
1275 3363 1402 3419 cordibus
1426 3364 1539 3418 aliorum
1568 3363 1695 3422 nituntur
1716 3370 1805 3426 tollere

1007 3457 1035 3506 et
1049 3467 1064 3506 a
1079 3468 1127 3507 suo
1141 3451 1435 3522 etiam,sempercorde
1446 3464 1565 3525 etoperc
1581 3455 1684 3526 pedem
1698 3458 1802 3515 servati

1005 3537 1081 3594 Foris
1095 3548 1252 3611 operantem
1266 3555 1395 3613 sponsam
1410 3540 1478 3596 mira
1505 3541 1639 3610 vidimus,
1655 3552 1684 3600 et
1705 3546 1802 3604 inentr.

1006 3628 1102 3683 rabilia
1115 3629 1244 3699 operari:
1263 3629 1326 3700 quid
1342 3629 1393 3685 erit
1408 3628 1431 3683 si
1454 3631 1516 3699 ejus
1543 3630 1681 3689 interiora
1709 3635 1801 3692 videri·

1005 3717 1086 3771 must
1102 3715 1219 3774 Oramus
1239 3733 1378 3789 sponsum,
1394 3725 1424 3774 ut
1442 3718 1476 3774 ad
1500 3733 1634 3791 sponsam
1664 3722 1739 3780 liceat
1760 3725 1801 3779 in·

1006 3805 1104 3861 troire:
1127 3806 1193 3880 qnid
1208 3806 1297 3863 credis
1311 3808 1380 3863 banc
1394 3815 1553 3865 estuantem
1577 3808 1728 3879 laboribus,
1741 3828 1798 3869 cam

1005 3901 1111 3965 tempus
1127 3893 1226 3966 quietis
1239 3895 1387 3966 advenerit,
1401 3903 1429 3952 et
1450 3895 1509 3969 ipsa
1521 3896 1576 3953 auh
1591 3900 1690 3957 umbra
1702 3901 1799 3958 arboris

143 3955 246 4012 'omnia
260 3973 320 4029 quae
335 3958 469 4016 desiderat
484 3961 608 4032 spiritum
632 3964 770 4022 deservire
794 3968 949 4039 compellat.
1004 3989 1031 4036 ee
1045 3981 1135 4050 crucjs
1152 3985 1216 4038 tosu
1238 3983 1419 4055 descenderit,
1435 3987 1646 4045 consolationes
1663 3990 1798 4063 reciperet

155 4043 322 4117 anantum
338 4047 490 4104 actionibus
513 4049 595 4107 robur
609 4051 615 4105 l
631 4054 755 4108 omnibus
779 4057 947 4128 obsequiosa,
1040 4073 1084 4125 te.
1101 4067 1124 4126 0
1141 4080 1238 4142 quanto
1259 4072 1412 4130 reverentia
1432 4072 1563 4132 laudibus
1588 4077 1689 4151 sponsi
1710 4080 1798 4150 ineius

155 4142 182 4191 st
195 4134 263 4190 nulli
281 4136 524 4208 omninconerosa,
546 4138 668 4195 fraternis
682 4157 789 4213 semper
804 4148 950 4203 necessita-
1004 4159 1148 4230 praeseutia
1171 4160 1286 4232 vacabit,
1308 4177 1368 4234 qaae
1394 4163 1459 4219 loris
1483 4165 1563 4222 bonis
1587 4169 1699 4226 acttbm
1719 4168 1796 4243 ipsum

154 4220 227 4280 tibus
240 4223 376 4290 miserata,
396 4242 449 4283 non
464 4229 585 4297 attendit,
602 4229 630 4284 in
647 4246 701 4302 quo
722 4232 783 4302 quis
804 4241 892 4306 egeat,
907 4237 950 4293 vel
1003 4232 1045 4307 est
1067 4249 1206 4304 ardentius
1229 4249 1368 4307 insecuta!
1385 4251 1490 4326 Cogitat
1508 4260 1586 4310 certa
1600 4258 1681 4328 quod
1700 4273 1747 4315 ore
1764 4256 1798 4314 lc·

155 4310 252 4371 debeat
266 4315 397 4386 adjuvari,
421 4317 470 4372 sed
494 4317 521 4373 in
545 4333 600 4388 quo
628 4322 688 4390 quis
712 4321 795 4392 possit
816 4322 948 4394 adjuvari.
1002 4335 1108 4408 quitur,
1122 4336 1205 4393 corde
1222 4339 1381 4411 revolvere;
1400 4355 1451 4395 nec
1467 4340 1524 4410 iarn
1549 4343 1605 4397 erit
1631 4344 1673 4402 ibi
1687 4345 1798 4409 dimidia.

155 4401 398 4481 Quantumcunque
421 4422 518 4464 manus
533 4410 592 4478 ejus
606 4408 750 4477 indelessa,
770 4411 886 4469 fecunda
908 4423 951 4471 est
1005 4423 1052 4480 sed
1080 4424 1150 4482 sicut
1177 4441 1297 4495 praesens
1311 4436 1353 4481 est
1376 4442 1502 4499 corpore,
1519 4427 1561 4485 sic
1574 4428 1630 4485 erit
1653 4441 1684 4489 et
1707 4433 1796 4492 corde:

155 4507 263 4564 semper
279 4493 307 4548 in
323 4510 415 4566 opere,
430 4506 457 4553 et
471 4496 544 4568 prior
559 4506 587 4555 et
599 4499 746 4567 posterior.
769 4500 798 4557 st
821 4518 871 4558 nec
889 4519 950 4559 ma·
1005 4529 1100 4570 sensus
1127 4529 1222 4570 omnes
1234 4514 1363 4583 J'ubentur
1381 4514 1498 4588 ingredi,
1515 4520 1641 4575 amoveri
1669 4531 1795 4587 aarum,

153 4595 221 4635 num
235 4589 323 4650 potest
346 4588 617 4661 apponere,appooit
641 4589 736 4644 saltem
755 4591 796 4646 vel
822 4591 947 4665 digitum.
1002 4613 1028 4658 et
1043 4602 1132 4658 claudi
1147 4602 1312 4674 cubiculum,
1328 4614 1357 4660 ut
1379 4605 1465 4661 securi
1486 4613 1514 4660 et
1531 4604 1645 4664 solliciti
1666 4607 1748 4669 sitnm
1763 4611 1796 4666 io

155 4666 185 4724 st
199 4684 251 4724 nec
265 4669 391 4742 digitum,
406 4673 465 4744 ipso
479 4673 576 4729 all'ectu
592 4677 791 4747 paratissimam
806 4681 949 4738 admittere
1001 4689 1097 4746 sistent
1116 4690 1240 4747 laudibus
1251 4692 1329 4748 lesu.
1350 4690 1413 4760 Cor,
1435 4692 1562 4749 omnibns
1582 4697 1703 4768 spretis,
1718 4696 1796 4757 solun

152 4770 183 4813 ac
197 4773 278 4814 omne
297 4760 472 4830 demonstrat,
491 4774 634 4836 propterea
657 4767 769 4839 negligit
788 4771 897 4842 propria
919 4781 949 4829 ut
1000 4776 1125 4849 dirigitur
1139 4780 1166 4834 in
1179 4780 1292 4847 lesem,
1313 4779 1406 4852 lingua
1428 4778 1529 4850 laudat,
1545 4780 1650 4855 placat,
1668 4794 1739 4859 crat,
1755 4786 1796 4843 le·

151 4846 261 4917 expleat
287 4848 384 4905 altena.
400 4850 456 4905 lmo
488 4860 587 4924 quanto
610 4852 670 4925 plus
694 4858 856 4928 communie,
873 4867 947 4917 tanto
999 4880 1059 4920 sum
1075 4866 1184 4921 invitat:
1202 4882 1296 4923 omnes
1319 4883 1415 4925 sensus
1438 4866 1585 4940 aliquando
1612 4872 1742 4932 slmiliter
1765 4875 1795 4930 bt

150 4933 201 4990 tibi
221 4935 327 5006 judicat
343 4953 403 4994 esse
433 4938 596 5011 singularia:
612 4943 648 4997 ita
673 4953 702 4999 ut
726 4961 860 5019 nunquam
888 4950 946 5005 suis
998 4964 1060 5010 sunt
1070 4955 1097 5008 in
1111 4960 1195 5010 multa
1206 4956 1356 5013 reverentia
1370 4956 1534 5030 disciplinae.
1547 4960 1616 5016 l‘ost
1630 4962 1708 5021 diem
1718 4974 1796 5022 traaa-

148 5023 235 5097 ipsam
249 5026 432 5083 attendentem
456 5029 557 5098 videas,
579 5046 718 5104 quousque
737 5034 779 5091 vel
801 5034 943 5095 minimum
997 5043 1796 5126 actuminlaudelesuetbonaoperatione,tuacappropin

148 5113 287 5171 charitatis
317 5132 397 5187 opus,
426 5119 465 5173 vel
495 5118 601 5190 pietatis
626 5121 706 5178 inerit
731 5123 940 5195 adimplendum.
996 5140 1060 5204 quat
1079 5133 1191 5205 requici,
1211 5135 1259 5190 sed
1274 5135 1362 5207 primo
1377 5138 1452 5192 adest
1470 5145 1575 5209 tempus
1595 5138 1794 5202 solicitudinis

146 5199 223 5274 Opus
237 5203 277 5262 sic
289 5205 350 5275 vile,
367 5205 407 5261 sic
421 5206 521 5264 humile
536 5224 589 5265 non
604 5211 727 5282 aestimat,
743 5228 794 5268 nec
818 5228 939 5286 parvum,
994 5220 1079 5277 lntret
1094 5237 1210 5296 namque
1220 5237 1324 5295 sponsa
1338 5223 1485 5297 capitulum
1500 5240 1632 5283 unacum
1647 5230 1720 5300 suis,
1730 5247 1795 5307 quaL

145 5305 198 5348 nec
211 5308 349 5367 maguum,
365 5303 435 5369 quod
449 5295 536 5368 ipsam
551 5300 586 5356 ob
601 5316 724 5357 amorem
738 5303 831 5373 sponsi
849 5303 941 5378 pigeat
993 5311 1041 5380 rit,
1058 5312 1135 5369 vinea
1150 5312 1216 5369 bene
1230 5313 1272 5372 vel
1286 5313 1356 5371 male
1371 5313 1450 5371 luerit
1463 5312 1621 5386 custodita3
1642 5327 1671 5376 et
1690 5322 1717 5380 si
1735 5320 1794 5380 lorle

144 5378 304 5452 adimplere,
319 5399 426 5455 semper
444 5384 511 5441 illud
533 5387 672 5458 meditans,
693 5390 764 5462 quod
782 5392 862 5448 lesus
884 5406 939 5448 non
993 5399 1136 5458 maceriam
1153 5401 1213 5471 ejus
1231 5400 1389 5474 dissipatam
1409 5402 1551 5476 invenerit,
1567 5419 1624 5477 pat·
1646 5406 1731 5485 [we.
1751 5427 1794 5469 ea·

143 5467 289 5538 ministrari
303 5480 423 5544 venerat,
439 5474 488 5530 sed
502 5476 672 5535 ministrare:
688 5495 803 5539 necnon
817 5491 845 5539 ct
858 5481 935 5555 illud,
988 5486 1040 5562 jus
1061 5491 1182 5550 custodis
1200 5491 1395 5569 negligentiam
1415 5492 1468 5550 boc
1486 5493 1625 5579 tranent,
1649 5499 1795 5579 diligenter
