3706 5962
59 203 116 271 502
606 202 794 269 literatus
814 203 855 265 lili
874 204 1046 268 llltcltlottt
1065 209 1166 269 nodo.
1663 215 1717 276 bid

56 332 156 390 rabilis
170 331 266 406 gloria,
282 331 322 386 vel
342 331 464 388 conlusio
480 332 693 407 uniuscuiusque
709 350 757 406 pro
772 332 859 407 quali
878 346 902 424 g
918 331 945 387 in
967 331 1009 388 bis
1035 334 1213 392 exterioribus
1233 333 1388 390 delectatur.
1416 335 1468 390 Sed
1490 350 1552 394 cum
1578 340 1710 399 invenerit

59 430 118 478 tate
129 419 252 492 depositi.
917 429 1009 491 portas
1020 421 1086 479 istas
1100 425 1217 490 clausas,
1233 432 1295 479 tuuc
1307 422 1414 479 rediens
1429 423 1463 477 ad
1479 441 1520 491 se,
1535 433 1562 481 ει
1577 429 1670 486 videns
1684 447 1715 489 se

241 547 246 554 ι
321 563 435 619 CAPUT
458 565 588 621 PRIMUM
918 511 1016 566 nudam
1031 519 1058 567 et
1073 513 1231 584 desolatam,
1248 511 1427 568 inaestimabili
1443 514 1602 573 confusione
1616 521 1716 576 ethor-

594 608 600 620 ·
918 615 978 656 rore
989 601 1165 659 concutietur.
1179 602 1210 659 lit
1223 602 1286 675 quia
1300 600 1393 655 mundi
1411 603 1625 661 consolationem
1640 623 1716 678 quae-

58 685 96 738 ὓθ
110 678 289 737 mmmm
302 680 384 750 limi-⁹
398 679 564 761 'lundam
578 685 606 739 02
619 681 760 753 pacanda,
778 699 863 756 taam
918 689 995 758 sivit,
1011 691 1085 746 illarn
1103 706 1164 764 quae
1183 708 1198 745 a
1222 693 1276 747 Deo
1299 690 1370 745 intus
1395 691 1423 744 in
1438 692 1606 749 conscientia
1626 695 1714 767 datur,

375 751 554 818 mmmm·
917 795 971 835 nou
985 779 1106 836 habebit.
1132 781 1164 835 Et
1181 795 1235 836 non
1250 778 1335 835 solum
1360 794 1421 834 eam
1435 779 1627 852 dedignabitur
1640 784 1716 841 Deus

94 871 121 924 t.
151 869 218 923 llaeo
232 880 297 940 ergo
314 865 485 932 conscientia,
505 867 600 939 inqua
623 868 711 924 arunm
734 877 864 940 perpetuo
917 867 1033 937 visitare,
1045 870 1091 925 sed
1108 884 1157 926 nec
1171 868 1233 941 ipsa
1241 867 1361 940 quidem,
1379 868 1447 924 male
1466 869 1517 924 sibi
1536 871 1655 937 conscia,
1672 887 1715 929 se-

57 972 188 1012 mansura
205 965 256 1022 est,
275 953 432 1011 aedificanda
455 963 507 1021 est,
523 957 570 1011 sed
596 958 671 1027 prius
695 958 863 1015 mundanda.
918 958 1002 1027 ipsam
1019 957 1114 1029 poterit
1129 958 1254 1015 tolerare.
1270 956 1402 1029 Requiem
1429 955 1456 1011 in
1482 974 1510 1013 so
1534 973 1589 1014 nou
1618 962 1717 1030 poterit

58 1047 88 1101 Et
113 1044 178 1117 quis
207 1060 266 1100 eam
290 1042 455 1100 mundabit?
481 1043 603 1100 Proiecto
617 1047 691 1101 Deus
705 1054 731 1102 ot
751 1047 861 1104 bomo:
918 1047 1024 1110 babere,
1040 1047 1166 1117 quoniam
1181 1045 1255 1101 illam
1266 1045 1410 1117 dereliquit
1433 1062 1495 1102 cum
1513 1063 1565 1117 quo
1593 1049 1716 1106 babitare

56 1140 151 1201 homo,
168 1148 221 1205 per
238 1131 414 1205 cogitationes
439 1142 465 1188 ει
485 1132 667 1204 allectionas;
688 1135 762 1190 Deus
786 1151 861 1201 vero,
919 1143 946 1189 et
968 1134 1135 1205 requiescere
1155 1134 1256 1190 debuit.
1272 1134 1368 1205 Cogita
1381 1148 1449 1205 ergo
1461 1135 1488 1190 in
1508 1135 1636 1193 societate
1652 1138 1717 1195 alio·

56 1242 106 1297 per
120 1220 337 1280 misericordiam
352 1229 379 1276 et
397 1220 526 1293 gratiam.
551 1222 734 1293 Cogitationes
748 1232 775 1280 et
794 1222 862 1280 alie·
917 1239 975 1277 rum
996 1238 1069 1279 nnnc
1089 1223 1202 1295 positus,
1218 1224 1351 1295 quianon
1366 1224 1588 1296 poterissemper
1606 1241 1717 1284 manere

56 1315 163 1370 ctioues
177 1309 340 1367 necessariae
355 1320 418 1365 sunt
434 1310 460 1364 in
477 1310 648 1367 conscientiae
664 1312 838 1368 mundatione
855 1332 861 1368 :
917 1328 979 1367 cum
994 1311 1055 1370 illis.
1071 1312 1103 1367 Et
1113 1312 1222 1368 interim
1230 1309 1300 1382 elige
1311 1311 1357 1366 tibi
1373 1312 1476 1368 socium
1491 1312 1580 1383 illum,
1595 1314 1715 1386 quicum

56 1399 251 1474 cogitationes,
264 1398 292 1452 in
307 1398 512 1471 investigatione
528 1401 647 1457 veritatis
660 1418 667 1467 ;
691 1400 863 1469 allectiones,
916 1403 1051 1458 subtracta
1071 1401 1118 1456 tibi
1130 1401 1233 1457 luerint
1248 1401 1306 1456 baec
1320 1399 1420 1466 omnia,
1439 1400 1487 1456 tibi
1497 1400 1577 1458 iidem
1587 1403 1715 1472 servabit,

57 1494 84 1546 in
114 1487 306 1547 exercitatione
323 1487 436 1545 virtutis.
461 1489 545 1545 Porro
570 1474 753 1546 misericordia
782 1490 862 1547 modo
916 1491 963 1562 qui
982 1489 1157 1546 dilectoribus
1172 1489 1229 1546 suis
1252 1488 1331 1545 iidem
1356 1495 1455 1558 servat,
1484 1507 1533 1546 nec
1566 1492 1666 1548 recedit
1689 1493 1716 1548 in

57 1579 130 1635 delet
145 1584 307 1649 peccatum3
324 1576 406 1633 modo
421 1576 467 1631 dat
487 1577 612 1632 virtutem
632 1577 773 1634 resistendi
797 1594 862 1646 pcc·
918 1584 1037 1649 tempore
1052 1578 1192 1653 angustiae.
1207 1579 1281 1634 Deus
1297 1584 1358 1633 tuus
1369 1578 1415 1633 ille
1427 1585 1477 1645 est,
1502 1594 1585 1650 quem
1609 1580 1714 1654 eligere

57 1677 116 1724 cato
132 1684 140 1721 :
158 1681 232 1722 nnnc
257 1664 392 1721 subtrabit
415 1664 544 1736 peccandi
568 1666 762 1736 occasionem,
790 1683 861 1724 nuuc
916 1669 1009 1724 debes.

58 1755 183 1811 immittit
197 1753 423 1810 amaritudinem:
448 1754 608 1826 plerumque
639 1763 717 1811 sanat
739 1753 861 1811 allectio·
953 1762 979 1814 b.
994 1755 1095 1813 Omnes
1121 1754 1205 1827 igitur
1227 1755 1316 1811 cordis
1336 1753 1536 1825 distractiones,
1560 1768 1587 1812 ει
1615 1759 1715 1815 mentis

60 1860 129 1901 nem.
148 1843 244 1899 Gratia
258 1843 370 1914 adjuvat
383 1842 416 1896 ad
431 1844 541 1909 bonum,
558 1843 680 1899 defendit
694 1851 787 1900 contra
802 1860 862 1898 ma·
915 1844 1099 1902 fluctuationes
1115 1844 1238 1900 inunum
1253 1842 1362 1915 collige,
1378 1850 1406 1898 et
1422 1844 1449 1899 in
1463 1844 1522 1900 solo
1545 1845 1603 1901 Deo
1633 1851 1717 1903 totum

59 1933 124 1999 lum,
141 1931 233 1988 erudit
247 1933 280 1987 ad
295 1939 440 2002 utrumque
467 1930 684 1987 discernendum.
701 1931 788 1989 Homo
808 1932 862 2004 igi-
916 1933 1166 1990 dosideriomtuum
1182 1931 1235 2006 ligo
1251 1952 1257 1988 :
1275 1931 1312 1988 ibi
1326 1930 1361 1986 sit
1374 1938 1517 2002 cortuum,
1534 1933 1581 1989 ubi
1602 1943 1645 1989 est
1660 1934 1718 1990 the·

59 2031 100 2077 tur
115 2036 169 2094 per
183 2021 321 2078 acritatem
338 2019 501 2086 stimulatus,
516 2032 627 2090 peccata
642 2036 690 2075 sua
703 2019 861 2077 confltetur:
916 2039 1012 2079 saurus
1027 2031 1091 2079 tuus
1106 2019 1297 2077 desiderabilis
1312 2021 1478 2092 multumque
1506 2021 1640 2078 amabilis.
1659 2023 1718 2094 lpse

59 2112 134 2168 Deus
149 2116 239 2166 antem
251 2125 300 2182 per
313 2109 528 2165 misericordiam
542 2108 639 2178 flexus,
661 2108 798 2166 coufioenti
814 2111 863 2166 mi·
916 2112 988 2168 enim
1006 2110 1162 2183 frequenter
1175 2109 1267 2165 visitat
1295 2118 1321 2164 et
1344 2108 1459 2165 libenter
1486 2109 1616 2166 inhabitat
1645 2121 1718 2167 tran·

60 2207 177 2257 seretur.
200 2197 295 2256 Omnis
310 2214 426 2269 namque
451 2213 516 2271 spes
530 2197 614 2255 venire
630 2207 658 2254 et
671 2198 863 2255 misericordiae
916 2197 1187 2273 quillitatemcordis,
1203 2205 1229 2253 et
1244 2197 1329 2252 otium
1344 2196 1440 2269 quietae
1450 2198 1549 2253 mentis
1565 2216 1572 2270 ;
1589 2198 1717 2270 quonum

61 2289 85 2344 in
100 2282 274 2347 confessione
288 2297 340 2356 est,
354 2302 405 2343 nec
419 2296 508 2358 potest
521 2286 581 2360 quis
606 2286 749 2356 justificari
764 2303 779 2341 a
800 2304 864 2358 pec·
918 2305 968 2360 pax
983 2295 1032 2354 est,
1043 2294 1070 2342 et
1083 2286 1111 2342 in
1123 2302 1189 2358 pace
1204 2285 1290 2341 iaetus
1305 2292 1347 2339 est
1361 2285 1437 2341 locus
1451 2285 1509 2354 ujus
1518 2288 1606 2356 (Psoi.
1626 2302 1716 2356 cxxv,

60 2386 129 2446 cato,
145 2377 296 2448 nisissprius
327 2376 407 2435 inerit
434 2376 576 2433 consessus
600 2386 745 2448 peccatum.
762 2377 802 2432 Er
830 2392 863 2433 eo
917 2378 957 2448 3).
978 2379 1124 2447 Propterea
1146 2374 1225 2429 talem
1250 2383 1275 2429 ιε
1302 2388 1434 2444 praepara,
1468 2381 1496 2428 ut
1524 2380 1611 2430 tecum
1648 2375 1719 2430 adsit

59 2467 129 2523 enim
150 2465 437 2539 unusquisquejustus
451 2481 511 2523 esse
525 2464 630 2538 incipit,
642 2482 676 2523 ex
691 2480 747 2537 quo
762 2465 805 2521 sui
820 2480 863 2522 ac·
917 2467 993 2522 Deus
1008 2485 1016 2532 ς
1030 2465 1065 2519 sit
1079 2464 1106 2518 in
1121 2477 1179 2529 ore,
1195 2461 1266 2516 sitin
1289 2462 1372 2516 eorde
1389 2479 1395 2514 :
1421 2477 1530 2532 semper
1558 2471 1648 2519 tecum
1661 2472 1717 2533 eat,

60 2564 172 2614 cusator
186 2554 328 2613 exstiterit.
919 2566 1009 2612 tecum
1019 2553 1135 2616 redeat;
1153 2564 1203 2607 nec
1214 2548 1321 2605 recedat
1339 2566 1354 2604 a
1369 2557 1405 2604 tc.
1420 2549 1564 2618 Nunquam
1579 2550 1624 2606 ille
1644 2551 1720 2607 tedi-

93 2648 121 2704 2.
143 2644 222 2702 Felix
234 2643 409 2712 conscientia,
425 2643 453 2700 in
471 2659 528 2717 qua
541 2642 727 2700 misericordia
740 2652 766 2699 et
790 2647 862 2702 veri·
920 2644 1018 2708 mittet,
1034 2640 1086 2696 uisi
1101 2638 1175 2711 prior
1186 2638 1263 2693 illum
1283 2637 1431 2693 dimiseris.
1444 2636 1603 2710 Ubicunque
1623 2639 1717 2707 tueris,

62 2743 101 2789 tas
114 2734 297 2791 obviaverunt
320 2734 382 2799 sibi,
397 2733 500 2803 justitia
527 2744 553 2790 ει
580 2749 631 2802 pax
646 2733 776 2790 osculatae
799 2741 863 2790 sunt
918 2747 1055 2804 nunquam
1079 2727 1155 2785 solus
1170 2743 1232 2784 esse
1257 2725 1368 2798 poteris,
1398 2727 1420 2781 si
1443 2726 1517 2782 Deus
1538 2734 1628 2783 tecum
1656 2729 1717 2784 erit.

61 2824 149 2892 (Psoi.
167 2837 277 2890 mxiv,
293 2823 349 2893 ll).
368 2823 473 2878 Veritas
496 2821 646 2880 confitentis
660 2833 686 2879 et
713 2822 864 2879 misericor·
918 2820 1018 2879 biunde
1034 2817 1117 2892 igitur
1131 2815 1325 2875 conscientiam
1343 2824 1426 2884 tuam,
1443 2822 1470 2872 et
1484 2831 1591 2886 semper
1607 2824 1719 2887 paratus

62 2913 104 2966 dia
118 2911 273 2968 miserentis
292 2911 467 2969 obviaverunt
482 2912 543 2980 sibi,
559 2912 684 2984 quoniam
701 2927 756 2968 nou
776 2918 864 2982 potest
879 2909 901 2988 c
914 2920 980 2977 esto,
995 2919 1024 2965 ut
1038 2920 1197 2980 quacunque
1213 2905 1280 2961 hora
1294 2906 1398 2962 venerit
1407 2903 1550 2972 Dominus,
1576 2914 1603 2961 et
1632 2913 1720 2960 tecum

61 3001 98 3056 illi
115 3000 304 3057 misericordia
317 3001 423 3069 deesse,
440 3001 525 3074 quise
544 3001 682 3075 cognoscit
697 3001 724 3055 in
740 3001 862 3059 veritate.
918 2999 1042 3056 habitare
1054 2994 1182 3062 voluerit,
1197 3001 1318 3066 paratam
1341 2992 1392 3048 sibi
1408 2992 1435 3047 in
1463 3001 1488 3048 te
1516 2992 1634 3050 iuveniat
1647 3008 1720 3048 man-

61 3089 194 3147 Osculum
208 3089 320 3161 justitiae
334 3099 387 3159 est,
402 3089 527 3146 inimicos
541 3090 667 3163 diligero,
698 3097 823 3160 parentes
838 3098 866 3145 et
919 3090 1034 3145 sionem.
1049 3085 1109 3156 lpse
1123 3098 1239 3155 namque
1253 3082 1321 3138 dixit
1341 3097 1347 3135 ε
1365 3083 1460 3138 Facile
1482 3079 1555 3138 mibi
1580 3085 1720 3138 sanctua-

61 3178 174 3251 pmpria
190 3194 304 3251 quaeque
331 3187 444 3250 propter
458 3180 543 3236 Deum
565 3179 729 3250 relinquere,
761 3177 864 3234 illatam
919 3181 1011 3246 mam,
1039 3178 1067 3231 et
1090 3189 1138 3245 epo
1171 3170 1300 3230 habitabo
1329 3172 1360 3228 irs
1380 3169 1476 3227 medio
1502 3174 1589 3227 uestri
1616 3171 1717 3239 (deod.

60 3267 192 3339 injuriam
207 3266 338 3338 patienter
365 3268 447 3337 ferre,
477 3269 593 3325 oblatam
624 3267 738 3339 gloriam
765 3266 865 3338 ubique
917 3282 983 3333 xxv,
999 3265 1040 3335 8).

58 3356 210 3414 declinare.
228 3356 356 3413 Osculum
377 3357 450 3426 pacis
473 3367 523 3425 ast,
545 3355 668 3412 odientes
696 3355 808 3413 inritare
830 3355 864 3410 ad
954 3356 980 3408 5.
996 3350 1159 3409 Studeamus
1173 3361 1240 3420 ergo
1254 3345 1386 3417 templum
1401 3343 1458 3399 Deo
1478 3343 1614 3401 aedificare
1629 3344 1656 3399 in
1673 3359 1722 3399 no-

61 3461 171 3516 paeem,
184 3443 370 3502 discordantes
383 3446 417 3501 ad
431 3445 603 3503 concordiam
620 3460 758 3510 revocare,
774 3443 867 3500 adver·
920 3443 983 3497 bis:
1012 3435 1222 3512 primoquidem
1237 3443 1267 3489 ut
1290 3435 1317 3488 in
1333 3431 1450 3505 singulis
1474 3432 1561 3503 nobis,
1578 3431 1675 3487 deinde
1690 3442 1723 3488 ut

59 3534 153 3592 uarios
165 3534 279 3607 pacifice
293 3535 437 3602 sustinere,
453 3543 573 3591 errantes
586 3534 629 3604 pie
645 3540 672 3587 et
683 3533 799 3605 benigne
811 3531 864 3586 do·
921 3532 947 3587 in
957 3529 1084 3586 omnibus
1103 3525 1183 3581 simul
1198 3524 1350 3587 inhabitot;
1366 3521 1429 3593 quia
1444 3536 1493 3577 uec
1501 3519 1624 3592 singulos
1639 3518 1719 3575 dedi-

58 3639 137 3688 cere,
149 3634 295 3681 moerentes
313 3625 459 3682 clementer
482 3625 610 3691 mulcere,
626 3628 654 3678 et
666 3637 728 3677 cum
742 3621 867 3676 omnibus
920 3619 1056 3693 gnabitur,
1071 3632 1122 3671 nec
1138 3613 1287 3671 uniuersos.
1312 3611 1400 3667 Primo
1420 3608 1503 3684 igitur
1517 3607 1623 3665 studeat
1636 3623 1722 3663 unus·

57 3727 161 3785 paoem
177 3712 284 3770 babere.
299 3714 378 3770 Beata
395 3713 439 3768 illa
453 3711 551 3782 anima,
574 3727 635 3784 quae
655 3710 684 3766 in
705 3724 770 3781 pace
784 3708 866 3764 Cliri-
919 3708 1043 3780 quisque,
1059 3721 1093 3761 ne
1118 3701 1248 3759 dissideat
1273 3700 1363 3771 ipsea
1392 3697 1563 3769 semetipso:
1591 3694 1721 3769 quoniam

58 3803 99 3857 sti
112 3800 228 3858 lundata
240 3809 281 3858 εει
300 3809 327 3859 ει
341 3805 369 3857 in
388 3803 438 3858 Dei
451 3817 544 3857 amore
559 3799 697 3858 solidata:
721 3815 781 3870 quar
804 3814 867 3854 curn
921 3812 999 3854 omne
1013 3809 1124 3866 reguum
1148 3792 1175 3847 in
1198 3789 1317 3861 seipsum
1345 3787 1462 3844 divisum
1489 3784 1669 3852 desolabitur,
1695 3795 1723 3842 et

58 3889 185 3948 atenim
199 3891 267 3948 bella
279 3892 389 3963 patitur,
406 3906 459 3963 pax
483 3892 595 3948 interius
610 3905 664 3944 non
688 3889 819 3944 turbatur.
836 3887 867 3942 ln
920 3887 1018 3942 domus
1028 3898 1110 3954 supra
1125 3883 1235 3938 domum
1250 3879 1328 3935 cadet
1343 3876 1423 3947 (Lac.
1440 3891 1478 3947 rr,
1496 3876 1556 3946 li),
1573 3888 1623 3931 nec
1636 3874 1722 3929 iutra-

59 3997 117 4053 qus
137 3980 449 4053 quaecunquemolestiae
478 3979 543 4037 loris
569 3983 749 4051 perstrepant,
784 3991 868 4048 usquc
922 3976 960 4029 bit
974 3974 1107 4038 Christus,
1123 3970 1168 4025 ubi
1184 3967 1296 4038 parietes
1315 3963 1436 4022 inclinati
1452 3965 1563 4032 luerint,
1584 3972 1611 4019 et
1630 3977 1723 4018 mace-

60 4071 101 4126 ad
116 4070 256 4126 silentium
271 4069 386 4126 internae
401 4068 501 4141 quietis
515 4083 568 4125 uon
589 4069 745 4139 irrumpunt
771 4084 777 4119 :
794 4081 865 4137 quo·
921 4065 968 4119 riae
982 4061 1113 4132 depulsae.
1130 4058 1190 4114 llult
1205 4057 1302 4112 babere
1312 4053 1531 4125 animacorporis
1546 4051 1588 4107 sui
1613 4051 1723 4107 domum

59 4160 138 4216 nium
152 4168 233 4232 gustu
261 4159 372 4214 internae
386 4157 537 4214 dulcedinis
559 4155 726 4222 taumiacus
754 4163 797 4209 est
819 4168 867 4223 per
884 4152 1063 4264 uintegram,
1084 4148 1198 4205 etenira
1218 4161 1277 4202 eam
1301 4158 1415 4200 neeesse
1434 4151 1485 4209 est,
1506 4140 1647 4196 siluerint
1666 4153 1725 4197 asc

60 4247 231 4304 desiderium
246 4247 372 4320 collecta;
388 4263 438 4303 uec
452 4249 505 4317 jam
525 4244 591 4302 ioris
606 4243 753 4301 enormiter
762 4241 789 4297 io
804 4257 865 4297 car·
923 4240 1038 4296 invicem
1052 4238 1174 4295 membra
1197 4234 1330 4302 dispersa.
1346 4230 1443 4288 Videat
1468 4229 1552 4301 igitur
1576 4235 1603 4282 et
1618 4228 1725 4298 ipsa,si

60 4338 108 4394 nis
124 4337 273 4408 voluptates
286 4335 451 4403 dissolvitur,
467 4337 532 4406 qnia
547 4343 631 4390 totum
659 4333 731 4388 intus
747 4330 867 4404 possidet
921 4328 1055 4386 dosiderat
1068 4326 1206 4382 Christum
1230 4338 1277 4394 per
1301 4321 1380 4377 iidem
1409 4318 1558 4374 inhabitare
1582 4315 1610 4370 in
1640 4312 1723 4372 corde
1820 4375 1828 4392 .

61 4429 93 4482 in
111 4421 200 4484 882
215 4441 269 4499 quo
282 4426 447 4496 delectatur3
467 4436 547 4496 atquc
571 4422 606 4477 ita
619 4422 646 4477 in
661 4420 806 4490 semetipsa
824 4434 869 4488 pa·
922 4433 981 4488 suo,
997 4418 1077 4472 idest
1092 4416 1118 4470 in
1134 4412 1244 4481 seipsa:
1267 4408 1353 4465 videat
1380 4415 1406 4463 et
1434 4404 1546 4461 sollicite
1571 4406 1674 4469 caveat,
1691 4414 1725 4458 ue

60 4515 184 4586 silicata,
200 4514 344 4572 dumnihil
359 4515 487 4587 estquod
507 4512 573 4569 ioris
598 4510 711 4583 appetit,
736 4516 793 4564 tota
820 4523 868 4578 per
923 4524 939 4560 a
955 4522 984 4562 se
999 4505 1112 4561 invicem
1131 4499 1255 4555 membra
1269 4499 1328 4567 ejus
1342 4494 1509 4560 dissideant;
1525 4491 1552 4547 id
1569 4499 1621 4559 est,
1645 4490 1725 4557 ratio,

62 4618 190 4662 amorem
204 4604 276 4660 intus
290 4603 434 4677 requiescit
450 4623 457 4671 ς
473 4611 573 4659 etcum
603 4600 707 4656 totaad
731 4597 868 4652 internum
924 4597 1059 4660 voluntas,
1082 4599 1108 4648 et
1127 4587 1267 4644 memoria.
1297 4583 1414 4657 Dignum
1444 4579 1626 4637 habitaculum
1649 4586 1728 4653 parat

62 4694 196 4768 gaudium
224 4693 367 4766 colligitur,
392 4693 425 4749 ad
445 4690 590 4764 imaginem
620 4687 666 4745 Dei
695 4684 868 4747 reformatur,
924 4687 990 4750 Deo,
1004 4682 1083 4751 eujus
1103 4695 1152 4736 uec
1161 4685 1200 4734 est
1224 4673 1292 4732 ratio
1306 4674 1433 4745 decepta,
1446 4686 1498 4726 nec
1521 4670 1646 4726 voluntas
1660 4682 1727 4742 per·

62 4797 150 4857 quarn
164 4781 192 4837 in
206 4790 398 4840 seveneratur.
415 4781 505 4838 Talem
521 4779 637 4835 animam
657 4775 812 4847 frequenter
826 4770 868 4827 vi·
924 4788 1013 4841 versa,
1028 4784 1078 4825 uec
1092 4766 1219 4823 memoria
1232 4763 1381 4838 inquinata.
1399 4760 1473 4818 Felix
1503 4757 1549 4816 illa
1568 4758 1658 4815 anima
1673 4766 1726 4826 est,

64 4872 258 4948 dmntdngeli
279 4868 545 4945 atquelirchangeli,
565 4876 592 4924 et
607 4864 795 4933 honorificant,
827 4869 870 4916 ut·
925 4880 984 4936 quae
998 4859 1108 4916 domum
1132 4856 1226 4912 cordis
1249 4855 1290 4911 s‘ui
1312 4852 1396 4909 sicde
1411 4858 1585 4923 peccatorum
1601 4847 1726 4946 sordibus

66 4970 133 5033 pote
147 4960 196 5018 llai
210 4962 352 5032 templum,
369 4971 396 5018 et
423 4958 538 5032 Spiritus
562 4956 647 5014 sancti
675 4951 868 5010 habitaculum.
926 4952 1016 5010 studet
1030 4947 1189 5011 emundare,
1201 4952 1228 5001 et
1243 4943 1343 5000 sanctis
1357 4958 1388 4999 ao
1400 4940 1482 5011 justis
1492 4939 1622 5010 operibns
1637 4935 1727 4992 adim·

65 5052 134 5109 Esto
148 5051 232 5126 igitur
254 5050 385 5123 templum
399 5049 458 5117 Dei,
475 5057 502 5104 ει
517 5049 589 5104 Deus
605 5043 727 5103 excelsus
740 5038 871 5098 habitabit
927 5043 1013 5115 plere,
1028 5049 1057 5093 ιιι
1077 5036 1104 5092 in
1119 5052 1150 5092 ea
1165 5051 1218 5091 uon
1233 5033 1319 5089 solum
1335 5031 1457 5105 angelos,
1474 5043 1566 5084 verum
1577 5025 1659 5082 etiam
1673 5024 1729 5079 Do·

66 5143 96 5198 in
112 5151 150 5197 te.
165 5140 263 5197 Anima
277 5139 348 5196 enim
358 5141 445 5196 Deum
461 5138 562 5194 liabens
578 5137 604 5192 in
618 5150 658 5202 se,
674 5133 807 5204 templum
822 5127 871 5185 Dei

62 5238 107 5289 est
122 5233 153 5289 in
171 5247 225 5302 quo
241 5230 332 5286 divina
347 5227 480 5302 mysteria
493 5227 678 5284 celebrantur.

101 5325 129 5377 3.
148 5320 233 5378 Porro
248 5321 338 5376 anima
352 5335 411 5392 quae
426 5332 481 5374 non
505 5317 593 5374 studet
612 5315 639 5370 in
658 5327 687 5368 se
713 5307 870 5374 consistere,

63 5427 115 5471 noc
130 5412 158 5467 in
173 5426 265 5468 amore
276 5411 326 5468 Ilei
335 5408 497 5467 desiderium
514 5406 605 5480 figere,
622 5417 668 5476 per
682 5400 777 5457 oculos
791 5401 819 5452 et
828 5407 873 5449 au·

66 5518 127 5568 res,
144 5502 271 5574 aliosque
286 5499 409 5572 corporis
425 5515 520 5557 seusus
540 5496 613 5553 loras
628 5491 776 5568 egreditur,
792 5498 872 5563 atquo

927 5133 1028 5187 minum
1039 5126 1197 5199 angelorum
1211 5123 1330 5179 habitare
1345 5119 1470 5175 delectet.
1487 5117 1613 5172 blandata
1633 5114 1725 5177 domo.

928 5219 1085 5288 cunctisque
1103 5215 1181 5270 malis
1195 5213 1228 5269 ab
1243 5226 1276 5266 ea
1288 5206 1415 5276 exclusis,
1438 5205 1563 5261 omnibus
1579 5201 1658 5259 bonis
1672 5203 1726 5258 im-

929 5311 1051 5382 pleatur3
1067 5321 1101 5361 ue
1115 5307 1150 5359 sit
1163 5300 1243 5358 nobis
1255 5294 1438 5352 necessarium
1455 5291 1557 5365 aliquid
1573 5291 1638 5350 ioris
1653 5307 1728 5366 quae·

929 5415 1000 5469 rere,
1010 5397 1056 5472 qui
1071 5392 1162 5449 omnia
1177 5387 1315 5448 forinseca
1329 5382 1499 5460 reliquimus.
