3706 5962
101 205 159 267 465
514 205 785 269 utemuauiorms
811 209 857 270 EX
879 211 907 270 S.
931 208 1097 272 liddeum
1124 206 1345 270 sandonibus.
1701 208 1755 268 tte

104 346 163 411 quo
176 329 282 405 pretio?
295 329 356 386 Non
374 331 468 404 utique
486 333 705 406 corruptibilibus
724 350 790 394 auro
811 346 841 394 et
854 354 901 392 ar-
916 351 940 431 fl
956 331 1071 392 consulit
1107 331 1317 404 pusillanimitati
1350 340 1459 400 nostrae,
1500 333 1624 388 humanas
1662 331 1754 391 obviat

103 427 199 494 ganto,
216 432 271 474 non
289 417 348 474 soie
363 418 406 474 vei
419 417 490 487 lune,
504 435 558 476 non
574 421 669 478 saltem
680 423 771 497 aliquo
787 425 903 500 Angeia·
955 419 1118 493 cogitationi,
1149 419 1313 475 anxietatem
1340 418 1433 492 abigit,
1468 419 1601 491 prevenit
1632 421 1755 493 trepida-

104 523 176 574 rum,
200 505 249 562 sed
265 505 376 579 proprio
394 522 443 563 vos
464 522 561 565 eruore
588 509 703 566 redemi.
727 513 861 570 Caeterum
880 512 903 568 si
956 508 1067 565 tionem.
1468 555 1472 561 .

103 610 197 668 neque
212 603 265 649 tam
290 594 429 666 multiplici
447 595 511 666 jure
535 597 657 653 debitum
677 616 693 654 a
715 601 791 656 vobis
806 601 905 657 elicere
1097 593 1182 650 XLV.
1193 626 1227 635 -
1242 597 1279 652 De
1293 594 1400 667 duplici
1416 595 1612 666 promittimus·

102 690 148 740 est
170 682 339 750 famulatum,
365 683 473 740 omissis
492 684 534 739 liis
554 686 688 754 omnibus,
715 705 758 744 nie
775 706 833 745 cum
849 689 904 744 sol-
992 687 1037 740 55.
1057 683 1185 756 Sequitur
1204 683 1298 739 euim:
1315 686 1349 740 m
1363 684 1455 740 omnis
1473 683 1523 756 qui
1542 684 1690 756 reliquerit
1702 701 1753 754 po·

102 781 160 828 tem
174 772 330 847 exdiurno
350 771 464 828 denario
493 775 648 832 convenite.
673 776 747 832 Nihil
771 778 847 834 vobis
861 778 905 835 ille
958 779 1039 840 trum,
1056 778 1107 830 out
1121 777 1253 840 matrem,
1270 772 1454 839 rotdomum,
1471 779 1628 845 eutogrum
1636 777 1754 846 propter

100 860 239 931 nocuerit,
256 859 322 916 nibil
337 860 395 933 ipse
405 860 500 917 videar
514 861 658 934 profuisse.
678 865 711 920 Ei
730 866 905 938 obtempera·
958 863 1755 934 nomcumeum,centuplumcecipiet,etuitomoeterscm

100 956 140 1015 te,
159 948 206 1022 qui
222 948 299 1020 pluro
311 948 390 1006 vobis
404 956 432 1004 et
446 950 551 1020 potiora
565 950 717 1023 pollicetur,
737 954 809 1022 apud
823 970 906 1025 quern
954 948 1106 1023 possidebit
1120 952 1237 1021 (iderti.
1254 965 1315 1017 xrs,
1333 954 1389 1020 20).
1409 949 1480 1019 Quid
1500 950 1572 1006 ultra
1586 949 1690 1018 dicetis,
1704 951 1754 1007 titii

101 1037 208 1094 certior
229 1037 417 1110 copiosiorque
438 1040 619 1096 remuneratio
635 1048 690 1109 est;
711 1051 741 1098 ut
753 1042 819 1098 illud
834 1059 905 1114 quo-
957 1037 1110 1108 hominnm,
1130 1037 1238 1110 qnando
1253 1047 1280 1093 et
1296 1039 1322 1092 in
1338 1037 1502 1093 boemundo
1513 1045 1586 1093 unu
1600 1038 1678 1095 vobis
1692 1055 1754 1111 pro

101 1141 159 1200 que
171 1125 369 1198 benignissima
380 1127 555 1184 miseralione
569 1127 746 1198 dissimulem,
763 1133 844 1203 quod,
856 1132 905 1187 bo-
958 1126 1038 1180 missa
1058 1134 1129 1191 sunt,
1156 1135 1183 1181 ut
1206 1126 1346 1182 dormiatis
1372 1126 1444 1184 iuter
1471 1126 1575 1184 medios
1601 1127 1689 1183 eleros
1717 1129 1752 1186 do

103 1227 205 1270 norum
221 1220 372 1270 uestrorum
387 1229 441 1270 uon
462 1231 557 1288 egeus,
574 1218 651 1273 vobis
662 1221 848 1277 tantummodo
858 1237 904 1276 ve·
956 1215 1053 1287 quibus
1068 1215 1147 1286 lauto
1162 1216 1224 1270 autb
1243 1215 1436 1283 causabamini,
1458 1223 1486 1270 et
1500 1221 1632 1271 exeuntes
1646 1232 1662 1270 a
1676 1216 1751 1273 sorte?

101 1301 152 1359 lim
165 1318 229 1359 esse
252 1302 467 1370 consultamus
487 1306 634 1375 prasentia
654 1306 903 1378 susciperedetre-
957 1316 1068 1361 terrena
1086 1305 1200 1377 amplior
1214 1305 1303 1361 statim
1319 1305 1434 1377 excipiat
1452 1305 1611 1374 consolatio,
1628 1320 1681 1378 qua
1695 1320 1751 1361 uon

101 1390 185 1447 etatis
203 1407 264 1463 qnae
286 1406 358 1447 nunc
380 1391 904 1470 offerodonagrat1ae‚fotorisglooiae
957 1389 1037 1444 modo
1060 1391 1196 1460 patienter
1219 1388 1268 1444 sed
1288 1388 1369 1445 etiam
1395 1389 1561 1463 gratulanter
1587 1391 1751 1462 exspectetis

103 1483 268 1538 muneribus
282 1483 380 1537 eadem
394 1483 548 1540 coronanda
562 1484 733 1555 promittens,
956 1485 1057 1533 sortem
1072 1485 1227 1535 sanctornm
1247 1478 1274 1532 in
1294 1477 1501 1551 regeneratione
1514 1478 1695 1549 promissam?
1704 1476 1750 1535 Si-

203 1566 294 1627 xblv,
310 1598 344 1610 -
359 1571 399 1627 De
413 1572 596 1628 excusatione
609 1574 803 1630 oooolon'om,
956 1565 1066 1637 quidem
1080 1574 1108 1621 et
1122 1566 1181 1636 ipsa
1195 1565 1359 1638 exspectatio
1372 1567 1505 1636 justorum
1512 1565 1605 1622 laetitia
1615 1572 1667 1623 cst.
1681 1567 1751 1624 Cert-

139 1660 187 1714 53.
202 1655 272 1728 Quid
291 1657 325 1712 ad
345 1658 404 1714 baec
419 1658 586 1715 conscientia
599 1660 718 1716 hnmano
732 1662 902 1735 respondet?
918 1651 941 1728 Β
957 1653 1749 1728 ιιφίιιιιι,ἰιιιιιιιι,αειι“ρι“οί,εἰιιὶίαιηωιινηαιιιροειίάεὸίιι

91 1745 172 1815 ,Cum
188 1744 366 1817 improperari
380 1746 513 1818 coeperint
535 1748 594 1803 haec
608 1748 636 1803 iu
656 1749 699 1805 die
711 1750 813 1820 judicii,
831 1767 902 1823 quo·
957 1743 1077 1808 Habetis,
1103 1742 1149 1797 filil
1177 1743 1274 1810 Adam,
1299 1741 1508 1813 ill⁰¹¹¹l³ssi0¹¹⁰¹¹l
1528 1743 1590 1799 vita
1609 1744 1670 1813 ⁰l1¹⁵
1690 1760 1751 1816 ‘1⁰ae

87 1832 190 1903 ,modo
211 1832 305 1889 miseri
323 1833 516 1890 sustinebunt?
539 1835 609 1905 Quid
630 1838 812 1895 excusationis
825 1848 904 1911 pote·
958 1847 1030 1887 dunc
1044 1838 1095 1897 0⁸1,
1113 1829 1216 1902 pdlilel
1229 1838 1257 1886 01
1272 1830 1383 1895 suilllaei
1400 1837 1430 1884 ut
1447 1830 1604 1886 Obslffldlllr
1625 1846 1707 1886 omne
1720 1847 1752 1888 0³

101 1926 165 1976 root
184 1920 286 1978 trabere
304 1923 340 1978 ιιι
356 1923 627 1997 peccatorumque
649 1934 713 1983 runo
727 1927 819 1984 uicere
833 1927 903 1983 inci·
957 1919 1124 1991 loquentium
1144 1919 1247 1990 inique,
1267 1927 1294 1975 et
1308 1916 1524 1988 contundentur
1538 1935 1634 1976 omues
1649 1919 1751 1990 iniqua

86 2009 200 2082 pient:
217 2010 304 2077 blodo,
322 2010 396 2066 ecce'
408 2011 497 2079 modo,
516 2012 574 2068 sine
595 2014 752 2084 paululum?
767 2016 812 2071 Sic
830 2016 903 2072 enim
957 2013 1072 2082 docetes
1086 2022 1257 2081 supervacue
1277 2009 1365 2078 (Psoi.
1381 2021 1459 2074 xxrv,
1477 2007 1516 2071 tl.
1530 2008 1572 2062 All
1587 2023 1642 2064 ¹10⁰
1654 2024 1751 2080 tuper-

102 2114 180 2154 enne
195 2097 365 2155 disimulant
386 2099 518 2168 infelices,
545 2111 573 2156 et
587 2103 675 2170 modo,
691 2107 719 2159 et
739 2104 830 2172 modo,
848 2120 903 2160 non
958 2111 1042 2152 nocue
1063 2095 1171 2167 penitus
1194 2096 1250 2170 agit
1272 2095 1374 2167 iniqua,
1392 2095 1436 2167 qui
1456 2110 1510 2151 uon
1533 2095 1614 2151 modo
1628 2094 1751 2153 imetno-

101 2185 329 2254 hgbetmodum
345 2194 373 2243 gt
394 2187 459 2244 Sine
482 2189 629 2260 paululum,
646 2191 674 2246 in
693 2191 805 2265 longum
818 2193 902 2249 vadit,
957 2182 1021 2249 sitm,
1038 2183 1087 2238 sed
1102 2191 1129 2238 el
1150 2183 1311 2252 jtteundius;
1327 2198 1382 2238 DOD
1400 2184 1481 2239 modo
1499 2182 1643 2255 salubrius,
1659 2184 1708 2240 Sed
1723 2193 1751 2242 el

99 2274 195 2331 Βοιιιιε
217 2282 268 2343 est,
293 2275 427 2349 inquiunt,
455 2279 528 2334 Deus
552 2279 596 2351 qui
620 2280 648 2335 in
671 2281 794 2352 proximo
814 2283 900 2353 Juvat.
956 2269 1063 2326 suavius
1082 2271 1141 2327 Deo
1164 2277 1270 2342 poterat
1285 2270 1388 2326 servire
1408 2286 1489 2341 quam
1507 2270 1631 2327 mundo?
1648 2271 1684 2326 Et
1705 2282 1749 2327 at-

103 2364 205 2439 itsgna
219 2363 330 2436 quidem
346 2365 436 2421 divino
449 2367 603 2438 promissio,
626 2369 673 2425 ooo
689 2371 771 2442 {ongo
789 2371 901 2427 nimium
956 2359 1038 2415 tende
1054 2361 1126 2432 quod
1142 2361 1220 2416 Petro
1235 2359 1344 2432 quidem
1355 2359 1488 2415 Dominus
1498 2366 1604 2415 tanturn
1614 2359 1649 2416 de
1660 2360 1750 2418 futuro

100 2450 209 2518 dilatio,
234 2460 262 2508 et
276 2453 389 2509 molesta
404 2456 570 2524 exspectatio
585 2464 636 2512 est.
651 2458 800 2513 Terreuam
818 2459 901 2515 dese·
956 2448 1113 2519 le⁸P⁰lldl¹2
1130 2465 1218 2521 neque
1234 2448 1306 2503 enlm
1325 2464 1407 2519 iudei
1427 2448 1469 2502 ¹¹5⁸
1487 2465 1548 2519 (11¹ae
1562 2448 1751 2520 ⁰¹Pell⁰bfllul

100 2558 167 2598 rere
185 2550 298 2609 sortem,
316 2550 343 2599 et
362 2543 478 2600 necdum
490 2544 616 2603 obtinere
626 2547 775 2614 coelestem,
792 2547 901 2604 aillietio
955 2545 1170 2615 praescntiaiiter,
1196 2546 1323 2602 haesitare
1344 2554 1461 2617 poterat,
1486 2549 1533 2600 eut
1551 2560 1618 2615 opus
1632 2545 1751 2603 babebat

99 2637 145 2688 est
167 2630 356 2699 intolerabilis,
376 2640 404 2688 et
422 2633 623 2691 inconsolabilis
636 2635 724 2693 dolor.
737 2635 808 2706 Quid
819 2652 900 2692 acce·
954 2633 1135 2706 interrogare.
1161 2635 1286 2706 Denique
1308 2649 1371 2701 non,
1397 2633 1467 2702 Quid
1491 2632 1571 2689 nobis
1593 2634 1659 2689 est‘l
1672 2633 1747 2701 dixit,
1765 2652 1769 2658 *

98 2718 192 2774 lersrc
215 2734 329 2775 neeesse
344 2728 393 2786 est,
411 2727 439 2775 ut
460 2720 570 2776 miseria
591 2722 788 2798 prolongetur?
802 2723 902 2780 Misera
955 2722 1013 2789 sed,
1030 2722 1098 2796 quid
1111 2723 1191 2779 erit?
1206 2722 1318 2794 (ltottlt.
1333 2736 1394 2788 xrx,
1412 2726 1457 2793 29,
1469 2721 1526 2792 27).

99 2820 217 2877 prorsus
235 2815 262 2862 et
275 2807 431 2864 seductoria
446 2809 586 2886 cogitatio.
601 2812 676 2867 Nora
695 2812 828 2884 siquidem
843 2813 901 2872 haec
991 2814 1035 2867 tio.
1051 2812 1093 2866 Au
1117 2826 1182 2868 vero
1197 2811 1258 2884 quis
1274 2809 1381 2866 dubitat
1402 2809 1529 2866 instantis
1543 2825 1605 2865 esse
1620 2810 1750 2881 temporis

99 2895 219 2967 querele
246 2903 297 2962 eat,
319 2913 371 2952 nec
393 2897 569 2969 prolixiorem
590 2900 671 2955 tilam
694 2900 740 2956 lilii
761 2902 900 2958 hominum
954 2898 1074 2970 centupli
1091 2898 1326 2971 promissionem?
1350 2898 1497 2954 ilanilestc
1520 2897 1546 2952 id
1567 2898 1677 2969 quidem
1692 2899 1748 2971 ipsc

99 2982 236 3039 hacteuus
259 2985 451 3041 causabantur.
477 2986 578 3043 breves
605 2989 663 3044 dies
686 2989 898 3061 bominissunt,
916 2944 939 3024 c
955 2988 1100 3042 uerborum
1123 2986 1317 3059 consequentia
1339 2987 1437 3058 probat
1459 2985 1504 3040 ubi
1519 2986 1676 3056 centuplum
1700 3002 1748 3042 ac-

72 3140 77 3147 ,
93 3070 191 3127 donec
204 3071 371 3128 couscientia
387 3073 549 3143 stimulante,
570 3076 604 3131 de
620 3077 780 3149 poenitentia
795 3087 822 3134 et
836 3094 901 3134 con·
954 3076 1069 3148 cepturi,
1085 3083 1113 3132 et
1130 3076 1283 3148 possessuri
1306 3076 1420 3132 dicimur
1433 3075 1515 3130 vitarn
1528 3083 1670 3131 cateruam.
1686 3076 1747 3133 Cae-

96 3158 229 3215 versione
243 3159 286 3217 vel
305 3161 377 3216 intus
391 3176 407 3215 a
421 3162 526 3234 spiritu,
550 3163 591 3219 rel
611 3165 677 3220 loris
696 3177 901 3223 commoneatur
955 3169 1042 3220 terum
1056 3181 1091 3220 ne
1105 3165 1165 3237 quis
1181 3166 1292 3222 omniuo
1311 3164 1462 3238 impudenti
1477 3172 1618 3221 remaneat
1633 3165 1749 3221 obstina-

95 3252 133 3305 ab
160 3250 283 3305 nomino.
309 3251 342 3306 Et
375 3259 438 3308 tuuc
462 3268 528 3308 saue
552 3269 651 3310 novum
675 3256 825 3326 concipitur
853 3264 900 3312 tae-
954 3252 1020 3308 tioni
1048 3253 1133 3321 locus,
1162 3254 1240 3310 mitto
1260 3269 1310 3309 vos
1338 3255 1372 3308 ad
1399 3253 1577 3323 Evangelium
1599 3253 1748 3309 secundum

96 3336 319 3411 diumlongioris
333 3342 404 3402 vitei,
421 3340 581 3397 disserendae
596 3344 690 3399 mortis
705 3343 900 3399 oriturllducia
952 3340 1082 3410 Marcum,
1117 3342 1163 3396 ubi
1189 3341 1336 3412 promissio
1359 3341 1455 3396 eadent
1483 3340 1620 3411 descripta
1634 3341 1748 3397 manile-

95 3443 181 3485 nors.
953 3429 1021 3485 atius
1037 3428 1183 3485 invenitur.
1210 3430 1254 3484 eit
1272 3429 1343 3485 eninr
1365 3428 1510 3484 Dominus:
1531 3430 1614 3486 Nemo
1634 3433 1677 3484 est
1698 3429 1747 3502 qui

133 3516 183 3573 bl.
202 3515 257 3572 Sed
280 3523 357 3574 esto:
383 3517 468 3574 multa
485 3519 531 3575 tibi
549 3534 681 3575 annorum
701 3519 832 3576 curricula
852 3537 897 3577 re·
952 3517 1103 3590 reliquerit
1110 3522 1233 3590 putrem,
1241 3517 1585 3588 outmutremmutpilios,
1597 3521 1746 3590 ootooree.

95 3611 186 3660 stant
201 3604 368 3662 Adolescens
381 3621 421 3674 es,
439 3623 525 3679 usque
540 3608 574 3662 ad
596 3615 766 3663 senectutem
780 3609 899 3664 victurus
952 3608 1003 3660 aut
1013 3604 1126 3664 doraum
1134 3610 1252 3679 propter
1262 3621 1317 3671 rire,
1327 3608 1355 3663 et
1367 3604 1684 3678 propterEuonpetiurn,
1697 3606 1746 3678 qui

87 3700 126 3748 et
151 3690 279 3749 senium:
300 3694 366 3767 quid
391 3711 504 3752 necesse
521 3696 607 3753 babes
631 3696 756 3753 amittere
776 3704 899 3769 tempora
952 3693 1143 3766 musceipr'ot
1158 3694 1269 3751 centies
1285 3698 1402 3750 teritum
1416 3710 1494 3751 nunc
1509 3693 1541 3749 in
1558 3694 1745 3765 temporelroc

95 3788 184 3848 unu,
202 3781 318 3852 perdere
332 3790 406 3838 tanta
420 3782 515 3840 lucra?
538 3784 611 3840 Nihil
630 3784 775 3856 pretiosius
789 3791 897 3856 tempo·
952 3781 1053 3852 (blare.
1069 3798 1098 3851 x,
1114 3786 1160 3848 29,
1170 3783 1227 3854 3⁰).
1242 3784 1331 3856 Atque
1351 3790 1382 3838 ut
1395 3781 1583 3838 vehementius
1597 3780 1746 3838 admiretur

96 3867 205 3937 maed
219 3870 288 3927 heu!
306 3870 370 3926 nihil
382 3872 552 3928 hodievilius
565 3872 733 3929 aestirnaturl
745 3875 899 3930 Transeunt
952 3870 1068 3925 earnalis
1091 3870 1192 3936 anima,
1216 3886 1269 3949 non
1294 3871 1448 3944 percipiens
1472 3887 1532 3942 quae
1553 3880 1616 3927 sunt
1633 3870 1745 3944 spiritus

96 3957 160 4014 dies
173 3957 275 4024 salutis,
292 3965 321 4014 et
334 3975 415 4016 uerno
432 3962 572 4034 recogitat,
590 3977 671 4017 neruo
686 3961 739 4017 sibi
757 3977 811 4018 nou
825 3963 897 4017 redi·
951 3959 1013 4024 Del,
1029 3958 1078 4014 sed
1098 3959 1240 4016 stultitiam
1261 3968 1400 4032 reputans,
1422 3960 1495 4016 addit
1513 3959 1662 4035 signanter,
1680 3977 1745 4018 cum

97 4050 160 4103 ture
173 4054 314 4103 momenta
333 4047 437 4119 perisse
456 4051 650 4105 causaturum
670 4057 756 4120 qrutas,
773 4051 894 4118 chamo,
949 4048 1202 4121 persecutionibus.
1211 4049 1291 4105 Forte
1307 4049 1380 4107 enim
1389 4065 1451 4106 cum
1463 4050 1615 4106 audissetis
1623 4058 1745 4123 ternpore
1842 4097 1850 4105 ,

95 4133 203 4191 biennii
226 4142 332 4191 tautum
356 4143 403 4191 aut
426 4136 535 4192 triennii
559 4152 627 4209 opus
650 4139 685 4193 ab
709 4137 896 4209 Omnipotenti
949 4138 1001 4193 boc
1031 4138 1185 4209 centuplum
1215 4139 1345 4209 promitti,
1371 4138 1577 4210 conjectabatur
1600 4138 1681 4194 etiarn
1710 4137 1745 4193 de

96 4237 183 4296 posse
197 4223 420 4295 recompensari?
435 4224 480 4280 Sic
498 4224 655 4282 abbreviata
673 4233 716 4280 est
730 4241 826 4280 manus
839 4226 895 4282 Do·
950 4226 1144 4298 temporalibus
1164 4227 1304 4285 exhiberi:
1327 4226 1375 4284 sed
1399 4227 1521 4299 praeripit
1539 4229 1611 4283 bunc
1638 4227 1747 4285 intelle·

94 4308 176 4378 mini,
202 4316 233 4365 ut
251 4318 360 4368 centum
379 4328 514 4369 annorum
535 4329 589 4370 nou
603 4314 688 4386 possit
719 4329 894 4370 remunerare
949 4326 1021 4375 ctum
1033 4329 1133 4370 nornen
1148 4315 1268 4370 additum
1280 4317 1500 4388 persecutionis.
1516 4314 1586 4385 Quid
1603 4315 1676 4370 euim
1690 4325 1745 4373 tcr·

95 4399 242 4457 uberent
253 4397 344 4459 8⁰5
361 4401 441 4468 Sede,
460 4410 586 4475 computa
596 4402 660 4475 quid
671 4402 767 4458 dicbus
781 4402 895 4477 singulis
949 4422 1024 4464 reuae
1038 4411 1080 4462 est
1094 4403 1296 4471 consolationis,
1312 4406 1385 4476 quod
1404 4420 1459 4461 non
1472 4403 1551 4461 facile
1567 4411 1676 4459 terrena
1686 4421 1746 4476 per-

93 4489 243 4563 sequirere
265 4489 365 4559 valeas,
388 4498 480 4546 certus
494 4491 620 4564 equidem
638 4491 710 4563 apud
733 4492 821 4547 Deum
836 4493 896 4547 nul·
950 4495 1054 4552 secutio
1078 4493 1174 4549 tollat?
1194 4492 1264 4562 Quid
1285 4502 1422 4549 terrenum
1444 4492 1518 4547 inter
1540 4493 1745 4563 persecutiones

93 4577 153 4634 lum
178 4576 291 4634 omnino
313 4578 415 4635 bonum
435 4579 662 4637 irremuneratum
680 4578 752 4646 lore;
777 4589 805 4635 et
828 4581 897 4637 sicut
950 4584 1036 4640 sancti
1055 4591 1189 4652 martyres
1206 4588 1379 4651 acceperunt,
1396 4580 1504 4652 quando
1519 4585 1547 4636 ot
1562 4580 1622 4652 ipsa
1636 4596 1745 4654 quoque

95 4679 154 4721 uon
175 4664 302 4736 capillum
325 4666 360 4722 de
383 4681 508 4739 corpore,
535 4669 575 4724 sic
597 4683 649 4725 nec
671 4674 838 4724 momentum
862 4670 896 4725 de
950 4673 1090 4728 beatorum
1105 4683 1249 4739 corporum
1270 4675 1343 4723 terra
1357 4671 1420 4725 data
1434 4674 1477 4726 est
1497 4667 1526 4724 iu
1545 4684 1640 4727 manus
1655 4671 1745 4728 bonti-

97 4761 225 4826 teutpore
248 4754 410 4825 periturum.
435 4755 506 4826 Quid
521 4755 585 4812 illud
606 4757 741 4827 Sapientis
755 4758 896 4814 eonsilium
950 4776 1014 4815 num
1029 4755 1193 4830 impiorum?

96 4841 241 4914 ingeram:
257 4845 295 4901 Ne
304 4843 397 4901 tardes
411 4848 538 4903 conuerti
547 4847 743 4903 odDomiuum
758 4847 893 4918 (dccliv,
1135 4846 1229 4905 XLVI.
1245 4877 1280 4888 -
1293 4849 1331 4906 De
1345 4847 1560 4907 incredulitate.

96 4932 895 5007 8);mucisquidsuperventuropuriotdies?(Prou.xxt'rr,
985 4938 1031 4993 5⁸1.
1057 4935 1167 4991 iuterim
1186 4946 1277 4995 tamen
1299 4939 1483 5009 undecunque
1511 4937 1668 5009 centuplum
1692 4937 1747 4994 sint

72 5090 76 5096 .
98 5024 137 5090 l.)
153 5019 225 5092 Quid
245 5022 378 5078 insaniam
401 5040 498 5081 causer
515 5025 549 5079 de
574 5024 666 5082 luturo
682 5035 736 5082 tam
752 5027 897 5084 tenrcrarie
951 5025 1098 5098 accepturi,
1115 5026 1262 5083 dummodo
1276 5027 1310 5080 sit
1325 5027 1489 5099 centuplum,
1506 5027 1571 5083 dum
1585 5025 1747 5082 veleatcen-

95 5109 306 5180 praesumentis:
329 5111 406 5183 quasi
425 5125 490 5168 vero
511 5121 635 5184 tempora
650 5121 677 5169 et
691 5123 829 5171 momenta
844 5116 898 5170 Pa·
954 5114 1096 5187 tuplieiter,
1113 5114 1602 5186 centupliciterplaceat,consoletur,
1619 5114 1744 5183 delectat,

96 5201 142 5253 ter
168 5195 198 5251 in
223 5204 276 5263 tua,
317 5207 344 5254 et
380 5215 434 5256 non
462 5200 550 5272 nangis
568 5201 597 5255 in
624 5218 672 5257 sua
699 5204 820 5272 posuerit
849 5219 898 5260 ιο-
952 5203 1156 5275 ameturzquid
1170 5201 1283 5257 insaniae
1298 5210 1340 5256 est
1355 5201 1428 5274 qnod
1444 5209 1606 5258 cunctantur
1621 5203 1748 5261 homines

96 5283 217 5341 lumime!
250 5287 398 5356 Postremo,
437 5289 500 5361 quid
530 5290 563 5345 de
602 5290 706 5345 incerto
737 5291 799 5358 dne,
834 5292 899 5363 quid
954 5293 1108 5364 relinquere
1127 5289 1222 5362 simpla
1247 5304 1296 5359 pro
1309 5289 1467 5360 centuplis?
1490 5291 1541 5347 Ubi
1564 5300 1607 5348 est
1624 5293 1747 5366 cupidus,

88 5374 133 5431 ,de
167 5383 243 5430 certa
276 5377 408 5433 brevitate
446 5378 556 5445 laboris,
598 5378 784 5433 retributionis
816 5388 899 5436 auter·
954 5381 999 5437 ubi
1015 5379 1181 5447 ambitiosus,
1204 5379 1250 5435 ubi
1271 5379 1438 5452 conquisitor
1451 5382 1533 5452 hujus
1548 5383 1662 5440 saeculii
1678 5384 1748 5454 Quid

97 5465 185 5522 nitate
199 5464 314 5539 loquar?
336 5467 415 5524 Novit
439 5469 569 5526 Dominus
583 5466 743 5540 figmentum
763 5478 894 5533 nostrum.
954 5472 988 5527 ad
1002 5469 1082 5528 fidele
1099 5468 1236 5545 negotium
1246 5477 1274 5525 at
1287 5469 1672 5542 nundinasquaestuosissimss
1685 5492 1749 5532 ara-
