3706 5962
108 173 176 236 turs
644 146 754 222 sunno
772 158 805 221 tu
823 159 985 222 murtmu
1006 162 1033 222 a.
1054 160 1181 223 utura.
1686 161 1753 226 tttt

142 302 167 355 2.
176 296 212 353 Et
221 289 588 365 resultooitrpiritrtsmens
599 285 691 345 tuneo
701 285 905 344 solutorimeo.
919 303 943 383 Α
959 302 1021 344 mus
1035 297 1062 344 et
1075 304 1152 345 verus
1163 288 1242 343 Pater
1252 301 1348 342 omnes
1358 291 1473 356 paterne
1482 284 1580 360 diligit,
1592 292 1621 343 et
1636 285 1718 347 doeet
1731 297 1757 346 et

105 386 177 444 Vide
187 385 275 459 qualis
289 383 366 440 ordo.
388 380 463 436 Prius
482 378 621 446 citharam,
636 385 729 448 postea
745 374 900 449 psalterium
959 377 1029 448 regit
1039 395 1045 447 ;
1057 376 1094 432 ita
1113 375 1204 451 stipsi
1224 374 1373 433 seeundum
1388 375 1490 431 bonum
1501 375 1672 446 paternitatis
1685 377 1755 449 quod

105 475 208 550 teligit:
234 472 310 546 prius
325 470 451 538 animam,
468 476 562 540 postea
581 466 704 538 spiritum
717 464 807 538 posuit
822 482 830 520 :
846 479 899 521 nou
953 476 1126 539 acceperunt,
1148 465 1286 535 subiectos
1309 463 1362 519 sibi
1386 471 1498 536 paterne
1522 463 1642 541 diligunt
1662 474 1694 524 et
1707 467 1755 524 do-

104 566 173 623 enim
189 565 263 636 prius
275 561 346 634 quod
360 557 510 631 spirituale,
526 557 573 612 sed
588 557 659 628 quod
674 553 802 625 animaist
819 553 900 610 dein·
953 561 1025 622 cent,
1043 562 1184 627 etregunt.
1196 554 1241 612 Sic
1260 561 1287 611 et
1300 553 1367 610 boni
1382 553 1539 627 patres,qui
1554 562 1616 610 sunt
1628 555 1660 612 in
1671 564 1755 622 terra,

104 647 900 725 dequodspirituala.liteesuttuuitspiritosmees,extra
954 657 1090 702 asummo
1107 641 1190 701 786
1208 644 1286 700 Patre
1309 641 1479 716 paternitatis
1494 658 1551 700 sue
1565 658 1669 701 munus
1688 645 1757 704 acci·

1 757 3 762 ·
105 744 211 800 omnem
234 748 394 804 creaturam,
422 745 542 793 entrare
561 736 651 806 ipsum
675 733 756 790 etienr
772 747 828 806 pree
842 732 896 785 im·
953 733 1216 805 piunttsecundum
1228 733 1303 805 quod
1318 739 1346 787 et
1360 730 1411 803 ipsi
1425 731 1486 803 plus
1495 732 1757 793 velminusadno-

105 831 245 888 mansitate
256 827 345 901 gaudii
361 826 475 883 saltavit.
487 824 517 879 ln
531 824 609 895 quoi
623 821 722 880 Nouia
737 838 795 890 me;
807 822 854 878 sed
866 822 899 878 t'rr
953 823 1039 879 titiam
1068 828 1095 879 et
1118 837 1238 880 amorem
1273 836 1387 878 summm
1411 820 1584 894 paternitatis
1613 823 1757 882 medum.

105 923 159 980 ileo
174 925 293 976 creatore
307 931 377 985 meo,
393 912 548 986 cognitione
568 922 594 968 et
608 926 701 968 amore
714 911 774 983 ejus
787 908 899 967 iernen·
955 913 1055 971 Omna
1063 913 1259 986 generationes
1268 911 1380 969 beaten
1387 913 1545 970 mediant.
1558 913 1758 986 segetiam

104 1010 154 1067 do:
170 1015 198 1064 et
219 1009 270 1065 hoc
283 1022 338 1064 non
362 1021 410 1076 per
427 1019 480 1069 me,
506 1000 553 1058 sed
575 1000 711 1057 mediante
726 1009 752 1056 et
780 1000 900 1057 salvante
953 1016 1070 1077 namque
1090 1005 1297 1074 generationum
1322 1017 1451 1059 nmnerua
1470 1018 1522 1074 per
1535 1010 1703 1075 generatum
1721 1019 1759 1061 re-

95 1114 149 1153 ma
172 1097 302 1154 Solotort'
323 1111 383 1152 uteo
397 1093 462 1149 lesu
476 1091 529 1147 ilio
549 1107 620 1159 meo,
636 1089 811 1163 singulariter
825 1103 895 1148 meo.
952 1090 1150 1167 dintegrabitur
1165 1109 1172 1150 :
1188 1103 1214 1148 et
1233 1090 1376 1149 hominum
1394 1091 1534 1163 generatio
1548 1090 1579 1148 in
1593 1091 1684 1150 Adam
1702 1109 1759 1149 ma·

84 1187 180 1244 'ilaus
195 1192 237 1242 est
251 1186 334 1256 Deus,
345 1198 422 1239 meus
436 1178 579 1250 Salutaris,
594 1196 671 1236 meus
684 1187 726 1236 est
741 1178 821 1236 iilius.
833 1177 899 1234 0m·
953 1178 1060 1246 ledicta,
1074 1194 1123 1252 per
1135 1178 1308 1236 benedictum
1319 1177 1436 1237 iructum
1449 1178 1552 1236 renuis
1567 1180 1666 1236 meiad
1681 1189 1759 1238 aeter·

102 1275 178 1331 nium
203 1274 311 1346 quidem
337 1281 362 1329 et
378 1269 432 1328 unci
459 1270 584 1327 conditor
610 1280 661 1338 cst,
681 1268 731 1324 sed
747 1268 799 1324 mei
813 1267 900 1324 solius
953 1266 1248 1326 cambenedictionem
1272 1267 1485 1341 regenerabitur.
1509 1268 1584 1326 Inter
1598 1270 1652 1328 bas
1667 1280 1696 1327 et
1709 1287 1758 1326 su·

102 1361 174 1420 illius
189 1371 247 1419 est:
266 1374 348 1418 etms
369 1360 501 1416 mediante
517 1358 637 1415 omnium
660 1357 798 1414 salusest.
828 1357 899 1426 Qnio
953 1357 1485 1430 perhasomnesganerationcs,beatam
1495 1357 1759 1417 medicanimum

103 1454 230 1527 respexit
239 1450 435 1509 bumilitatem
441 1447 694 1507 uncilloernre.Nou
700 1447 809 1504 auderet
817 1446 900 1502 ancil·
952 1445 1021 1519 ipsae
1033 1449 1238 1520 perorationes.
1248 1446 1341 1504 Merito
1355 1462 1433 1519 ergo,
1448 1448 1576 1519 Domina,
1593 1447 1710 1505 beatam
1732 1456 1759 1504 te

103 1541 192 1599 lasum
207 1558 257 1600 nec
280 1542 373 1598 oculos
387 1541 420 1595 ad
436 1556 497 1597 eum
512 1539 614 1610 levare,
634 1537 685 1595 nisi
701 1537 760 1609 ipse
775 1535 849 1609 prior
864 1532 900 1591 ad
954 1535 1042 1593 dicent
1057 1551 1152 1593 omues
1162 1535 1359 1611 generationes,
1374 1549 1436 1606 quer
1450 1535 1580 1593 omnibus
1598 1536 1758 1613 generatio-

103 1631 227 1690 ttncillam
241 1647 318 1686 suam
327 1629 484 1704 dignaretur
496 1628 641 1699 respicere.
652 1628 694 1683 Ab
704 1627 749 1682 illo
759 1627 900 1698 priusres·
917 1601 940 1680 Β
954 1625 1035 1682 nibus
1049 1640 1141 1683 veram
1157 1631 1181 1682 et
1199 1634 1327 1682 eternam
1341 1624 1534 1682 beatitudinem
1550 1626 1688 1703 genuisti.

104 1727 177 1793 pexit
195 1736 278 1792 super
292 1735 344 1776 nos
366 1717 560 1785 misericordia,
587 1719 649 1787 quia
669 1732 720 1773 nos
739 1715 819 1771 nimis
833 1715 899 1771 des·
989 1716 1016 1772 i.
1034 1713 1106 1786 Qnio
1119 1715 1190 1788 feeit
1213 1715 1287 1771 mitt
1299 1731 1403 1788 magno
1427 1717 1476 1788 ptri
1497 1719 1600 1787 potens
1615 1719 1676 1784 est,
1690 1733 1757 1773 soe

105 1819 199 1882 pectus
218 1816 310 1865 nostra
333 1807 486 1863 reddiderat
509 1804 626 1863 miseria.
652 1806 694 1861 lle
717 1813 807 1860 autem
830 1805 900 1860 inter
953 1809 1032 1861 ctum
1044 1820 1149 1861 nomen
1163 1805 1235 1876 ejus.
1251 1803 1317 1873 lloe,
1333 1804 1453 1877 inquam,
1468 1803 1541 1877 quod
1557 1818 1661 1862 omnes
1678 1821 1757 1877 gene·

106 1912 203 1956 omnes
216 1895 369 1968 specialiter
384 1893 513 1966 respexit,
535 1893 579 1948 cui
602 1908 684 1964 super
698 1908 793 1949 omues
807 1890 900 1965 singu·
953 1895 1072 1951 renones
1086 1910 1130 1950 me
1144 1892 1306 1961 beatificant,
1322 1909 1376 1950 non
1388 1893 1454 1950 mihi
1467 1892 1598 1963 attribuo,
1615 1909 1676 1952 nou
1690 1895 1758 1952 mds

106 1983 164 2042 lare
192 1984 357 2056 privilegium
384 1981 529 2038 concessit.
548 1980 585 2038 lit
600 1979 674 2047 uide,
698 1981 763 2054 quia
784 1980 901 2037 nonfuit
953 1981 1058 2039 ascribo
1082 1983 1196 2053 meritis,
1217 1981 1264 2038 sed
1288 1981 1314 2038 ei
1336 1980 1382 2055 qui
1404 1980 1468 2039 iecit
1488 1981 1558 2038 mibi
1586 1999 1700 2058 magna.
1717 1983 1758 2041 iix

106 2084 233 2134 contenta
245 2073 346 2143 dicere,
362 2072 489 2145 respexit
502 2087 563 2140 me;
577 2077 634 2140 aut,
646 2069 900 2144 respexitancillam
953 2070 1006 2129 boc
1019 2071 1091 2128 euim
1103 2070 1242 2129 beatificor
1256 2071 1289 2127 ab
1304 2070 1442 2139 omnibns,
1460 2071 1524 2143 quia
1538 2071 1575 2127 ab
1587 2070 1653 2143 ipso
1669 2073 1756 2131 beati·

104 2180 180 2221 suam
192 2181 199 2231 ;
211 2169 268 2233 aut,
277 2164 402 2233 respexit
412 2160 612 2218 bumilitatem
621 2174 726 2228 meam;
740 2161 786 2218 sed
798 2169 899 2215 semet·
953 2159 1032 2216 licata
1045 2176 1119 2231 sum,
1134 2160 1210 2233 quasi
1233 2158 1261 2215 in
1276 2160 1413 2230 speculum
1434 2159 1610 2218 beatitudinis
1629 2163 1757 2220 omnibns

101 2255 189 2325 ipsam
205 2251 339 2323 depressit
353 2251 441 2315 valde,
457 2256 484 2304 et
508 2248 661 2304 firmissima
682 2247 781 2305 locauit
800 2246 898 2304 lunda·
953 2250 1172 2321 propositasum.
1187 2250 1538 2323 Quiosecitmibtmoprto.
1549 2251 1699 2308 Nonenim
1708 2252 1756 2310 ali·

102 2349 204 2408 menta,
221 2341 267 2397 nbi
284 2346 366 2396 tantae
382 2337 574 2412 magnitudinis
588 2346 614 2394 et
629 2336 841 2408 pulchritudinis
853 2336 900 2391 lir-
952 2338 1025 2410 quod
1039 2353 1178 2412 maguum,
1188 2337 1249 2396 iecit
1262 2338 1339 2405 mihi,
1351 2339 1397 2396 aad
1409 2340 1494 2396 multa
1504 2355 1617 2415 magna.
1627 2341 1755 2417 biegn-

103 2432 183 2486 miter
204 2429 354 2500 exciperet,
370 2434 397 2482 et
423 2436 541 2483 seruaret
555 2436 726 2482 ornamenta:
752 2427 898 2499 Respexit,
951 2434 993 2483 est
1011 2443 1057 2498 per
1071 2443 1112 2494 se,
1128 2429 1201 2502 quod
1215 2429 1292 2502 virgo
1317 2443 1397 2495 sum;
1412 2445 1539 2502 magnum
1562 2445 1615 2502 per
1638 2430 1756 2503 ecquod

102 2518 200 2591 inquit,
216 2518 411 2575 bumilitatem
421 2516 615 2573 aneillaesoe.
630 2515 745 2588 Singula
760 2517 899 2573 verbasuo
952 2524 1052 2583 mater;
1076 2531 1215 2591 magnum,
1233 2518 1306 2590 quod
1321 2516 1405 2576 simul
1418 2526 1564 2590 utrumque
1578 2525 1608 2574 et
1632 2519 1713 2593 virgo
1730 2527 1756 2576 et

102 2609 222 2680 pondere
249 2606 374 2662 libranda
388 2616 460 2660 sunt.
483 2604 552 2660 Sunt
566 2603 637 2659 enirn
652 2603 766 2674 ancillae,
781 2602 829 2660 sed
843 2619 898 2660 non
952 2613 1038 2664 mater
1050 2622 1110 2664 sum
1126 2623 1133 2661 ε
1148 2616 1175 2662 et
1189 2607 1267 2677 cnjus
1282 2607 1387 2664 mater?
1400 2604 1450 2663 Dei
1459 2605 1614 2679 Unigeniti,
1632 2608 1757 2665 Piasma·

103 2696 232 2752 humiles.
247 2694 351 2750 Aucdla
375 2693 426 2749 init
447 2698 530 2763 Agar,
549 2693 595 2748 scd
610 2690 744 2763 superba:
760 2691 897 2748 dominam
954 2695 1020 2750 toris
1035 2701 1061 2751 et
1075 2693 1221 2752 saltatoris
1238 2696 1369 2752 omnium.
1383 2696 1460 2754 Fecit
1472 2696 1546 2753 mitti
1559 2713 1679 2769 magno.
1695 2698 1755 2756 Non

103 2799 179 2839 suam
190 2785 246 2853 desp
256 2784 310 2839 erit
326 2782 406 2854 (Gen.
424 2784 494 2848 xvi).
510 2782 578 2836 Suut
594 2783 683 2835 multae
698 2781 762 2836 sutis
771 2781 898 2850 humiles,
954 2791 1043 2854 potest
1071 2787 1185 2850 narrari,
1211 2799 1265 2840 nou
1291 2793 1380 2855 potest
1402 2784 1515 2859 cogitari
1544 2787 1708 2859 magnitudo
1729 2797 1757 2842 et

102 2875 150 2928 sed
167 2887 222 2928 non
237 2887 321 2942 uspue
335 2871 368 2926 ad
384 2869 510 2926 arreillas:
528 2870 576 2925 sed
589 2869 804 2925 rnulttebumiles
818 2871 897 2926 etiarn
917 2871 1097 2954 emultitudo
1112 2873 1245 2929 bonorum
1261 2889 1322 2945 qum
1341 2872 1403 2930 lecit
1416 2873 1494 2929 mibi.
1513 2873 1546 2929 Bt
1559 2874 1688 2945 quisnam
1713 2884 1757 2930 eat

102 2960 215 3024 anciltae,
236 2959 352 3015 sednon
373 2958 491 3015 [loanni.
517 2958 660 3013 llumilitas
679 2973 746 3030 ergo
771 2967 895 3014 contem·
949 2960 1050 3031 illequi
1065 2969 1118 3017 tam
1132 2976 1232 3032 magna
1242 2960 1305 3017 iecit
1315 2960 1387 3018 cinit
1404 2962 1457 3031 Qut
1468 2965 1564 3034 poteris
1572 2965 1625 3028 est,
1641 2966 1671 3017 st
1679 2978 1755 3019 sorr-

102 3058 178 3121 ptum
193 3048 254 3102 sui:
281 3047 377 3101 ancilla
397 3045 550 3099 latirulaturn
575 3062 624 3100 sna
649 3046 794 3101 devotione
818 3062 895 3103 cum—
950 3052 1029 3105 cttem
1038 3064 1142 3105 nomen
1159 3053 1232 3121 ejus.
1243 3047 1333 3106 Nolite
1346 3049 1448 3120 amirari,
1462 3047 1540 3107 nolite
1549 3047 1658 3105 dicem
1672 3048 1755 3118 Quo-

101 3134 219 3190 mendat.
236 3135 368 3206 Respeeit
384 3133 577 3191 tramititntem
593 3133 708 3190 aucittoe
718 3150 785 3190 nece.
802 3135 896 3206 Respi-
950 3136 1515 3208 modopossuuthaecfieri‘ipoteusestilla
1536 3135 1754 3210 quileeitbaec:

101 3223 197 3280 ciendo
218 3238 261 3278 me
277 3223 457 3293 pergratiam
472 3237 560 3292 suam,
581 3229 607 3277 et
621 3221 751 3278 humilem
767 3240 809 3281 mc
823 3225 895 3294 lecit,
951 3231 1116 3296 potensest,
1141 3225 1197 3281 imo
1211 3225 1393 3297 omnipotens.
1413 3224 1567 3282 Potentiam
1581 3226 1645 3296 ejus
1659 3233 1752 3284 uten-

100 3323 127 3368 ct
151 3312 275 3368 ancillam
291 3326 377 3369 suum.
403 3311 495 3378 Suam,
526 3310 633 3383 inquunt
654 3327 729 3367 suern
758 3329 802 3369 me
821 3312 894 3381 iecit,
950 3309 1026 3378 dite;
1044 3312 1108 3385 quia
1134 3313 1224 3370 omnia
1249 3328 1419 3385 quaecunque
1442 3312 1509 3380 vult,
1536 3319 1637 3386 potens
1651 3313 1753 3371 estia-

100 3399 247 3471 quideme
262 3401 325 3456 etin
341 3417 382 3456 me
397 3415 475 3455 suum
490 3399 609 3471 speciale
624 3416 692 3470 opus
714 3402 787 3458 lecit.
949 3414 1024 3456 cere.
1040 3402 1138 3475 liagna
1156 3413 1219 3458 sunt
1237 3417 1298 3474 quae
1313 3401 1448 3458 attenditis
1462 3400 1488 3456 iu
1507 3418 1554 3459 me
1566 3421 1573 3470 ;
1586 3403 1640 3459 sed
1652 3418 1755 3477 magns

135 3495 162 3544 3.
174 3488 551 3547 decemimeeltocbeotam
560 3489 810 3548 medicentomnes
819 3507 897 3562 pene·
949 3500 990 3547 est
1002 3491 1048 3546 ille
1062 3491 1193 3565 potentia,
1209 3508 1269 3564 quae
1283 3500 1338 3548 tam
1352 3508 1449 3566 magna
1464 3492 1527 3551 tacit
1548 3491 1630 3549 mini.
1646 3493 1688 3552 lix
1703 3507 1755 3549 me

99 3580 236 3637 rationes.
257 3577 281 3635 Ο
296 3577 435 3634 dilatatum
456 3579 520 3635 cor!
541 3594 621 3649 quarn
644 3579 790 3649 perlucidis
809 3580 896 3636 oculis
941 3568 1012 3652 'gnis
1026 3587 1053 3636 et
1067 3579 1238 3636 mirabilibus
1251 3597 1312 3653 quse
1324 3578 1390 3636 iecit
1404 3580 1433 3636 in
1446 3597 1502 3648 me,
1518 3597 1650 3654 megmm
1664 3589 1694 3638 et
1704 3582 1752 3637 rui·

99 3682 208 3723 ornnem
231 3669 322 3722 subito
335 3674 483 3723 creaturam
498 3667 527 3722 in
542 3683 606 3723 vera
627 3668 795 3725 beatitudine
808 3668 894 3724 colio·
950 3668 1067 3724 rabilem
1091 3668 1237 3740 potentiam
1261 3668 1333 3726 iliius
1355 3668 1526 3743 perpendite.
1540 3668 1578 3726 Et
1600 3687 1687 3744 quare
1707 3670 1752 3726 itio

100 3754 214 3812 eandam
233 3754 314 3811 simul
328 3754 475 3826 aspexisti!
492 3756 569 3824 Eece,
587 3756 682 3827 inquit.
707 3757 839 3812 latuentis
854 3763 896 3812 est
949 3764 1004 3812 mm
1019 3774 1115 3830 magua
1129 3757 1192 3814 iecit
1215 3757 1287 3814 tibii
1301 3757 1371 3830 Quia
1393 3761 1529 3814 sonetum
1546 3774 1656 3816 mores
1678 3760 1749 3831 eius.

100 3844 152 3900 boc
165 3844 274 3899 verbum
290 3851 318 3897 et
336 3843 558 3899 demonstrantis.
583 3843 656 3900 Eone
671 3844 749 3901 video
762 3844 834 3917 quod
849 3845 895 3901 lu·
949 3846 1061 3916 Propter
1075 3861 1173 3903 nomen
1192 3862 1282 3914 suum,
1299 3862 1355 3903 non
1375 3854 1486 3919 proper
1501 3862 1598 3903 meum
1612 3850 1750 3905 meritum.

101 3937 193 3985 turum
207 3931 242 3986 sit
256 3930 290 3985 de
304 3946 357 3997 me,
372 3931 432 3998 quis
447 3930 554 3987 iructus
571 3932 697 4001 procedet
711 3948 745 3989 ex
757 3950 813 4003 me,
828 3941 896 4005 quot
951 3943 1005 3990 mm
1020 3950 1118 4008 magna
1133 3934 1197 3991 iecit
1211 3935 1277 3992 mihi
1291 3953 1299 3991 ε
1315 3950 1415 3993 nomen
1430 3951 1509 3992 suum
1536 3935 1615 4007 quod
1638 3947 1683 3995 est
1697 3936 1750 3992 mi-

99 4025 127 4074 et
140 4023 240 4090 quanta
254 4017 336 4081 bonu,
353 4032 407 4072 nou
420 4018 486 4072 mihi
501 4018 560 4086 soli,
581 4018 627 4075 sed
642 4019 766 4076 omuibus
779 4036 894 4094 genera·
949 4023 1043 4090 rabile,
1058 4027 1086 4078 et
1099 4031 1232 4091 sanctum,
1248 4031 1276 4079 et
1289 4023 1441 4091 ineffabile,
1455 4022 1542 4081 uoluit
1553 4024 1584 4079 in
1600 4041 1645 4082 me
1660 4025 1752 4083 desh-

100 4105 219 4163 tionibus
229 4105 437 4178 pervenientper
448 4107 626 4164 mciieatorn
639 4107 789 4167 mediaest
800 4125 893 4168 omnes
911 4145 934 4223 n
949 4126 1020 4168 rare.
1037 4111 1116 4180 Quod
1130 4119 1172 4169 est
1194 4113 1247 4168 boc
1262 4113 1381 4169 nomen?
1394 4113 1497 4170 bonus.
1521 4110 1594 4180 Quis
1607 4128 1694 4170 nemo
1706 4112 1754 4171 bo·

99 4195 304 4266 generationes.
317 4194 425 4251 Beatam
434 4212 479 4252 me
488 4211 542 4252 uon
554 4195 744 4264 dicerent,nisi
758 4200 791 4256 de
800 4199 893 4257 eadem
947 4217 1010 4271 nus,
1030 4200 1084 4256 nisi
1096 4200 1172 4257 solus
1184 4201 1267 4257 Deus.
1284 4202 1358 4274 Ergo
1372 4207 1485 4274 propter
1497 4199 1587 4258 solam
1601 4201 1753 4261 bonitm

100 4283 275 4348 beatitudine,
294 4298 375 4354 quam
391 4284 488 4350 liabeo,
513 4284 616 4356 aliquid
631 4287 802 4358 attingerent.
816 4286 893 4357 Quo-
947 4304 1024 4345 snam
1048 4297 1101 4346 tam
1116 4306 1214 4364 magna
1232 4289 1297 4347 iecit
1316 4288 1401 4359 nullm
1416 4289 1481 4362 quit
1503 4299 1532 4347 et
1554 4290 1714 4364 potentiam
1728 4301 1754 4349 st

99 4371 181 4428 modo
195 4371 326 4429 eructabit
339 4374 384 4445 qui
403 4389 459 4429 non
474 4373 640 4430 manducati
658 4377 773 4434 Beatam
787 4394 832 4435 me
847 4381 892 4436 di·
947 4377 1094 4435 bonitatem
1107 4394 1183 4434 suanr
1193 4379 1219 4433 in
1234 4395 1278 4434 me
1292 4377 1375 4435 voluit
1383 4377 1521 4435 declarare
1540 4396 1547 4436 :
1567 4382 1753 4453 potensenirn

99 4464 176 4528 cent,
190 4461 313 4532 deeujus
325 4463 397 4520 bono
412 4464 685 4536 lructumpercipieut
699 4483 794 4523 omncs
807 4485 893 4541 gene·
946 4467 1128 4540 singulariter,
1157 4473 1184 4524 ct
1204 4476 1326 4524 sanetum
1349 4483 1449 4524 nomen
1476 4468 1548 4538 ejus.
1569 4467 1625 4526 Sed
1641 4470 1752 4528 sienem

100 4548 279 4606 raticosaiix
292 4566 355 4606 meo
363 4550 455 4608 fructu
465 4553 708 4623 benedicentur3et
721 4569 783 4610 cum
798 4571 894 4613 omnes
946 4557 1006 4628 ipso
1025 4564 1150 4614 sanctum
1168 4569 1209 4614 est
1223 4572 1323 4613 nomen
1333 4558 1404 4628 ejus,
1420 4556 1460 4612 sic
1482 4556 1675 4617 sanctificetur
1687 4560 1752 4618 etis

99 4635 298 4708 medicentur,
313 4653 408 4694 omnes
430 4648 520 4695 minen
534 4640 643 4696 beatam
661 4640 836 4715 singulariter
849 4660 893 4700 me
945 4646 1025 4703 nobis
1041 4663 1048 4701 :
1064 4646 1133 4701 sicru
1149 4646 1175 4701 in
1193 4646 1253 4718 ipso
1267 4647 1301 4702 ab
1323 4656 1424 4702 eterno
1447 4645 1680 4719 pmdestinstnm
1702 4659 1752 4715 est,

99 4723 197 4783 dicent.
217 4726 325 4792 moes,
341 4728 460 4802 inquiam,
475 4732 690 4800 generationes:
708 4733 894 4804 generationes
949 4736 990 4792 sie
1003 4736 1171 4806 compleatur
1186 4736 1212 4790 in
1228 4734 1318 4792 nobis

98 4815 173 4882 eoeli,
195 4815 385 4886 generationes
406 4826 496 4885 terrae,
521 4833 616 4874 omnes
640 4820 739 4892 angeli
759 4833 785 4878 et
799 4836 895 4880 omnes
984 4828 1011 4881 t.
1024 4823 1753 4900 Etmisericordioejttsopropertt'easpropsniesti·

97 4904 187 4962 electi.
203 4906 272 4961 Nam
286 4917 312 4960 et
327 4906 355 4962 in
377 4907 493 4980 Angelis
515 4907 706 4979 generationes
729 4919 803 4967 sunt.
818 4912 895 4969 Unde
947 4914 1089 4974 mentibus
1100 4914 1257 4973 eumuna
1272 4914 1752 4985 uomenejusoieiturmtserteursts

99 4994 197 5052 dicitnr
221 4995 303 5052 Pater
316 4995 466 5066 spirituum,
480 5003 508 5051 et
521 5012 555 5052 ex
568 5011 621 5067 quo
645 4999 734 5054 omnis
750 5002 895 5071 paternitas
948 5004 1104 5079 ejas.Ubi‘l
1115 5006 1280 5081 Apropenie
1290 5004 1753 5078 tepraeessettudesinomner

100 5084 130 5140 in
142 5085 213 5142 otelo
231 5093 259 5141 et
280 5085 307 5139 in
331 5092 405 5140 terra
418 5086 572 5141 nominatur
588 5084 701 5159 (pres.
724 5104 764 5160 tv,
788 5092 827 5158 6).
842 5092 896 5147 atti
948 5103 1044 5167 gentes
1060 5114 1067 5148 z
1084 5094 1126 5151 vel
1141 5094 1175 5148 ab
1189 5094 1266 5150 initio
1280 5092 1372 5150 saculi
1394 5107 1479 5162 usque
1493 5091 1521 5146 in
1535 5090 1631 5163 finem,
1650 5093 1753 5150 misem

100 5173 171 5227 enim
184 5171 246 5229 aliis
258 5172 289 5230 in
312 5172 383 5230 oeelo
399 5179 486 5245 patres
505 5181 578 5242 suut,
593 5174 694 5246 quibus
709 5186 817 5246 paterm
830 5179 895 5234 cba-
948 5183 1043 5238 eordie
1056 5182 1117 5252 eius
1133 5181 1310 5254 impenditur,
1323 5196 1378 5237 non
1395 5178 1508 5252 passim,
1524 5179 1574 5236 sed
1589 5181 1753 5241 simmatus

102 5260 181 5316 ritate
210 5269 348 5334 praesunt;
365 5261 391 5316 in
415 5261 514 5333 quibus
537 5270 671 5336 generant
690 5272 717 5320 et
741 5265 896 5336 exprimunt
948 5287 1022 5330 eum.
1036 5272 1097 5328 Non
1121 5281 1162 5328 est
1176 5286 1351 5343 personarum
1366 5268 1487 5342 acceptio
1500 5269 1573 5342 apud
1587 5269 1693 5328 Deum
1706 5270 1752 5326 ln·

100 5360 207 5403 omnem
224 5350 392 5422 paternitatis
404 5348 545 5408 manunt.
561 5351 600 5407 lix
614 5368 720 5410 summo
733 5356 804 5410 enim
818 5356 896 5413 Patre
950 5360 1027 5417 daens
1039 5369 1066 5417 et
1079 5361 1201 5430 uiscus
1211 5349 1344 5417 barbarus
1358 5366 1386 5417 et
1399 5358 1508 5431 Scytha,
1523 5371 1660 5418 servuset
1671 5359 1750 5430 libet,

100 5438 190 5491 amota
203 5452 297 5495 eorum
312 5440 457 5509 paternitas
470 5439 641 5499 nominatur:
658 5441 722 5513 quia
737 5444 809 5502 sicut
824 5461 896 5501 sum·
952 5451 1088 5508 maculas
1100 5461 1128 5509 et
1139 5450 1241 5509 lemine
1255 5449 1284 5506 in
1298 5448 1373 5507 omni
1382 5458 1464 5521 gente
1477 5456 1505 5504 et
1517 5449 1664 5525 progenie,
1679 5450 1705 5508 si
1719 5449 1752 5506 ti·
