<?xml version="1.0" encoding="UTF-8"?>
<!DOCTYPE html PUBLIC "-//W3C//DTD XHTML 1.0 Transitional//EN"
    "http://www.w3.org/TR/xhtml1/DTD/xhtml1-transitional.dtd">
<html xmlns="http://www.w3.org/1999/xhtml" xml:lang="en" lang="en">
 <head>
  <title>
</title>
<meta http-equiv="Content-Type" content="text/html;charset=utf-8" />
  <meta name='ocr-system' content='tesseract 3.04.00' />
  <meta name='ocr-capabilities' content='ocr_page ocr_carea ocr_par ocr_line ocrx_word'/>
</head>
<body>
  <div class='ocr_page' id='page_1' title='image "./patrologiaecurs00unkngoog_0427.png"; bbox 0 0 3706 5962; ppageno 0'>
   <div class='ocr_carea' id='block_1_1' title="bbox 48 202 1700 289">
    <p class='ocr_par' dir='ltr' id='par_1_1' title="bbox 48 202 1700 289">
     <span class='ocr_line' id='line_1_1' title="bbox 48 202 1700 289; baseline 0.001 -8"><span class='ocrx_word' id='word_1_1' title='bbox 48 225 107 289; x_wconf 74' lang='lat' dir='ltr'>sur</span> <span class='ocrx_word' id='word_1_2' title='bbox 589 210 1173 279; x_wconf 66' lang='lat' dir='ltr'>moenianis-turnucum.</span> <span class='ocrx_word' id='word_1_3' title='bbox 1645 202 1700 283; x_wconf 79' lang='lat' dir='ltr'>sii</span> 
     </span>
    </p>
   </div>
   <div class='ocr_carea' id='block_1_2' title="bbox 48 330 1700 595">
    <p class='ocr_par' dir='ltr' id='par_1_2' title="bbox 48 330 1700 595">
     <span class='ocr_line' id='line_1_2' title="bbox 48 330 1699 433; baseline -0.001 -24"><span class='ocrx_word' id='word_1_4' title='bbox 48 360 282 424; x_wconf 73' lang='lat' dir='ltr'>noetesqanrere</span> <span class='ocrx_word' id='word_1_5' title='bbox 299 362 382 421; x_wconf 91' lang='lat' dir='ltr'>quem</span> <span class='ocrx_word' id='word_1_6' title='bbox 396 340 527 419; x_wconf 85' lang='lat' dir='ltr'>diligebat</span> <span class='ocrx_word' id='word_1_7' title='bbox 544 345 633 400; x_wconf 86' lang='lat' dir='ltr'>enims</span> <span class='ocrx_word' id='word_1_8' title='bbox 645 358 738 400; x_wconf 92' lang='lat' dir='ltr'>eorum</span> <span class='ocrx_word' id='word_1_9' title='bbox 755 360 762 410; x_wconf 87' lang='lat'><strong>;</strong></span> <span class='ocrx_word' id='word_1_10' title='bbox 779 330 893 433; x_wconf 51' lang='lat' dir='ltr'>quod]</span> <span class='ocrx_word' id='word_1_11' title='bbox 909 341 963 398; x_wconf 86' lang='lat' dir='ltr'>lam</span> <span class='ocrx_word' id='word_1_12' title='bbox 977 343 1161 416; x_wconf 80' lang='lat' dir='ltr'>pretermittit</span> <span class='ocrx_word' id='word_1_13' title='bbox 1184 350 1271 400; x_wconf 89' lang='lat' dir='ltr'>artem</span> <span class='ocrx_word' id='word_1_14' title='bbox 1295 339 1430 412; x_wconf 60' lang='lat' dir='ltr'>nocendi}</span> <span class='ocrx_word' id='word_1_15' title='bbox 1457 345 1503 402; x_wconf 89' lang='lat' dir='ltr'>sed</span> <span class='ocrx_word' id='word_1_16' title='bbox 1518 345 1631 405; x_wconf 79' lang='lat' dir='ltr'>ubilibet</span> <span class='ocrx_word' id='word_1_17' title='bbox 1642 364 1699 407; x_wconf 79' lang='lat' dir='ltr'>sue</span> 
     </span>
     <span class='ocr_line' id='line_1_3' title="bbox 53 431 1699 510; baseline -0.002 -13"><span class='ocrx_word' id='word_1_18' title='bbox 53 442 226 498; x_wconf 87' lang='lat' dir='ltr'>lieeteontra</span> <span class='ocrx_word' id='word_1_19' title='bbox 248 436 473 494; x_wconf 87' lang='lat' dir='ltr'>consuetudinem</span> <span class='ocrx_word' id='word_1_20' title='bbox 501 441 695 507; x_wconf 72' lang='lat' dir='ltr'>presumptum</span> <span class='ocrx_word' id='word_1_21' title='bbox 724 433 760 487; x_wconf 85' lang='lat' dir='ltr'>sit</span> <span class='ocrx_word' id='word_1_22' title='bbox 775 474 781 497; x_wconf 90' lang='lat'>,</span> <span class='ocrx_word' id='word_1_23' title='bbox 798 446 853 486; x_wconf 91' lang='lat' dir='ltr'>non</span> <span class='ocrx_word' id='word_1_24' title='bbox 908 431 1062 488; x_wconf 70' lang='lat' dir='ltr'>calliditatis</span> <span class='ocrx_word' id='word_1_25' title='bbox 1077 433 1197 507; x_wconf 76' lang='lat' dir='ltr'>assignat</span> <span class='ocrx_word' id='word_1_26' title='bbox 1220 437 1347 507; x_wconf 87' lang='lat' dir='ltr'>argutias.</span> <span class='ocrx_word' id='word_1_27' title='bbox 1376 435 1408 490; x_wconf 84' lang='lat' dir='ltr'>Et</span> <span class='ocrx_word' id='word_1_28' title='bbox 1430 433 1458 489; x_wconf 93' lang='lat' dir='ltr'>in</span> <span class='ocrx_word' id='word_1_29' title='bbox 1486 436 1568 492; x_wconf 89' lang='lat' dir='ltr'>choro</span> <span class='ocrx_word' id='word_1_30' title='bbox 1590 438 1699 510; x_wconf 89' lang='lat' dir='ltr'>quidem</span> 
     </span>
     <span class='ocr_line' id='line_1_4' title="bbox 55 518 1700 595; baseline -0.002 -10"><span class='ocrx_word' id='word_1_31' title='bbox 55 534 252 586; x_wconf 87' lang='lat' dir='ltr'>tamencontra</span> <span class='ocrx_word' id='word_1_32' title='bbox 276 525 460 581; x_wconf 85' lang='lat' dir='ltr'>devotionem.</span> <span class='ocrx_word' id='word_1_33' title='bbox 483 523 588 589; x_wconf 80' lang='lat' dir='ltr'>Fateor,</span> <span class='ocrx_word' id='word_1_34' title='bbox 609 521 679 576; x_wconf 90' lang='lat' dir='ltr'>inter</span> <span class='ocrx_word' id='word_1_35' title='bbox 693 520 751 575; x_wconf 82' lang='lat' dir='ltr'>haec</span> <span class='ocrx_word' id='word_1_36' title='bbox 765 518 854 574; x_wconf 88' lang='lat' dir='ltr'>omnin</span> <span class='ocrx_word' id='word_1_37' title='bbox 908 519 979 576; x_wconf 91' lang='lat' dir='ltr'>inter</span> <span class='ocrx_word' id='word_1_38' title='bbox 992 522 1123 578; x_wconf 89' lang='lat' dir='ltr'>orandum</span> <span class='ocrx_word' id='word_1_39' title='bbox 1139 530 1167 577; x_wconf 89' lang='lat' dir='ltr'>et</span> <span class='ocrx_word' id='word_1_40' title='bbox 1193 523 1363 594; x_wconf 89' lang='lat' dir='ltr'>psallendum</span> <span class='ocrx_word' id='word_1_41' title='bbox 1387 534 1503 578; x_wconf 71' lang='lat' dir='ltr'>menum</span> <span class='ocrx_word' id='word_1_42' title='bbox 1528 527 1658 595; x_wconf 87' lang='lat' dir='ltr'>pertrahit</span> <span class='ocrx_word' id='word_1_43' title='bbox 1673 526 1700 581; x_wconf 95' lang='lat' dir='ltr'>in</span> 
     </span>
    </p>
   </div>
   <div class='ocr_carea' id='block_1_3' title="bbox 56 605 856 1392">
    <p class='ocr_par' dir='ltr' id='par_1_3' title="bbox 56 605 856 1392">
     <span class='ocr_line' id='line_1_5' title="bbox 56 605 855 690; baseline -0.016 -16"><span class='ocrx_word' id='word_1_44' title='bbox 56 617 207 690; x_wconf 88' lang='lat' dir='ltr'>cogitabam</span> <span class='ocrx_word' id='word_1_45' title='bbox 224 633 231 670; x_wconf 93' lang='lat'>:</span> <span class='ocrx_word' id='word_1_46' title='bbox 249 617 348 673; x_wconf 81' lang='lat' dir='ltr'>Gcsfrc</span> <span class='ocrx_word' id='word_1_47' title='bbox 363 615 411 671; x_wconf 87' lang='lat' dir='ltr'>Dei</span> <span class='ocrx_word' id='word_1_48' title='bbox 429 617 497 671; x_wconf 78' lang='lat' dir='ltr'>unct</span> <span class='ocrx_word' id='word_1_49' title='bbox 512 612 641 677; x_wconf 72' lang='lat' dir='ltr'>heuman</span> <span class='ocrx_word' id='word_1_50' title='bbox 659 614 700 668; x_wconf 83' lang='lat' dir='ltr'>est</span> <span class='ocrx_word' id='word_1_51' title='bbox 715 611 759 667; x_wconf 85' lang='lat' dir='ltr'>bic</span> <span class='ocrx_word' id='word_1_52' title='bbox 773 605 855 665; x_wconf 83' lang='lat' dir='ltr'>alind</span> 
     </span>
     <span class='ocr_line' id='line_1_6' title="bbox 57 695 855 776; baseline -0.015 -13"><span class='ocrx_word' id='word_1_53' title='bbox 57 709 117 763; x_wconf 84' lang='lat' dir='ltr'>nisi</span> <span class='ocrx_word' id='word_1_54' title='bbox 132 706 232 761; x_wconf 83' lang='lat' dir='ltr'>domes</span> <span class='ocrx_word' id='word_1_55' title='bbox 246 706 309 775; x_wconf 87' lang='lat' dir='ltr'>Dei,</span> <span class='ocrx_word' id='word_1_56' title='bbox 319 707 347 761; x_wconf 86' lang='lat' dir='ltr'>et</span> <span class='ocrx_word' id='word_1_57' title='bbox 360 706 445 776; x_wconf 84' lang='lat' dir='ltr'>portu</span> <span class='ocrx_word' id='word_1_58' title='bbox 458 702 523 757; x_wconf 79' lang='lat' dir='ltr'>celi</span> <span class='ocrx_word' id='word_1_59' title='bbox 532 699 611 771; x_wconf 84' lang='lat' dir='ltr'>(Gen.</span> <span class='ocrx_word' id='word_1_60' title='bbox 629 695 855 768; x_wconf 67' lang='lat' dir='ltr'>xxi-iutuitu-</span> 
     </span>
     <span class='ocr_line' id='line_1_7' title="bbox 57 785 855 863; baseline -0.015 -13"><span class='ocrx_word' id='word_1_61' title='bbox 57 801 122 863; x_wconf 91' lang='lat' dir='ltr'>lem,</span> <span class='ocrx_word' id='word_1_62' title='bbox 147 791 258 861; x_wconf 90' lang='lat' dir='ltr'>nollem,</span> <span class='ocrx_word' id='word_1_63' title='bbox 281 798 371 847; x_wconf 85' lang='lat' dir='ltr'>vestra</span> <span class='ocrx_word' id='word_1_64' title='bbox 393 788 535 844; x_wconf 90' lang='lat' dir='ltr'>devotione</span> <span class='ocrx_word' id='word_1_65' title='bbox 556 786 691 852; x_wconf 86' lang='lat' dir='ltr'>trahebar,</span> <span class='ocrx_word' id='word_1_66' title='bbox 721 794 748 841; x_wconf 90' lang='lat' dir='ltr'>et</span> <span class='ocrx_word' id='word_1_67' title='bbox 776 785 855 842; x_wconf 90' lang='lat' dir='ltr'>vobis</span> 
     </span>
     <span class='ocr_line' id='line_1_8' title="bbox 57 872 853 955; baseline -0.014 -17"><span class='ocrx_word' id='word_1_68' title='bbox 57 880 263 955; x_wconf 76' lang='lat' dir='ltr'>negotiantibus</span> <span class='ocrx_word' id='word_1_69' title='bbox 286 877 365 933; x_wconf 89' lang='lat' dir='ltr'>otiari</span> <span class='ocrx_word' id='word_1_70' title='bbox 392 891 447 932; x_wconf 94' lang='lat' dir='ltr'>non</span> <span class='ocrx_word' id='word_1_71' title='bbox 477 885 607 947; x_wconf 88' lang='lat' dir='ltr'>poteram.</span> <span class='ocrx_word' id='word_1_72' title='bbox 628 872 765 946; x_wconf 74' lang='lat' dir='ltr'>sequebar</span> <span class='ocrx_word' id='word_1_73' title='bbox 792 888 853 940; x_wconf 90' lang='lat' dir='ltr'>vos,</span> 
     </span>
     <span class='ocr_line' id='line_1_9' title="bbox 57 961 855 1039; baseline -0.01 -14"><span class='ocrx_word' id='word_1_74' title='bbox 57 970 108 1025; x_wconf 88' lang='lat' dir='ltr'>sed</span> <span class='ocrx_word' id='word_1_75' title='bbox 136 984 150 1023; x_wconf 89' lang='grc' dir='ltr'>ι</span> <span class='ocrx_word' id='word_1_76' title='bbox 180 968 274 1039; x_wconf 89' lang='lat' dir='ltr'>longe,</span> <span class='ocrx_word' id='word_1_77' title='bbox 299 964 342 1021; x_wconf 92' lang='lat' dir='ltr'>vel</span> <span class='ocrx_word' id='word_1_78' title='bbox 361 963 491 1019; x_wconf 86' lang='lat' dir='ltr'>aberrans</span> <span class='ocrx_word' id='word_1_79' title='bbox 506 976 522 1018; x_wconf 87' lang='lat' dir='ltr'>a</span> <span class='ocrx_word' id='word_1_80' title='bbox 538 962 590 1028; x_wconf 90' lang='lat' dir='ltr'>via,</span> <span class='ocrx_word' id='word_1_81' title='bbox 613 961 656 1017; x_wconf 91' lang='lat' dir='ltr'>vel</span> <span class='ocrx_word' id='word_1_82' title='bbox 671 961 855 1018; x_wconf 82' lang='lat' dir='ltr'>claudicante</span> 
     </span>
     <span class='ocr_line' id='line_1_10' title="bbox 58 1051 856 1125; baseline -0.01 -12"><span class='ocrx_word' id='word_1_83' title='bbox 58 1057 163 1114; x_wconf 86' lang='lat' dir='ltr'>semitis</span> <span class='ocrx_word' id='word_1_84' title='bbox 179 1055 256 1125; x_wconf 85' lang='lat' dir='ltr'>meis,</span> <span class='ocrx_word' id='word_1_85' title='bbox 272 1055 370 1124; x_wconf 90' lang='lat' dir='ltr'>lugens</span> <span class='ocrx_word' id='word_1_86' title='bbox 384 1062 411 1107; x_wconf 88' lang='lat' dir='ltr'>et</span> <span class='ocrx_word' id='word_1_87' title='bbox 429 1051 612 1116; x_wconf 89' lang='lat' dir='ltr'>contristatus,</span> <span class='ocrx_word' id='word_1_88' title='bbox 627 1053 692 1122; x_wconf 88' lang='lat' dir='ltr'>quia</span> <span class='ocrx_word' id='word_1_89' title='bbox 709 1066 764 1107; x_wconf 91' lang='lat' dir='ltr'>non</span> <span class='ocrx_word' id='word_1_90' title='bbox 779 1060 856 1122; x_wconf 89' lang='lat' dir='ltr'>pote·</span> 
     </span>
     <span class='ocr_line' id='line_1_11' title="bbox 57 1140 855 1215; baseline -0.006 -15"><span class='ocrx_word' id='word_1_91' title='bbox 57 1160 119 1200; x_wconf 88' lang='lat' dir='ltr'>ram</span> <span class='ocrx_word' id='word_1_92' title='bbox 134 1157 241 1215; x_wconf 81' lang='lat' dir='ltr'>aequare</span> <span class='ocrx_word' id='word_1_93' title='bbox 264 1149 415 1197; x_wconf 90' lang='lat' dir='ltr'>currentes.</span> <span class='ocrx_word' id='word_1_94' title='bbox 443 1140 525 1196; x_wconf 83' lang='lat' dir='ltr'>Novit</span> <span class='ocrx_word' id='word_1_95' title='bbox 551 1140 596 1195; x_wconf 91' lang='lat' dir='ltr'>ille</span> <span class='ocrx_word' id='word_1_96' title='bbox 614 1140 768 1211; x_wconf 81' lang='lat' dir='ltr'>unns(bl),</span> <span class='ocrx_word' id='word_1_97' title='bbox 794 1154 855 1195; x_wconf 90' lang='lat' dir='ltr'>eum</span> 
     </span>
     <span class='ocr_line' id='line_1_12' title="bbox 58 1226 856 1304; baseline -0.009 -16"><span class='ocrx_word' id='word_1_98' title='bbox 58 1248 114 1304; x_wconf 92' lang='lat' dir='ltr'>qno</span> <span class='ocrx_word' id='word_1_99' title='bbox 127 1246 180 1286; x_wconf 90' lang='lat' dir='ltr'>uno</span> <span class='ocrx_word' id='word_1_100' title='bbox 195 1247 276 1284; x_wconf 91' lang='lat' dir='ltr'>unum</span> <span class='ocrx_word' id='word_1_101' title='bbox 291 1228 362 1299; x_wconf 87' lang='lat' dir='ltr'>coepi</span> <span class='ocrx_word' id='word_1_102' title='bbox 377 1229 475 1284; x_wconf 88' lang='lat' dir='ltr'>esseio</span> <span class='ocrx_word' id='word_1_103' title='bbox 489 1229 616 1297; x_wconf 87' lang='lat' dir='ltr'>Domino,</span> <span class='ocrx_word' id='word_1_104' title='bbox 632 1243 711 1299; x_wconf 87' lang='lat' dir='ltr'>quam</span> <span class='ocrx_word' id='word_1_105' title='bbox 724 1226 856 1298; x_wconf 89' lang='lat' dir='ltr'>frequen-</span> 
     </span>
     <span class='ocr_line' id='line_1_13' title="bbox 60 1316 856 1392; baseline -0.006 -16"><span class='ocrx_word' id='word_1_106' title='bbox 60 1321 133 1376; x_wconf 91' lang='lat' dir='ltr'>tibus</span> <span class='ocrx_word' id='word_1_107' title='bbox 148 1318 266 1392; x_wconf 77' lang='lat' dir='ltr'>querelis</span> <span class='ocrx_word' id='word_1_108' title='bbox 281 1317 453 1388; x_wconf 80' lang='lat' dir='ltr'>impleverim</span> <span class='ocrx_word' id='word_1_109' title='bbox 481 1317 643 1386; x_wconf 78' lang='lat' dir='ltr'>eureseim,</span> <span class='ocrx_word' id='word_1_110' title='bbox 667 1316 739 1388; x_wconf 87' lang='lat' dir='ltr'>quod</span> <span class='ocrx_word' id='word_1_111' title='bbox 754 1330 803 1371; x_wconf 88' lang='lat' dir='ltr'>vos</span> <span class='ocrx_word' id='word_1_112' title='bbox 829 1320 856 1372; x_wconf 92' lang='lat' dir='ltr'>in</span> 
     </span>
    </p>
   </div>
   <div class='ocr_carea' id='block_1_4' title="bbox 908 608 1704 1385">
    <p class='ocr_par' dir='ltr' id='par_1_4' title="bbox 908 608 1704 1385">
     <span class='ocr_line' id='line_1_14' title="bbox 910 608 1700 682; baseline 0.006 -18"><span class='ocrx_word' id='word_1_113' title='bbox 910 608 1028 680; x_wconf 85' lang='lat' dir='ltr'>diversa,</span> <span class='ocrx_word' id='word_1_114' title='bbox 1045 610 1241 679; x_wconf 83' lang='lat' dir='ltr'>praeteritomm</span> <span class='ocrx_word' id='word_1_115' title='bbox 1258 613 1484 668; x_wconf 85' lang='lat' dir='ltr'>rememoratione</span> <span class='ocrx_word' id='word_1_116' title='bbox 1496 612 1640 682; x_wconf 89' lang='lat' dir='ltr'>puritatem</span> <span class='ocrx_word' id='word_1_117' title='bbox 1655 614 1700 669; x_wconf 90' lang='lat' dir='ltr'>in-</span> 
     </span>
     <span class='ocr_line' id='line_1_15' title="bbox 910 697 1702 758; baseline 0.01 -7"><span class='ocrx_word' id='word_1_118' title='bbox 910 699 1031 755; x_wconf 87' lang='lat' dir='ltr'>tellectus</span> <span class='ocrx_word' id='word_1_119' title='bbox 1045 697 1198 754; x_wconf 89' lang='lat' dir='ltr'>involvens.</span> <span class='ocrx_word' id='word_1_120' title='bbox 1216 700 1245 754; x_wconf 93' lang='lat' dir='ltr'>ln</span> <span class='ocrx_word' id='word_1_121' title='bbox 1266 701 1350 756; x_wconf 90' lang='lat' dir='ltr'>choro</span> <span class='ocrx_word' id='word_1_122' title='bbox 1364 714 1428 755; x_wconf 90' lang='lat' dir='ltr'>vero</span> <span class='ocrx_word' id='word_1_123' title='bbox 1442 697 1625 756; x_wconf 89' lang='lat' dir='ltr'>multiformes</span> <span class='ocrx_word' id='word_1_124' title='bbox 1641 703 1702 758; x_wconf 91' lang='lat' dir='ltr'>libi-</span> 
     </span>
     <span class='ocr_line' id='line_1_16' title="bbox 908 784 1700 863; baseline 0.01 -24"><span class='ocrx_word' id='word_1_125' title='bbox 908 784 979 841; x_wconf 86' lang='lat' dir='ltr'>dinis</span> <span class='ocrx_word' id='word_1_126' title='bbox 998 801 1094 843; x_wconf 89' lang='lat' dir='ltr'>sensus</span> <span class='ocrx_word' id='word_1_127' title='bbox 1108 787 1215 858; x_wconf 86' lang='lat' dir='ltr'>evolvit,</span> <span class='ocrx_word' id='word_1_128' title='bbox 1243 786 1376 844; x_wconf 90' lang='lat' dir='ltr'>insidians</span> <span class='ocrx_word' id='word_1_129' title='bbox 1400 788 1577 845; x_wconf 79' lang='lat' dir='ltr'>sollicitudini</span> <span class='ocrx_word' id='word_1_130' title='bbox 1592 800 1700 863; x_wconf 80' lang='lat' dir='ltr'>vestre,</span> 
     </span>
     <span class='ocr_line' id='line_1_17' title="bbox 908 872 1702 949; baseline 0.009 -21"><span class='ocrx_word' id='word_1_131' title='bbox 908 880 936 929; x_wconf 91' lang='lat' dir='ltr'>et</span> <span class='ocrx_word' id='word_1_132' title='bbox 952 873 1011 928; x_wconf 90' lang='lat' dir='ltr'>telis</span> <span class='ocrx_word' id='word_1_133' title='bbox 1026 872 1183 931; x_wconf 88' lang='lat' dir='ltr'>fortioribus</span> <span class='ocrx_word' id='word_1_134' title='bbox 1206 890 1368 949; x_wconf 86' lang='lat' dir='ltr'>oppugnans</span> <span class='ocrx_word' id='word_1_135' title='bbox 1394 891 1452 943; x_wconf 87' lang='lat' dir='ltr'>vos,</span> <span class='ocrx_word' id='word_1_136' title='bbox 1468 877 1569 933; x_wconf 77' lang='lat' dir='ltr'>ahiram</span> <span class='ocrx_word' id='word_1_137' title='bbox 1584 892 1638 934; x_wconf 92' lang='lat' dir='ltr'>non</span> <span class='ocrx_word' id='word_1_138' title='bbox 1652 895 1702 934; x_wconf 84' lang='lat' dir='ltr'>ex-</span> 
     </span>
     <span class='ocr_line' id='line_1_18' title="bbox 910 964 1701 1035; baseline 0.013 -21"><span class='ocrx_word' id='word_1_139' title='bbox 910 967 1028 1033; x_wconf 74' lang='lat' dir='ltr'>pugnet,</span> <span class='ocrx_word' id='word_1_140' title='bbox 1044 973 1154 1035; x_wconf 85' lang='lat' dir='ltr'>pungat,</span> <span class='ocrx_word' id='word_1_141' title='bbox 1172 978 1226 1019; x_wconf 93' lang='lat' dir='ltr'>non</span> <span class='ocrx_word' id='word_1_142' title='bbox 1241 965 1375 1020; x_wconf 88' lang='lat' dir='ltr'>vulneret.</span> <span class='ocrx_word' id='word_1_143' title='bbox 1400 965 1431 1020; x_wconf 91' lang='lat' dir='ltr'>lu</span> <span class='ocrx_word' id='word_1_144' title='bbox 1446 964 1589 1023; x_wconf 90' lang='lat' dir='ltr'>refectorio</span> <span class='ocrx_word' id='word_1_145' title='bbox 1613 975 1701 1024; x_wconf 84' lang='lat' dir='ltr'>nutem</span> 
     </span>
     <span class='ocr_line' id='line_1_19' title="bbox 909 1048 1703 1124; baseline 0.009 -21"><span class='ocrx_word' id='word_1_146' title='bbox 909 1048 1001 1120; x_wconf 85' lang='lat' dir='ltr'>gulam</span> <span class='ocrx_word' id='word_1_147' title='bbox 1016 1048 1098 1106; x_wconf 82' lang='lat' dir='ltr'>alhuit</span> <span class='ocrx_word' id='word_1_148' title='bbox 1112 1050 1146 1105; x_wconf 90' lang='lat' dir='ltr'>sd</span> <span class='ocrx_word' id='word_1_149' title='bbox 1166 1051 1312 1107; x_wconf 88' lang='lat' dir='ltr'>videndum</span> <span class='ocrx_word' id='word_1_150' title='bbox 1328 1069 1388 1123; x_wconf 84' lang='lat' dir='ltr'>quae</span> <span class='ocrx_word' id='word_1_151' title='bbox 1403 1053 1584 1124; x_wconf 88' lang='lat' dir='ltr'>perferuntur,</span> <span class='ocrx_word' id='word_1_152' title='bbox 1611 1064 1640 1110; x_wconf 91' lang='lat' dir='ltr'>et</span> <span class='ocrx_word' id='word_1_153' title='bbox 1659 1057 1703 1110; x_wconf 94' lang='lat' dir='ltr'>in·</span> 
     </span>
     <span class='ocr_line' id='line_1_20' title="bbox 910 1135 1704 1212; baseline 0.01 -20"><span class='ocrx_word' id='word_1_154' title='bbox 910 1136 984 1208; x_wconf 89' lang='lat' dir='ltr'>genti</span> <span class='ocrx_word' id='word_1_155' title='bbox 999 1135 1126 1193; x_wconf 87' lang='lat' dir='ltr'>aviditate</span> <span class='ocrx_word' id='word_1_156' title='bbox 1138 1147 1233 1194; x_wconf 91' lang='lat' dir='ltr'>onerat</span> <span class='ocrx_word' id='word_1_157' title='bbox 1248 1139 1397 1195; x_wconf 88' lang='lat' dir='ltr'>distentum</span> <span class='ocrx_word' id='word_1_158' title='bbox 1410 1148 1540 1207; x_wconf 88' lang='lat' dir='ltr'>ventrem,</span> <span class='ocrx_word' id='word_1_159' title='bbox 1556 1150 1586 1196; x_wconf 92' lang='lat' dir='ltr'>ut</span> <span class='ocrx_word' id='word_1_160' title='bbox 1602 1143 1704 1212; x_wconf 88' lang='lat' dir='ltr'>majore</span> 
     </span>
     <span class='ocr_line' id='line_1_21' title="bbox 910 1225 1701 1301; baseline 0.006 -19"><span class='ocrx_word' id='word_1_161' title='bbox 910 1241 992 1297; x_wconf 86' lang='lat' dir='ltr'>opera</span> <span class='ocrx_word' id='word_1_162' title='bbox 1006 1225 1039 1281; x_wconf 91' lang='lat' dir='ltr'>ad</span> <span class='ocrx_word' id='word_1_163' title='bbox 1052 1226 1216 1297; x_wconf 90' lang='lat' dir='ltr'>egerendum</span> <span class='ocrx_word' id='word_1_164' title='bbox 1236 1243 1327 1300; x_wconf 89' lang='lat' dir='ltr'>egeas,</span> <span class='ocrx_word' id='word_1_165' title='bbox 1342 1245 1424 1299; x_wconf 90' lang='lat' dir='ltr'>quam</span> <span class='ocrx_word' id='word_1_166' title='bbox 1451 1230 1485 1284; x_wconf 87' lang='lat' dir='ltr'>ed</span> <span class='ocrx_word' id='word_1_167' title='bbox 1513 1229 1701 1301; x_wconf 86' lang='lat' dir='ltr'>ingerendum.</span> 
     </span>
     <span class='ocr_line' id='line_1_22' title="bbox 911 1312 1703 1385; baseline 0.009 -17"><span class='ocrx_word' id='word_1_168' title='bbox 911 1312 941 1369; x_wconf 93' lang='lat' dir='ltr'>ln</span> <span class='ocrx_word' id='word_1_169' title='bbox 956 1315 1071 1370; x_wconf 88' lang='lat' dir='ltr'>claustro</span> <span class='ocrx_word' id='word_1_170' title='bbox 1086 1314 1169 1370; x_wconf 89' lang='lat' dir='ltr'>libros</span> <span class='ocrx_word' id='word_1_171' title='bbox 1183 1315 1287 1373; x_wconf 89' lang='lat' dir='ltr'>revellit</span> <span class='ocrx_word' id='word_1_172' title='bbox 1301 1330 1318 1369; x_wconf 93' lang='lat' dir='ltr'>a</span> <span class='ocrx_word' id='word_1_173' title='bbox 1332 1316 1467 1385; x_wconf 87' lang='lat' dir='ltr'>munibus,</span> <span class='ocrx_word' id='word_1_174' title='bbox 1484 1318 1640 1374; x_wconf 88' lang='lat' dir='ltr'>memoriam</span> <span class='ocrx_word' id='word_1_175' title='bbox 1655 1334 1703 1376; x_wconf 89' lang='lat' dir='ltr'>re-</span> 
     </span>
    </p>
   </div>
   <div class='ocr_carea' id='block_1_5' title="bbox 58 1403 1706 2099">
    <p class='ocr_par' dir='ltr' id='par_1_5' title="bbox 58 1403 1704 1569">
     <span class='ocr_line' id='line_1_23' title="bbox 59 1403 1703 1478; baseline 0.001 -15"><span class='ocrx_word' id='word_1_176' title='bbox 59 1407 173 1463; x_wconf 88' lang='lat' dir='ltr'>meridie</span> <span class='ocrx_word' id='word_1_177' title='bbox 188 1405 286 1462; x_wconf 91' lang='lat' dir='ltr'>essetis</span> <span class='ocrx_word' id='word_1_178' title='bbox 298 1421 359 1461; x_wconf 89' lang='lat' dir='ltr'>eum</span> <span class='ocrx_word' id='word_1_179' title='bbox 374 1420 487 1476; x_wconf 89' lang='lat' dir='ltr'>sponso,</span> <span class='ocrx_word' id='word_1_180' title='bbox 507 1413 535 1462; x_wconf 92' lang='lat' dir='ltr'>et</span> <span class='ocrx_word' id='word_1_181' title='bbox 547 1419 599 1478; x_wconf 88' lang='lat' dir='ltr'>ego</span> <span class='ocrx_word' id='word_1_182' title='bbox 613 1420 674 1462; x_wconf 89' lang='lat' dir='ltr'>cum</span> <span class='ocrx_word' id='word_1_183' title='bbox 697 1418 797 1475; x_wconf 89' lang='lat' dir='ltr'>sponsa</span> <span class='ocrx_word' id='word_1_184' title='bbox 829 1403 857 1460; x_wconf 94' lang='lat' dir='ltr'>in</span> <span class='ocrx_word' id='word_1_185' title='bbox 910 1412 982 1459; x_wconf 83' lang='lat' dir='ltr'>serat</span> <span class='ocrx_word' id='word_1_186' title='bbox 996 1403 1206 1474; x_wconf 87' lang='lat' dir='ltr'>Scripturarum,</span> <span class='ocrx_word' id='word_1_187' title='bbox 1230 1414 1257 1459; x_wconf 91' lang='lat' dir='ltr'>et</span> <span class='ocrx_word' id='word_1_188' title='bbox 1280 1419 1351 1461; x_wconf 89' lang='lat' dir='ltr'>nunc</span> <span class='ocrx_word' id='word_1_189' title='bbox 1363 1405 1397 1460; x_wconf 93' lang='lat' dir='ltr'>de</span> <span class='ocrx_word' id='word_1_190' title='bbox 1411 1405 1463 1461; x_wconf 90' lang='lat' dir='ltr'>isto</span> <span class='ocrx_word' id='word_1_191' title='bbox 1478 1408 1511 1460; x_wconf 91' lang='lat' dir='ltr'>ad</span> <span class='ocrx_word' id='word_1_192' title='bbox 1527 1406 1614 1474; x_wconf 89' lang='lat' dir='ltr'>illum,</span> <span class='ocrx_word' id='word_1_193' title='bbox 1629 1423 1703 1465; x_wconf 91' lang='lat' dir='ltr'>nnnc</span> 
     </span>
     <span class='ocr_line' id='line_1_24' title="bbox 58 1490 1704 1569; baseline -0.001 -17"><span class='ocrx_word' id='word_1_194' title='bbox 58 1495 217 1569; x_wconf 88' lang='lat' dir='ltr'>vespertino</span> <span class='ocrx_word' id='word_1_195' title='bbox 231 1494 331 1569; x_wconf 86' lang='lat' dir='ltr'>frigore</span> <span class='ocrx_word' id='word_1_196' title='bbox 345 1494 536 1550; x_wconf 77' lang='lat' dir='ltr'>commorarer.</span> <span class='ocrx_word' id='word_1_197' title='bbox 676 1493 679 1499; x_wconf 81' lang='lat'>&#39;</span> <span class='ocrx_word' id='word_1_198' title='bbox 909 1491 944 1545; x_wconf 92' lang='lat' dir='ltr'>de</span> <span class='ocrx_word' id='word_1_199' title='bbox 956 1490 1004 1546; x_wconf 95' lang='lat' dir='ltr'>illo</span> <span class='ocrx_word' id='word_1_200' title='bbox 1027 1491 1061 1546; x_wconf 91' lang='lat' dir='ltr'>ad</span> <span class='ocrx_word' id='word_1_201' title='bbox 1076 1491 1155 1549; x_wconf 89' lang='lat' dir='ltr'>istum</span> <span class='ocrx_word' id='word_1_202' title='bbox 1171 1507 1231 1547; x_wconf 90' lang='lat' dir='ltr'>eum</span> <span class='ocrx_word' id='word_1_203' title='bbox 1245 1493 1369 1566; x_wconf 86' lang='lat' dir='ltr'>signiset</span> <span class='ocrx_word' id='word_1_204' title='bbox 1390 1495 1554 1551; x_wconf 87' lang='lat' dir='ltr'>scurrilitate</span> <span class='ocrx_word' id='word_1_205' title='bbox 1567 1503 1704 1553; x_wconf 86' lang='lat' dir='ltr'>transver-</span> 
     </span>
    </p>

    <p class='ocr_par' dir='ltr' id='par_1_6' title="bbox 61 1578 1706 2099">
     <span class='ocr_line' id='line_1_25' title="bbox 98 1578 1703 1653; baseline 0.001 -13"><span class='ocrx_word' id='word_1_206' title='bbox 98 1587 124 1641; x_wconf 81' lang='lat' dir='ltr'>l.</span> <span class='ocrx_word' id='word_1_207' title='bbox 136 1585 195 1651; x_wconf 83' lang='lat' dir='ltr'>liis,</span> <span class='ocrx_word' id='word_1_208' title='bbox 207 1584 312 1648; x_wconf 88' lang='lat' dir='ltr'>iratres,</span> <span class='ocrx_word' id='word_1_209' title='bbox 328 1581 351 1636; x_wconf 88' lang='lat' dir='ltr'>si</span> <span class='ocrx_word' id='word_1_210' title='bbox 366 1581 467 1653; x_wconf 86' lang='lat' dir='ltr'>aliquis</span> <span class='ocrx_word' id='word_1_211' title='bbox 482 1582 571 1639; x_wconf 82' lang='lat' dir='ltr'>adhuc</span> <span class='ocrx_word' id='word_1_212' title='bbox 589 1580 696 1638; x_wconf 89' lang='lat' dir='ltr'>defluus</span> <span class='ocrx_word' id='word_1_213' title='bbox 710 1582 808 1637; x_wconf 91' lang='lat' dir='ltr'>humor</span> <span class='ocrx_word' id='word_1_214' title='bbox 821 1581 856 1637; x_wconf 91' lang='lat' dir='ltr'>de</span> <span class='ocrx_word' id='word_1_215' title='bbox 911 1578 952 1635; x_wconf 84' lang='lat' dir='ltr'>tit.</span> <span class='ocrx_word' id='word_1_216' title='bbox 967 1580 1018 1635; x_wconf 88' lang='lat' dir='ltr'>Per</span> <span class='ocrx_word' id='word_1_217' title='bbox 1044 1579 1216 1636; x_wconf 86' lang='lat' dir='ltr'>officinarum</span> <span class='ocrx_word' id='word_1_218' title='bbox 1240 1580 1441 1638; x_wconf 89' lang='lat' dir='ltr'>multitudinem</span> <span class='ocrx_word' id='word_1_219' title='bbox 1465 1592 1491 1640; x_wconf 90' lang='lat' dir='ltr'>tc</span> <span class='ocrx_word' id='word_1_220' title='bbox 1519 1583 1583 1641; x_wconf 88' lang='lat' dir='ltr'>fecit</span> <span class='ocrx_word' id='word_1_221' title='bbox 1611 1600 1703 1641; x_wconf 80' lang='lat' dir='ltr'>excur-</span> 
     </span>
     <span class='ocr_line' id='line_1_26' title="bbox 62 1627 1704 1741; baseline -0.001 -11"><span class='ocrx_word' id='word_1_222' title='bbox 62 1675 172 1732; x_wconf 91' lang='lat' dir='ltr'>flumine</span> <span class='ocrx_word' id='word_1_223' title='bbox 187 1672 357 1729; x_wconf 87' lang='lat' dir='ltr'>mortalitatis</span> <span class='ocrx_word' id='word_1_224' title='bbox 371 1672 452 1741; x_wconf 79' lang='lat' dir='ltr'>hujus</span> <span class='ocrx_word' id='word_1_225' title='bbox 466 1680 569 1729; x_wconf 88' lang='lat' dir='ltr'>vestras</span> <span class='ocrx_word' id='word_1_226' title='bbox 589 1672 766 1728; x_wconf 88' lang='lat' dir='ltr'>circumrorat</span> <span class='ocrx_word' id='word_1_227' title='bbox 788 1671 855 1727; x_wconf 88' lang='lat' dir='ltr'>alfe·</span> <span class='ocrx_word' id='word_1_228' title='bbox 873 1627 894 1705; x_wconf 66' lang='grc' dir='ltr'><strong><em>Β</em></strong></span> <span class='ocrx_word' id='word_1_229' title='bbox 911 1683 982 1734; x_wconf 83' lang='lat' dir='ltr'>rere,</span> <span class='ocrx_word' id='word_1_230' title='bbox 995 1675 1023 1722; x_wconf 92' lang='lat' dir='ltr'>et</span> <span class='ocrx_word' id='word_1_231' title='bbox 1035 1668 1195 1740; x_wconf 88' lang='lat' dir='ltr'>vagabundo</span> <span class='ocrx_word' id='word_1_232' title='bbox 1217 1683 1245 1724; x_wconf 85' lang='lat' dir='ltr'>se</span> <span class='ocrx_word' id='word_1_233' title='bbox 1258 1669 1386 1725; x_wconf 90' lang='lat' dir='ltr'>comitem</span> <span class='ocrx_word' id='word_1_234' title='bbox 1401 1668 1475 1737; x_wconf 90' lang='lat' dir='ltr'>facit,</span> <span class='ocrx_word' id='word_1_235' title='bbox 1492 1672 1580 1728; x_wconf 90' lang='lat' dir='ltr'>donec</span> <span class='ocrx_word' id='word_1_236' title='bbox 1594 1672 1704 1730; x_wconf 90' lang='lat' dir='ltr'>tacitur-</span> 
     </span>
     <span class='ocr_line' id='line_1_27' title="bbox 62 1753 1704 1834; baseline -0.003 -13"><span class='ocrx_word' id='word_1_237' title='bbox 62 1760 301 1834; x_wconf 83' lang='lat' dir='ltr'>ctiones,tergite</span> <span class='ocrx_word' id='word_1_238' title='bbox 328 1768 355 1815; x_wconf 91' lang='lat' dir='ltr'>et</span> <span class='ocrx_word' id='word_1_239' title='bbox 372 1760 455 1832; x_wconf 91' lang='lat' dir='ltr'>tegite</span> <span class='ocrx_word' id='word_1_240' title='bbox 473 1762 550 1818; x_wconf 90' lang='lat' dir='ltr'>illum</span> <span class='ocrx_word' id='word_1_241' title='bbox 572 1760 651 1817; x_wconf 89' lang='lat' dir='ltr'>niveo</span> <span class='ocrx_word' id='word_1_242' title='bbox 678 1760 858 1816; x_wconf 88' lang='lat' dir='ltr'>confessionis</span> <span class='ocrx_word' id='word_1_243' title='bbox 910 1753 1001 1810; x_wconf 69' lang='lat' dir='ltr'>nitelis</span> <span class='ocrx_word' id='word_1_244' title='bbox 1025 1755 1136 1821; x_wconf 71' lang='lat' dir='ltr'>(talium,</span> <span class='ocrx_word' id='word_1_245' title='bbox 1168 1763 1214 1810; x_wconf 72' lang='grc' dir='ltr'>00ι</span> <span class='ocrx_word' id='word_1_246' title='bbox 1238 1755 1351 1828; x_wconf 59' lang='lat' dir='ltr'>attelini,</span> <span class='ocrx_word' id='word_1_247' title='bbox 1377 1767 1423 1813; x_wconf 82' lang='lat' dir='ltr'>aut</span> <span class='ocrx_word' id='word_1_248' title='bbox 1445 1758 1608 1828; x_wconf 88' lang='lat' dir='ltr'>confringet.</span> <span class='ocrx_word' id='word_1_249' title='bbox 1631 1758 1704 1828; x_wconf 90' lang='lat' dir='ltr'>Quid</span> 
     </span>
     <span class='ocr_line' id='line_1_28' title="bbox 61 1842 1705 1923; baseline -0.002 -15"><span class='ocrx_word' id='word_1_250' title='bbox 61 1854 171 1916; x_wconf 86' lang='lat' dir='ltr'>amictu,</span> <span class='ocrx_word' id='word_1_251' title='bbox 187 1861 216 1906; x_wconf 92' lang='lat' dir='ltr'>et</span> <span class='ocrx_word' id='word_1_252' title='bbox 229 1850 345 1906; x_wconf 86' lang='lat' dir='ltr'>calceate</span> <span class='ocrx_word' id='word_1_253' title='bbox 360 1864 409 1904; x_wconf 90' lang='lat' dir='ltr'>vos</span> <span class='ocrx_word' id='word_1_254' title='bbox 424 1850 450 1904; x_wconf 92' lang='lat' dir='ltr'>in</span> <span class='ocrx_word' id='word_1_255' title='bbox 480 1849 700 1921; x_wconf 83' lang='lat' dir='ltr'>praeparationem</span> <span class='ocrx_word' id='word_1_256' title='bbox 714 1849 857 1923; x_wconf 76' lang='lat' dir='ltr'>Evangelii</span> <span class='ocrx_word' id='word_1_257' title='bbox 910 1843 1009 1913; x_wconf 81' lang='lat' dir='ltr'>plursi</span> <span class='ocrx_word' id='word_1_258' title='bbox 1023 1842 1149 1901; x_wconf 89' lang='lat' dir='ltr'>inchoro</span> <span class='ocrx_word' id='word_1_259' title='bbox 1164 1843 1346 1916; x_wconf 85' lang='lat' dir='ltr'>devotionem,</span> <span class='ocrx_word' id='word_1_260' title='bbox 1361 1845 1389 1900; x_wconf 92' lang='lat' dir='ltr'>in</span> <span class='ocrx_word' id='word_1_261' title='bbox 1403 1845 1482 1903; x_wconf 93' lang='lat' dir='ltr'>thoro</span> <span class='ocrx_word' id='word_1_262' title='bbox 1497 1851 1655 1916; x_wconf 84' lang='lat' dir='ltr'>castitatem,</span> <span class='ocrx_word' id='word_1_263' title='bbox 1676 1851 1705 1906; x_wconf 92' lang='lat' dir='ltr'>in</span> 
     </span>
     <span class='ocr_line' id='line_1_29' title="bbox 62 1930 1706 2013; baseline -0.002 -18"><span class='ocrx_word' id='word_1_264' title='bbox 62 1942 138 2013; x_wconf 81' lang='lat' dir='ltr'>pacis</span> <span class='ocrx_word' id='word_1_265' title='bbox 153 1939 264 2010; x_wconf 84' lang='lat' dir='ltr'>(Dphes.</span> <span class='ocrx_word' id='word_1_266' title='bbox 278 1955 315 2010; x_wconf 87' lang='lat' dir='ltr'>vr,</span> <span class='ocrx_word' id='word_1_267' title='bbox 334 1938 389 2008; x_wconf 77' lang='lat' dir='ltr'>to),</span> <span class='ocrx_word' id='word_1_268' title='bbox 404 1945 433 1992; x_wconf 90' lang='lat' dir='ltr'>ut</span> <span class='ocrx_word' id='word_1_269' title='bbox 459 1939 517 1993; x_wconf 91' lang='lat' dir='ltr'>sitis</span> <span class='ocrx_word' id='word_1_270' title='bbox 533 1935 613 1993; x_wconf 67' lang='lat'>57¹</span> <span class='ocrx_word' id='word_1_271' title='bbox 630 1938 664 1994; x_wconf 90' lang='lat' dir='ltr'>de</span> <span class='ocrx_word' id='word_1_272' title='bbox 682 1938 780 2010; x_wconf 89' lang='lat' dir='ltr'>quibus</span> <span class='ocrx_word' id='word_1_273' title='bbox 794 1937 858 1994; x_wconf 77' lang='lat' dir='ltr'>diois</span> <span class='ocrx_word' id='word_1_274' title='bbox 911 1930 1052 1987; x_wconf 87' lang='lat' dir='ltr'>refectorio</span> <span class='ocrx_word' id='word_1_275' title='bbox 1066 1931 1236 2001; x_wconf 87' lang='lat' dir='ltr'>parcitatem,</span> <span class='ocrx_word' id='word_1_276' title='bbox 1250 1932 1278 1986; x_wconf 89' lang='lat' dir='ltr'>in</span> <span class='ocrx_word' id='word_1_277' title='bbox 1292 1933 1408 1988; x_wconf 85' lang='lat' dir='ltr'>claustro</span> <span class='ocrx_word' id='word_1_278' title='bbox 1422 1932 1583 2003; x_wconf 89' lang='lat' dir='ltr'>lectionem,</span> <span class='ocrx_word' id='word_1_279' title='bbox 1599 1935 1627 1990; x_wconf 92' lang='lat' dir='ltr'>in</span> <span class='ocrx_word' id='word_1_280' title='bbox 1642 1935 1706 1994; x_wconf 86' lang='lat' dir='ltr'>offi-</span> 
     </span>
     <span class='ocr_line' id='line_1_30' title="bbox 62 2018 1705 2099; baseline 0.004 -25"><span class='ocrx_word' id='word_1_281' title='bbox 62 2038 184 2084; x_wconf 74' lang='lat' dir='ltr'>sanctus:</span> <span class='ocrx_word' id='word_1_282' title='bbox 198 2027 229 2082; x_wconf 79' lang='lat' dir='ltr'>In</span> <span class='ocrx_word' id='word_1_283' title='bbox 240 2027 360 2095; x_wconf 61' lang='lat' dir='ltr'>flumine</span> <span class='ocrx_word' id='word_1_284' title='bbox 373 2026 593 2098; x_wconf 72' lang='lat' dir='ltr'>pertransibunt</span> <span class='ocrx_word' id='word_1_285' title='bbox 604 2025 856 2099; x_wconf 70' lang='lat' dir='ltr'>peae,Quidautem</span> <span class='ocrx_word' id='word_1_286' title='bbox 910 2018 980 2074; x_wconf 76' lang='lat' dir='ltr'>cinis</span> <span class='ocrx_word' id='word_1_287' title='bbox 1001 2018 1099 2074; x_wconf 90' lang='lat' dir='ltr'>silentii</span> <span class='ocrx_word' id='word_1_288' title='bbox 1126 2021 1253 2075; x_wconf 75' lang='lat' dir='ltr'>virtutem</span> <span class='ocrx_word' id='word_1_289' title='bbox 1280 2018 1386 2078; x_wconf 79' lang='lat' dir='ltr'>virtutis</span> <span class='ocrx_word' id='word_1_290' title='bbox 1413 2020 1539 2076; x_wconf 81' lang='lat' dir='ltr'>inimicus</span> <span class='ocrx_word' id='word_1_291' title='bbox 1562 2026 1705 2096; x_wconf 76' lang='lat' dir='ltr'>exstirpat.</span> 
     </span>
    </p>
   </div>
   <div class='ocr_carea' id='block_1_6' title="bbox 65 2106 1816 2191">
    <p class='ocr_par' dir='ltr' id='par_1_7' title="bbox 65 2106 1816 2191">
     <span class='ocr_line' id='line_1_31' title="bbox 65 2106 1816 2191; baseline -0.002 -20"><span class='ocrx_word' id='word_1_292' title='bbox 65 2133 116 2191; x_wconf 88' lang='lat' dir='ltr'>per</span> <span class='ocrx_word' id='word_1_293' title='bbox 129 2116 206 2170; x_wconf 84' lang='lat' dir='ltr'>haec:</span> <span class='ocrx_word' id='word_1_294' title='bbox 222 2113 261 2169; x_wconf 86' lang='lat' dir='ltr'>lbi</span> <span class='ocrx_word' id='word_1_295' title='bbox 271 2113 433 2169; x_wconf 81' lang='lat' dir='ltr'>letabimur</span> <span class='ocrx_word' id='word_1_296' title='bbox 442 2115 474 2169; x_wconf 84' lang='lat' dir='ltr'>in</span> <span class='ocrx_word' id='word_1_297' title='bbox 488 2113 570 2186; x_wconf 82' lang='lat' dir='ltr'>ipro?</span> <span class='ocrx_word' id='word_1_298' title='bbox 581 2114 668 2183; x_wconf 82' lang='lat' dir='ltr'>(Psoi.</span> <span class='ocrx_word' id='word_1_299' title='bbox 680 2129 747 2170; x_wconf 78' lang='lat' dir='ltr'>exv.</span> <span class='ocrx_word' id='word_1_300' title='bbox 763 2113 803 2185; x_wconf 86' lang='grc'>6.)</span> <span class='ocrx_word' id='word_1_301' title='bbox 817 2115 858 2170; x_wconf 92' lang='lat' dir='ltr'>De</span> <span class='ocrx_word' id='word_1_302' title='bbox 911 2110 966 2164; x_wconf 89' lang='lat' dir='ltr'>Neo</span> <span class='ocrx_word' id='word_1_303' title='bbox 980 2106 1078 2164; x_wconf 91' lang='lat' dir='ltr'>sufficit</span> <span class='ocrx_word' id='word_1_304' title='bbox 1092 2107 1119 2161; x_wconf 92' lang='lat' dir='ltr'>in</span> <span class='ocrx_word' id='word_1_305' title='bbox 1137 2107 1276 2178; x_wconf 81' lang='lat' dir='ltr'>vigilando</span> <span class='ocrx_word' id='word_1_306' title='bbox 1290 2108 1414 2162; x_wconf 89' lang='lat' dir='ltr'>subtilius</span> <span class='ocrx_word' id='word_1_307' title='bbox 1428 2109 1541 2180; x_wconf 85' lang='lat' dir='ltr'>spiculis</span> <span class='ocrx_word' id='word_1_308' title='bbox 1555 2112 1643 2166; x_wconf 87' lang='lat' dir='ltr'>cordis</span> <span class='ocrx_word' id='word_1_309' title='bbox 1662 2124 1706 2168; x_wconf 89' lang='lat' dir='ltr'>te·</span> <span class='ocrx_word' id='word_1_310' title='bbox 1813 2128 1816 2133; x_wconf 85' lang='lat'>·</span> 
     </span>
    </p>
   </div>
   <div class='ocr_carea' id='block_1_7' title="bbox 64 2195 1722 3592">
    <p class='ocr_par' dir='ltr' id='par_1_8' title="bbox 64 2195 1722 3592">
     <span class='ocr_line' id='line_1_32' title="bbox 67 2195 1707 2275; baseline 0 -15"><span class='ocrx_word' id='word_1_311' title='bbox 67 2203 180 2260; x_wconf 90' lang='lat' dir='ltr'>flumine</span> <span class='ocrx_word' id='word_1_312' title='bbox 197 2202 259 2268; x_wconf 90' lang='lat' dir='ltr'>hoc,</span> <span class='ocrx_word' id='word_1_313' title='bbox 276 2202 330 2257; x_wconf 88' lang='lat' dir='ltr'>imo</span> <span class='ocrx_word' id='word_1_314' title='bbox 346 2201 379 2257; x_wconf 93' lang='lat' dir='ltr'>de</span> <span class='ocrx_word' id='word_1_315' title='bbox 391 2201 547 2256; x_wconf 84' lang='lat' dir='ltr'>huminibus</span> <span class='ocrx_word' id='word_1_316' title='bbox 560 2201 617 2257; x_wconf 89' lang='lat' dir='ltr'>istis</span> <span class='ocrx_word' id='word_1_317' title='bbox 630 2203 714 2258; x_wconf 81' lang='lat' dir='ltr'>isaias</span> <span class='ocrx_word' id='word_1_318' title='bbox 728 2203 860 2275; x_wconf 84' lang='lat' dir='ltr'>propheta</span> <span class='ocrx_word' id='word_1_319' title='bbox 912 2196 1020 2252; x_wconf 81' lang='lat' dir='ltr'>tebtare</span> <span class='ocrx_word' id='word_1_320' title='bbox 1034 2195 1136 2264; x_wconf 71' lang='lat' dir='ltr'>vitalia,</span> <span class='ocrx_word' id='word_1_321' title='bbox 1152 2198 1198 2250; x_wconf 89' lang='lat' dir='ltr'>sed</span> <span class='ocrx_word' id='word_1_322' title='bbox 1214 2195 1373 2251; x_wconf 90' lang='lat' dir='ltr'>dormiendo</span> <span class='ocrx_word' id='word_1_323' title='bbox 1387 2195 1520 2269; x_wconf 74' lang='lat' dir='ltr'>singulari</span> <span class='ocrx_word' id='word_1_324' title='bbox 1534 2213 1564 2254; x_wconf 88' lang='lat' dir='ltr'>se</span> <span class='ocrx_word' id='word_1_325' title='bbox 1576 2207 1666 2257; x_wconf 86' lang='lat' dir='ltr'>versat</span> <span class='ocrx_word' id='word_1_326' title='bbox 1680 2213 1707 2261; x_wconf 89' lang='lat' dir='ltr'>et</span> 
     </span>
     <span class='ocr_line' id='line_1_33' title="bbox 64 2282 1708 2364; baseline -0.002 -15"><span class='ocrx_word' id='word_1_327' title='bbox 64 2294 93 2349; x_wconf 94' lang='lat' dir='ltr'>in</span> <span class='ocrx_word' id='word_1_328' title='bbox 104 2290 413 2348; x_wconf 87' lang='lat' dir='ltr'>nocturnislectionibus</span> <span class='ocrx_word' id='word_1_329' title='bbox 428 2289 528 2364; x_wconf 88' lang='lat' dir='ltr'>largius</span> <span class='ocrx_word' id='word_1_330' title='bbox 538 2289 858 2364; x_wconf 80' lang='lat' dir='ltr'>disputavitPercutiet,</span> <span class='ocrx_word' id='word_1_331' title='bbox 911 2291 1033 2341; x_wconf 78' lang='lat' dir='ltr'>reversat</span> <span class='ocrx_word' id='word_1_332' title='bbox 1047 2282 1156 2343; x_wconf 84' lang='lat' dir='ltr'>astutia.</span> <span class='ocrx_word' id='word_1_333' title='bbox 1172 2282 1238 2352; x_wconf 83' lang='lat' dir='ltr'>Quae</span> <span class='ocrx_word' id='word_1_334' title='bbox 1252 2284 1342 2339; x_wconf 88' lang='lat' dir='ltr'>omnis</span> <span class='ocrx_word' id='word_1_335' title='bbox 1353 2284 1708 2345; x_wconf 83' lang='lat' dir='ltr'>meliusvestreeonselen-</span> 
     </span>
     <span class='ocr_line' id='line_1_34' title="bbox 66 2365 1704 2454; baseline -0.002 -18"><span class='ocrx_word' id='word_1_336' title='bbox 66 2384 163 2454; x_wconf 89' lang='lat' dir='ltr'>lnquit,</span> <span class='ocrx_word' id='word_1_337' title='bbox 176 2380 312 2437; x_wconf 83' lang='lat' dir='ltr'>Dominus</span> <span class='ocrx_word' id='word_1_338' title='bbox 320 2365 442 2450; x_wconf 74' lang='lat' dir='ltr'>Drinium</span> <span class='ocrx_word' id='word_1_339' title='bbox 451 2380 600 2451; x_wconf 76' lang='lat' dir='ltr'>AEgpptiin</span> <span class='ocrx_word' id='word_1_340' title='bbox 614 2383 720 2452; x_wconf 81' lang='lat' dir='ltr'>septem</span> <span class='ocrx_word' id='word_1_341' title='bbox 734 2381 860 2449; x_wconf 62' lang='lat' dir='ltr'>vicisim</span> <span class='ocrx_word' id='word_1_342' title='bbox 913 2372 968 2440; x_wconf 82' lang='lat' dir='ltr'>tie,</span> <span class='ocrx_word' id='word_1_343' title='bbox 985 2388 1064 2445; x_wconf 87' lang='lat' dir='ltr'>qnam</span> <span class='ocrx_word' id='word_1_344' title='bbox 1079 2372 1141 2444; x_wconf 88' lang='lat' dir='ltr'>styli</span> <span class='ocrx_word' id='word_1_345' title='bbox 1156 2373 1275 2429; x_wconf 79' lang='lat' dir='ltr'>scientiae</span> <span class='ocrx_word' id='word_1_346' title='bbox 1285 2372 1453 2445; x_wconf 87' lang='lat' dir='ltr'>derelinquo.</span> <span class='ocrx_word' id='word_1_347' title='bbox 1471 2373 1523 2430; x_wconf 88' lang='lat' dir='ltr'>Sed</span> <span class='ocrx_word' id='word_1_348' title='bbox 1535 2384 1563 2432; x_wconf 90' lang='lat' dir='ltr'>et</span> <span class='ocrx_word' id='word_1_349' title='bbox 1575 2377 1609 2431; x_wconf 91' lang='lat' dir='ltr'>ad</span> <span class='ocrx_word' id='word_1_350' title='bbox 1623 2377 1704 2439; x_wconf 76' lang='lat' dir='ltr'>altare</span> 
     </span>
     <span class='ocr_line' id='line_1_35' title="bbox 66 2461 1708 2541; baseline -0.004 -14"><span class='ocrx_word' id='word_1_351' title='bbox 66 2475 101 2527; x_wconf 85' lang='lat' dir='ltr'>ct</span> <span class='ocrx_word' id='word_1_352' title='bbox 116 2472 268 2526; x_wconf 80' lang='lat' dir='ltr'>transeant</span> <span class='ocrx_word' id='word_1_353' title='bbox 276 2482 328 2540; x_wconf 85' lang='lat' dir='ltr'>per</span> <span class='ocrx_word' id='word_1_354' title='bbox 338 2483 403 2523; x_wconf 84' lang='lat' dir='ltr'>eum</span> <span class='ocrx_word' id='word_1_355' title='bbox 419 2469 539 2525; x_wconf 64' lang='lat' dir='ltr'>conecti</span> <span class='ocrx_word' id='word_1_356' title='bbox 551 2467 654 2539; x_wconf 81' lang='lat' dir='ltr'>(lecu,</span> <span class='ocrx_word' id='word_1_357' title='bbox 677 2471 729 2538; x_wconf 83' lang='lat' dir='ltr'>to).</span> <span class='ocrx_word' id='word_1_358' title='bbox 745 2468 813 2527; x_wconf 86' lang='lat' dir='ltr'>Volo</span> <span class='ocrx_word' id='word_1_359' title='bbox 826 2470 862 2527; x_wconf 73' lang='lat' dir='ltr'>de</span> <span class='ocrx_word' id='word_1_360' title='bbox 915 2462 1022 2541; x_wconf 88' lang='lat' dir='ltr'>Domini</span> <span class='ocrx_word' id='word_1_361' title='bbox 1033 2461 1160 2517; x_wconf 90' lang='lat' dir='ltr'>virtutum</span> <span class='ocrx_word' id='word_1_362' title='bbox 1175 2473 1329 2533; x_wconf 88' lang='lat' dir='ltr'>sequuntur</span> <span class='ocrx_word' id='word_1_363' title='bbox 1344 2476 1393 2517; x_wconf 87' lang='lat' dir='ltr'>nos</span> <span class='ocrx_word' id='word_1_364' title='bbox 1410 2461 1520 2533; x_wconf 81' lang='lat' dir='ltr'>spiritus</span> <span class='ocrx_word' id='word_1_365' title='bbox 1534 2463 1586 2536; x_wconf 89' lang='lat' dir='ltr'>ipsi</span> <span class='ocrx_word' id='word_1_366' title='bbox 1599 2481 1608 2533; x_wconf 82' lang='lat'>3</span> <span class='ocrx_word' id='word_1_367' title='bbox 1622 2474 1649 2523; x_wconf 84' lang='lat' dir='ltr'>et</span> <span class='ocrx_word' id='word_1_368' title='bbox 1662 2468 1708 2538; x_wconf 90' lang='lat' dir='ltr'>ip-</span> 
     </span>
     <span class='ocr_line' id='line_1_36' title="bbox 69 2549 1711 2632; baseline -0.001 -17"><span class='ocrx_word' id='word_1_369' title='bbox 69 2559 153 2615; x_wconf 84' lang='lat' dir='ltr'>fluvio</span> <span class='ocrx_word' id='word_1_370' title='bbox 164 2567 190 2614; x_wconf 87' lang='lat' dir='ltr'>et</span> <span class='ocrx_word' id='word_1_371' title='bbox 206 2558 270 2613; x_wconf 91' lang='lat' dir='ltr'>rivis</span> <span class='ocrx_word' id='word_1_372' title='bbox 281 2558 342 2627; x_wconf 85' lang='lat' dir='ltr'>ejus</span> <span class='ocrx_word' id='word_1_373' title='bbox 356 2556 492 2628; x_wconf 87' lang='lat' dir='ltr'>paulisper</span> <span class='ocrx_word' id='word_1_374' title='bbox 517 2555 684 2613; x_wconf 87' lang='lat' dir='ltr'>confabulari</span> <span class='ocrx_word' id='word_1_375' title='bbox 707 2557 861 2632; x_wconf 86' lang='lat' dir='ltr'>vobiscum,</span> <span class='ocrx_word' id='word_1_376' title='bbox 916 2565 961 2607; x_wconf 89' lang='grc'>808</span> <span class='ocrx_word' id='word_1_377' title='bbox 974 2557 1037 2605; x_wconf 67' lang='lat' dir='ltr'>fluit</span> <span class='ocrx_word' id='word_1_378' title='bbox 1051 2549 1149 2603; x_wconf 70' lang='grc' dir='ltr'><strong>0000ίὶ8</strong></span> <span class='ocrx_word' id='word_1_379' title='bbox 1163 2551 1257 2606; x_wconf 72' lang='grc'><strong>000108</strong></span> <span class='ocrx_word' id='word_1_380' title='bbox 1280 2550 1440 2617; x_wconf 67' lang='grc' dir='ltr'>ἰι180100ῑο8»</span> <span class='ocrx_word' id='word_1_381' title='bbox 1461 2558 1490 2607; x_wconf 73' lang='lat' dir='ltr'>ui</span> <span class='ocrx_word' id='word_1_382' title='bbox 1505 2552 1549 2608; x_wconf 77' lang='lat' dir='ltr'>li¹</span> <span class='ocrx_word' id='word_1_383' title='bbox 1564 2553 1656 2626; x_wconf 77' lang='lat' dir='ltr'>aliqua</span> <span class='ocrx_word' id='word_1_384' title='bbox 1669 2557 1711 2613; x_wconf 90' lang='lat' dir='ltr'>vel</span> 
     </span>
     <span class='ocr_line' id='line_1_37' title="bbox 69 2638 1714 2720; baseline 0 -19"><span class='ocrx_word' id='word_1_385' title='bbox 69 2647 206 2720; x_wconf 89' lang='lat' dir='ltr'>quomodo</span> <span class='ocrx_word' id='word_1_386' title='bbox 230 2656 256 2700; x_wconf 91' lang='lat' dir='ltr'>et</span> <span class='ocrx_word' id='word_1_387' title='bbox 274 2644 390 2715; x_wconf 88' lang='lat' dir='ltr'>qualiter</span> <span class='ocrx_word' id='word_1_388' title='bbox 406 2643 572 2717; x_wconf 86' lang='lat' dir='ltr'>percutiatur</span> <span class='ocrx_word' id='word_1_389' title='bbox 588 2687 595 2709; x_wconf 90' lang='lat'>,</span> <span class='ocrx_word' id='word_1_390' title='bbox 610 2644 676 2715; x_wconf 88' lang='lat' dir='ltr'>qnid</span> <span class='ocrx_word' id='word_1_391' title='bbox 690 2645 725 2700; x_wconf 93' lang='lat' dir='ltr'>sit</span> <span class='ocrx_word' id='word_1_392' title='bbox 740 2662 788 2718; x_wconf 90' lang='lat' dir='ltr'>per</span> <span class='ocrx_word' id='word_1_393' title='bbox 801 2663 862 2704; x_wconf 83' lang='lat' dir='ltr'>eunt</span> <span class='ocrx_word' id='word_1_394' title='bbox 917 2638 1054 2695; x_wconf 65' lang='lat' dir='ltr'>nascentis</span> <span class='ocrx_word' id='word_1_395' title='bbox 1064 2638 1124 2704; x_wconf 84' lang='lat' dir='ltr'>Dei,</span> <span class='ocrx_word' id='word_1_396' title='bbox 1134 2638 1177 2695; x_wconf 77' lang='grc' dir='ltr'>0οΙ</span> <span class='ocrx_word' id='word_1_397' title='bbox 1187 2639 1368 2711; x_wconf 74' lang='lat' dir='ltr'>pendentisin</span> <span class='ocrx_word' id='word_1_398' title='bbox 1378 2654 1457 2696; x_wconf 86' lang='lat' dir='ltr'>cruca</span> <span class='ocrx_word' id='word_1_399' title='bbox 1467 2641 1714 2712; x_wconf 85' lang='lat' dir='ltr'>possintmemoria</span> 
     </span>
     <span class='ocr_line' id='line_1_38' title="bbox 67 2727 1713 2805; baseline -0.001 -15"><span class='ocrx_word' id='word_1_400' title='bbox 67 2734 184 2790; x_wconf 80' lang='lat' dir='ltr'>transire</span> <span class='ocrx_word' id='word_1_401' title='bbox 198 2734 343 2790; x_wconf 87' lang='lat' dir='ltr'>calceatos.</span> <span class='ocrx_word' id='word_1_402' title='bbox 359 2733 474 2805; x_wconf 76' lang='lat' dir='ltr'>AEgypto</span> <span class='ocrx_word' id='word_1_403' title='bbox 489 2730 637 2805; x_wconf 86' lang='lat' dir='ltr'>figuraliter</span> <span class='ocrx_word' id='word_1_404' title='bbox 657 2733 772 2802; x_wconf 89' lang='lat' dir='ltr'>exprimi</span> <span class='ocrx_word' id='word_1_405' title='bbox 785 2750 864 2788; x_wconf 91' lang='lat' dir='ltr'>mun·</span> <span class='ocrx_word' id='word_1_406' title='bbox 920 2728 1066 2783; x_wconf 83' lang='lat' dir='ltr'>deturbari.</span> <span class='ocrx_word' id='word_1_407' title='bbox 1081 2728 1196 2800; x_wconf 83' lang='lat' dir='ltr'>blagnus</span> <span class='ocrx_word' id='word_1_408' title='bbox 1207 2727 1250 2783; x_wconf 92' lang='lat' dir='ltr'>ille</span> <span class='ocrx_word' id='word_1_409' title='bbox 1266 2727 1413 2798; x_wconf 87' lang='lat' dir='ltr'>patriarcha</span> <span class='ocrx_word' id='word_1_410' title='bbox 1426 2728 1603 2788; x_wconf 80' lang='lat' dir='ltr'>vixvolueres</span> <span class='ocrx_word' id='word_1_411' title='bbox 1618 2733 1713 2805; x_wconf 86' lang='lat' dir='ltr'>hujus·</span> 
     </span>
     <span class='ocr_line' id='line_1_39' title="bbox 68 2816 1715 2894; baseline 0.001 -16"><span class='ocrx_word' id='word_1_412' title='bbox 68 2821 397 2887; x_wconf 90' lang='lat' dir='ltr'>dumistum,divinorum</span> <span class='ocrx_word' id='word_1_413' title='bbox 417 2821 588 2893; x_wconf 88' lang='lat' dir='ltr'>eloquiorum</span> <span class='ocrx_word' id='word_1_414' title='bbox 613 2829 777 2879; x_wconf 86' lang='lat' dir='ltr'>scrutatores</span> <span class='ocrx_word' id='word_1_415' title='bbox 791 2821 866 2878; x_wconf 88' lang='lat' dir='ltr'>affir-</span> <span class='ocrx_word' id='word_1_416' title='bbox 920 2816 995 2872; x_wconf 84' lang='lat' dir='ltr'>modi</span> <span class='ocrx_word' id='word_1_417' title='bbox 1009 2832 1025 2872; x_wconf 88' lang='lat' dir='ltr'>a</span> <span class='ocrx_word' id='word_1_418' title='bbox 1038 2817 1244 2873; x_wconf 85' lang='lat' dir='ltr'>suissacriliciis</span> <span class='ocrx_word' id='word_1_419' title='bbox 1267 2819 1395 2889; x_wconf 87' lang='lat' dir='ltr'>abigebat</span> <span class='ocrx_word' id='word_1_420' title='bbox 1416 2817 1494 2890; x_wconf 85' lang='lat' dir='ltr'>(Gen.</span> <span class='ocrx_word' id='word_1_421' title='bbox 1513 2836 1557 2890; x_wconf 86' lang='lat' dir='ltr'>xv,</span> <span class='ocrx_word' id='word_1_422' title='bbox 1573 2825 1618 2894; x_wconf 84' lang='lat' dir='ltr'>it)</span> <span class='ocrx_word' id='word_1_423' title='bbox 1638 2836 1647 2878; x_wconf 80' lang='lat' dir='ltr'>t</span> <span class='ocrx_word' id='word_1_424' title='bbox 1663 2837 1715 2881; x_wconf 92' lang='lat' dir='ltr'>nos</span> 
     </span>
     <span class='ocr_line' id='line_1_40' title="bbox 68 2898 1716 2983; baseline 0.001 -16"><span class='ocrx_word' id='word_1_425' title='bbox 68 2920 153 2976; x_wconf 86' lang='lat' dir='ltr'>mant,</span> <span class='ocrx_word' id='word_1_426' title='bbox 169 2913 215 2983; x_wconf 91' lang='lat' dir='ltr'>qul</span> <span class='ocrx_word' id='word_1_427' title='bbox 237 2911 341 2981; x_wconf 90' lang='lat' dir='ltr'>positus</span> <span class='ocrx_word' id='word_1_428' title='bbox 358 2920 398 2966; x_wconf 89' lang='lat' dir='ltr'>est</span> <span class='ocrx_word' id='word_1_429' title='bbox 420 2909 448 2964; x_wconf 94' lang='lat' dir='ltr'>in</span> <span class='ocrx_word' id='word_1_430' title='bbox 473 2908 602 2980; x_wconf 87' lang='lat' dir='ltr'>maligno,</span> <span class='ocrx_word' id='word_1_431' title='bbox 618 2910 663 2980; x_wconf 91' lang='lat' dir='ltr'>qui</span> <span class='ocrx_word' id='word_1_432' title='bbox 692 2911 813 2966; x_wconf 85' lang='lat' dir='ltr'>tenebris</span> <span class='ocrx_word' id='word_1_433' title='bbox 840 2918 868 2967; x_wconf 82' lang='lat' dir='ltr'>et</span> <span class='ocrx_word' id='word_1_434' title='bbox 884 2898 906 2977; x_wconf 69' lang='lat' dir='ltr'>c</span> <span class='ocrx_word' id='word_1_435' title='bbox 921 2904 968 2975; x_wconf 92' lang='lat' dir='ltr'>qui</span> <span class='ocrx_word' id='word_1_436' title='bbox 981 2922 1077 2962; x_wconf 88' lang='lat' dir='ltr'>sumus</span> <span class='ocrx_word' id='word_1_437' title='bbox 1090 2909 1136 2977; x_wconf 91' lang='lat' dir='ltr'>qui</span> <span class='ocrx_word' id='word_1_438' title='bbox 1151 2905 1247 2980; x_wconf 88' lang='lat' dir='ltr'>fugare</span> <span class='ocrx_word' id='word_1_439' title='bbox 1260 2907 1473 2978; x_wconf 72' lang='lat' dir='ltr'>praesumimus?</span> <span class='ocrx_word' id='word_1_440' title='bbox 1484 2908 1551 2978; x_wconf 89' lang='lat' dir='ltr'>Quis</span> <span class='ocrx_word' id='word_1_441' title='bbox 1559 2911 1585 2967; x_wconf 92' lang='lat' dir='ltr'>in</span> <span class='ocrx_word' id='word_1_442' title='bbox 1594 2911 1646 2968; x_wconf 90' lang='lat' dir='ltr'>hoc</span> <span class='ocrx_word' id='word_1_443' title='bbox 1657 2912 1716 2968; x_wconf 90' lang='lat' dir='ltr'>rivo</span> 
     </span>
     <span class='ocr_line' id='line_1_41' title="bbox 68 2994 1716 3073; baseline -0.001 -16"><span class='ocrx_word' id='word_1_444' title='bbox 68 3000 275 3058; x_wconf 88' lang='lat' dir='ltr'>confusionibus</span> <span class='ocrx_word' id='word_1_445' title='bbox 293 3005 335 3054; x_wconf 91' lang='lat' dir='ltr'>est</span> <span class='ocrx_word' id='word_1_446' title='bbox 349 2999 477 3069; x_wconf 89' lang='lat' dir='ltr'>repletus.</span> <span class='ocrx_word' id='word_1_447' title='bbox 502 2996 722 3055; x_wconf 81' lang='lat' dir='ltr'>Flumenfluuus</span> <span class='ocrx_word' id='word_1_448' title='bbox 754 2998 864 3056; x_wconf 89' lang='lat' dir='ltr'>humani</span> <span class='ocrx_word' id='word_1_449' title='bbox 917 2994 958 3049; x_wconf 87' lang='lat' dir='ltr'>vel</span> <span class='ocrx_word' id='word_1_450' title='bbox 980 3009 1108 3061; x_wconf 90' lang='lat' dir='ltr'>mersum,</span> <span class='ocrx_word' id='word_1_451' title='bbox 1124 2996 1166 3051; x_wconf 89' lang='lat' dir='ltr'>vel</span> <span class='ocrx_word' id='word_1_452' title='bbox 1180 2995 1351 3052; x_wconf 89' lang='lat' dir='ltr'>submersum</span> <span class='ocrx_word' id='word_1_453' title='bbox 1374 3013 1404 3053; x_wconf 86' lang='lat' dir='ltr'>se</span> <span class='ocrx_word' id='word_1_454' title='bbox 1418 3013 1478 3054; x_wconf 88' lang='lat' dir='ltr'>esse</span> <span class='ocrx_word' id='word_1_455' title='bbox 1495 3000 1651 3073; x_wconf 71' lang='lat' dir='ltr'>negaverit?</span> <span class='ocrx_word' id='word_1_456' title='bbox 1666 3001 1716 3058; x_wconf 83' lang='lat' dir='ltr'>vi-</span> 
     </span>
     <span class='ocr_line' id='line_1_42' title="bbox 69 3083 1719 3164; baseline 0.001 -19"><span class='ocrx_word' id='word_1_457' title='bbox 69 3089 177 3164; x_wconf 90' lang='lat' dir='ltr'>generis</span> <span class='ocrx_word' id='word_1_458' title='bbox 194 3096 245 3154; x_wconf 89' lang='lat' dir='ltr'>est,</span> <span class='ocrx_word' id='word_1_459' title='bbox 265 3088 309 3159; x_wconf 88' lang='lat' dir='ltr'>qni</span> <span class='ocrx_word' id='word_1_460' title='bbox 325 3089 359 3143; x_wconf 89' lang='lat' dir='ltr'>de</span> <span class='ocrx_word' id='word_1_461' title='bbox 375 3086 468 3158; x_wconf 89' lang='lat' dir='ltr'>primis</span> <span class='ocrx_word' id='word_1_462' title='bbox 484 3087 639 3157; x_wconf 82' lang='lat' dir='ltr'>parentibus</span> <span class='ocrx_word' id='word_1_463' title='bbox 665 3087 768 3144; x_wconf 79' lang='lat' dir='ltr'>infelici</span> <span class='ocrx_word' id='word_1_464' title='bbox 795 3105 865 3147; x_wconf 89' lang='lat' dir='ltr'>vena</span> <span class='ocrx_word' id='word_1_465' title='bbox 918 3083 986 3139; x_wconf 87' lang='lat' dir='ltr'>detis</span> <span class='ocrx_word' id='word_1_466' title='bbox 999 3099 1082 3155; x_wconf 89' lang='lat' dir='ltr'>quam</span> <span class='ocrx_word' id='word_1_467' title='bbox 1096 3085 1218 3141; x_wconf 87' lang='lat' dir='ltr'>turbidus</span> <span class='ocrx_word' id='word_1_468' title='bbox 1242 3094 1349 3143; x_wconf 91' lang='lat' dir='ltr'>torrens</span> <span class='ocrx_word' id='word_1_469' title='bbox 1373 3095 1399 3144; x_wconf 91' lang='lat' dir='ltr'>et</span> <span class='ocrx_word' id='word_1_470' title='bbox 1425 3087 1521 3144; x_wconf 89' lang='lat' dir='ltr'>limosa</span> <span class='ocrx_word' id='word_1_471' title='bbox 1543 3089 1719 3164; x_wconf 85' lang='lat' dir='ltr'>regurgitans</span> 
     </span>
     <span class='ocr_line' id='line_1_43' title="bbox 68 3174 1720 3251; baseline 0.002 -19"><span class='ocrx_word' id='word_1_472' title='bbox 68 3193 264 3251; x_wconf 88' lang='lat' dir='ltr'>prorumpens,</span> <span class='ocrx_word' id='word_1_473' title='bbox 280 3176 307 3231; x_wconf 95' lang='lat' dir='ltr'>in</span> <span class='ocrx_word' id='word_1_474' title='bbox 336 3175 519 3247; x_wconf 90' lang='lat' dir='ltr'>impetuosum</span> <span class='ocrx_word' id='word_1_475' title='bbox 542 3192 685 3247; x_wconf 87' lang='lat' dir='ltr'>erumpens</span> <span class='ocrx_word' id='word_1_476' title='bbox 704 3185 863 3247; x_wconf 88' lang='lat' dir='ltr'>torrentem,</span> <span class='ocrx_word' id='word_1_477' title='bbox 918 3174 1084 3245; x_wconf 83' lang='lat' dir='ltr'>eoenosiute,</span> <span class='ocrx_word' id='word_1_478' title='bbox 1099 3174 1146 3246; x_wconf 92' lang='lat' dir='ltr'>qui</span> <span class='ocrx_word' id='word_1_479' title='bbox 1165 3176 1206 3231; x_wconf 82' lang='lat' dir='ltr'>viu</span> <span class='ocrx_word' id='word_1_480' title='bbox 1223 3183 1270 3231; x_wconf 92' lang='lat' dir='ltr'>aut</span> <span class='ocrx_word' id='word_1_481' title='bbox 1287 3191 1423 3248; x_wconf 90' lang='lat' dir='ltr'>nunquam</span> <span class='ocrx_word' id='word_1_482' title='bbox 1438 3176 1473 3232; x_wconf 88' lang='lat' dir='ltr'>ad</span> <span class='ocrx_word' id='word_1_483' title='bbox 1497 3178 1548 3234; x_wconf 90' lang='lat' dir='ltr'>hoc</span> <span class='ocrx_word' id='word_1_484' title='bbox 1569 3178 1676 3235; x_wconf 83' lang='lat' dir='ltr'>ducitur</span> <span class='ocrx_word' id='word_1_485' title='bbox 1689 3188 1720 3236; x_wconf 90' lang='lat' dir='ltr'>nt</span> 
     </span>
     <span class='ocr_line' id='line_1_44' title="bbox 69 3262 1721 3339; baseline 0 -16"><span class='ocrx_word' id='word_1_486' title='bbox 69 3273 220 3339; x_wconf 88' lang='lat' dir='ltr'>pertotam</span> <span class='ocrx_word' id='word_1_487' title='bbox 236 3264 329 3320; x_wconf 92' lang='lat' dir='ltr'>mundi</span> <span class='ocrx_word' id='word_1_488' title='bbox 348 3263 514 3320; x_wconf 89' lang='lat' dir='ltr'>latitudinem</span> <span class='ocrx_word' id='word_1_489' title='bbox 533 3265 696 3339; x_wconf 88' lang='lat' dir='ltr'>instagnavit</span> <span class='ocrx_word' id='word_1_490' title='bbox 725 3282 733 3321; x_wconf 75' lang='grc' dir='ltr'>ι</span> <span class='ocrx_word' id='word_1_491' title='bbox 762 3267 809 3337; x_wconf 92' lang='lat' dir='ltr'>qui</span> <span class='ocrx_word' id='word_1_492' title='bbox 837 3266 866 3322; x_wconf 91' lang='lat' dir='ltr'>in</span> <span class='ocrx_word' id='word_1_493' title='bbox 920 3265 1029 3336; x_wconf 90' lang='lat' dir='ltr'>penitus</span> <span class='ocrx_word' id='word_1_494' title='bbox 1052 3262 1212 3320; x_wconf 85' lang='lat' dir='ltr'>exsiccetur.</span> <span class='ocrx_word' id='word_1_495' title='bbox 1232 3264 1294 3319; x_wconf 90' lang='lat' dir='ltr'>Non</span> <span class='ocrx_word' id='word_1_496' title='bbox 1316 3267 1469 3335; x_wconf 90' lang='lat' dir='ltr'>putoquod</span> <span class='ocrx_word' id='word_1_497' title='bbox 1495 3266 1540 3320; x_wconf 90' lang='lat' dir='ltr'>ille</span> <span class='ocrx_word' id='word_1_498' title='bbox 1562 3267 1609 3336; x_wconf 91' lang='lat' dir='ltr'>qui</span> <span class='ocrx_word' id='word_1_499' title='bbox 1624 3267 1721 3323; x_wconf 90' lang='lat' dir='ltr'>elausit</span> 
     </span>
     <span class='ocr_line' id='line_1_45' title="bbox 71 3349 1721 3427; baseline -0.002 -14"><span class='ocrx_word' id='word_1_500' title='bbox 71 3366 175 3427; x_wconf 83' lang='lat' dir='ltr'>septem</span> <span class='ocrx_word' id='word_1_501' title='bbox 192 3353 356 3411; x_wconf 89' lang='lat' dir='ltr'>torrentibus</span> <span class='ocrx_word' id='word_1_502' title='bbox 375 3352 519 3422; x_wconf 89' lang='lat' dir='ltr'>derivatur,</span> <span class='ocrx_word' id='word_1_503' title='bbox 544 3353 626 3408; x_wconf 88' lang='lat' dir='ltr'>velles</span> <span class='ocrx_word' id='word_1_504' title='bbox 641 3361 666 3407; x_wconf 93' lang='lat' dir='ltr'>et</span> <span class='ocrx_word' id='word_1_505' title='bbox 687 3354 865 3425; x_wconf 88' lang='lat' dir='ltr'>campestria,</span> <span class='ocrx_word' id='word_1_506' title='bbox 921 3354 1019 3408; x_wconf 91' lang='lat' dir='ltr'>coelum</span> <span class='ocrx_word' id='word_1_507' title='bbox 1033 3349 1155 3408; x_wconf 91' lang='lat' dir='ltr'>oratione</span> <span class='ocrx_word' id='word_1_508' title='bbox 1170 3350 1294 3423; x_wconf 79' lang='lat' dir='ltr'>(Ifflieg.</span> <span class='ocrx_word' id='word_1_509' title='bbox 1317 3366 1384 3418; x_wconf 82' lang='lat' dir='ltr'>uvir,</span> <span class='ocrx_word' id='word_1_510' title='bbox 1402 3353 1442 3424; x_wconf 88' lang='lat' dir='ltr'>l),</span> <span class='ocrx_word' id='word_1_511' title='bbox 1453 3351 1582 3410; x_wconf 86' lang='lat' dir='ltr'>clauserit</span> <span class='ocrx_word' id='word_1_512' title='bbox 1598 3354 1721 3410; x_wconf 89' lang='lat' dir='ltr'>animum</span> 
     </span>
     <span class='ocr_line' id='line_1_46' title="bbox 70 3432 1722 3518; baseline -0.001 -18"><span class='ocrx_word' id='word_1_513' title='bbox 70 3432 209 3518; x_wconf 86' lang='lat' dir='ltr'>profunda</span> <span class='ocrx_word' id='word_1_514' title='bbox 222 3442 352 3514; x_wconf 79' lang='lat' dir='ltr'>voragine</span> <span class='ocrx_word' id='word_1_515' title='bbox 371 3440 546 3513; x_wconf 89' lang='lat' dir='ltr'>supersedit;</span> <span class='ocrx_word' id='word_1_516' title='bbox 560 3440 626 3512; x_wconf 90' lang='lat' dir='ltr'>ipsis</span> <span class='ocrx_word' id='word_1_517' title='bbox 654 3456 763 3513; x_wconf 91' lang='lat' dir='ltr'>quoque</span> <span class='ocrx_word' id='word_1_518' title='bbox 790 3458 864 3499; x_wconf 90' lang='lat' dir='ltr'>mon·</span> <span class='ocrx_word' id='word_1_519' title='bbox 921 3456 938 3495; x_wconf 90' lang='lat' dir='ltr'>a</span> <span class='ocrx_word' id='word_1_520' title='bbox 952 3439 1128 3512; x_wconf 88' lang='lat' dir='ltr'>cogitatione,</span> <span class='ocrx_word' id='word_1_521' title='bbox 1143 3447 1172 3495; x_wconf 95' lang='lat' dir='ltr'>ut</span> <span class='ocrx_word' id='word_1_522' title='bbox 1186 3439 1291 3496; x_wconf 88' lang='lat' dir='ltr'>facilius</span> <span class='ocrx_word' id='word_1_523' title='bbox 1307 3438 1341 3497; x_wconf 93' lang='lat' dir='ltr'>sit</span> <span class='ocrx_word' id='word_1_524' title='bbox 1360 3442 1462 3496; x_wconf 72' lang='lat' dir='ltr'>eaelum</span> <span class='ocrx_word' id='word_1_525' title='bbox 1479 3444 1621 3513; x_wconf 88' lang='lat' dir='ltr'>obserare,</span> <span class='ocrx_word' id='word_1_526' title='bbox 1639 3457 1722 3514; x_wconf 87' lang='lat' dir='ltr'>quum</span> 
     </span>
     <span class='ocr_line' id='line_1_47' title="bbox 72 3528 1053 3592; baseline -0.007 -1"><span class='ocrx_word' id='word_1_527' title='bbox 72 3534 143 3592; x_wconf 92' lang='lat' dir='ltr'>tium</span> <span class='ocrx_word' id='word_1_528' title='bbox 156 3532 344 3589; x_wconf 89' lang='lat' dir='ltr'>cacuminibus</span> <span class='ocrx_word' id='word_1_529' title='bbox 372 3530 496 3585; x_wconf 89' lang='lat' dir='ltr'>eamdem</span> <span class='ocrx_word' id='word_1_530' title='bbox 523 3528 688 3585; x_wconf 77' lang='lat' dir='ltr'>refusionem</span> <span class='ocrx_word' id='word_1_531' title='bbox 714 3530 864 3588; x_wconf 86' lang='lat' dir='ltr'>intentans.</span> <span class='ocrx_word' id='word_1_532' title='bbox 922 3530 1053 3584; x_wconf 87' lang='lat' dir='ltr'>animum.</span> 
     </span>
    </p>
   </div>
   <div class='ocr_carea' id='block_1_8' title="bbox 72 3618 872 4141">
    <p class='ocr_par' dir='ltr' id='par_1_9' title="bbox 72 3618 870 3874">
     <span class='ocr_line' id='line_1_48' title="bbox 72 3618 870 3692; baseline -0.003 -14"><span class='ocrx_word' id='word_1_533' title='bbox 72 3623 152 3678; x_wconf 90' lang='lat' dir='ltr'>Unde</span> <span class='ocrx_word' id='word_1_534' title='bbox 162 3637 232 3677; x_wconf 89' lang='lat' dir='ltr'>unus</span> <span class='ocrx_word' id='word_1_535' title='bbox 243 3621 276 3675; x_wconf 91' lang='lat' dir='ltr'>de</span> <span class='ocrx_word' id='word_1_536' title='bbox 287 3619 428 3676; x_wconf 86' lang='lat' dir='ltr'>altioribus</span> <span class='ocrx_word' id='word_1_537' title='bbox 436 3618 695 3685; x_wconf 84' lang='lat' dir='ltr'>elamet,l&#39;orrentes</span> <span class='ocrx_word' id='word_1_538' title='bbox 706 3618 870 3692; x_wconf 84' lang='lat' dir='ltr'>iniqnitatis</span> 
     </span>
     <span class='ocr_line' id='line_1_49' title="bbox 72 3706 870 3781; baseline -0.003 -12"><span class='ocrx_word' id='word_1_539' title='bbox 72 3710 316 3771; x_wconf 81' lang='lat' dir='ltr'>conturbaverunt</span> <span class='ocrx_word' id='word_1_540' title='bbox 326 3724 371 3764; x_wconf 82' lang='lat' dir='ltr'>rue</span> <span class='ocrx_word' id='word_1_541' title='bbox 384 3707 472 3781; x_wconf 77' lang='lat' dir='ltr'>(Ptol.</span> <span class='ocrx_word' id='word_1_542' title='bbox 486 3722 556 3773; x_wconf 83' lang='lat' dir='ltr'>xvir,</span> <span class='ocrx_word' id='word_1_543' title='bbox 566 3707 613 3780; x_wconf 83' lang='lat' dir='ltr'>b):</span> <span class='ocrx_word' id='word_1_544' title='bbox 629 3714 654 3762; x_wconf 89' lang='lat' dir='ltr'>et</span> <span class='ocrx_word' id='word_1_545' title='bbox 667 3748 675 3778; x_wconf 90' lang='lat'>,</span> <span class='ocrx_word' id='word_1_546' title='bbox 688 3706 870 3767; x_wconf 77' lang='lat' dir='ltr'>intraverunt</span> 
     </span>
     <span class='ocr_line' id='line_1_50' title="bbox 73 3796 822 3874; baseline -0.007 -18"><span class='ocrx_word' id='word_1_547' title='bbox 73 3818 157 3874; x_wconf 78' lang='lat' dir='ltr'>nque</span> <span class='ocrx_word' id='word_1_548' title='bbox 171 3816 260 3871; x_wconf 83' lang='lat' dir='ltr'>nsque</span> <span class='ocrx_word' id='word_1_549' title='bbox 275 3797 311 3855; x_wconf 85' lang='lat' dir='ltr'>cd</span> <span class='ocrx_word' id='word_1_550' title='bbox 326 3799 454 3854; x_wconf 83' lang='lat' dir='ltr'>animam</span> <span class='ocrx_word' id='word_1_551' title='bbox 463 3811 557 3853; x_wconf 84' lang='lat' dir='ltr'>mecm</span> <span class='ocrx_word' id='word_1_552' title='bbox 569 3796 656 3867; x_wconf 80' lang='lat' dir='ltr'>(Psoi.</span> <span class='ocrx_word' id='word_1_553' title='bbox 675 3811 768 3865; x_wconf 80' lang='lat' dir='ltr'>uvnr,</span> <span class='ocrx_word' id='word_1_554' title='bbox 785 3796 822 3869; x_wconf 83' lang='lat' dir='ltr'>a).</span> 
     </span>
    </p>

    <p class='ocr_par' dir='ltr' id='par_1_10' title="bbox 73 3885 872 4141">
     <span class='ocr_line' id='line_1_51' title="bbox 112 3885 866 3958; baseline -0.001 -13"><span class='ocrx_word' id='word_1_555' title='bbox 112 3894 139 3946; x_wconf 83' lang='lat'>5.</span> <span class='ocrx_word' id='word_1_556' title='bbox 155 3889 262 3945; x_wconf 86' lang='lat' dir='ltr'>Primus</span> <span class='ocrx_word' id='word_1_557' title='bbox 276 3889 358 3957; x_wconf 88' lang='lat' dir='ltr'>hujus</span> <span class='ocrx_word' id='word_1_558' title='bbox 372 3887 489 3943; x_wconf 90' lang='lat' dir='ltr'>fluminis</span> <span class='ocrx_word' id='word_1_559' title='bbox 503 3886 577 3944; x_wconf 91' lang='lat' dir='ltr'>rivus</span> <span class='ocrx_word' id='word_1_560' title='bbox 591 3895 632 3942; x_wconf 89' lang='lat' dir='ltr'>est</span> <span class='ocrx_word' id='word_1_561' title='bbox 646 3885 772 3958; x_wconf 80' lang='lat' dir='ltr'>cogitatio</span> <span class='ocrx_word' id='word_1_562' title='bbox 783 3887 866 3944; x_wconf 87' lang='lat' dir='ltr'>mula.</span> 
     </span>
     <span class='ocr_line' id='line_1_52' title="bbox 73 3976 871 4049; baseline 0.001 -13"><span class='ocrx_word' id='word_1_563' title='bbox 73 3981 164 4037; x_wconf 79' lang='lat' dir='ltr'>Risus</span> <span class='ocrx_word' id='word_1_564' title='bbox 177 3978 334 4046; x_wconf 84' lang='lat' dir='ltr'>exundans,</span> <span class='ocrx_word' id='word_1_565' title='bbox 354 3986 381 4032; x_wconf 89' lang='lat' dir='ltr'>et</span> <span class='ocrx_word' id='word_1_566' title='bbox 403 3977 451 4049; x_wconf 87' lang='lat' dir='ltr'>qui</span> <span class='ocrx_word' id='word_1_567' title='bbox 466 3976 546 4032; x_wconf 88' lang='lat' dir='ltr'>nullis</span> <span class='ocrx_word' id='word_1_568' title='bbox 569 3977 691 4033; x_wconf 88' lang='lat' dir='ltr'>obicibus</span> <span class='ocrx_word' id='word_1_569' title='bbox 712 3977 871 4049; x_wconf 86' lang='lat' dir='ltr'>repellatur.</span> 
     </span>
     <span class='ocr_line' id='line_1_53' title="bbox 73 4064 872 4141; baseline 0.003 -18"><span class='ocrx_word' id='word_1_570' title='bbox 73 4069 164 4127; x_wconf 83' lang='lat' dir='ltr'>Habet</span> <span class='ocrx_word' id='word_1_571' title='bbox 179 4064 356 4134; x_wconf 77' lang='lat' dir='ltr'>frequentiam</span> <span class='ocrx_word' id='word_1_572' title='bbox 382 4064 533 4137; x_wconf 89' lang='lat' dir='ltr'>pluviarum</span> <span class='ocrx_word' id='word_1_573' title='bbox 555 4082 603 4136; x_wconf 91' lang='lat' dir='ltr'>per</span> <span class='ocrx_word' id='word_1_574' title='bbox 621 4065 752 4123; x_wconf 88' lang='lat' dir='ltr'>fenestras</span> <span class='ocrx_word' id='word_1_575' title='bbox 773 4083 872 4141; x_wconf 90' lang='lat' dir='ltr'>corpo·</span> 
     </span>
    </p>
   </div>
   <div class='ocr_carea' id='block_1_9' title="bbox 924 3623 1725 4142">
    <p class='ocr_par' dir='ltr' id='par_1_11' title="bbox 924 3623 1725 4142">
     <span class='ocr_line' id='line_1_54' title="bbox 959 3623 1722 3701; baseline 0.004 -19"><span class='ocrx_word' id='word_1_576' title='bbox 959 3628 987 3682; x_wconf 86' lang='lat' dir='ltr'>o.</span> <span class='ocrx_word' id='word_1_577' title='bbox 1003 3624 1146 3682; x_wconf 89' lang='lat' dir='ltr'>Secundus</span> <span class='ocrx_word' id='word_1_578' title='bbox 1168 3623 1242 3683; x_wconf 90' lang='lat' dir='ltr'>rivus</span> <span class='ocrx_word' id='word_1_579' title='bbox 1256 3632 1299 3680; x_wconf 88' lang='lat' dir='ltr'>est</span> <span class='ocrx_word' id='word_1_580' title='bbox 1313 3624 1415 3682; x_wconf 88' lang='lat' dir='ltr'>locutio</span> <span class='ocrx_word' id='word_1_581' title='bbox 1432 3642 1569 3697; x_wconf 86' lang='lat' dir='ltr'>perversa.</span> <span class='ocrx_word' id='word_1_582' title='bbox 1586 3627 1722 3701; x_wconf 64' lang='lat' dir='ltr'>Hagnous</span> 
     </span>
     <span class='ocr_line' id='line_1_55' title="bbox 924 3713 1722 3788; baseline 0.004 -17"><span class='ocrx_word' id='word_1_583' title='bbox 924 3715 1024 3771; x_wconf 82' lang='lat' dir='ltr'>nullus</span> <span class='ocrx_word' id='word_1_584' title='bbox 1046 3714 1195 3770; x_wconf 79' lang='lat' dir='ltr'>hominnm</span> <span class='ocrx_word' id='word_1_585' title='bbox 1216 3713 1331 3773; x_wconf 73' lang='lat' dir='ltr'>domme</span> <span class='ocrx_word' id='word_1_586' title='bbox 1354 3718 1455 3787; x_wconf 85' lang='lat' dir='ltr'>potest,</span> <span class='ocrx_word' id='word_1_587' title='bbox 1471 3715 1507 3770; x_wconf 87' lang='lat' dir='ltr'>uit</span> <span class='ocrx_word' id='word_1_588' title='bbox 1520 3715 1637 3772; x_wconf 83' lang='lat' dir='ltr'>lacobus</span> <span class='ocrx_word' id='word_1_589' title='bbox 1652 3717 1722 3788; x_wconf 77' lang='lat' dir='ltr'>(foe.</span> 
     </span>
     <span class='ocr_line' id='line_1_56' title="bbox 924 3801 1724 3876; baseline 0 -16"><span class='ocrx_word' id='word_1_590' title='bbox 924 3818 966 3871; x_wconf 89' lang='lat' dir='ltr'>ur,</span> <span class='ocrx_word' id='word_1_591' title='bbox 980 3801 1009 3874; x_wconf 84' lang='lat'>8)</span> <span class='ocrx_word' id='word_1_592' title='bbox 1036 3818 1044 3858; x_wconf 81' lang='lat' dir='ltr'>r</span> <span class='ocrx_word' id='word_1_593' title='bbox 1067 3804 1217 3858; x_wconf 90' lang='lat' dir='ltr'>membmm</span> <span class='ocrx_word' id='word_1_594' title='bbox 1247 3801 1410 3876; x_wconf 84' lang='lat' dir='ltr'>inquietum,</span> <span class='ocrx_word' id='word_1_595' title='bbox 1430 3803 1580 3859; x_wconf 89' lang='lat' dir='ltr'>membrum</span> <span class='ocrx_word' id='word_1_596' title='bbox 1601 3804 1724 3862; x_wconf 87' lang='lat' dir='ltr'>mortife-</span> 
     </span>
     <span class='ocr_line' id='line_1_57' title="bbox 924 3888 1724 3964; baseline 0.003 -16"><span class='ocrx_word' id='word_1_597' title='bbox 924 3907 1000 3962; x_wconf 79' lang='lat' dir='ltr'>ruuu3</span> <span class='ocrx_word' id='word_1_598' title='bbox 1016 3888 1102 3946; x_wconf 88' lang='lat' dir='ltr'>facilis</span> <span class='ocrx_word' id='word_1_599' title='bbox 1126 3890 1159 3945; x_wconf 89' lang='lat' dir='ltr'>ed</span> <span class='ocrx_word' id='word_1_600' title='bbox 1179 3892 1353 3963; x_wconf 84' lang='lat' dir='ltr'>loquendum,</span> <span class='ocrx_word' id='word_1_601' title='bbox 1382 3890 1415 3946; x_wconf 90' lang='lat' dir='ltr'>ad</span> <span class='ocrx_word' id='word_1_602' title='bbox 1433 3891 1637 3963; x_wconf 88' lang='lat' dir='ltr'>obloquendum</span> <span class='ocrx_word' id='word_1_603' title='bbox 1657 3908 1724 3964; x_wconf 88' lang='lat' dir='ltr'>pro·</span> 
     </span>
     <span class='ocr_line' id='line_1_58' title="bbox 926 3979 1723 4052; baseline 0.001 -14"><span class='ocrx_word' id='word_1_604' title='bbox 926 3980 1031 4038; x_wconf 88' lang='lat' dir='ltr'>clivior.</span> <span class='ocrx_word' id='word_1_605' title='bbox 1048 3979 1081 4034; x_wconf 88' lang='lat' dir='ltr'>ttt</span> <span class='ocrx_word' id='word_1_606' title='bbox 1100 3979 1248 4035; x_wconf 83' lang='lat' dir='ltr'>noundun</span> <span class='ocrx_word' id='word_1_607' title='bbox 1271 3981 1346 4052; x_wconf 93' lang='lat' dir='ltr'>quod</span> <span class='ocrx_word' id='word_1_608' title='bbox 1363 3980 1433 4037; x_wconf 88' lang='lat' dir='ltr'>alter</span> <span class='ocrx_word' id='word_1_609' title='bbox 1446 3981 1566 4039; x_wconf 72' lang='lat' dir='ltr'>numitor</span> <span class='ocrx_word' id='word_1_610' title='bbox 1581 3997 1615 4039; x_wconf 84' lang='lat' dir='ltr'>ex</span> <span class='ocrx_word' id='word_1_611' title='bbox 1628 3983 1723 4050; x_wconf 89' lang='lat' dir='ltr'>altero,</span> 
     </span>
     <span class='ocr_line' id='line_1_59' title="bbox 926 4069 1725 4142; baseline 0.005 -17"><span class='ocrx_word' id='word_1_612' title='bbox 926 4084 987 4126; x_wconf 89' lang='lat' dir='ltr'>cum</span> <span class='ocrx_word' id='word_1_613' title='bbox 1003 4069 1080 4124; x_wconf 78' lang='lat' dir='ltr'>male</span> <span class='ocrx_word' id='word_1_614' title='bbox 1098 4069 1256 4142; x_wconf 89' lang='lat' dir='ltr'>cogitationi</span> <span class='ocrx_word' id='word_1_615' title='bbox 1270 4082 1406 4138; x_wconf 82' lang='lat' dir='ltr'>perverse</span> <span class='ocrx_word' id='word_1_616' title='bbox 1420 4069 1564 4127; x_wconf 88' lang='lat' dir='ltr'>locutionis</span> <span class='ocrx_word' id='word_1_617' title='bbox 1581 4071 1667 4141; x_wconf 83' lang='lat' dir='ltr'>janua</span> <span class='ocrx_word' id='word_1_618' title='bbox 1687 4073 1725 4129; x_wconf 91' lang='lat' dir='ltr'>sit</span> 
     </span>
    </p>
   </div>
   <div class='ocr_carea' id='block_1_10' title="bbox 74 4152 1809 5571">
    <p class='ocr_par' dir='ltr' id='par_1_12' title="bbox 74 4152 1809 5571">
     <span class='ocr_line' id='line_1_60' title="bbox 74 4152 1724 4254; baseline 0.001 -40"><span class='ocrx_word' id='word_1_619' title='bbox 74 4169 188 4214; x_wconf 77' lang='lat' dir='ltr'>reorum</span> <span class='ocrx_word' id='word_1_620' title='bbox 202 4167 344 4218; x_wconf 89' lang='lat' dir='ltr'>sensuum,</span> <span class='ocrx_word' id='word_1_621' title='bbox 364 4152 410 4222; x_wconf 93' lang='lat' dir='ltr'>qui</span> <span class='ocrx_word' id='word_1_622' title='bbox 430 4152 454 4208; x_wconf 83' lang='lat' dir='ltr'>ei</span> <span class='ocrx_word' id='word_1_623' title='bbox 469 4153 612 4209; x_wconf 86' lang='lat' dir='ltr'>mundanis</span> <span class='ocrx_word' id='word_1_624' title='bbox 624 4156 766 4212; x_wconf 63' lang='lat' dir='ltr'>contactis</span> <span class='ocrx_word' id='word_1_625' title='bbox 781 4159 873 4214; x_wconf 89' lang='lat' dir='ltr'>morti·</span> <span class='ocrx_word' id='word_1_626' title='bbox 887 4176 911 4254; x_wconf 68' lang='lat' dir='ltr'>n</span> <span class='ocrx_word' id='word_1_627' title='bbox 927 4157 1122 4230; x_wconf 83' lang='lat' dir='ltr'>aperta.Etest</span> <span class='ocrx_word' id='word_1_628' title='bbox 1132 4157 1211 4211; x_wconf 90' lang='lat' dir='ltr'>etism</span> <span class='ocrx_word' id='word_1_629' title='bbox 1222 4156 1295 4211; x_wconf 88' lang='lat' dir='ltr'>alind</span> <span class='ocrx_word' id='word_1_630' title='bbox 1311 4157 1423 4213; x_wconf 87' lang='lat' dir='ltr'>verbum</span> <span class='ocrx_word' id='word_1_631' title='bbox 1437 4158 1554 4213; x_wconf 87' lang='lat' dir='ltr'>falsum:</span> <span class='ocrx_word' id='word_1_632' title='bbox 1572 4158 1644 4214; x_wconf 89' lang='lat' dir='ltr'>unde</span> <span class='ocrx_word' id='word_1_633' title='bbox 1653 4159 1724 4216; x_wconf 92' lang='lat' dir='ltr'>dici·</span> 
     </span>
     <span class='ocr_line' id='line_1_61' title="bbox 75 4240 1723 4320; baseline 0.002 -18"><span class='ocrx_word' id='word_1_634' title='bbox 75 4248 151 4303; x_wconf 90' lang='lat' dir='ltr'>leros</span> <span class='ocrx_word' id='word_1_635' title='bbox 167 4241 266 4297; x_wconf 86' lang='lat' dir='ltr'>imbres</span> <span class='ocrx_word' id='word_1_636' title='bbox 287 4240 402 4296; x_wconf 90' lang='lat' dir='ltr'>infusius</span> <span class='ocrx_word' id='word_1_637' title='bbox 418 4241 616 4298; x_wconf 84' lang='lat' dir='ltr'>administrent.</span> <span class='ocrx_word' id='word_1_638' title='bbox 641 4243 772 4300; x_wconf 83' lang='lat' dir='ltr'>Occursat</span> <span class='ocrx_word' id='word_1_639' title='bbox 792 4261 872 4317; x_wconf 86' lang='lat' dir='ltr'>aspe-</span> <span class='ocrx_word' id='word_1_640' title='bbox 928 4257 980 4314; x_wconf 89' lang='lat' dir='ltr'>tur,</span> <span class='ocrx_word' id='word_1_641' title='bbox 991 4247 1093 4305; x_wconf 81' lang='lat' dir='ltr'>Perdes</span> <span class='ocrx_word' id='word_1_642' title='bbox 1105 4262 1200 4304; x_wconf 83' lang='lat' dir='ltr'>omnes</span> <span class='ocrx_word' id='word_1_643' title='bbox 1215 4248 1266 4319; x_wconf 86' lang='lat' dir='ltr'>qui</span> <span class='ocrx_word' id='word_1_644' title='bbox 1276 4247 1621 4320; x_wconf 78' lang='lat' dir='ltr'>toquentermenuaetnm</span> <span class='ocrx_word' id='word_1_645' title='bbox 1635 4250 1723 4320; x_wconf 80' lang='lat' dir='ltr'>(Pscl.</span> 
     </span>
     <span class='ocr_line' id='line_1_62' title="bbox 76 4328 1724 4408; baseline 0.001 -16"><span class='ocrx_word' id='word_1_646' title='bbox 76 4329 238 4392; x_wconf 88' lang='lat' dir='ltr'>ctuimenlis</span> <span class='ocrx_word' id='word_1_647' title='bbox 262 4328 333 4401; x_wconf 92' lang='lat' dir='ltr'>quod</span> <span class='ocrx_word' id='word_1_648' title='bbox 348 4329 416 4385; x_wconf 90' lang='lat' dir='ltr'>vidit</span> <span class='ocrx_word' id='word_1_649' title='bbox 429 4340 456 4385; x_wconf 87' lang='lat' dir='ltr'>et</span> <span class='ocrx_word' id='word_1_650' title='bbox 480 4329 591 4399; x_wconf 89' lang='lat' dir='ltr'>audivit,</span> <span class='ocrx_word' id='word_1_651' title='bbox 608 4330 680 4402; x_wconf 93' lang='lat' dir='ltr'>quod</span> <span class='ocrx_word' id='word_1_652' title='bbox 703 4331 828 4389; x_wconf 85' lang='lat' dir='ltr'>odoravit</span> <span class='ocrx_word' id='word_1_653' title='bbox 846 4341 873 4390; x_wconf 91' lang='lat' dir='ltr'>et</span> <span class='ocrx_word' id='word_1_654' title='bbox 927 4353 957 4393; x_wconf 92' lang='lat' dir='ltr'>v.</span> <span class='ocrx_word' id='word_1_655' title='bbox 973 4337 1012 4408; x_wconf 77' lang='lat'>7).</span> <span class='ocrx_word' id='word_1_656' title='bbox 1042 4331 1127 4391; x_wconf 72' lang='lat' dir='ltr'>nte</span> <span class='ocrx_word' id='word_1_657' title='bbox 1146 4334 1228 4389; x_wconf 78' lang='lat' dir='ltr'>Aliud</span> <span class='ocrx_word' id='word_1_658' title='bbox 1255 4350 1364 4403; x_wconf 86' lang='lat' dir='ltr'>vanum,</span> <span class='ocrx_word' id='word_1_659' title='bbox 1383 4336 1418 4391; x_wconf 91' lang='lat' dir='ltr'>de</span> <span class='ocrx_word' id='word_1_660' title='bbox 1439 4352 1493 4407; x_wconf 91' lang='lat' dir='ltr'>qno</span> <span class='ocrx_word' id='word_1_661' title='bbox 1509 4338 1638 4408; x_wconf 86' lang='lat' dir='ltr'>scripturn</span> <span class='ocrx_word' id='word_1_662' title='bbox 1659 4346 1724 4394; x_wconf 89' lang='lat' dir='ltr'>est:</span> 
     </span>
     <span class='ocr_line' id='line_1_63' title="bbox 76 4417 1724 4497; baseline 0.005 -21"><span class='ocrx_word' id='word_1_663' title='bbox 76 4418 208 4494; x_wconf 82' lang='lat' dir='ltr'>gustavit,</span> <span class='ocrx_word' id='word_1_664' title='bbox 220 4418 292 4490; x_wconf 90' lang='lat' dir='ltr'>quod</span> <span class='ocrx_word' id='word_1_665' title='bbox 306 4418 457 4489; x_wconf 86' lang='lat' dir='ltr'>palpavitet</span> <span class='ocrx_word' id='word_1_666' title='bbox 471 4417 570 4490; x_wconf 90' lang='lat' dir='ltr'>tetigit.</span> <span class='ocrx_word' id='word_1_667' title='bbox 586 4419 618 4473; x_wconf 87' lang='lat' dir='ltr'>Et</span> <span class='ocrx_word' id='word_1_668' title='bbox 632 4419 789 4492; x_wconf 88' lang='lat' dir='ltr'>plerumque</span> <span class='ocrx_word' id='word_1_669' title='bbox 801 4421 873 4494; x_wconf 93' lang='lat' dir='ltr'>quod</span> <span class='ocrx_word' id='word_1_670' title='bbox 933 4428 1007 4484; x_wconf 82' lang='lat' dir='ltr'>Vcno</span> <span class='ocrx_word' id='word_1_671' title='bbox 1023 4425 1111 4480; x_wconf 84' lang='lat' dir='ltr'>locuti</span> <span class='ocrx_word' id='word_1_672' title='bbox 1124 4427 1194 4479; x_wconf 75' lang='lat' dir='ltr'>utet</span> <span class='ocrx_word' id='word_1_673' title='bbox 1208 4425 1401 4495; x_wconf 71' lang='lat' dir='ltr'>compatique</span> <span class='ocrx_word' id='word_1_674' title='bbox 1415 4423 1623 4497; x_wconf 77' lang='lat' dir='ltr'>eriprneimcm</span> <span class='ocrx_word' id='word_1_675' title='bbox 1638 4442 1724 4483; x_wconf 81' lang='lat' dir='ltr'>saum</span> 
     </span>
     <span class='ocr_line' id='line_1_64' title="bbox 77 4506 1722 4587; baseline 0.005 -21"><span class='ocrx_word' id='word_1_676' title='bbox 77 4509 196 4582; x_wconf 87' lang='lat' dir='ltr'>simplici</span> <span class='ocrx_word' id='word_1_677' title='bbox 222 4506 301 4564; x_wconf 91' lang='lat' dir='ltr'>oculo</span> <span class='ocrx_word' id='word_1_678' title='bbox 325 4507 491 4578; x_wconf 82' lang='lat' dir='ltr'>aspeximus,</span> <span class='ocrx_word' id='word_1_679' title='bbox 520 4507 669 4579; x_wconf 90' lang='lat' dir='ltr'>versipellis</span> <span class='ocrx_word' id='word_1_680' title='bbox 688 4517 827 4567; x_wconf 89' lang='lat' dir='ltr'>contortor</span> <span class='ocrx_word' id='word_1_681' title='bbox 845 4511 873 4568; x_wconf 93' lang='lat' dir='ltr'>in</span> <span class='ocrx_word' id='word_1_682' title='bbox 927 4514 1014 4584; x_wconf 74' lang='lat' dir='ltr'>(Paci.</span> <span class='ocrx_word' id='word_1_683' title='bbox 1027 4528 1070 4578; x_wconf 81' lang='lat' dir='ltr'>xi,</span> <span class='ocrx_word' id='word_1_684' title='bbox 1087 4510 1125 4583; x_wconf 82' lang='grc'>3).</span> <span class='ocrx_word' id='word_1_685' title='bbox 1145 4510 1227 4566; x_wconf 76' lang='lat' dir='ltr'>aliud</span> <span class='ocrx_word' id='word_1_686' title='bbox 1242 4512 1417 4581; x_wconf 87' lang='lat' dir='ltr'>impudicum,</span> <span class='ocrx_word' id='word_1_687' title='bbox 1433 4512 1468 4568; x_wconf 94' lang='lat' dir='ltr'>de</span> <span class='ocrx_word' id='word_1_688' title='bbox 1486 4529 1540 4585; x_wconf 94' lang='lat' dir='ltr'>quo</span> <span class='ocrx_word' id='word_1_689' title='bbox 1555 4514 1722 4587; x_wconf 78' lang='lat' dir='ltr'>Apostolos:</span> 
     </span>
     <span class='ocr_line' id='line_1_65' title="bbox 78 4596 1723 4677; baseline 0.002 -21"><span class='ocrx_word' id='word_1_690' title='bbox 78 4596 270 4656; x_wconf 73' lang='lat' dir='ltr'>offendiculum</span> <span class='ocrx_word' id='word_1_691' title='bbox 286 4604 425 4668; x_wconf 88' lang='lat' dir='ltr'>retorquet</span> <span class='ocrx_word' id='word_1_692' title='bbox 439 4612 470 4651; x_wconf 89' lang='lat' dir='ltr'>ae</span> <span class='ocrx_word' id='word_1_693' title='bbox 483 4596 648 4655; x_wconf 89' lang='lat' dir='ltr'>scandalum.</span> <span class='ocrx_word' id='word_1_694' title='bbox 672 4597 764 4670; x_wconf 85' lang='lat' dir='ltr'>Fingit</span> <span class='ocrx_word' id='word_1_695' title='bbox 780 4599 875 4656; x_wconf 90' lang='lat' dir='ltr'>simili·</span> <span class='ocrx_word' id='word_1_696' title='bbox 932 4605 1030 4675; x_wconf 73' lang='lat' dir='ltr'>turpis</span> <span class='ocrx_word' id='word_1_697' title='bbox 1043 4615 1135 4658; x_wconf 80' lang='lat' dir='ltr'>sermo</span> <span class='ocrx_word' id='word_1_698' title='bbox 1148 4598 1181 4657; x_wconf 80' lang='lat' dir='ltr'>de</span> <span class='ocrx_word' id='word_1_699' title='bbox 1195 4603 1342 4658; x_wconf 84' lang='lat' dir='ltr'>erecestre</span> <span class='ocrx_word' id='word_1_700' title='bbox 1352 4603 1551 4676; x_wconf 74' lang='lat' dir='ltr'>conpr-ccedet</span> <span class='ocrx_word' id='word_1_701' title='bbox 1562 4605 1672 4677; x_wconf 75' lang='lat' dir='ltr'>iliplees.</span> <span class='ocrx_word' id='word_1_702' title='bbox 1685 4618 1723 4667; x_wconf 87' lang='lat' dir='ltr'>tv.</span> 
     </span>
     <span class='ocr_line' id='line_1_66' title="bbox 79 4686 1724 4765; baseline 0.003 -19"><span class='ocrx_word' id='word_1_703' title='bbox 79 4689 198 4755; x_wconf 91' lang='lat' dir='ltr'>tudiues,</span> <span class='ocrx_word' id='word_1_704' title='bbox 211 4687 343 4759; x_wconf 85' lang='lat' dir='ltr'>imagines</span> <span class='ocrx_word' id='word_1_705' title='bbox 357 4686 453 4760; x_wconf 92' lang='lat' dir='ltr'>pingit,</span> <span class='ocrx_word' id='word_1_706' title='bbox 462 4689 566 4745; x_wconf 90' lang='lat' dir='ltr'>colores</span> <span class='ocrx_word' id='word_1_707' title='bbox 575 4697 657 4760; x_wconf 85' lang='lat' dir='ltr'>aptet,</span> <span class='ocrx_word' id='word_1_708' title='bbox 673 4698 700 4745; x_wconf 92' lang='lat' dir='ltr'>et</span> <span class='ocrx_word' id='word_1_709' title='bbox 715 4691 740 4744; x_wconf 92' lang='lat' dir='ltr'>iu</span> <span class='ocrx_word' id='word_1_710' title='bbox 758 4691 874 4749; x_wconf 84' lang='lat' dir='ltr'>thalamo</span> <span class='ocrx_word' id='word_1_711' title='bbox 927 4693 984 4765; x_wconf 77' lang='lat'>29).</span> <span class='ocrx_word' id='word_1_712' title='bbox 996 4689 1077 4745; x_wconf 79' lang='lat' dir='ltr'>Aliud</span> <span class='ocrx_word' id='word_1_713' title='bbox 1093 4688 1304 4756; x_wconf 86' lang='lat' dir='ltr'>excusatorium,</span> <span class='ocrx_word' id='word_1_714' title='bbox 1321 4690 1395 4747; x_wconf 89' lang='lat' dir='ltr'>uude</span> <span class='ocrx_word' id='word_1_715' title='bbox 1410 4691 1550 4748; x_wconf 87' lang='lat' dir='ltr'>Psalmista</span> <span class='ocrx_word' id='word_1_716' title='bbox 1566 4711 1573 4748; x_wconf 76' lang='grc' dir='ltr'>ι</span> <span class='ocrx_word' id='word_1_717' title='bbox 1590 4694 1650 4750; x_wconf 81' lang='lat' dir='ltr'>lion</span> <span class='ocrx_word' id='word_1_718' title='bbox 1674 4695 1724 4751; x_wconf 82' lang='lat' dir='ltr'>de·</span> 
     </span>
     <span class='ocr_line' id='line_1_67' title="bbox 80 4775 1726 4847; baseline 0.004 -13"><span class='ocrx_word' id='word_1_719' title='bbox 80 4777 181 4834; x_wconf 89' lang='lat' dir='ltr'>mentis</span> <span class='ocrx_word' id='word_1_720' title='bbox 192 4775 318 4833; x_wconf 86' lang='lat' dir='ltr'>universa</span> <span class='ocrx_word' id='word_1_721' title='bbox 332 4777 480 4847; x_wconf 88' lang='lat' dir='ltr'>convolvit,</span> <span class='ocrx_word' id='word_1_722' title='bbox 496 4775 519 4831; x_wconf 91' lang='lat' dir='ltr'>si</span> <span class='ocrx_word' id='word_1_723' title='bbox 533 4775 773 4835; x_wconf 88' lang='lat' dir='ltr'>forteconseusnm</span> <span class='ocrx_word' id='word_1_724' title='bbox 784 4779 875 4836; x_wconf 89' lang='lat' dir='ltr'>eliciat</span> <span class='ocrx_word' id='word_1_725' title='bbox 929 4784 1019 4842; x_wconf 81' lang='lat' dir='ltr'>clines</span> <span class='ocrx_word' id='word_1_726' title='bbox 1029 4794 1077 4835; x_wconf 87' lang='lat' dir='ltr'>cor</span> <span class='ocrx_word' id='word_1_727' title='bbox 1086 4793 1182 4834; x_wconf 82' lang='lat' dir='ltr'>mecm</span> <span class='ocrx_word' id='word_1_728' title='bbox 1192 4778 1224 4833; x_wconf 83' lang='lat' dir='ltr'>in</span> <span class='ocrx_word' id='word_1_729' title='bbox 1234 4780 1726 4840; x_wconf 70' lang='lat' dir='ltr'>vnecmetttioeadeecceandnseae·</span> 
     </span>
     <span class='ocr_line' id='line_1_68' title="bbox 78 4861 1724 4943; baseline 0.001 -19"><span class='ocrx_word' id='word_1_730' title='bbox 78 4874 107 4924; x_wconf 91' lang='lat' dir='ltr'>et</span> <span class='ocrx_word' id='word_1_731' title='bbox 120 4864 247 4921; x_wconf 88' lang='lat' dir='ltr'>affectum</span> <span class='ocrx_word' id='word_1_732' title='bbox 271 4861 381 4920; x_wconf 85' lang='lat' dir='ltr'>inliciat.</span> <span class='ocrx_word' id='word_1_733' title='bbox 408 4862 493 4921; x_wconf 89' lang='lat' dir='ltr'>tlffert</span> <span class='ocrx_word' id='word_1_734' title='bbox 514 4864 653 4921; x_wconf 89' lang='lat' dir='ltr'>horribilia</span> <span class='ocrx_word' id='word_1_735' title='bbox 670 4866 706 4922; x_wconf 92' lang='lat' dir='ltr'>de</span> <span class='ocrx_word' id='word_1_736' title='bbox 724 4866 873 4943; x_wconf 89' lang='lat' dir='ltr'>divinitate,</span> <span class='ocrx_word' id='word_1_737' title='bbox 930 4871 1090 4932; x_wconf 77' lang='lat' dir='ltr'>cessationes</span> <span class='ocrx_word' id='word_1_738' title='bbox 1100 4867 1133 4923; x_wconf 83' lang='lat' dir='ltr'>in</span> <span class='ocrx_word' id='word_1_739' title='bbox 1145 4869 1270 4941; x_wconf 82' lang='lat' dir='ltr'>peccatis</span> <span class='ocrx_word' id='word_1_740' title='bbox 1279 4869 1365 4940; x_wconf 86' lang='lat' dir='ltr'>(Pscl.</span> <span class='ocrx_word' id='word_1_741' title='bbox 1378 4884 1441 4937; x_wconf 82' lang='lat' dir='ltr'>oxu,</span> <span class='ocrx_word' id='word_1_742' title='bbox 1453 4869 1724 4940; x_wconf 59' lang='lat' dir='ltr'>Definitionum,</span> 
     </span>
     <span class='ocr_line' id='line_1_69' title="bbox 80 4952 1809 5033; baseline 0.001 -20"><span class='ocrx_word' id='word_1_743' title='bbox 80 4952 211 5013; x_wconf 88' lang='lat' dir='ltr'>terribilia</span> <span class='ocrx_word' id='word_1_744' title='bbox 224 4954 258 5009; x_wconf 91' lang='lat' dir='ltr'>de</span> <span class='ocrx_word' id='word_1_745' title='bbox 282 4952 345 5015; x_wconf 83' lang='lat' dir='ltr'>fide.</span> <span class='ocrx_word' id='word_1_746' title='bbox 368 4953 500 5010; x_wconf 87' lang='lat' dir='ltr'>mirabilia</span> <span class='ocrx_word' id='word_1_747' title='bbox 526 4955 560 5011; x_wconf 91' lang='lat' dir='ltr'>de</span> <span class='ocrx_word' id='word_1_748' title='bbox 573 4952 636 5010; x_wconf 87' lang='lat' dir='ltr'>fidei</span> <span class='ocrx_word' id='word_1_749' title='bbox 651 4955 831 5028; x_wconf 89' lang='lat' dir='ltr'>iustitutioue;</span> <span class='ocrx_word' id='word_1_750' title='bbox 849 4969 876 5016; x_wconf 92' lang='lat' dir='ltr'>et</span> <span class='ocrx_word' id='word_1_751' title='bbox 929 4964 1024 5033; x_wconf 91' lang='lat' dir='ltr'>dequo</span> <span class='ocrx_word' id='word_1_752' title='bbox 1036 4959 1168 5028; x_wconf 89' lang='lat' dir='ltr'>Propheta</span> <span class='ocrx_word' id='word_1_753' title='bbox 1184 4956 1352 5029; x_wconf 83' lang='lat' dir='ltr'>:Disperdnt</span> <span class='ocrx_word' id='word_1_754' title='bbox 1362 4961 1639 5019; x_wconf 80' lang='lat' dir='ltr'>Dominusuniversc</span> <span class='ocrx_word' id='word_1_755' title='bbox 1651 4959 1726 5015; x_wconf 82' lang='lat' dir='ltr'>iahia</span> <span class='ocrx_word' id='word_1_756' title='bbox 1805 4981 1809 4987; x_wconf 94' lang='lat'><em>·</em></span> 
     </span>
     <span class='ocr_line' id='line_1_70' title="bbox 80 5041 1726 5121; baseline 0.001 -20"><span class='ocrx_word' id='word_1_757' title='bbox 80 5045 109 5101; x_wconf 91' lang='lat' dir='ltr'>in</span> <span class='ocrx_word' id='word_1_758' title='bbox 124 5043 231 5101; x_wconf 89' lang='lat' dir='ltr'>alveolo</span> <span class='ocrx_word' id='word_1_759' title='bbox 247 5041 521 5100; x_wconf 90' lang='lat' dir='ltr'>mentisveneuiferas</span> <span class='ocrx_word' id='word_1_760' title='bbox 539 5041 638 5115; x_wconf 87' lang='lat' dir='ltr'>ingerit</span> <span class='ocrx_word' id='word_1_761' title='bbox 651 5046 783 5117; x_wconf 86' lang='lat' dir='ltr'>potiones,</span> <span class='ocrx_word' id='word_1_762' title='bbox 810 5063 877 5121; x_wconf 85' lang='lat' dir='ltr'>quus</span> <span class='ocrx_word' id='word_1_763' title='bbox 930 5050 1075 5114; x_wconf 68' lang='lat' dir='ltr'>dorcinet</span> <span class='ocrx_word' id='word_1_764' title='bbox 1091 5046 1219 5118; x_wconf 79' lang='lat' dir='ltr'>linquam</span> <span class='ocrx_word' id='word_1_765' title='bbox 1228 5047 1438 5119; x_wconf 66' lang='lat' dir='ltr'>magniloquam</span> <span class='ocrx_word' id='word_1_766' title='bbox 1448 5047 1581 5120; x_wconf 76' lang='lat' dir='ltr'>(Pschn,</span> <span class='ocrx_word' id='word_1_767' title='bbox 1593 5051 1634 5119; x_wconf 77' lang='lat' dir='ltr'>bl.</span> <span class='ocrx_word' id='word_1_768' title='bbox 1644 5047 1726 5105; x_wconf 80' lang='lat' dir='ltr'>Aliud</span> 
     </span>
     <span class='ocr_line' id='line_1_71' title="bbox 78 5132 1726 5206; baseline 0.002 -15"><span class='ocrx_word' id='word_1_769' title='bbox 78 5134 108 5191; x_wconf 93' lang='lat' dir='ltr'>in</span> <span class='ocrx_word' id='word_1_770' title='bbox 124 5132 297 5190; x_wconf 83' lang='lat' dir='ltr'>confessione</span> <span class='ocrx_word' id='word_1_771' title='bbox 321 5146 446 5188; x_wconf 89' lang='lat' dir='ltr'>evomere</span> <span class='ocrx_word' id='word_1_772' title='bbox 460 5137 585 5202; x_wconf 88' lang='lat' dir='ltr'>peccator</span> <span class='ocrx_word' id='word_1_773' title='bbox 598 5141 726 5190; x_wconf 83' lang='lat' dir='ltr'>oneratus</span> <span class='ocrx_word' id='word_1_774' title='bbox 740 5139 875 5196; x_wconf 80' lang='lat' dir='ltr'>exhorret.</span> <span class='ocrx_word' id='word_1_775' title='bbox 930 5139 1059 5204; x_wconf 89' lang='lat' dir='ltr'>otiosum,</span> <span class='ocrx_word' id='word_1_776' title='bbox 1074 5135 1109 5191; x_wconf 90' lang='lat' dir='ltr'>de</span> <span class='ocrx_word' id='word_1_777' title='bbox 1118 5150 1171 5206; x_wconf 93' lang='lat' dir='ltr'>quo</span> <span class='ocrx_word' id='word_1_778' title='bbox 1181 5134 1239 5206; x_wconf 89' lang='lat' dir='ltr'>ipse</span> <span class='ocrx_word' id='word_1_779' title='bbox 1249 5134 1398 5192; x_wconf 86' lang='lat' dir='ltr'>Dominus:</span> <span class='ocrx_word' id='word_1_780' title='bbox 1410 5137 1449 5191; x_wconf 83' lang='lat' dir='ltr'>Dc</span> <span class='ocrx_word' id='word_1_781' title='bbox 1459 5137 1539 5192; x_wconf 84' lang='lat' dir='ltr'>omni</span> <span class='ocrx_word' id='word_1_782' title='bbox 1549 5137 1629 5195; x_wconf 84' lang='lat' dir='ltr'>cerlo</span> <span class='ocrx_word' id='word_1_783' title='bbox 1638 5139 1726 5194; x_wconf 85' lang='lat' dir='ltr'>otioso</span> 
     </span>
     <span class='ocr_line' id='line_1_72' title="bbox 79 5219 1729 5304; baseline 0.002 -23"><span class='ocrx_word' id='word_1_784' title='bbox 79 5221 163 5281; x_wconf 82' lang='lat' dir='ltr'>Venit</span> <span class='ocrx_word' id='word_1_785' title='bbox 194 5221 223 5277; x_wconf 92' lang='lat' dir='ltr'>in</span> <span class='ocrx_word' id='word_1_786' title='bbox 246 5221 409 5290; x_wconf 86' lang='lat' dir='ltr'>oratorium,</span> <span class='ocrx_word' id='word_1_787' title='bbox 420 5219 612 5277; x_wconf 91' lang='lat' dir='ltr'>dormitorium</span> <span class='ocrx_word' id='word_1_788' title='bbox 626 5231 756 5294; x_wconf 87' lang='lat' dir='ltr'>occupat,</span> <span class='ocrx_word' id='word_1_789' title='bbox 779 5224 879 5283; x_wconf 88' lang='lat' dir='ltr'>insidet</span> <span class='ocrx_word' id='word_1_790' title='bbox 931 5226 1005 5304; x_wconf 83' lang='lat' dir='ltr'>quod</span> <span class='ocrx_word' id='word_1_791' title='bbox 1017 5224 1105 5283; x_wconf 80' lang='lat' dir='ltr'>locati</span> <span class='ocrx_word' id='word_1_792' title='bbox 1113 5225 1224 5295; x_wconf 68' lang='lat' dir='ltr'>[comm</span> <span class='ocrx_word' id='word_1_793' title='bbox 1233 5222 1493 5291; x_wconf 63' lang='lat' dir='ltr'>imminuentem</span> <span class='ocrx_word' id='word_1_794' title='bbox 1504 5227 1643 5284; x_wconf 80' lang='lat' dir='ltr'>rationem</span> <span class='ocrx_word' id='word_1_795' title='bbox 1653 5226 1687 5284; x_wconf 83' lang='lat' dir='ltr'>de</span> <span class='ocrx_word' id='word_1_796' title='bbox 1696 5239 1729 5286; x_wconf 81' lang='lat' dir='ltr'>co</span> 
     </span>
     <span class='ocr_line' id='line_1_73' title="bbox 81 5308 1730 5388; baseline 0.004 -22"><span class='ocrx_word' id='word_1_797' title='bbox 81 5310 236 5381; x_wconf 84' lang='lat' dir='ltr'>refectorio,</span> <span class='ocrx_word' id='word_1_798' title='bbox 257 5309 353 5368; x_wconf 87' lang='lat' dir='ltr'>circuit</span> <span class='ocrx_word' id='word_1_799' title='bbox 365 5309 525 5382; x_wconf 84' lang='lat' dir='ltr'>claustrum,</span> <span class='ocrx_word' id='word_1_800' title='bbox 553 5308 645 5368; x_wconf 90' lang='lat' dir='ltr'>revisit</span> <span class='ocrx_word' id='word_1_801' title='bbox 667 5309 803 5381; x_wconf 85' lang='lat' dir='ltr'>officinas,</span> <span class='ocrx_word' id='word_1_802' title='bbox 823 5314 881 5372; x_wconf 92' lang='lat' dir='ltr'>nul·</span> <span class='ocrx_word' id='word_1_803' title='bbox 934 5317 967 5374; x_wconf 82' lang='lat' dir='ltr'>ln</span> <span class='ocrx_word' id='word_1_804' title='bbox 981 5315 1027 5375; x_wconf 85' lang='lat' dir='ltr'>die</span> <span class='ocrx_word' id='word_1_805' title='bbox 1035 5313 1144 5388; x_wconf 83' lang='lat' dir='ltr'>judieii</span> <span class='ocrx_word' id='word_1_806' title='bbox 1157 5310 1271 5382; x_wconf 83' lang='lat' dir='ltr'>(lfnttlr.</span> <span class='ocrx_word' id='word_1_807' title='bbox 1287 5326 1341 5378; x_wconf 83' lang='lat' dir='ltr'>xri,</span> <span class='ocrx_word' id='word_1_808' title='bbox 1352 5313 1408 5381; x_wconf 80' lang='grc'><strong>36).</strong></span> <span class='ocrx_word' id='word_1_809' title='bbox 1424 5312 1458 5368; x_wconf 76' lang='lat' dir='ltr'>lit</span> <span class='ocrx_word' id='word_1_810' title='bbox 1471 5312 1494 5366; x_wconf 82' lang='lat' dir='ltr'>si</span> <span class='ocrx_word' id='word_1_811' title='bbox 1504 5329 1555 5387; x_wconf 83' lang='lat' dir='ltr'>qun</span> <span class='ocrx_word' id='word_1_812' title='bbox 1566 5313 1618 5370; x_wconf 83' lang='lat' dir='ltr'>alin</span> <span class='ocrx_word' id='word_1_813' title='bbox 1631 5330 1730 5388; x_wconf 65' lang='lat' dir='ltr'>genera</span> 
     </span>
     <span class='ocr_line' id='line_1_74' title="bbox 120 5400 1727 5476; baseline 0.002 -14"><span class='ocrx_word' id='word_1_814' title='bbox 120 5462 122 5467; x_wconf 77' lang='grc'>,</span> <span class='ocrx_word' id='word_1_815' title='bbox 936 5412 1000 5462; x_wconf 87' lang='lat' dir='ltr'>sunt</span> <span class='ocrx_word' id='word_1_816' title='bbox 1014 5402 1099 5476; x_wconf 86' lang='lat' dir='ltr'>pestis</span> <span class='ocrx_word' id='word_1_817' title='bbox 1114 5402 1206 5472; x_wconf 78' lang='lat' dir='ltr'>hujm,</span> <span class='ocrx_word' id='word_1_818' title='bbox 1226 5416 1287 5473; x_wconf 84' lang='lat' dir='ltr'>quae</span> <span class='ocrx_word' id='word_1_819' title='bbox 1301 5415 1351 5457; x_wconf 92' lang='lat' dir='ltr'>nos</span> <span class='ocrx_word' id='word_1_820' title='bbox 1366 5400 1442 5462; x_wconf 93' lang='lat' dir='ltr'>brevi</span> <span class='ocrx_word' id='word_1_821' title='bbox 1451 5402 1521 5460; x_wconf 88' lang='lat' dir='ltr'>saltu</span> <span class='ocrx_word' id='word_1_822' title='bbox 1532 5404 1664 5464; x_wconf 83' lang='lat' dir='ltr'>transilire</span> <span class='ocrx_word' id='word_1_823' title='bbox 1672 5422 1727 5469; x_wconf 93' lang='lat' dir='ltr'>non</span> 
     </span>
     <span class='ocr_line' id='line_1_75' title="bbox 118 5485 1091 5571; baseline 0.003 -25"><span class='ocrx_word' id='word_1_824' title='bbox 118 5488 176 5569; x_wconf 77' lang='lat' dir='ltr'>(it)</span> <span class='ocrx_word' id='word_1_825' title='bbox 190 5485 297 5547; x_wconf 88' lang='lat' dir='ltr'>Scilicet</span> <span class='ocrx_word' id='word_1_826' title='bbox 312 5485 477 5558; x_wconf 81' lang='lat' dir='ltr'>bernardus,</span> <span class='ocrx_word' id='word_1_827' title='bbox 500 5485 545 5549; x_wconf 88' lang='lat' dir='ltr'>vel</span> <span class='ocrx_word' id='word_1_828' title='bbox 566 5486 660 5549; x_wconf 87' lang='lat' dir='ltr'>Petms</span> <span class='ocrx_word' id='word_1_829' title='bbox 686 5491 880 5556; x_wconf 76' lang='lat' dir='ltr'>cluniacensis.</span> <span class='ocrx_word' id='word_1_830' title='bbox 934 5507 1091 5571; x_wconf 89' lang='lat' dir='ltr'>possumus.</span> 
     </span>
    </p>
   </div>
   <div class='ocr_carea' id='block_1_11' title="bbox 190 5578 1638 5660">
    <p class='ocr_par' dir='ltr' id='par_1_13' title="bbox 190 5578 1638 5660">
     <span class='ocr_line' id='line_1_76' title="bbox 190 5578 1638 5660; baseline 0.006 -9"><span class='ocrx_word' id='word_1_831' title='bbox 190 5578 501 5652; x_wconf 71' lang='lat' dir='ltr'>tamenctimv.</span> <span class='ocrx_word' id='word_1_832' title='bbox 1602 5596 1638 5660; x_wconf 80' lang='lat' dir='ltr'>at</span> 
     </span>
    </p>
   </div>
   <div class='ocr_carea' id='block_1_12' title="bbox 0 0 1886 5962">
    <p class='ocr_par' dir='ltr' id='par_1_14' title="bbox 0 0 1886 5962">
     <span class='ocr_line' id='line_1_77' title="bbox 0 0 1886 5962; baseline 0 0"><span class='ocrx_word' id='word_1_833' title='bbox 0 0 1886 5962; x_wconf 95' lang='lat' dir='ltr'> </span> 
     </span>
    </p>
   </div>
  </div>
 </body>
</html>
