<?xml version="1.0" encoding="UTF-8"?>
<!DOCTYPE html PUBLIC "-//W3C//DTD XHTML 1.0 Transitional//EN"
    "http://www.w3.org/TR/xhtml1/DTD/xhtml1-transitional.dtd">
<html xmlns="http://www.w3.org/1999/xhtml" xml:lang="en" lang="en">
 <head>
  <title>
</title>
<meta http-equiv="Content-Type" content="text/html;charset=utf-8" />
  <meta name='ocr-system' content='tesseract 3.04.00' />
  <meta name='ocr-capabilities' content='ocr_page ocr_carea ocr_par ocr_line ocrx_word'/>
</head>
<body>
  <div class='ocr_page' id='page_1' title='image "./patrologiaecurs00unkngoog_0313.png"; bbox 0 0 3706 5962; ppageno 0'>
   <div class='ocr_carea' id='block_1_1' title="bbox 55 168 1713 246">
    <p class='ocr_par' dir='ltr' id='par_1_1' title="bbox 55 168 1713 246">
     <span class='ocr_line' id='line_1_1' title="bbox 55 168 1713 246; baseline 0.008 -15"><span class='ocrx_word' id='word_1_1' title='bbox 55 170 115 233; x_wconf 81' lang='lat'>613</span> <span class='ocrx_word' id='word_1_2' title='bbox 646 168 839 231; x_wconf 75' lang='lat' dir='ltr'>amoenius</span> <span class='ocrx_word' id='word_1_3' title='bbox 857 170 900 231; x_wconf 81' lang='lat' dir='ltr'>lili</span> <span class='ocrx_word' id='word_1_4' title='bbox 919 170 1117 234; x_wconf 69' lang='lat' dir='ltr'>culturis.</span> <span class='ocrx_word' id='word_1_5' title='bbox 1654 182 1713 246; x_wconf 76' lang='lat' dir='ltr'>ott</span> 
     </span>
    </p>
   </div>
   <div class='ocr_carea' id='block_1_2' title="bbox 54 294 1755 4015">
    <p class='ocr_par' dir='ltr' id='par_1_2' title="bbox 54 294 1755 4015">
     <span class='ocr_line' id='line_1_2' title="bbox 54 294 1709 392; baseline 0.008 -38"><span class='ocrx_word' id='word_1_6' title='bbox 54 303 84 354; x_wconf 89' lang='lat' dir='ltr'>et</span> <span class='ocrx_word' id='word_1_7' title='bbox 100 296 249 363; x_wconf 89' lang='lat' dir='ltr'>dexteram,</span> <span class='ocrx_word' id='word_1_8' title='bbox 264 311 312 368; x_wconf 89' lang='lat' dir='ltr'>per</span> <span class='ocrx_word' id='word_1_9' title='bbox 329 294 443 368; x_wconf 55' lang='lat' dir='ltr'>§viscera</span> <span class='ocrx_word' id='word_1_10' title='bbox 468 294 663 354; x_wconf 78' lang='lat' dir='ltr'>misericordie</span> <span class='ocrx_word' id='word_1_11' title='bbox 687 295 738 352; x_wconf 84' lang='lat' dir='ltr'>Dei</span> <span class='ocrx_word' id='word_1_12' title='bbox 769 295 856 354; x_wconf 87' lang='lat' dir='ltr'>nostri</span> <span class='ocrx_word' id='word_1_13' title='bbox 871 311 897 392; x_wconf 61' lang='lat' dir='ltr'>p</span> <span class='ocrx_word' id='word_1_14' title='bbox 910 296 1013 371; x_wconf 90' lang='lat' dir='ltr'>gnabili</span> <span class='ocrx_word' id='word_1_15' title='bbox 1027 314 1090 356; x_wconf 88' lang='lat' dir='ltr'>arce</span> <span class='ocrx_word' id='word_1_16' title='bbox 1116 297 1236 356; x_wconf 88' lang='lat' dir='ltr'>munitus</span> <span class='ocrx_word' id='word_1_17' title='bbox 1250 298 1378 358; x_wconf 78' lang='lat' dir='ltr'>Ezechiel</span> <span class='ocrx_word' id='word_1_18' title='bbox 1396 301 1424 361; x_wconf 89' lang='lat' dir='ltr'>in</span> <span class='ocrx_word' id='word_1_19' title='bbox 1447 304 1613 366; x_wconf 80' lang='lat' dir='ltr'>Chaldaeam.</span> <span class='ocrx_word' id='word_1_20' title='bbox 1627 307 1709 367; x_wconf 76' lang='lat' dir='ltr'>lem·</span> 
     </span>
     <span class='ocr_line' id='line_1_3' title="bbox 55 383 1706 462; baseline 0.008 -20"><span class='ocrx_word' id='word_1_21' title='bbox 55 384 216 442; x_wconf 86' lang='lat' dir='ltr'>heatissime</span> <span class='ocrx_word' id='word_1_22' title='bbox 230 385 414 457; x_wconf 76' lang='lat' dir='ltr'><strong>quiescamus.</strong></span> <span class='ocrx_word' id='word_1_23' title='bbox 438 385 486 442; x_wconf 91' lang='lat' dir='ltr'>Isti</span> <span class='ocrx_word' id='word_1_24' title='bbox 510 401 560 442; x_wconf 90' lang='lat' dir='ltr'>sex</span> <span class='ocrx_word' id='word_1_25' title='bbox 581 384 641 442; x_wconf 90' lang='lat' dir='ltr'>dies</span> <span class='ocrx_word' id='word_1_26' title='bbox 662 391 734 454; x_wconf 90' lang='lat' dir='ltr'>sunt,</span> <span class='ocrx_word' id='word_1_27' title='bbox 755 383 856 443; x_wconf 79' lang='lat' dir='ltr'>Christi</span> <span class='ocrx_word' id='word_1_28' title='bbox 910 389 979 444; x_wconf 87' lang='lat' dir='ltr'>mias</span> <span class='ocrx_word' id='word_1_29' title='bbox 994 389 1019 444; x_wconf 88' lang='lat' dir='ltr'>in</span> <span class='ocrx_word' id='word_1_30' title='bbox 1036 388 1182 462; x_wconf 79' lang='lat' dir='ltr'>AEgyptum</span> <span class='ocrx_word' id='word_1_31' title='bbox 1209 388 1295 446; x_wconf 90' lang='lat' dir='ltr'>fretus</span> <span class='ocrx_word' id='word_1_32' title='bbox 1318 390 1395 447; x_wconf 86' lang='lat' dir='ltr'>istius</span> <span class='ocrx_word' id='word_1_33' title='bbox 1418 393 1531 452; x_wconf 89' lang='lat' dir='ltr'>tuitione</span> <span class='ocrx_word' id='word_1_34' title='bbox 1555 398 1706 456; x_wconf 83' lang='lat' dir='ltr'>descondit.</span> 
     </span>
     <span class='ocr_line' id='line_1_4' title="bbox 56 474 1710 558; baseline 0.007 -25"><span class='ocrx_word' id='word_1_35' title='bbox 56 475 219 547; x_wconf 86' lang='lat' dir='ltr'>Conceptio,</span> <span class='ocrx_word' id='word_1_36' title='bbox 237 475 382 545; x_wconf 84' lang='lat' dir='ltr'>Nativitas,</span> <span class='ocrx_word' id='word_1_37' title='bbox 398 475 566 544; x_wconf 84' lang='lat' dir='ltr'>Praedicatio,</span> <span class='ocrx_word' id='word_1_38' title='bbox 578 474 684 545; x_wconf 86' lang='lat' dir='ltr'>Passio,</span> <span class='ocrx_word' id='word_1_39' title='bbox 705 475 856 531; x_wconf 81' lang='lat' dir='ltr'>Resurrec·</span> <span class='ocrx_word' id='word_1_40' title='bbox 908 476 960 532; x_wconf 81' lang='lat' dir='ltr'>lob</span> <span class='ocrx_word' id='word_1_41' title='bbox 982 475 1067 534; x_wconf 87' lang='lat' dir='ltr'>frater</span> <span class='ocrx_word' id='word_1_42' title='bbox 1080 478 1227 535; x_wconf 77' lang='lat' dir='ltr'><strong>draconum</strong></span> <span class='ocrx_word' id='word_1_43' title='bbox 1243 495 1292 550; x_wconf 91' lang='lat' dir='ltr'>per</span> <span class='ocrx_word' id='word_1_44' title='bbox 1306 481 1376 536; x_wconf 91' lang='lat' dir='ltr'>hanc</span> <span class='ocrx_word' id='word_1_45' title='bbox 1398 483 1457 537; x_wconf 91' lang='lat' dir='ltr'>siue</span> <span class='ocrx_word' id='word_1_46' title='bbox 1480 484 1596 554; x_wconf 88' lang='lat' dir='ltr'>periculi</span> <span class='ocrx_word' id='word_1_47' title='bbox 1620 488 1710 558; x_wconf 88' lang='lat' dir='ltr'>suspi-</span> 
     </span>
     <span class='ocr_line' id='line_1_5' title="bbox 57 563 1709 639; baseline 0.004 -17"><span class='ocrx_word' id='word_1_48' title='bbox 57 567 107 633; x_wconf 88' lang='lat' dir='ltr'>tio,</span> <span class='ocrx_word' id='word_1_49' title='bbox 123 565 262 623; x_wconf 70' lang='lat' dir='ltr'>ascensio.</span> <span class='ocrx_word' id='word_1_50' title='bbox 277 564 338 621; x_wconf 88' lang='lat' dir='ltr'>Istis</span> <span class='ocrx_word' id='word_1_51' title='bbox 354 583 402 622; x_wconf 87' lang='lat' dir='ltr'>sex</span> <span class='ocrx_word' id='word_1_52' title='bbox 415 565 511 622; x_wconf 88' lang='lat' dir='ltr'>diebus</span> <span class='ocrx_word' id='word_1_53' title='bbox 525 575 652 638; x_wconf 91' lang='lat' dir='ltr'>operatus</span> <span class='ocrx_word' id='word_1_54' title='bbox 667 572 708 620; x_wconf 89' lang='lat' dir='ltr'>est</span> <span class='ocrx_word' id='word_1_55' title='bbox 723 563 856 620; x_wconf 83' lang='lat' dir='ltr'><strong>Dominus</strong></span> <span class='ocrx_word' id='word_1_56' title='bbox 910 564 987 621; x_wconf 91' lang='lat' dir='ltr'>cione</span> <span class='ocrx_word' id='word_1_57' title='bbox 1004 564 1089 622; x_wconf 91' lang='lat' dir='ltr'>factus</span> <span class='ocrx_word' id='word_1_58' title='bbox 1112 577 1154 622; x_wconf 92' lang='grc' dir='ltr'>εει</span> <span class='ocrx_word' id='word_1_59' title='bbox 1181 566 1251 637; x_wconf 80' lang='lat' dir='ltr'>(lob.</span> <span class='ocrx_word' id='word_1_60' title='bbox 1276 583 1344 633; x_wconf 87' lang='lat' dir='ltr'>xxx,</span> <span class='ocrx_word' id='word_1_61' title='bbox 1370 569 1427 639; x_wconf 77' lang='lat' dir='ltr'>us).</span> <span class='ocrx_word' id='word_1_62' title='bbox 1450 570 1535 626; x_wconf 86' lang='lat' dir='ltr'>David</span> <span class='ocrx_word' id='word_1_63' title='bbox 1556 572 1606 628; x_wconf 90' lang='lat' dir='ltr'>suh</span> <span class='ocrx_word' id='word_1_64' title='bbox 1629 572 1709 630; x_wconf 90' lang='lat' dir='ltr'>istius</span> 
     </span>
     <span class='ocr_line' id='line_1_6' title="bbox 57 653 1710 727; baseline 0.005 -17"><span class='ocrx_word' id='word_1_65' title='bbox 57 656 173 711; x_wconf 89' lang='lat' dir='ltr'>salutem</span> <span class='ocrx_word' id='word_1_66' title='bbox 184 655 211 710; x_wconf 90' lang='lat' dir='ltr'>in</span> <span class='ocrx_word' id='word_1_67' title='bbox 222 654 310 712; x_wconf 92' lang='lat' dir='ltr'>medio</span> <span class='ocrx_word' id='word_1_68' title='bbox 322 663 398 711; x_wconf 82' lang='lat' dir='ltr'>terrae</span> <span class='ocrx_word' id='word_1_69' title='bbox 410 655 493 727; x_wconf 83' lang='lat' dir='ltr'>(Psol.</span> <span class='ocrx_word' id='word_1_70' title='bbox 509 670 609 724; x_wconf 85' lang='lat' dir='ltr'>nxxrrr,</span> <span class='ocrx_word' id='word_1_71' title='bbox 626 656 682 727; x_wconf 75' lang='lat' dir='ltr'>lt),</span> <span class='ocrx_word' id='word_1_72' title='bbox 694 661 720 709; x_wconf 90' lang='lat' dir='ltr'>et</span> <span class='ocrx_word' id='word_1_73' title='bbox 735 654 856 726; x_wconf 88' lang='lat' dir='ltr'>requies·</span> <span class='ocrx_word' id='word_1_74' title='bbox 910 653 1005 709; x_wconf 88' lang='lat' dir='ltr'>umbra</span> <span class='ocrx_word' id='word_1_75' title='bbox 1022 669 1135 712; x_wconf 88' lang='lat' dir='ltr'>securus</span> <span class='ocrx_word' id='word_1_76' title='bbox 1149 670 1198 726; x_wconf 93' lang='lat' dir='ltr'>per</span> <span class='ocrx_word' id='word_1_77' title='bbox 1209 655 1330 712; x_wconf 89' lang='lat' dir='ltr'>umbram</span> <span class='ocrx_word' id='word_1_78' title='bbox 1345 658 1441 713; x_wconf 87' lang='lat' dir='ltr'>mortis</span> <span class='ocrx_word' id='word_1_79' title='bbox 1455 659 1582 716; x_wconf 74' lang='lat' dir='ltr'>incedere</span> <span class='ocrx_word' id='word_1_80' title='bbox 1599 675 1652 717; x_wconf 92' lang='lat' dir='ltr'>noa</span> <span class='ocrx_word' id='word_1_81' title='bbox 1667 678 1710 719; x_wconf 88' lang='lat' dir='ltr'>re·</span> 
     </span>
     <span class='ocr_line' id='line_1_7' title="bbox 56 742 1707 822; baseline 0.004 -22"><span class='ocrx_word' id='word_1_82' title='bbox 56 744 169 800; x_wconf 90' lang='lat' dir='ltr'>censab</span> <span class='ocrx_word' id='word_1_83' title='bbox 188 745 261 801; x_wconf 91' lang='lat' dir='ltr'>omni</span> <span class='ocrx_word' id='word_1_84' title='bbox 290 759 372 817; x_wconf 91' lang='lat' dir='ltr'>opere</span> <span class='ocrx_word' id='word_1_85' title='bbox 393 744 465 815; x_wconf 92' lang='lat' dir='ltr'>quod</span> <span class='ocrx_word' id='word_1_86' title='bbox 489 753 616 816; x_wconf 87' lang='lat' dir='ltr'>patrarat,</span> <span class='ocrx_word' id='word_1_87' title='bbox 645 743 796 816; x_wconf 84' lang='lat' dir='ltr'>sedensque</span> <span class='ocrx_word' id='word_1_88' title='bbox 828 742 857 798; x_wconf 91' lang='lat' dir='ltr'>in</span> <span class='ocrx_word' id='word_1_89' title='bbox 910 750 993 799; x_wconf 85' lang='lat' dir='ltr'>retur.</span> <span class='ocrx_word' id='word_1_90' title='bbox 1013 744 1080 801; x_wconf 88' lang='lat' dir='ltr'>Cum</span> <span class='ocrx_word' id='word_1_91' title='bbox 1096 745 1168 800; x_wconf 91' lang='lat' dir='ltr'>euim</span> <span class='ocrx_word' id='word_1_92' title='bbox 1187 744 1259 801; x_wconf 89' lang='lat' dir='ltr'>Deus</span> <span class='ocrx_word' id='word_1_93' title='bbox 1275 745 1309 800; x_wconf 91' lang='lat' dir='ltr'>sit</span> <span class='ocrx_word' id='word_1_94' title='bbox 1324 746 1439 802; x_wconf 90' lang='lat' dir='ltr'>charitas</span> <span class='ocrx_word' id='word_1_95' title='bbox 1453 749 1480 820; x_wconf 92' lang='lat' dir='ltr'>(l</span> <span class='ocrx_word' id='word_1_96' title='bbox 1491 750 1573 807; x_wconf 77' lang='lat' dir='ltr'>loon.</span> <span class='ocrx_word' id='word_1_97' title='bbox 1594 764 1635 820; x_wconf 83' lang='lat' dir='ltr'>rr,</span> <span class='ocrx_word' id='word_1_98' title='bbox 1652 751 1707 822; x_wconf 83' lang='lat' dir='ltr'>lb),</span> 
     </span>
     <span class='ocr_line' id='line_1_8' title="bbox 57 830 1708 908; baseline 0.004 -21"><span class='ocrx_word' id='word_1_99' title='bbox 57 832 145 908; x_wconf 84' lang='lat' dir='ltr'>gloria</span> <span class='ocrx_word' id='word_1_100' title='bbox 164 832 214 889; x_wconf 90' lang='lat' dir='ltr'>Dei</span> <span class='ocrx_word' id='word_1_101' title='bbox 228 833 324 901; x_wconf 88' lang='lat' dir='ltr'>Patris,</span> <span class='ocrx_word' id='word_1_102' title='bbox 341 833 374 889; x_wconf 88' lang='lat' dir='ltr'>ad</span> <span class='ocrx_word' id='word_1_103' title='bbox 389 833 455 891; x_wconf 92' lang='lat' dir='ltr'>illud</span> <span class='ocrx_word' id='word_1_104' title='bbox 472 834 622 904; x_wconf 91' lang='lat' dir='ltr'>sabbatum,</span> <span class='ocrx_word' id='word_1_105' title='bbox 638 832 709 906; x_wconf 93' lang='lat' dir='ltr'>quod</span> <span class='ocrx_word' id='word_1_106' title='bbox 724 839 764 888; x_wconf 92' lang='lat' dir='ltr'>est</span> <span class='ocrx_word' id='word_1_107' title='bbox 785 832 857 889; x_wconf 91' lang='lat' dir='ltr'>illius</span> <span class='ocrx_word' id='word_1_108' title='bbox 909 830 960 886; x_wconf 89' lang='lat' dir='ltr'>scit</span> <span class='ocrx_word' id='word_1_109' title='bbox 974 832 1046 904; x_wconf 93' lang='lat' dir='ltr'>quod</span> <span class='ocrx_word' id='word_1_110' title='bbox 1070 832 1117 888; x_wconf 92' lang='lat' dir='ltr'>ubi</span> <span class='ocrx_word' id='word_1_111' title='bbox 1132 831 1166 888; x_wconf 90' lang='lat' dir='ltr'>sit</span> <span class='ocrx_word' id='word_1_112' title='bbox 1180 834 1305 904; x_wconf 89' lang='lat' dir='ltr'>charitas,</span> <span class='ocrx_word' id='word_1_113' title='bbox 1319 834 1356 891; x_wconf 94' lang='lat' dir='ltr'>ibi</span> <span class='ocrx_word' id='word_1_114' title='bbox 1375 843 1416 891; x_wconf 91' lang='grc' dir='ltr'>εει</span> <span class='ocrx_word' id='word_1_115' title='bbox 1430 837 1512 893; x_wconf 88' lang='lat' dir='ltr'>Deus.</span> <span class='ocrx_word' id='word_1_116' title='bbox 1529 837 1560 896; x_wconf 85' lang='lat' dir='ltr'>Si</span> <span class='ocrx_word' id='word_1_117' title='bbox 1579 839 1708 897; x_wconf 84' lang='lat' dir='ltr'>ambula·</span> 
     </span>
     <span class='ocr_line' id='line_1_9' title="bbox 57 910 1710 994; baseline 0.004 -17"><span class='ocrx_word' id='word_1_118' title='bbox 57 921 207 980; x_wconf 79' lang='lat' dir='ltr'>dilectione</span> <span class='ocrx_word' id='word_1_119' title='bbox 221 922 436 994; x_wconf 89' lang='lat' dir='ltr'>celeberrimum,</span> <span class='ocrx_word' id='word_1_120' title='bbox 450 922 664 980; x_wconf 79' lang='lat' dir='ltr'>misericorditer</span> <span class='ocrx_word' id='word_1_121' title='bbox 686 910 739 977; x_wconf 85' lang='lat' dir='ltr'>nos</span> <span class='ocrx_word' id='word_1_122' title='bbox 752 921 856 978; x_wconf 80' lang='lat' dir='ltr'>inritat.</span> <span class='ocrx_word' id='word_1_123' title='bbox 910 934 984 989; x_wconf 84' lang='lat' dir='ltr'>vero,</span> <span class='ocrx_word' id='word_1_124' title='bbox 1005 920 1101 991; x_wconf 91' lang='lat' dir='ltr'>inquit,</span> <span class='ocrx_word' id='word_1_125' title='bbox 1117 920 1151 978; x_wconf 79' lang='lat' dir='ltr'>io</span> <span class='ocrx_word' id='word_1_126' title='bbox 1161 921 1256 979; x_wconf 85' lang='lat' dir='ltr'>madio</span> <span class='ocrx_word' id='word_1_127' title='bbox 1277 923 1387 980; x_wconf 78' lang='lat' dir='ltr'>ambre</span> <span class='ocrx_word' id='word_1_128' title='bbox 1400 925 1512 991; x_wconf 83' lang='lat' dir='ltr'>mortis,</span> <span class='ocrx_word' id='word_1_129' title='bbox 1530 941 1590 986; x_wconf 82' lang='lat' dir='ltr'>ooo</span> <span class='ocrx_word' id='word_1_130' title='bbox 1606 924 1710 984; x_wconf 77' lang='lat' dir='ltr'>timebo</span> 
     </span>
     <span class='ocr_line' id='line_1_10' title="bbox 57 1010 1605 1087; baseline 0 -19"><span class='ocrx_word' id='word_1_131' title='bbox 57 1010 251 1081; x_wconf 84' lang='lat' dir='ltr'>Obonelesu,</span> <span class='ocrx_word' id='word_1_132' title='bbox 281 1026 297 1066; x_wconf 93' lang='lat' dir='ltr'>o</span> <span class='ocrx_word' id='word_1_133' title='bbox 321 1010 448 1084; x_wconf 84' lang='lat' dir='ltr'>henigne,</span> <span class='ocrx_word' id='word_1_134' title='bbox 477 1026 493 1068; x_wconf 94' lang='lat' dir='ltr'>o</span> <span class='ocrx_word' id='word_1_135' title='bbox 517 1010 651 1078; x_wconf 88' lang='lat' dir='ltr'>amabilis,</span> <span class='ocrx_word' id='word_1_136' title='bbox 676 1027 693 1066; x_wconf 96' lang='lat' dir='ltr'>o</span> <span class='ocrx_word' id='word_1_137' title='bbox 716 1010 814 1079; x_wconf 87' lang='lat' dir='ltr'>auaris,</span> <span class='ocrx_word' id='word_1_138' title='bbox 840 1023 857 1067; x_wconf 90' lang='lat' dir='ltr'>o</span> <span class='ocrx_word' id='word_1_139' title='bbox 910 1011 1356 1082; x_wconf 84' lang='lat' dir='ltr'>moto,quooiomtumacomea</span> <span class='ocrx_word' id='word_1_140' title='bbox 1377 1014 1550 1087; x_wconf 48' lang='lat' dir='ltr'>(Paolum,</span> <span class='ocrx_word' id='word_1_141' title='bbox 1566 1017 1605 1085; x_wconf 81' lang='lat' dir='ltr'>l).</span> 
     </span>
     <span class='ocr_line' id='line_1_11' title="bbox 58 1095 1710 1173; baseline 0.003 -18"><span class='ocrx_word' id='word_1_142' title='bbox 58 1098 156 1164; x_wconf 89' lang='lat' dir='ltr'>dulcis,</span> <span class='ocrx_word' id='word_1_143' title='bbox 168 1115 185 1156; x_wconf 94' lang='lat' dir='ltr'>o</span> <span class='ocrx_word' id='word_1_144' title='bbox 196 1101 365 1167; x_wconf 82' lang='lat' dir='ltr'>amorlleus,</span> <span class='ocrx_word' id='word_1_145' title='bbox 378 1099 571 1173; x_wconf 87' lang='lat' dir='ltr'>qaiddulcius,</span> <span class='ocrx_word' id='word_1_146' title='bbox 583 1100 647 1173; x_wconf 92' lang='lat' dir='ltr'>quid</span> <span class='ocrx_word' id='word_1_147' title='bbox 662 1099 781 1165; x_wconf 88' lang='lat' dir='ltr'>suarius,</span> <span class='ocrx_word' id='word_1_148' title='bbox 792 1095 858 1170; x_wconf 94' lang='lat' dir='ltr'>quid</span> <span class='ocrx_word' id='word_1_149' title='bbox 947 1097 992 1151; x_wconf 86' lang='grc' dir='ltr'>6ι.</span> <span class='ocrx_word' id='word_1_150' title='bbox 1007 1096 1103 1154; x_wconf 87' lang='lat' dir='ltr'>Infelix</span> <span class='ocrx_word' id='word_1_151' title='bbox 1125 1112 1187 1171; x_wconf 85' lang='lat' dir='ltr'>ego,</span> <span class='ocrx_word' id='word_1_152' title='bbox 1202 1097 1284 1155; x_wconf 82' lang='lat' dir='ltr'>dilexi</span> <span class='ocrx_word' id='word_1_153' title='bbox 1303 1101 1433 1157; x_wconf 86' lang='lat' dir='ltr'>hacteuus</span> <span class='ocrx_word' id='word_1_154' title='bbox 1457 1103 1607 1168; x_wconf 72' lang='lat' dir='ltr'>mundumr</span> <span class='ocrx_word' id='word_1_155' title='bbox 1623 1102 1710 1160; x_wconf 90' lang='lat' dir='ltr'>dilec-</span> 
     </span>
     <span class='ocr_line' id='line_1_12' title="bbox 59 1184 1711 1262; baseline 0.002 -17"><span class='ocrx_word' id='word_1_156' title='bbox 59 1187 216 1258; x_wconf 86' lang='lat' dir='ltr'>amabilius,</span> <span class='ocrx_word' id='word_1_157' title='bbox 243 1203 324 1262; x_wconf 92' lang='lat' dir='ltr'>quam</span> <span class='ocrx_word' id='word_1_158' title='bbox 349 1205 456 1259; x_wconf 78' lang='lat' dir='ltr'>vacare,</span> <span class='ocrx_word' id='word_1_159' title='bbox 484 1189 626 1246; x_wconf 79' lang='lat' dir='ltr'>stridere</span> <span class='ocrx_word' id='word_1_160' title='bbox 654 1196 786 1262; x_wconf 89' lang='lat' dir='ltr'>quantem</span> <span class='ocrx_word' id='word_1_161' title='bbox 808 1201 859 1244; x_wconf 89' lang='lat' dir='ltr'>uos</span> <span class='ocrx_word' id='word_1_162' title='bbox 911 1184 1027 1239; x_wconf 91' lang='lat' dir='ltr'>ctionem</span> <span class='ocrx_word' id='word_1_163' title='bbox 1050 1194 1133 1253; x_wconf 91' lang='lat' dir='ltr'>tuam,</span> <span class='ocrx_word' id='word_1_164' title='bbox 1162 1188 1244 1255; x_wconf 84' lang='lat' dir='ltr'>Deus,</span> <span class='ocrx_word' id='word_1_165' title='bbox 1269 1189 1354 1245; x_wconf 88' lang='lat' dir='ltr'>amori</span> <span class='ocrx_word' id='word_1_166' title='bbox 1386 1190 1526 1248; x_wconf 90' lang='lat' dir='ltr'>mundano</span> <span class='ocrx_word' id='word_1_167' title='bbox 1554 1192 1711 1262; x_wconf 73' lang='lat' dir='ltr'>posthabui.</span> 
     </span>
     <span class='ocr_line' id='line_1_13' title="bbox 58 1272 1714 1349; baseline 0.003 -18"><span class='ocrx_word' id='word_1_168' title='bbox 58 1276 194 1332; x_wconf 86' lang='lat' dir='ltr'>amareris</span> <span class='ocrx_word' id='word_1_169' title='bbox 208 1276 222 1332; x_wconf 80' lang='lat' dir='ltr'>i</span> <span class='ocrx_word' id='word_1_170' title='bbox 237 1276 323 1346; x_wconf 86' lang='lat' dir='ltr'>Quam</span> <span class='ocrx_word' id='word_1_171' title='bbox 338 1276 393 1347; x_wconf 89' lang='lat' dir='ltr'>pie,</span> <span class='ocrx_word' id='word_1_172' title='bbox 409 1293 490 1349; x_wconf 89' lang='lat' dir='ltr'>quam</span> <span class='ocrx_word' id='word_1_173' title='bbox 511 1275 725 1333; x_wconf 83' lang='lat' dir='ltr'>misericorditer</span> <span class='ocrx_word' id='word_1_174' title='bbox 743 1275 772 1331; x_wconf 93' lang='lat' dir='ltr'>in</span> <span class='ocrx_word' id='word_1_175' title='bbox 794 1291 860 1332; x_wconf 92' lang='lat' dir='ltr'>con-</span> <span class='ocrx_word' id='word_1_176' title='bbox 911 1273 990 1329; x_wconf 90' lang='lat' dir='ltr'>Nunc</span> <span class='ocrx_word' id='word_1_177' title='bbox 1003 1288 1018 1328; x_wconf 94' lang='lat' dir='ltr'>e</span> <span class='ocrx_word' id='word_1_178' title='bbox 1031 1272 1139 1330; x_wconf 80' lang='lat' dir='ltr'>diverso</span> <span class='ocrx_word' id='word_1_179' title='bbox 1160 1275 1235 1345; x_wconf 89' lang='lat' dir='ltr'>facis,</span> <span class='ocrx_word' id='word_1_180' title='bbox 1257 1279 1407 1334; x_wconf 87' lang='lat' dir='ltr'>secundum</span> <span class='ocrx_word' id='word_1_181' title='bbox 1422 1278 1529 1336; x_wconf 81' lang='lat' dir='ltr'>divitias</span> <span class='ocrx_word' id='word_1_182' title='bbox 1553 1279 1714 1336; x_wconf 89' lang='lat' dir='ltr'>misericor·</span> 
     </span>
     <span class='ocr_line' id='line_1_14' title="bbox 58 1360 1712 1441; baseline 0.002 -19"><span class='ocrx_word' id='word_1_183' title='bbox 58 1365 186 1437; x_wconf 86' lang='lat' dir='ltr'>ceptione</span> <span class='ocrx_word' id='word_1_184' title='bbox 201 1373 227 1420; x_wconf 91' lang='lat' dir='ltr'>et</span> <span class='ocrx_word' id='word_1_185' title='bbox 244 1363 383 1420; x_wconf 72' lang='lat' dir='ltr'>nativitate</span> <span class='ocrx_word' id='word_1_186' title='bbox 396 1372 441 1420; x_wconf 91' lang='lat' dir='ltr'>tua</span> <span class='ocrx_word' id='word_1_187' title='bbox 455 1373 482 1420; x_wconf 91' lang='lat' dir='ltr'>te</span> <span class='ocrx_word' id='word_1_188' title='bbox 497 1364 624 1437; x_wconf 90' lang='lat' dir='ltr'>dignatus</span> <span class='ocrx_word' id='word_1_189' title='bbox 648 1366 685 1420; x_wconf 92' lang='lat' dir='ltr'>sis</span> <span class='ocrx_word' id='word_1_190' title='bbox 712 1364 859 1434; x_wconf 89' lang='lat' dir='ltr'>exinanire,</span> <span class='ocrx_word' id='word_1_191' title='bbox 912 1360 964 1416; x_wconf 85' lang='lat' dir='ltr'>diae</span> <span class='ocrx_word' id='word_1_192' title='bbox 978 1367 1041 1429; x_wconf 85' lang='lat' dir='ltr'>ture,</span> <span class='ocrx_word' id='word_1_193' title='bbox 1056 1371 1087 1419; x_wconf 92' lang='lat' dir='ltr'>ut</span> <span class='ocrx_word' id='word_1_194' title='bbox 1105 1369 1132 1419; x_wconf 93' lang='grc' dir='ltr'>ιε</span> <span class='ocrx_word' id='word_1_195' title='bbox 1150 1363 1272 1439; x_wconf 76' lang='lat' dir='ltr'>diligam,</span> <span class='ocrx_word' id='word_1_196' title='bbox 1288 1367 1472 1439; x_wconf 90' lang='lat' dir='ltr'>mundumque</span> <span class='ocrx_word' id='word_1_197' title='bbox 1486 1374 1513 1424; x_wconf 92' lang='grc' dir='ltr'>ει</span> <span class='ocrx_word' id='word_1_198' title='bbox 1532 1369 1622 1425; x_wconf 86' lang='lat' dir='ltr'>emnia</span> <span class='ocrx_word' id='word_1_199' title='bbox 1649 1383 1712 1441; x_wconf 80' lang='lat' dir='ltr'>quae</span> 
     </span>
     <span class='ocr_line' id='line_1_15' title="bbox 61 1450 1713 1529; baseline 0.004 -19"><span class='ocrx_word' id='word_1_200' title='bbox 61 1452 197 1524; x_wconf 89' lang='lat' dir='ltr'>usquead</span> <span class='ocrx_word' id='word_1_201' title='bbox 212 1452 523 1509; x_wconf 86' lang='lat' dir='ltr'>infirmitates&#39;infantilis</span> <span class='ocrx_word' id='word_1_202' title='bbox 541 1453 673 1509; x_wconf 79' lang='lat' dir='ltr'>naturae?</span> <span class='ocrx_word' id='word_1_203' title='bbox 691 1451 778 1524; x_wconf 89' lang='lat' dir='ltr'>Quam</span> <span class='ocrx_word' id='word_1_204' title='bbox 802 1451 854 1510; x_wconf 86' lang='lat' dir='ltr'>bc·</span> <span class='ocrx_word' id='word_1_205' title='bbox 912 1450 940 1506; x_wconf 91' lang='lat' dir='ltr'>in</span> <span class='ocrx_word' id='word_1_206' title='bbox 955 1467 987 1509; x_wconf 91' lang='lat' dir='ltr'>co</span> <span class='ocrx_word' id='word_1_207' title='bbox 1003 1459 1075 1520; x_wconf 89' lang='lat' dir='ltr'>sunt,</span> <span class='ocrx_word' id='word_1_208' title='bbox 1092 1471 1148 1526; x_wconf 83' lang='lat' dir='ltr'>prae</span> <span class='ocrx_word' id='word_1_209' title='bbox 1166 1464 1212 1512; x_wconf 90' lang='lat' dir='ltr'>tue</span> <span class='ocrx_word' id='word_1_210' title='bbox 1226 1455 1370 1515; x_wconf 88' lang='lat' dir='ltr'>dilectione</span> <span class='ocrx_word' id='word_1_211' title='bbox 1387 1466 1572 1529; x_wconf 66' lang='lat' dir='ltr'>contemnam</span> <span class='ocrx_word' id='word_1_212' title='bbox 1593 1459 1713 1517; x_wconf 74' lang='lat' dir='ltr'>fastidiet</span> 
     </span>
     <span class='ocr_line' id='line_1_16' title="bbox 59 1540 1711 1618; baseline 0.005 -20"><span class='ocrx_word' id='word_1_213' title='bbox 59 1543 153 1615; x_wconf 85' lang='lat' dir='ltr'>aigne,</span> <span class='ocrx_word' id='word_1_214' title='bbox 178 1557 259 1614; x_wconf 90' lang='lat' dir='ltr'>quam</span> <span class='ocrx_word' id='word_1_215' title='bbox 288 1540 433 1617; x_wconf 82' lang='lat' dir='ltr'>diligenter</span> <span class='ocrx_word' id='word_1_216' title='bbox 460 1558 511 1598; x_wconf 89' lang='lat' dir='ltr'>nos</span> <span class='ocrx_word' id='word_1_217' title='bbox 538 1542 610 1598; x_wconf 85' lang='lat' dir='ltr'>viam</span> <span class='ocrx_word' id='word_1_218' title='bbox 634 1541 696 1599; x_wconf 75' lang='lat' dir='ltr'>rirae</span> <span class='ocrx_word' id='word_1_219' title='bbox 717 1543 801 1600; x_wconf 86' lang='lat' dir='ltr'>verbo</span> <span class='ocrx_word' id='word_1_220' title='bbox 829 1548 858 1598; x_wconf 93' lang='lat' dir='ltr'>et</span> <span class='ocrx_word' id='word_1_221' title='bbox 909 1540 999 1597; x_wconf 86' lang='lat' dir='ltr'>anima</span> <span class='ocrx_word' id='word_1_222' title='bbox 1014 1557 1076 1600; x_wconf 88' lang='lat' dir='ltr'>mea</span> <span class='ocrx_word' id='word_1_223' title='bbox 1088 1542 1116 1599; x_wconf 91' lang='lat' dir='ltr'>in</span> <span class='ocrx_word' id='word_1_224' title='bbox 1131 1544 1265 1602; x_wconf 89' lang='lat' dir='ltr'>desiderio</span> <span class='ocrx_word' id='word_1_225' title='bbox 1280 1546 1330 1613; x_wconf 91' lang='lat' dir='ltr'>tui,</span> <span class='ocrx_word' id='word_1_226' title='bbox 1345 1548 1429 1615; x_wconf 85' lang='lat' dir='ltr'>Deus,</span> <span class='ocrx_word' id='word_1_227' title='bbox 1444 1548 1545 1606; x_wconf 88' lang='lat' dir='ltr'>coelurn</span> <span class='ocrx_word' id='word_1_228' title='bbox 1559 1556 1586 1605; x_wconf 90' lang='lat' dir='ltr'>et</span> <span class='ocrx_word' id='word_1_229' title='bbox 1601 1555 1711 1618; x_wconf 88' lang='lat' dir='ltr'>terram,</span> 
     </span>
     <span class='ocr_line' id='line_1_17' title="bbox 60 1593 1712 1706; baseline 0.007 -21"><span class='ocrx_word' id='word_1_230' title='bbox 60 1629 190 1699; x_wconf 91' lang='lat' dir='ltr'>exemplo</span> <span class='ocrx_word' id='word_1_231' title='bbox 204 1629 329 1685; x_wconf 90' lang='lat' dir='ltr'>docueris</span> <span class='ocrx_word' id='word_1_232' title='bbox 343 1629 358 1684; x_wconf 80' lang='lat' dir='ltr'>i</span> <span class='ocrx_word' id='word_1_233' title='bbox 371 1628 477 1699; x_wconf 89' lang='lat' dir='ltr'>Quanta</span> <span class='ocrx_word' id='word_1_234' title='bbox 491 1629 650 1702; x_wconf 89' lang='lat' dir='ltr'>dignatione</span> <span class='ocrx_word' id='word_1_235' title='bbox 674 1635 699 1685; x_wconf 92' lang='lat' dir='ltr'>te</span> <span class='ocrx_word' id='word_1_236' title='bbox 714 1644 763 1701; x_wconf 92' lang='lat' dir='ltr'>pro</span> <span class='ocrx_word' id='word_1_237' title='bbox 778 1628 858 1687; x_wconf 90' lang='lat' dir='ltr'>nobis</span> <span class='ocrx_word' id='word_1_238' title='bbox 872 1593 896 1672; x_wconf 64' lang='grc' dir='ltr'><strong><em>Β</em></strong></span> <span class='ocrx_word' id='word_1_239' title='bbox 910 1637 937 1684; x_wconf 88' lang='grc' dir='ltr'>ει</span> <span class='ocrx_word' id='word_1_240' title='bbox 950 1630 1041 1687; x_wconf 90' lang='lat' dir='ltr'>omnia</span> <span class='ocrx_word' id='word_1_241' title='bbox 1055 1648 1116 1705; x_wconf 85' lang='lat' dir='ltr'>quae</span> <span class='ocrx_word' id='word_1_242' title='bbox 1137 1632 1165 1688; x_wconf 92' lang='lat' dir='ltr'>iu</span> <span class='ocrx_word' id='word_1_243' title='bbox 1193 1649 1227 1691; x_wconf 93' lang='lat' dir='ltr'>eo</span> <span class='ocrx_word' id='word_1_244' title='bbox 1251 1642 1325 1692; x_wconf 88' lang='lat' dir='ltr'>sunt.</span> <span class='ocrx_word' id='word_1_245' title='bbox 1354 1635 1425 1706; x_wconf 90' lang='lat' dir='ltr'>Quid</span> <span class='ocrx_word' id='word_1_246' title='bbox 1441 1636 1514 1694; x_wconf 91' lang='lat' dir='ltr'>enim</span> <span class='ocrx_word' id='word_1_247' title='bbox 1531 1637 1600 1693; x_wconf 92' lang='lat' dir='ltr'>mihi</span> <span class='ocrx_word' id='word_1_248' title='bbox 1626 1637 1712 1697; x_wconf 86' lang='lat' dir='ltr'>ostia</span> 
     </span>
     <span class='ocr_line' id='line_1_18' title="bbox 61 1717 1713 1794; baseline 0.005 -20"><span class='ocrx_word' id='word_1_249' title='bbox 61 1717 144 1776; x_wconf 90' lang='lat' dir='ltr'>morti</span> <span class='ocrx_word' id='word_1_250' title='bbox 162 1717 318 1776; x_wconf 73' lang='lat' dir='ltr'>obtuleris?</span> <span class='ocrx_word' id='word_1_251' title='bbox 343 1717 487 1788; x_wconf 90' lang='lat' dir='ltr'>Quomodo</span> <span class='ocrx_word' id='word_1_252' title='bbox 513 1735 661 1791; x_wconf 70' lang='lat' dir='ltr'>resurgens</span> <span class='ocrx_word' id='word_1_253' title='bbox 686 1718 713 1774; x_wconf 91' lang='lat' dir='ltr'>in</span> <span class='ocrx_word' id='word_1_254' title='bbox 741 1719 857 1794; x_wconf 89' lang='lat' dir='ltr'>gloriam</span> <span class='ocrx_word' id='word_1_255' title='bbox 911 1718 992 1786; x_wconf 88' lang='lat' dir='ltr'>coelo,</span> <span class='ocrx_word' id='word_1_256' title='bbox 1013 1727 1039 1775; x_wconf 90' lang='grc' dir='ltr'>ει</span> <span class='ocrx_word' id='word_1_257' title='bbox 1054 1721 1188 1794; x_wconf 84' lang='lat' dir='ltr'>alequid</span> <span class='ocrx_word' id='word_1_258' title='bbox 1203 1721 1274 1778; x_wconf 85' lang='lat' dir='ltr'>volui</span> <span class='ocrx_word' id='word_1_259' title='bbox 1290 1739 1370 1792; x_wconf 74' lang='lat' dir='ltr'>super</span> <span class='ocrx_word' id='word_1_260' title='bbox 1386 1725 1507 1780; x_wconf 76' lang='lat' dir='ltr'>terram?</span> <span class='ocrx_word' id='word_1_261' title='bbox 1531 1727 1605 1783; x_wconf 84' lang='lat' dir='ltr'>ilaus</span> <span class='ocrx_word' id='word_1_262' title='bbox 1620 1725 1713 1784; x_wconf 82' lang='lat' dir='ltr'>cordis</span> 
     </span>
     <span class='ocr_line' id='line_1_19' title="bbox 61 1806 1711 1884; baseline 0.004 -19"><span class='ocrx_word' id='word_1_263' title='bbox 61 1816 148 1873; x_wconf 90' lang='lat' dir='ltr'>tuam,</span> <span class='ocrx_word' id='word_1_264' title='bbox 163 1815 286 1863; x_wconf 89' lang='lat' dir='ltr'>naturam</span> <span class='ocrx_word' id='word_1_265' title='bbox 297 1807 466 1880; x_wconf 76' lang='lat' dir='ltr'>reparaveris</span> <span class='ocrx_word' id='word_1_266' title='bbox 481 1807 628 1862; x_wconf 90' lang='lat' dir='ltr'>humanam</span> <span class='ocrx_word' id='word_1_267' title='bbox 643 1825 651 1876; x_wconf 86' lang='lat'>;</span> <span class='ocrx_word' id='word_1_268' title='bbox 667 1817 693 1864; x_wconf 91' lang='lat' dir='ltr'>et</span> <span class='ocrx_word' id='word_1_269' title='bbox 708 1808 858 1867; x_wconf 84' lang='lat' dir='ltr'>ascendens</span> <span class='ocrx_word' id='word_1_270' title='bbox 911 1806 974 1873; x_wconf 90' lang='lat' dir='ltr'>mei,</span> <span class='ocrx_word' id='word_1_271' title='bbox 990 1817 1019 1864; x_wconf 91' lang='lat' dir='ltr'>et</span> <span class='ocrx_word' id='word_1_272' title='bbox 1032 1824 1096 1877; x_wconf 84' lang='lat' dir='ltr'>para</span> <span class='ocrx_word' id='word_1_273' title='bbox 1111 1810 1255 1866; x_wconf 79' lang='lat' dir='ltr'>moeliens</span> <span class='ocrx_word' id='word_1_274' title='bbox 1273 1809 1300 1864; x_wconf 93' lang='lat' dir='ltr'>in</span> <span class='ocrx_word' id='word_1_275' title='bbox 1311 1821 1445 1868; x_wconf 83' lang='lat' dir='ltr'>aetemum</span> <span class='ocrx_word' id='word_1_276' title='bbox 1460 1813 1547 1882; x_wconf 80' lang='lat' dir='ltr'>(Prot.</span> <span class='ocrx_word' id='word_1_277' title='bbox 1564 1829 1649 1883; x_wconf 81' lang='lat' dir='ltr'>saxu,</span> <span class='ocrx_word' id='word_1_278' title='bbox 1664 1817 1711 1884; x_wconf 77' lang='lat' dir='ltr'>ab,</span> 
     </span>
     <span class='ocr_line' id='line_1_20' title="bbox 59 1895 1714 1974; baseline 0.006 -25"><span class='ocrx_word' id='word_1_279' title='bbox 59 1895 87 1950; x_wconf 92' lang='lat' dir='ltr'>in</span> <span class='ocrx_word' id='word_1_280' title='bbox 104 1897 212 1962; x_wconf 88' lang='lat' dir='ltr'>eoelum,</span> <span class='ocrx_word' id='word_1_281' title='bbox 223 1911 282 1952; x_wconf 91' lang='lat' dir='ltr'>eam</span> <span class='ocrx_word' id='word_1_282' title='bbox 297 1895 323 1950; x_wconf 93' lang='lat' dir='ltr'>in</span> <span class='ocrx_word' id='word_1_283' title='bbox 339 1897 436 1954; x_wconf 90' lang='lat' dir='ltr'>throno</span> <span class='ocrx_word' id='word_1_284' title='bbox 450 1895 601 1967; x_wconf 85' lang='lat' dir='ltr'>majestatis</span> <span class='ocrx_word' id='word_1_285' title='bbox 626 1904 677 1953; x_wconf 84' lang='lat' dir='ltr'>ture</span> <span class='ocrx_word' id='word_1_286' title='bbox 701 1897 857 1954; x_wconf 85' lang='lat' dir='ltr'>collocave-</span> <span class='ocrx_word' id='word_1_287' title='bbox 912 1897 969 1966; x_wconf 75' lang='lat'>26).</span> <span class='ocrx_word' id='word_1_288' title='bbox 985 1895 1097 1953; x_wconf 82' lang='lat' dir='ltr'>Deficiet</span> <span class='ocrx_word' id='word_1_289' title='bbox 1113 1897 1143 1953; x_wconf 91' lang='lat' dir='ltr'>in</span> <span class='ocrx_word' id='word_1_290' title='bbox 1157 1914 1249 1954; x_wconf 85' lang='lat' dir='ltr'>amore</span> <span class='ocrx_word' id='word_1_291' title='bbox 1272 1896 1356 1956; x_wconf 79' lang='lat' dir='ltr'>m</span> <span class='ocrx_word' id='word_1_292' title='bbox 1381 1908 1426 1956; x_wconf 89' lang='lat' dir='ltr'>tuo</span> <span class='ocrx_word' id='word_1_293' title='bbox 1440 1907 1466 1957; x_wconf 90' lang='grc' dir='ltr'>ει</span> <span class='ocrx_word' id='word_1_294' title='bbox 1480 1900 1714 1974; x_wconf 87' lang='lat' dir='ltr'>liquescatauirua</span> 
     </span>
     <span class='ocr_line' id='line_1_21' title="bbox 59 1982 1712 2063; baseline 0.005 -22"><span class='ocrx_word' id='word_1_295' title='bbox 59 1983 98 2041; x_wconf 89' lang='lat' dir='ltr'>ris</span> <span class='ocrx_word' id='word_1_296' title='bbox 114 1985 260 2056; x_wconf 82' lang='lat' dir='ltr'>gloriosam</span> <span class='ocrx_word' id='word_1_297' title='bbox 274 1982 859 2056; x_wconf 80' lang='lat' dir='ltr'>iQuidlelicius,qeidjucundiussabbato</span> <span class='ocrx_word' id='word_1_298' title='bbox 913 2000 982 2051; x_wconf 89' lang='lat' dir='ltr'>mea,</span> <span class='ocrx_word' id='word_1_299' title='bbox 999 1993 1028 2041; x_wconf 88' lang='lat' dir='ltr'>ut</span> <span class='ocrx_word' id='word_1_300' title='bbox 1047 1985 1074 2039; x_wconf 92' lang='lat' dir='ltr'>in</span> <span class='ocrx_word' id='word_1_301' title='bbox 1089 1985 1238 2044; x_wconf 88' lang='lat' dir='ltr'>deficiendo</span> <span class='ocrx_word' id='word_1_302' title='bbox 1251 2003 1288 2044; x_wconf 88' lang='lat' dir='ltr'>ox</span> <span class='ocrx_word' id='word_1_303' title='bbox 1310 2004 1353 2044; x_wconf 90' lang='lat' dir='ltr'>me</span> <span class='ocrx_word' id='word_1_304' title='bbox 1366 1988 1493 2063; x_wconf 89' lang='lat' dir='ltr'>spiritum</span> <span class='ocrx_word' id='word_1_305' title='bbox 1513 2007 1603 2047; x_wconf 91' lang='lat' dir='ltr'>meum</span> <span class='ocrx_word' id='word_1_306' title='bbox 1621 1991 1712 2061; x_wconf 79' lang='lat' dir='ltr'>(Prot.</span> 
     </span>
     <span class='ocr_line' id='line_1_22' title="bbox 59 2070 1715 2146; baseline 0.005 -17"><span class='ocrx_word' id='word_1_307' title='bbox 59 2073 136 2129; x_wconf 90' lang='lat' dir='ltr'>illius</span> <span class='ocrx_word' id='word_1_308' title='bbox 152 2070 259 2142; x_wconf 75' lang='lat' dir='ltr'>anima,</span> <span class='ocrx_word' id='word_1_309' title='bbox 276 2087 336 2144; x_wconf 77' lang='lat' dir='ltr'>quae</span> <span class='ocrx_word' id='word_1_310' title='bbox 351 2072 580 2144; x_wconf 80' lang='lat' dir='ltr'>contemplatione</span> <span class='ocrx_word' id='word_1_311' title='bbox 598 2079 624 2128; x_wconf 92' lang='grc' dir='ltr'>ει</span> <span class='ocrx_word' id='word_1_312' title='bbox 638 2073 782 2131; x_wconf 91' lang='lat' dir='ltr'>dilectione</span> <span class='ocrx_word' id='word_1_313' title='bbox 803 2075 859 2131; x_wconf 88' lang='lat' dir='ltr'>Do·</span> <span class='ocrx_word' id='word_1_314' title='bbox 912 2088 986 2139; x_wconf 79' lang='lat' dir='ltr'>esar,</span> <span class='ocrx_word' id='word_1_315' title='bbox 1003 2074 1038 2145; x_wconf 78' lang='grc' dir='ltr'>ι),</span> <span class='ocrx_word' id='word_1_316' title='bbox 1059 2074 1174 2146; x_wconf 90' lang='lat' dir='ltr'>psallam</span> <span class='ocrx_word' id='word_1_317' title='bbox 1189 2083 1215 2130; x_wconf 91' lang='lat' dir='ltr'>et</span> <span class='ocrx_word' id='word_1_318' title='bbox 1236 2082 1345 2132; x_wconf 87' lang='lat' dir='ltr'>cantem</span> <span class='ocrx_word' id='word_1_319' title='bbox 1368 2075 1416 2132; x_wconf 86' lang='lat' dir='ltr'>tihi</span> <span class='ocrx_word' id='word_1_320' title='bbox 1442 2077 1543 2135; x_wconf 88' lang='lat' dir='ltr'>amoris</span> <span class='ocrx_word' id='word_1_321' title='bbox 1562 2079 1676 2137; x_wconf 87' lang='lat' dir='ltr'>delicias</span> <span class='ocrx_word' id='word_1_322' title='bbox 1687 2087 1715 2138; x_wconf 87' lang='grc' dir='ltr'>ει</span> 
     </span>
     <span class='ocr_line' id='line_1_23' title="bbox 61 2160 1714 2237; baseline 0.005 -19"><span class='ocrx_word' id='word_1_323' title='bbox 61 2162 168 2218; x_wconf 86' lang='lat' dir='ltr'>minum</span> <span class='ocrx_word' id='word_1_324' title='bbox 193 2160 435 2233; x_wconf 89' lang='lat' dir='ltr'>comprehendens,</span> <span class='ocrx_word' id='word_1_325' title='bbox 463 2171 491 2216; x_wconf 91' lang='lat' dir='ltr'>et</span> <span class='ocrx_word' id='word_1_326' title='bbox 512 2161 640 2234; x_wconf 89' lang='lat' dir='ltr'>quasdam</span> <span class='ocrx_word' id='word_1_327' title='bbox 668 2161 765 2218; x_wconf 86' lang='lat' dir='ltr'>divinae</span> <span class='ocrx_word' id='word_1_328' title='bbox 794 2179 859 2219; x_wconf 88' lang='lat' dir='ltr'>sua·</span> <span class='ocrx_word' id='word_1_329' title='bbox 914 2161 1019 2218; x_wconf 85' lang='lat' dir='ltr'>divitias</span> <span class='ocrx_word' id='word_1_330' title='bbox 1040 2163 1179 2219; x_wconf 88' lang='lat' dir='ltr'>charitatis</span> <span class='ocrx_word' id='word_1_331' title='bbox 1195 2164 1289 2235; x_wconf 91' lang='lat' dir='ltr'>ipsius,</span> <span class='ocrx_word' id='word_1_332' title='bbox 1315 2180 1364 2236; x_wconf 88' lang='lat' dir='ltr'>per</span> <span class='ocrx_word' id='word_1_333' title='bbox 1382 2182 1463 2237; x_wconf 90' lang='lat' dir='ltr'>quam</span> <span class='ocrx_word' id='word_1_334' title='bbox 1483 2176 1605 2226; x_wconf 87' lang='lat' dir='ltr'>torrente</span> <span class='ocrx_word' id='word_1_335' title='bbox 1632 2169 1714 2226; x_wconf 83' lang='lat' dir='ltr'>rolu··</span> 
     </span>
     <span class='ocr_line' id='line_1_24' title="bbox 60 2249 1715 2329; baseline 0.003 -22"><span class='ocrx_word' id='word_1_336' title='bbox 60 2251 152 2308; x_wconf 77' lang='lat' dir='ltr'>sitatis</span> <span class='ocrx_word' id='word_1_337' title='bbox 184 2249 368 2321; x_wconf 84' lang='lat' dir='ltr'>experientias</span> <span class='ocrx_word' id='word_1_338' title='bbox 396 2249 423 2306; x_wconf 92' lang='lat' dir='ltr'>iu</span> <span class='ocrx_word' id='word_1_339' title='bbox 455 2266 485 2306; x_wconf 88' lang='lat' dir='ltr'>se</span> <span class='ocrx_word' id='word_1_340' title='bbox 515 2249 645 2320; x_wconf 90' lang='lat' dir='ltr'>formans,</span> <span class='ocrx_word' id='word_1_341' title='bbox 678 2250 861 2308; x_wconf 71' lang='lat' dir='ltr'>inestimabili</span> <span class='ocrx_word' id='word_1_342' title='bbox 913 2250 993 2319; x_wconf 81' lang='lat' dir='ltr'>pletis</span> <span class='ocrx_word' id='word_1_343' title='bbox 1009 2260 1257 2321; x_wconf 82' lang='lat' dir='ltr'>potanturaetemae</span> <span class='ocrx_word' id='word_1_344' title='bbox 1273 2254 1361 2323; x_wconf 84' lang='lat' dir='ltr'>(Psoi.</span> <span class='ocrx_word' id='word_1_345' title='bbox 1386 2270 1469 2323; x_wconf 85' lang='lat' dir='ltr'>xxxv,</span> <span class='ocrx_word' id='word_1_346' title='bbox 1487 2256 1525 2329; x_wconf 85' lang='grc'>9),</span> <span class='ocrx_word' id='word_1_347' title='bbox 1542 2272 1660 2329; x_wconf 90' lang='lat' dir='ltr'>quorum</span> <span class='ocrx_word' id='word_1_348' title='bbox 1677 2257 1715 2312; x_wconf 83' lang='lat' dir='ltr'>sf-</span> 
     </span>
     <span class='ocr_line' id='line_1_25' title="bbox 62 2337 1716 2416; baseline 0.005 -21"><span class='ocrx_word' id='word_1_349' title='bbox 62 2339 163 2414; x_wconf 82' lang='lat' dir='ltr'>gnuuio</span> <span class='ocrx_word' id='word_1_350' title='bbox 179 2347 279 2395; x_wconf 87' lang='lat' dir='ltr'>sanctae</span> <span class='ocrx_word' id='word_1_351' title='bbox 295 2338 429 2394; x_wconf 79' lang='lat' dir='ltr'>fruitionis</span> <span class='ocrx_word' id='word_1_352' title='bbox 443 2337 567 2408; x_wconf 88' lang='lat' dir='ltr'>afficitur,</span> <span class='ocrx_word' id='word_1_353' title='bbox 579 2339 644 2397; x_wconf 93' lang='lat' dir='ltr'>dum</span> <span class='ocrx_word' id='word_1_354' title='bbox 659 2356 675 2393; x_wconf 89' lang='lat' dir='ltr'>a</span> <span class='ocrx_word' id='word_1_355' title='bbox 689 2357 719 2394; x_wconf 90' lang='lat' dir='ltr'>se</span> <span class='ocrx_word' id='word_1_356' title='bbox 734 2338 859 2413; x_wconf 90' lang='lat' dir='ltr'>peregri·</span> <span class='ocrx_word' id='word_1_357' title='bbox 913 2340 993 2395; x_wconf 87' lang='lat' dir='ltr'>lectio</span> <span class='ocrx_word' id='word_1_358' title='bbox 1014 2355 1127 2412; x_wconf 90' lang='lat' dir='ltr'>prorsus</span> <span class='ocrx_word' id='word_1_359' title='bbox 1147 2357 1164 2396; x_wconf 89' lang='lat' dir='ltr'>a</span> <span class='ocrx_word' id='word_1_360' title='bbox 1183 2349 1226 2396; x_wconf 92' lang='lat' dir='ltr'>tua</span> <span class='ocrx_word' id='word_1_361' title='bbox 1245 2342 1389 2400; x_wconf 89' lang='lat' dir='ltr'>dilectione</span> <span class='ocrx_word' id='word_1_362' title='bbox 1412 2341 1539 2416; x_wconf 88' lang='lat' dir='ltr'>absorpta</span> <span class='ocrx_word' id='word_1_363' title='bbox 1563 2352 1615 2403; x_wconf 87' lang='lat' dir='ltr'>est.</span> <span class='ocrx_word' id='word_1_364' title='bbox 1639 2345 1716 2404; x_wconf 86' lang='lat' dir='ltr'>Sicut</span> 
     </span>
     <span class='ocr_line' id='line_1_26' title="bbox 63 2425 1714 2506; baseline 0.004 -21"><span class='ocrx_word' id='word_1_365' title='bbox 63 2428 194 2498; x_wconf 76' lang='lat' dir='ltr'>nausiam</span> <span class='ocrx_word' id='word_1_366' title='bbox 208 2427 319 2484; x_wconf 86' lang='lat' dir='ltr'>incoelis</span> <span class='ocrx_word' id='word_1_367' title='bbox 332 2427 443 2494; x_wconf 90' lang='lat' dir='ltr'>habitat,</span> <span class='ocrx_word' id='word_1_368' title='bbox 460 2425 529 2485; x_wconf 91' lang='lat' dir='ltr'>etin</span> <span class='ocrx_word' id='word_1_369' title='bbox 545 2428 676 2485; x_wconf 84' lang='lat' dir='ltr'>memoria</span> <span class='ocrx_word' id='word_1_370' title='bbox 689 2428 861 2486; x_wconf 79' lang='lat' dir='ltr'>abundantiae</span> <span class='ocrx_word' id='word_1_371' title='bbox 913 2428 987 2483; x_wconf 89' lang='lat' dir='ltr'>enim</span> <span class='ocrx_word' id='word_1_372' title='bbox 1011 2428 1112 2485; x_wconf 89' lang='lat' dir='ltr'>ferrum</span> <span class='ocrx_word' id='word_1_373' title='bbox 1128 2429 1242 2502; x_wconf 90' lang='lat' dir='ltr'>ignitum</span> <span class='ocrx_word' id='word_1_374' title='bbox 1262 2430 1289 2484; x_wconf 92' lang='lat' dir='ltr'>in</span> <span class='ocrx_word' id='word_1_375' title='bbox 1316 2433 1459 2504; x_wconf 89' lang='lat' dir='ltr'>quamdam</span> <span class='ocrx_word' id='word_1_376' title='bbox 1480 2432 1552 2506; x_wconf 85' lang='lat' dir='ltr'>ignis</span> <span class='ocrx_word' id='word_1_377' title='bbox 1572 2434 1714 2491; x_wconf 88' lang='lat' dir='ltr'>assentiam</span> 
     </span>
     <span class='ocr_line' id='line_1_27' title="bbox 62 2514 1713 2592; baseline 0.003 -19"><span class='ocrx_word' id='word_1_378' title='bbox 62 2516 201 2573; x_wconf 81' lang='lat' dir='ltr'>suavitatis</span> <span class='ocrx_word' id='word_1_379' title='bbox 215 2518 263 2573; x_wconf 90' lang='lat' dir='ltr'>Dei</span> <span class='ocrx_word' id='word_1_380' title='bbox 277 2519 395 2576; x_wconf 85' lang='lat' dir='ltr'>exsultat</span> <span class='ocrx_word' id='word_1_381' title='bbox 409 2523 436 2573; x_wconf 90' lang='grc' dir='ltr'>ει</span> <span class='ocrx_word' id='word_1_382' title='bbox 446 2515 570 2587; x_wconf 72' lang='lat' dir='ltr'>jubilet?</span> <span class='ocrx_word' id='word_1_383' title='bbox 585 2515 697 2586; x_wconf 90' lang='lat' dir='ltr'>Oquies</span> <span class='ocrx_word' id='word_1_384' title='bbox 706 2515 828 2588; x_wconf 89' lang='lat' dir='ltr'>pacifica,</span> <span class='ocrx_word' id='word_1_385' title='bbox 842 2531 860 2574; x_wconf 94' lang='lat' dir='ltr'>o</span> <span class='ocrx_word' id='word_1_386' title='bbox 914 2514 1022 2583; x_wconf 88' lang='lat' dir='ltr'>transit;</span> <span class='ocrx_word' id='word_1_387' title='bbox 1042 2524 1070 2572; x_wconf 91' lang='grc' dir='ltr'>ει</span> <span class='ocrx_word' id='word_1_388' title='bbox 1087 2517 1156 2573; x_wconf 90' lang='lat' dir='ltr'>sicut</span> <span class='ocrx_word' id='word_1_389' title='bbox 1169 2517 1273 2590; x_wconf 89' lang='lat' dir='ltr'>guttula</span> <span class='ocrx_word' id='word_1_390' title='bbox 1293 2534 1373 2592; x_wconf 78' lang='lat' dir='ltr'>aqua</span> <span class='ocrx_word' id='word_1_391' title='bbox 1387 2520 1443 2577; x_wconf 88' lang='lat' dir='ltr'>riui</span> <span class='ocrx_word' id='word_1_392' title='bbox 1459 2521 1532 2579; x_wconf 90' lang='lat' dir='ltr'>delio</span> <span class='ocrx_word' id='word_1_393' title='bbox 1547 2521 1648 2589; x_wconf 89' lang='lat' dir='ltr'>infusa,</span> <span class='ocrx_word' id='word_1_394' title='bbox 1660 2537 1713 2579; x_wconf 86' lang='lat' dir='ltr'>sua</span> 
     </span>
     <span class='ocr_line' id='line_1_28' title="bbox 63 2601 1714 2676; baseline 0.002 -14"><span class='ocrx_word' id='word_1_395' title='bbox 63 2606 206 2662; x_wconf 88' lang='lat' dir='ltr'>sabbatum</span> <span class='ocrx_word' id='word_1_396' title='bbox 220 2606 374 2672; x_wconf 87' lang='lat' dir='ltr'>delicatum,</span> <span class='ocrx_word' id='word_1_397' title='bbox 390 2621 406 2661; x_wconf 95' lang='lat' dir='ltr'>o</span> <span class='ocrx_word' id='word_1_398' title='bbox 420 2606 534 2663; x_wconf 90' lang='lat' dir='ltr'>dulcedo</span> <span class='ocrx_word' id='word_1_399' title='bbox 551 2604 701 2672; x_wconf 87' lang='lat' dir='ltr'>charitatis,</span> <span class='ocrx_word' id='word_1_400' title='bbox 718 2622 778 2676; x_wconf 77' lang='lat' dir='ltr'>quie</span> <span class='ocrx_word' id='word_1_401' title='bbox 796 2604 860 2661; x_wconf 91' lang='lat' dir='ltr'>ani·</span> <span class='ocrx_word' id='word_1_402' title='bbox 913 2601 1081 2675; x_wconf 86' lang='lat' dir='ltr'>insipiditate</span> <span class='ocrx_word' id='word_1_403' title='bbox 1099 2605 1224 2676; x_wconf 87' lang='lat' dir='ltr'>deposita</span> <span class='ocrx_word' id='word_1_404' title='bbox 1246 2609 1389 2664; x_wconf 88' lang='lat' dir='ltr'>essentiam</span> <span class='ocrx_word' id='word_1_405' title='bbox 1408 2609 1527 2667; x_wconf 89' lang='lat' dir='ltr'>melioris</span> <span class='ocrx_word' id='word_1_406' title='bbox 1551 2609 1714 2668; x_wconf 84' lang='lat' dir='ltr'>substantiae</span> 
     </span>
     <span class='ocr_line' id='line_1_29' title="bbox 64 2693 1716 2771; baseline 0.004 -21"><span class='ocrx_word' id='word_1_407' title='bbox 64 2712 137 2750; x_wconf 88' lang='lat' dir='ltr'>mam</span> <span class='ocrx_word' id='word_1_408' title='bbox 166 2694 322 2766; x_wconf 82' lang='lat' dir='ltr'>diligentem</span> <span class='ocrx_word' id='word_1_409' title='bbox 351 2696 449 2764; x_wconf 80' lang='lat' dir='ltr'>Deum,</span> <span class='ocrx_word' id='word_1_410' title='bbox 474 2710 561 2767; x_wconf 91' lang='lat' dir='ltr'>usque</span> <span class='ocrx_word' id='word_1_411' title='bbox 591 2694 618 2749; x_wconf 91' lang='lat' dir='ltr'>iu</span> <span class='ocrx_word' id='word_1_412' title='bbox 645 2693 777 2751; x_wconf 85' lang='lat' dir='ltr'>altissima</span> <span class='ocrx_word' id='word_1_413' title='bbox 801 2697 861 2766; x_wconf 84' lang='lat' dir='ltr'>ejus</span> <span class='ocrx_word' id='word_1_414' title='bbox 916 2694 1083 2766; x_wconf 76' lang='lat' dir='ltr'>assumit3et</span> <span class='ocrx_word' id='word_1_415' title='bbox 1102 2693 1173 2751; x_wconf 89' lang='lat' dir='ltr'>sicut</span> <span class='ocrx_word' id='word_1_416' title='bbox 1191 2710 1237 2751; x_wconf 91' lang='lat' dir='ltr'>aer</span> <span class='ocrx_word' id='word_1_417' title='bbox 1259 2695 1340 2753; x_wconf 90' lang='lat' dir='ltr'>solari</span> <span class='ocrx_word' id='word_1_418' title='bbox 1356 2699 1499 2769; x_wconf 85' lang='lat' dir='ltr'>splendore</span> <span class='ocrx_word' id='word_1_419' title='bbox 1515 2700 1654 2771; x_wconf 87' lang='lat' dir='ltr'>perfusus,</span> <span class='ocrx_word' id='word_1_420' title='bbox 1673 2707 1716 2757; x_wconf 88' lang='lat' dir='ltr'>to·</span> 
     </span>
     <span class='ocr_line' id='line_1_30' title="bbox 65 2781 1717 2857; baseline 0.002 -17"><span class='ocrx_word' id='word_1_421' title='bbox 65 2784 200 2857; x_wconf 87' lang='lat' dir='ltr'>magnalia</span> <span class='ocrx_word' id='word_1_422' title='bbox 224 2784 357 2855; x_wconf 89' lang='lat' dir='ltr'>provehit,</span> <span class='ocrx_word' id='word_1_423' title='bbox 385 2792 597 2856; x_wconf 86' lang='lat' dir='ltr'>provectamque</span> <span class='ocrx_word' id='word_1_424' title='bbox 625 2783 696 2839; x_wconf 92' lang='lat' dir='ltr'>inter</span> <span class='ocrx_word' id='word_1_425' title='bbox 712 2785 863 2856; x_wconf 84' lang='lat' dir='ltr'>voluptates</span> <span class='ocrx_word' id='word_1_426' title='bbox 916 2789 960 2838; x_wconf 91' lang='lat' dir='ltr'>tus</span> <span class='ocrx_word' id='word_1_427' title='bbox 973 2789 1016 2838; x_wconf 89' lang='lat' dir='ltr'>est</span> <span class='ocrx_word' id='word_1_428' title='bbox 1034 2781 1165 2853; x_wconf 89' lang='lat' dir='ltr'>splendor</span> <span class='ocrx_word' id='word_1_429' title='bbox 1185 2784 1249 2840; x_wconf 87' lang='lat' dir='ltr'>:sic</span> <span class='ocrx_word' id='word_1_430' title='bbox 1263 2784 1373 2856; x_wconf 90' lang='lat' dir='ltr'>spiritus</span> <span class='ocrx_word' id='word_1_431' title='bbox 1389 2785 1608 2843; x_wconf 86' lang='lat' dir='ltr'>homiuisdirino</span> <span class='ocrx_word' id='word_1_432' title='bbox 1623 2802 1717 2844; x_wconf 85' lang='lat' dir='ltr'>amora</span> 
     </span>
     <span class='ocr_line' id='line_1_31' title="bbox 65 2868 1717 2955; baseline 0 -26"><span class='ocrx_word' id='word_1_433' title='bbox 65 2882 182 2930; x_wconf 81' lang='lat' dir='ltr'>aeternas</span> <span class='ocrx_word' id='word_1_434' title='bbox 195 2872 363 2945; x_wconf 88' lang='lat' dir='ltr'>requiescere</span> <span class='ocrx_word' id='word_1_435' title='bbox 377 2871 440 2927; x_wconf 90' lang='lat' dir='ltr'>facit</span> <span class='ocrx_word' id='word_1_436' title='bbox 456 2870 462 2929; x_wconf 91' lang='lat'>!</span> <span class='ocrx_word' id='word_1_437' title='bbox 480 2871 632 2928; x_wconf 85' lang='lat' dir='ltr'>Feriatione</span> <span class='ocrx_word' id='word_1_438' title='bbox 651 2873 736 2943; x_wconf 89' lang='lat' dir='ltr'>hujus</span> <span class='ocrx_word' id='word_1_439' title='bbox 759 2873 863 2931; x_wconf 90' lang='lat' dir='ltr'>sabbati</span> <span class='ocrx_word' id='word_1_440' title='bbox 880 2870 902 2955; x_wconf 61' lang='grc' dir='ltr'><strong><em>Β</em></strong></span> <span class='ocrx_word' id='word_1_441' title='bbox 918 2868 1042 2941; x_wconf 90' lang='lat' dir='ltr'>affectus,</span> <span class='ocrx_word' id='word_1_442' title='bbox 1059 2879 1128 2927; x_wconf 91' lang='lat' dir='ltr'>totus</span> <span class='ocrx_word' id='word_1_443' title='bbox 1141 2878 1182 2927; x_wconf 89' lang='lat' dir='ltr'>est</span> <span class='ocrx_word' id='word_1_444' title='bbox 1195 2886 1281 2928; x_wconf 89' lang='lat' dir='ltr'>amor.</span> <span class='ocrx_word' id='word_1_445' title='bbox 1297 2869 1428 2940; x_wconf 84' lang='lat' dir='ltr'>Quocirca</span> <span class='ocrx_word' id='word_1_446' title='bbox 1446 2875 1491 2947; x_wconf 92' lang='lat' dir='ltr'>qui</span> <span class='ocrx_word' id='word_1_447' title='bbox 1515 2875 1601 2929; x_wconf 87' lang='lat' dir='ltr'>Deum</span> <span class='ocrx_word' id='word_1_448' title='bbox 1615 2875 1717 2947; x_wconf 88' lang='lat' dir='ltr'>diligit,</span> 
     </span>
     <span class='ocr_line' id='line_1_32' title="bbox 67 2957 1716 3034; baseline 0.001 -17"><span class='ocrx_word' id='word_1_449' title='bbox 67 2969 141 3018; x_wconf 91' lang='lat' dir='ltr'>totus</span> <span class='ocrx_word' id='word_1_450' title='bbox 152 2963 232 3018; x_wconf 91' lang='lat' dir='ltr'>homo</span> <span class='ocrx_word' id='word_1_451' title='bbox 244 2961 511 3030; x_wconf 86' lang='lat' dir='ltr'>interiorhilarescit,</span> <span class='ocrx_word' id='word_1_452' title='bbox 524 2962 582 3033; x_wconf 87' lang='lat' dir='ltr'>ejus</span> <span class='ocrx_word' id='word_1_453' title='bbox 592 2961 772 3033; x_wconf 78' lang='lat' dir='ltr'>intelligentia</span> <span class='ocrx_word' id='word_1_454' title='bbox 785 2976 862 3018; x_wconf 90' lang='lat' dir='ltr'>sere·</span> <span class='ocrx_word' id='word_1_455' title='bbox 916 2957 967 3014; x_wconf 91' lang='lat' dir='ltr'>sibi</span> <span class='ocrx_word' id='word_1_456' title='bbox 978 2966 1101 3015; x_wconf 91' lang='lat' dir='ltr'>mortuus</span> <span class='ocrx_word' id='word_1_457' title='bbox 1114 2965 1165 3025; x_wconf 90' lang='grc' dir='ltr'><strong>εει,</strong></span> <span class='ocrx_word' id='word_1_458' title='bbox 1180 2968 1206 3014; x_wconf 89' lang='grc' dir='ltr'>ει</span> <span class='ocrx_word' id='word_1_459' title='bbox 1224 2958 1274 3015; x_wconf 92' lang='lat' dir='ltr'>soli</span> <span class='ocrx_word' id='word_1_460' title='bbox 1292 2961 1351 3016; x_wconf 86' lang='lat' dir='ltr'>Deo</span> <span class='ocrx_word' id='word_1_461' title='bbox 1374 2959 1478 3033; x_wconf 83' lang='lat' dir='ltr'>virens,</span> <span class='ocrx_word' id='word_1_462' title='bbox 1502 2962 1716 3034; x_wconf 84' lang='lat' dir='ltr'>quodammodo,</span> 
     </span>
     <span class='ocr_line' id='line_1_33' title="bbox 67 3047 1717 3124; baseline -0.001 -17"><span class='ocrx_word' id='word_1_463' title='bbox 67 3058 158 3119; x_wconf 89' lang='lat' dir='ltr'>natur,</span> <span class='ocrx_word' id='word_1_464' title='bbox 175 3049 331 3106; x_wconf 77' lang='lat' dir='ltr'>affectiones</span> <span class='ocrx_word' id='word_1_465' title='bbox 346 3050 515 3124; x_wconf 88' lang='lat' dir='ltr'>dulcescunt,</span> <span class='ocrx_word' id='word_1_466' title='bbox 531 3061 558 3108; x_wconf 93' lang='grc' dir='ltr'>ει</span> <span class='ocrx_word' id='word_1_467' title='bbox 573 3058 667 3107; x_wconf 84' lang='grc' dir='ltr'><strong>εεεειε</strong></span> <span class='ocrx_word' id='word_1_468' title='bbox 688 3050 820 3106; x_wconf 90' lang='lat' dir='ltr'>desideria</span> <span class='ocrx_word' id='word_1_469' title='bbox 835 3050 862 3106; x_wconf 92' lang='lat' dir='ltr'>in</span> <span class='ocrx_word' id='word_1_470' title='bbox 917 3052 947 3101; x_wconf 92' lang='lat' dir='ltr'>ut</span> <span class='ocrx_word' id='word_1_471' title='bbox 959 3048 997 3102; x_wconf 89' lang='lat' dir='ltr'>ita</span> <span class='ocrx_word' id='word_1_472' title='bbox 1023 3047 1145 3115; x_wconf 84' lang='lat' dir='ltr'>dixerim,</span> <span class='ocrx_word' id='word_1_473' title='bbox 1170 3049 1382 3105; x_wconf 86' lang='lat' dir='ltr'>consubstantiat</span> <span class='ocrx_word' id='word_1_474' title='bbox 1400 3066 1430 3106; x_wconf 86' lang='lat' dir='ltr'>se</span> <span class='ocrx_word' id='word_1_475' title='bbox 1452 3049 1560 3109; x_wconf 91' lang='lat' dir='ltr'>dilecto.</span> <span class='ocrx_word' id='word_1_476' title='bbox 1586 3051 1616 3107; x_wconf 91' lang='lat' dir='ltr'>Si</span> <span class='ocrx_word' id='word_1_477' title='bbox 1644 3050 1717 3107; x_wconf 89' lang='lat' dir='ltr'>anim</span> 
     </span>
     <span class='ocr_line' id='line_1_34' title="bbox 65 3134 1717 3212; baseline -0.001 -16"><span class='ocrx_word' id='word_1_478' title='bbox 65 3140 125 3196; x_wconf 87' lang='lat' dir='ltr'>Deo</span> <span class='ocrx_word' id='word_1_479' title='bbox 152 3139 269 3212; x_wconf 92' lang='lat' dir='ltr'>quadam</span> <span class='ocrx_word' id='word_1_480' title='bbox 298 3139 425 3197; x_wconf 88' lang='lat' dir='ltr'>fruitione</span> <span class='ocrx_word' id='word_1_481' title='bbox 451 3139 609 3197; x_wconf 90' lang='lat' dir='ltr'>felicissima</span> <span class='ocrx_word' id='word_1_482' title='bbox 631 3138 813 3196; x_wconf 77' lang='lat' dir='ltr'>resolvuntur.</span> <span class='ocrx_word' id='word_1_483' title='bbox 839 3138 863 3197; x_wconf 91' lang='lat'>0</span> <span class='ocrx_word' id='word_1_484' title='bbox 916 3134 1105 3192; x_wconf 81' lang='lat' dir='ltr'>snimaeDarid</span> <span class='ocrx_word' id='word_1_485' title='bbox 1114 3137 1299 3210; x_wconf 89' lang='lat' dir='ltr'>conglutinata</span> <span class='ocrx_word' id='word_1_486' title='bbox 1313 3145 1355 3192; x_wconf 88' lang='grc' dir='ltr'>εει</span> <span class='ocrx_word' id='word_1_487' title='bbox 1370 3138 1458 3195; x_wconf 89' lang='lat' dir='ltr'>anima</span> <span class='ocrx_word' id='word_1_488' title='bbox 1471 3139 1596 3196; x_wconf 67' lang='lat' dir='ltr'>lonabae</span> <span class='ocrx_word' id='word_1_489' title='bbox 1617 3141 1645 3210; x_wconf 87' lang='lat' dir='ltr'>(f</span> <span class='ocrx_word' id='word_1_490' title='bbox 1652 3142 1717 3211; x_wconf 77' lang='lat' dir='ltr'>lieo.</span> 
     </span>
     <span class='ocr_line' id='line_1_35' title="bbox 64 3224 1755 3313; baseline 0.001 -29"><span class='ocrx_word' id='word_1_491' title='bbox 64 3228 269 3297; x_wconf 67' lang='lat' dir='ltr'>manendies,</span> <span class='ocrx_word' id='word_1_492' title='bbox 282 3245 342 3300; x_wconf 85' lang='lat' dir='ltr'>qeae</span> <span class='ocrx_word' id='word_1_493' title='bbox 357 3229 494 3286; x_wconf 88' lang='lat' dir='ltr'>meliores</span> <span class='ocrx_word' id='word_1_494' title='bbox 509 3227 536 3284; x_wconf 91' lang='lat' dir='ltr'>in</span> <span class='ocrx_word' id='word_1_495' title='bbox 556 3227 765 3298; x_wconf 80' lang='lat' dir='ltr'>atriisllomini,</span> <span class='ocrx_word' id='word_1_496' title='bbox 780 3244 864 3301; x_wconf 90' lang='lat' dir='ltr'>super</span> <span class='ocrx_word' id='word_1_497' title='bbox 916 3237 1000 3295; x_wconf 79' lang='lat' dir='ltr'>xvrrr,</span> <span class='ocrx_word' id='word_1_498' title='bbox 1021 3226 1058 3294; x_wconf 90' lang='grc' dir='ltr'>ι),</span> <span class='ocrx_word' id='word_1_499' title='bbox 1088 3224 1208 3281; x_wconf 88' lang='lat' dir='ltr'>autsiis</span> <span class='ocrx_word' id='word_1_500' title='bbox 1232 3227 1279 3298; x_wconf 92' lang='lat' dir='ltr'>qui</span> <span class='ocrx_word' id='word_1_501' title='bbox 1299 3225 1419 3281; x_wconf 78' lang='lat' dir='ltr'>adhaeret</span> <span class='ocrx_word' id='word_1_502' title='bbox 1438 3227 1494 3282; x_wconf 88' lang='lat' dir='ltr'>Deo</span> <span class='ocrx_word' id='word_1_503' title='bbox 1518 3226 1716 3298; x_wconf 81' lang='lat' dir='ltr'>unusspirtraa</span> <span class='ocrx_word' id='word_1_504' title='bbox 1741 3297 1755 3313; x_wconf 49' lang='lat'><strong>·</strong></span> 
     </span>
     <span class='ocr_line' id='line_1_36' title="bbox 65 3311 1718 3390; baseline -0.002 -17"><span class='ocrx_word' id='word_1_505' title='bbox 65 3317 149 3373; x_wconf 89' lang='lat' dir='ltr'>millia</span> <span class='ocrx_word' id='word_1_506' title='bbox 165 3316 172 3375; x_wconf 86' lang='lat' dir='ltr'>l</span> <span class='ocrx_word' id='word_1_507' title='bbox 189 3317 278 3390; x_wconf 84' lang='lat' dir='ltr'>(Psoi.</span> <span class='ocrx_word' id='word_1_508' title='bbox 291 3332 409 3383; x_wconf 81' lang='lat' dir='ltr'>sxxxrn,</span> <span class='ocrx_word' id='word_1_509' title='bbox 423 3319 480 3389; x_wconf 94' lang='grc' dir='ltr'><strong>ιι).</strong></span> <span class='ocrx_word' id='word_1_510' title='bbox 491 3316 515 3375; x_wconf 93' lang='lat'>0</span> <span class='ocrx_word' id='word_1_511' title='bbox 525 3316 652 3390; x_wconf 85' lang='lat' dir='ltr'>splendor</span> <span class='ocrx_word' id='word_1_512' title='bbox 665 3316 733 3373; x_wconf 87' lang='lat' dir='ltr'>lucis</span> <span class='ocrx_word' id='word_1_513' title='bbox 744 3327 770 3374; x_wconf 88' lang='lat' dir='ltr'>at</span> <span class='ocrx_word' id='word_1_514' title='bbox 784 3316 864 3373; x_wconf 90' lang='lat' dir='ltr'>ardor</span> <span class='ocrx_word' id='word_1_515' title='bbox 917 3329 978 3370; x_wconf 91' lang='lat' dir='ltr'>cum</span> <span class='ocrx_word' id='word_1_516' title='bbox 992 3327 1025 3369; x_wconf 87' lang='lat' dir='ltr'>eo</span> <span class='ocrx_word' id='word_1_517' title='bbox 1043 3311 1161 3369; x_wconf 87' lang='lat' dir='ltr'>efficitur</span> <span class='ocrx_word' id='word_1_518' title='bbox 1180 3315 1207 3383; x_wconf 90' lang='lat' dir='ltr'>(l</span> <span class='ocrx_word' id='word_1_519' title='bbox 1221 3314 1281 3371; x_wconf 82' lang='lat' dir='ltr'>Cor.</span> <span class='ocrx_word' id='word_1_520' title='bbox 1298 3328 1336 3380; x_wconf 87' lang='lat' dir='ltr'>rr,</span> <span class='ocrx_word' id='word_1_521' title='bbox 1361 3313 1417 3385; x_wconf 74' lang='lat' dir='ltr'>lt),</span> <span class='ocrx_word' id='word_1_522' title='bbox 1433 3329 1489 3371; x_wconf 90' lang='lat' dir='ltr'>non</span> <span class='ocrx_word' id='word_1_523' title='bbox 1503 3314 1620 3371; x_wconf 87' lang='lat' dir='ltr'>absimili</span> <span class='ocrx_word' id='word_1_524' title='bbox 1636 3315 1718 3372; x_wconf 89' lang='lat' dir='ltr'>unio-</span> 
     </span>
     <span class='ocr_line' id='line_1_37' title="bbox 65 3400 1719 3481; baseline -0.003 -17"><span class='ocrx_word' id='word_1_525' title='bbox 65 3406 214 3477; x_wconf 89' lang='lat' dir='ltr'>charitatis,</span> <span class='ocrx_word' id='word_1_526' title='bbox 230 3424 291 3481; x_wconf 88' lang='lat' dir='ltr'>quae</span> <span class='ocrx_word' id='word_1_527' title='bbox 306 3407 457 3463; x_wconf 87' lang='lat' dir='ltr'>inflammat</span> <span class='ocrx_word' id='word_1_528' title='bbox 471 3407 599 3479; x_wconf 78' lang='lat' dir='ltr'>Angelos,</span> <span class='ocrx_word' id='word_1_529' title='bbox 612 3413 640 3460; x_wconf 93' lang='lat' dir='ltr'>et</span> <span class='ocrx_word' id='word_1_530' title='bbox 658 3405 773 3462; x_wconf 89' lang='lat' dir='ltr'>illustrat</span> <span class='ocrx_word' id='word_1_531' title='bbox 793 3405 864 3462; x_wconf 90' lang='lat' dir='ltr'>inte·</span> <span class='ocrx_word' id='word_1_532' title='bbox 919 3403 961 3456; x_wconf 90' lang='lat' dir='ltr'>uis</span> <span class='ocrx_word' id='word_1_533' title='bbox 977 3401 1079 3471; x_wconf 82' lang='lat' dir='ltr'>judicio</span> <span class='ocrx_word' id='word_1_534' title='bbox 1093 3400 1207 3473; x_wconf 91' lang='lat' dir='ltr'>quodam</span> <span class='ocrx_word' id='word_1_535' title='bbox 1230 3416 1329 3473; x_wconf 88' lang='lat' dir='ltr'>genere</span> <span class='ocrx_word' id='word_1_536' title='bbox 1352 3402 1496 3475; x_wconf 82' lang='lat' dir='ltr'>coessendi</span> <span class='ocrx_word' id='word_1_537' title='bbox 1512 3409 1569 3458; x_wconf 86' lang='lat' dir='ltr'>tota</span> <span class='ocrx_word' id='word_1_538' title='bbox 1590 3402 1719 3459; x_wconf 82' lang='lat' dir='ltr'>iubeam</span> 
     </span>
     <span class='ocr_line' id='line_1_38' title="bbox 66 3487 1721 3568; baseline -0.003 -15"><span class='ocrx_word' id='word_1_539' title='bbox 66 3487 139 3554; x_wconf 91' lang='lat' dir='ltr'>riora</span> <span class='ocrx_word' id='word_1_540' title='bbox 154 3507 311 3552; x_wconf 90' lang='lat' dir='ltr'>sanctorum</span> <span class='ocrx_word' id='word_1_541' title='bbox 329 3495 334 3553; x_wconf 95' lang='lat'><strong>!</strong></span> <span class='ocrx_word' id='word_1_542' title='bbox 352 3495 376 3553; x_wconf 93' lang='lat'>0</span> <span class='ocrx_word' id='word_1_543' title='bbox 390 3495 520 3568; x_wconf 82' lang='lat' dir='ltr'>praeclara</span> <span class='ocrx_word' id='word_1_544' title='bbox 534 3496 692 3551; x_wconf 85' lang='lat' dir='ltr'>solemnitas</span> <span class='ocrx_word' id='word_1_545' title='bbox 706 3503 733 3550; x_wconf 91' lang='lat' dir='ltr'>et</span> <span class='ocrx_word' id='word_1_546' title='bbox 745 3493 866 3565; x_wconf 82' lang='lat' dir='ltr'>jucunda</span> <span class='ocrx_word' id='word_1_547' title='bbox 920 3488 1015 3546; x_wconf 87' lang='lat' dir='ltr'>transit</span> <span class='ocrx_word' id='word_1_548' title='bbox 1032 3488 1150 3556; x_wconf 85' lang='lat' dir='ltr'>allectio,</span> <span class='ocrx_word' id='word_1_549' title='bbox 1171 3488 1199 3544; x_wconf 92' lang='lat' dir='ltr'>iu</span> <span class='ocrx_word' id='word_1_550' title='bbox 1214 3504 1269 3560; x_wconf 91' lang='lat' dir='ltr'>quo</span> <span class='ocrx_word' id='word_1_551' title='bbox 1287 3489 1348 3545; x_wconf 89' lang='lat' dir='ltr'>siae</span> <span class='ocrx_word' id='word_1_552' title='bbox 1361 3488 1473 3545; x_wconf 88' lang='lat' dir='ltr'>alterius</span> <span class='ocrx_word' id='word_1_553' title='bbox 1500 3489 1627 3546; x_wconf 84' lang='lat' dir='ltr'>desiderii</span> <span class='ocrx_word' id='word_1_554' title='bbox 1639 3506 1721 3548; x_wconf 88' lang='lat' dir='ltr'>exoa·</span> 
     </span>
     <span class='ocr_line' id='line_1_39' title="bbox 66 3575 1722 3657; baseline 0.001 -16"><span class='ocrx_word' id='word_1_555' title='bbox 66 3586 201 3657; x_wconf 90' lang='lat' dir='ltr'>pausatio,</span> <span class='ocrx_word' id='word_1_556' title='bbox 219 3593 245 3641; x_wconf 90' lang='lat' dir='ltr'>et</span> <span class='ocrx_word' id='word_1_557' title='bbox 260 3586 403 3641; x_wconf 90' lang='lat' dir='ltr'>sabbatum</span> <span class='ocrx_word' id='word_1_558' title='bbox 420 3585 564 3641; x_wconf 86' lang='lat' dir='ltr'>delicatum</span> <span class='ocrx_word' id='word_1_559' title='bbox 581 3582 588 3641; x_wconf 87' lang='lat' dir='ltr'>l</span> <span class='ocrx_word' id='word_1_560' title='bbox 604 3582 628 3640; x_wconf 93' lang='lat'>0</span> <span class='ocrx_word' id='word_1_561' title='bbox 646 3582 786 3639; x_wconf 88' lang='lat' dir='ltr'>sabbatum</span> <span class='ocrx_word' id='word_1_562' title='bbox 803 3580 865 3657; x_wconf 83' lang='lat' dir='ltr'>glo-</span> <span class='ocrx_word' id='word_1_563' title='bbox 919 3577 1021 3650; x_wconf 75' lang='lat' dir='ltr'>plione,</span> <span class='ocrx_word' id='word_1_564' title='bbox 1037 3584 1093 3633; x_wconf 69' lang='lat' dir='ltr'>lota</span> <span class='ocrx_word' id='word_1_565' title='bbox 1106 3575 1135 3632; x_wconf 74' lang='lat'>1¹1</span> <span class='ocrx_word' id='word_1_566' title='bbox 1156 3592 1187 3633; x_wconf 71' lang='grc' dir='ltr'><strong>ιθ</strong></span> <span class='ocrx_word' id='word_1_567' title='bbox 1209 3575 1320 3633; x_wconf 70' lang='lat' dir='ltr'>collecta</span> <span class='ocrx_word' id='word_1_568' title='bbox 1338 3575 1500 3634; x_wconf 69' lang='lat' dir='ltr'>lfflnssftriur</span> <span class='ocrx_word' id='word_1_569' title='bbox 1518 3578 1545 3633; x_wconf 79' lang='lat' dir='ltr'>in</span> <span class='ocrx_word' id='word_1_570' title='bbox 1561 3579 1658 3649; x_wconf 77' lang='lat' dir='ltr'>Deum,</span> <span class='ocrx_word' id='word_1_571' title='bbox 1674 3578 1722 3653; x_wconf 74' lang='lat' dir='ltr'>qui</span> 
     </span>
     <span class='ocr_line' id='line_1_40' title="bbox 67 3666 1722 3741; baseline 0.003 -20"><span class='ocrx_word' id='word_1_572' title='bbox 67 3675 169 3732; x_wconf 67' lang='lat' dir='ltr'>fiosum</span> <span class='ocrx_word' id='word_1_573' title='bbox 188 3672 194 3731; x_wconf 74' lang='grc' dir='ltr'>ι</span> <span class='ocrx_word' id='word_1_574' title='bbox 920 3677 960 3724; x_wconf 88' lang='lat' dir='ltr'>est</span> <span class='ocrx_word' id='word_1_575' title='bbox 975 3668 1095 3724; x_wconf 90' lang='lat' dir='ltr'>omnium</span> <span class='ocrx_word' id='word_1_576' title='bbox 1116 3666 1339 3725; x_wconf 90' lang='lat' dir='ltr'>desiderabilium</span> <span class='ocrx_word' id='word_1_577' title='bbox 1352 3667 1501 3739; x_wconf 90' lang='lat' dir='ltr'>plenitudo.</span> <span class='ocrx_word' id='word_1_578' title='bbox 1517 3668 1620 3741; x_wconf 81' lang='lat' dir='ltr'>Diliget</span> <span class='ocrx_word' id='word_1_579' title='bbox 1630 3676 1722 3726; x_wconf 87' lang='lat' dir='ltr'>tamen</span> 
     </span>
     <span class='ocr_line' id='line_1_41' title="bbox 105 3756 1721 3836; baseline -0.002 -19"><span class='ocrx_word' id='word_1_580' title='bbox 105 3765 150 3817; x_wconf 86' lang='grc'>60.</span> <span class='ocrx_word' id='word_1_581' title='bbox 175 3761 210 3819; x_wconf 86' lang='grc' dir='ltr'>Ει</span> <span class='ocrx_word' id='word_1_582' title='bbox 231 3778 292 3836; x_wconf 82' lang='lat' dir='ltr'>quae</span> <span class='ocrx_word' id='word_1_583' title='bbox 316 3762 402 3835; x_wconf 90' lang='lat' dir='ltr'>gloria</span> <span class='ocrx_word' id='word_1_584' title='bbox 424 3760 566 3818; x_wconf 88' lang='lat' dir='ltr'>delicatior</span> <span class='ocrx_word' id='word_1_585' title='bbox 589 3768 635 3818; x_wconf 93' lang='lat' dir='ltr'>aut</span> <span class='ocrx_word' id='word_1_586' title='bbox 657 3756 867 3816; x_wconf 88' lang='lat' dir='ltr'>desiderabilior</span> <span class='ocrx_word' id='word_1_587' title='bbox 920 3757 1007 3812; x_wconf 86' lang='lat' dir='ltr'>anima</span> <span class='ocrx_word' id='word_1_588' title='bbox 1022 3756 1181 3827; x_wconf 89' lang='lat' dir='ltr'>perfectius,</span> <span class='ocrx_word' id='word_1_589' title='bbox 1197 3756 1457 3814; x_wconf 89' lang='lat' dir='ltr'>cumintroducetur</span> <span class='ocrx_word' id='word_1_590' title='bbox 1474 3757 1646 3830; x_wconf 88' lang='lat' dir='ltr'>ingaudium</span> <span class='ocrx_word' id='word_1_591' title='bbox 1662 3758 1721 3815; x_wconf 85' lang='lat' dir='ltr'>Do·</span> 
     </span>
     <span class='ocr_line' id='line_1_42' title="bbox 68 3843 1721 3924; baseline -0.002 -18"><span class='ocrx_word' id='word_1_592' title='bbox 68 3857 242 3922; x_wconf 87' lang='lat' dir='ltr'>potestesse,</span> <span class='ocrx_word' id='word_1_593' title='bbox 256 3868 338 3924; x_wconf 91' lang='lat' dir='ltr'>quam</span> <span class='ocrx_word' id='word_1_594' title='bbox 355 3853 411 3909; x_wconf 88' lang='lat' dir='ltr'>Deo</span> <span class='ocrx_word' id='word_1_595' title='bbox 433 3850 590 3909; x_wconf 91' lang='lat' dir='ltr'>medullitus</span> <span class='ocrx_word' id='word_1_596' title='bbox 613 3849 755 3916; x_wconf 74' lang='lat' dir='ltr'>inherere,</span> <span class='ocrx_word' id='word_1_597' title='bbox 776 3855 802 3903; x_wconf 90' lang='grc' dir='ltr'>ει</span> <span class='ocrx_word' id='word_1_598' title='bbox 820 3847 866 3918; x_wconf 80' lang='lat' dir='ltr'>ja·</span> <span class='ocrx_word' id='word_1_599' title='bbox 921 3843 986 3900; x_wconf 90' lang='lat' dir='ltr'>mini</span> <span class='ocrx_word' id='word_1_600' title='bbox 1001 3844 1043 3900; x_wconf 90' lang='lat' dir='ltr'>sui</span> <span class='ocrx_word' id='word_1_601' title='bbox 1066 3846 1179 3918; x_wconf 80' lang='lat' dir='ltr'>(idottb.</span> <span class='ocrx_word' id='word_1_602' title='bbox 1198 3861 1268 3911; x_wconf 84' lang='lat' dir='ltr'>xxv,</span> <span class='ocrx_word' id='word_1_603' title='bbox 1288 3844 1393 3918; x_wconf 75' lang='grc'><strong>21-23),</strong></span> <span class='ocrx_word' id='word_1_604' title='bbox 1410 3845 1447 3916; x_wconf 84' lang='grc' dir='ltr'>Ιἰε</span> <span class='ocrx_word' id='word_1_605' title='bbox 1461 3847 1602 3918; x_wconf 84' lang='lat' dir='ltr'>amplexus</span> <span class='ocrx_word' id='word_1_606' title='bbox 1617 3845 1721 3919; x_wconf 81' lang='lat' dir='ltr'>sponsi,</span> 
     </span>
     <span class='ocr_line' id='line_1_43' title="bbox 68 3934 1722 4015; baseline -0.002 -20"><span class='ocrx_word' id='word_1_607' title='bbox 68 3947 142 3995; x_wconf 89' lang='lat' dir='ltr'>ctare</span> <span class='ocrx_word' id='word_1_608' title='bbox 153 3938 179 3992; x_wconf 93' lang='lat' dir='ltr'>in</span> <span class='ocrx_word' id='word_1_609' title='bbox 194 3955 256 3994; x_wconf 90' lang='lat' dir='ltr'>eum</span> <span class='ocrx_word' id='word_1_610' title='bbox 271 3955 365 3996; x_wconf 92' lang='lat' dir='ltr'>omnes</span> <span class='ocrx_word' id='word_1_611' title='bbox 380 3941 513 4015; x_wconf 84' lang='lat' dir='ltr'>cogitatus</span> <span class='ocrx_word' id='word_1_612' title='bbox 527 3937 680 3997; x_wconf 88' lang='lat' dir='ltr'>etaffectus</span> <span class='ocrx_word' id='word_1_613' title='bbox 693 3952 772 4007; x_wconf 87' lang='lat' dir='ltr'>suos,</span> <span class='ocrx_word' id='word_1_614' title='bbox 787 3944 868 4008; x_wconf 89' lang='lat' dir='ltr'>atque</span> <span class='ocrx_word' id='word_1_615' title='bbox 921 3934 1096 4006; x_wconf 91' lang='lat' dir='ltr'>omniumque</span> <span class='ocrx_word' id='word_1_616' title='bbox 1107 3936 1244 4004; x_wconf 78' lang='lat' dir='ltr'>iustorum</span> <span class='ocrx_word' id='word_1_617' title='bbox 1254 3935 1446 3992; x_wconf 88' lang='lat' dir='ltr'>beatitudinem</span> <span class='ocrx_word' id='word_1_618' title='bbox 1461 3951 1539 3991; x_wconf 90' lang='lat' dir='ltr'>suam</span> <span class='ocrx_word' id='word_1_619' title='bbox 1549 3935 1631 3992; x_wconf 84' lang='lat' dir='ltr'>faciet</span> <span class='ocrx_word' id='word_1_620' title='bbox 1645 3950 1722 3993; x_wconf 86' lang='lat' dir='ltr'>com·</span> 
     </span>
    </p>
   </div>
   <div class='ocr_carea' id='block_1_3' title="bbox 67 4023 1825 4101">
    <p class='ocr_par' dir='ltr' id='par_1_3' title="bbox 67 4023 1825 4101">
     <span class='ocr_line' id='line_1_44' title="bbox 67 4023 1825 4101; baseline -0.001 -18"><span class='ocrx_word' id='word_1_621' title='bbox 67 4026 97 4083; x_wconf 92' lang='lat' dir='ltr'>in</span> <span class='ocrx_word' id='word_1_622' title='bbox 113 4026 257 4081; x_wconf 85' lang='lat' dir='ltr'>dilectione</span> <span class='ocrx_word' id='word_1_623' title='bbox 272 4027 358 4096; x_wconf 90' lang='lat' dir='ltr'>ipsius</span> <span class='ocrx_word' id='word_1_624' title='bbox 368 4029 496 4101; x_wconf 89' lang='lat' dir='ltr'>colligere</span> <span class='ocrx_word' id='word_1_625' title='bbox 511 4035 592 4084; x_wconf 89' lang='lat' dir='ltr'>tantae</span> <span class='ocrx_word' id='word_1_626' title='bbox 616 4025 785 4086; x_wconf 91' lang='lat' dir='ltr'>certitudinis</span> <span class='ocrx_word' id='word_1_627' title='bbox 809 4023 868 4083; x_wconf 89' lang='lat' dir='ltr'>lm·</span> <span class='ocrx_word' id='word_1_628' title='bbox 924 4025 1051 4080; x_wconf 87' lang='lat' dir='ltr'>munione</span> <span class='ocrx_word' id='word_1_629' title='bbox 1073 4023 1219 4095; x_wconf 87' lang='lat' dir='ltr'>charitatis,</span> <span class='ocrx_word' id='word_1_630' title='bbox 1245 4023 1323 4099; x_wconf 85' lang='lat' dir='ltr'>cujus</span> <span class='ocrx_word' id='word_1_631' title='bbox 1337 4023 1474 4082; x_wconf 88' lang='lat' dir='ltr'>beneficio</span> <span class='ocrx_word' id='word_1_632' title='bbox 1492 4024 1584 4083; x_wconf 90' lang='lat' dir='ltr'>omnia</span> <span class='ocrx_word' id='word_1_633' title='bbox 1601 4024 1629 4081; x_wconf 92' lang='lat' dir='ltr'>in</span> <span class='ocrx_word' id='word_1_634' title='bbox 1645 4023 1727 4082; x_wconf 79' lang='lat' dir='ltr'>uobis</span> <span class='ocrx_word' id='word_1_635' title='bbox 1819 4039 1825 4055; x_wconf 74' lang='lat'><em>&#39;</em></span> 
     </span>
    </p>
   </div>
   <div class='ocr_carea' id='block_1_4' title="bbox 66 4113 1734 5525">
    <p class='ocr_par' dir='ltr' id='par_1_4' title="bbox 66 4113 1432 4277">
     <span class='ocr_line' id='line_1_45' title="bbox 66 4113 1073 4229; baseline -0.002 -58"><span class='ocrx_word' id='word_1_636' title='bbox 66 4123 142 4179; x_wconf 85' lang='lat' dir='ltr'>ctus,</span> <span class='ocrx_word' id='word_1_637' title='bbox 158 4122 187 4169; x_wconf 91' lang='lat' dir='ltr'>ut</span> <span class='ocrx_word' id='word_1_638' title='bbox 202 4113 331 4171; x_wconf 84' lang='lat' dir='ltr'>desolate</span> <span class='ocrx_word' id='word_1_639' title='bbox 345 4116 442 4171; x_wconf 77' lang='lat' dir='ltr'>animae</span> <span class='ocrx_word' id='word_1_640' title='bbox 457 4133 523 4183; x_wconf 80' lang='lat' dir='ltr'>suae,</span> <span class='ocrx_word' id='word_1_641' title='bbox 534 4117 568 4173; x_wconf 91' lang='lat' dir='ltr'>de</span> <span class='ocrx_word' id='word_1_642' title='bbox 583 4117 720 4175; x_wconf 89' lang='lat' dir='ltr'>consortio</span> <span class='ocrx_word' id='word_1_643' title='bbox 743 4115 870 4187; x_wconf 82' lang='lat' dir='ltr'>Angelo·</span> <span class='ocrx_word' id='word_1_644' title='bbox 886 4113 976 4229; x_wconf 61' lang='lat' dir='ltr'>uerit</span> <span class='ocrx_word' id='word_1_645' title='bbox 988 4113 1073 4172; x_wconf 89' lang='lat' dir='ltr'>Deus.</span> 
     </span>
     <span class='ocr_line' id='line_1_46' title="bbox 69 4200 1432 4277; baseline -0.001 -17"><span class='ocrx_word' id='word_1_646' title='bbox 69 4219 142 4269; x_wconf 91' lang='lat' dir='ltr'>rum,</span> <span class='ocrx_word' id='word_1_647' title='bbox 158 4201 283 4273; x_wconf 90' lang='lat' dir='ltr'>atquede</span> <span class='ocrx_word' id='word_1_648' title='bbox 302 4202 348 4256; x_wconf 90' lang='lat' dir='ltr'>illa</span> <span class='ocrx_word' id='word_1_649' title='bbox 379 4203 573 4260; x_wconf 90' lang='lat' dir='ltr'>interminabili</span> <span class='ocrx_word' id='word_1_650' title='bbox 595 4204 783 4270; x_wconf 87' lang='lat' dir='ltr'>exsultatione,</span> <span class='ocrx_word' id='word_1_651' title='bbox 807 4219 870 4277; x_wconf 87' lang='lat' dir='ltr'>quae</span> <span class='ocrx_word' id='word_1_652' title='bbox 1219 4201 1335 4259; x_wconf 77' lang='lat' dir='ltr'>CAPUT</span> <span class='ocrx_word' id='word_1_653' title='bbox 1353 4200 1432 4258; x_wconf 83' lang='lat' dir='ltr'>xlx.</span> 
     </span>
    </p>

    <p class='ocr_par' dir='ltr' id='par_1_5' title="bbox 70 4289 1727 4453">
     <span class='ocr_line' id='line_1_47' title="bbox 70 4289 1727 4366; baseline 0.001 -19"><span class='ocrx_word' id='word_1_654' title='bbox 70 4289 248 4364; x_wconf 87' lang='lat' dir='ltr'>diligentibus</span> <span class='ocrx_word' id='word_1_655' title='bbox 263 4291 348 4348; x_wconf 88' lang='lat' dir='ltr'>Deum</span> <span class='ocrx_word' id='word_1_656' title='bbox 364 4296 514 4363; x_wconf 80' lang='lat' dir='ltr'>praeparata</span> <span class='ocrx_word' id='word_1_657' title='bbox 538 4299 589 4359; x_wconf 89' lang='lat' dir='ltr'>est,</span> <span class='ocrx_word' id='word_1_658' title='bbox 613 4293 771 4349; x_wconf 90' lang='lat' dir='ltr'>nullatenus</span> <span class='ocrx_word' id='word_1_659' title='bbox 786 4307 873 4364; x_wconf 91' lang='lat' dir='ltr'>opor·</span> <span class='ocrx_word' id='word_1_660' title='bbox 928 4292 1035 4351; x_wconf 84' lang='lat' dir='ltr'>Christi</span> <span class='ocrx_word' id='word_1_661' title='bbox 1056 4293 1217 4366; x_wconf 81' lang='lat' dir='ltr'>passionem</span> <span class='ocrx_word' id='word_1_662' title='bbox 1244 4294 1272 4346; x_wconf 88' lang='lat' dir='ltr'>at</span> <span class='ocrx_word' id='word_1_663' title='bbox 1296 4295 1419 4347; x_wconf 87' lang='lat' dir='ltr'>mortem</span> <span class='ocrx_word' id='word_1_664' title='bbox 1442 4289 1553 4348; x_wconf 73' lang='grc' dir='ltr'><strong>εεεὶεεε</strong></span> <span class='ocrx_word' id='word_1_665' title='bbox 1579 4289 1727 4348; x_wconf 81' lang='lat' dir='ltr'>mediterr-</span> 
     </span>
     <span class='ocr_line' id='line_1_48' title="bbox 71 4377 1405 4453; baseline -0.002 -17"><span class='ocrx_word' id='word_1_666' title='bbox 71 4387 127 4436; x_wconf 90' lang='lat' dir='ltr'>tcat</span> <span class='ocrx_word' id='word_1_667' title='bbox 136 4377 259 4434; x_wconf 86' lang='lat' dir='ltr'>haesitare</span> <span class='ocrx_word' id='word_1_668' title='bbox 273 4378 287 4436; x_wconf 76' lang='grc' dir='ltr'>ι</span> <span class='ocrx_word' id='word_1_669' title='bbox 301 4380 449 4453; x_wconf 87' lang='lat' dir='ltr'>Propterea</span> <span class='ocrx_word' id='word_1_670' title='bbox 463 4380 538 4436; x_wconf 91' lang='lat' dir='ltr'>ibant</span> <span class='ocrx_word' id='word_1_671' title='bbox 552 4379 677 4450; x_wconf 84' lang='lat' dir='ltr'>hpostoli</span> <span class='ocrx_word' id='word_1_672' title='bbox 692 4379 844 4452; x_wconf 85' lang='lat' dir='ltr'>gaudentes</span> <span class='ocrx_word' id='word_1_673' title='bbox 856 4396 873 4438; x_wconf 91' lang='lat' dir='ltr'>a</span> <span class='ocrx_word' id='word_1_674' title='bbox 1251 4377 1317 4439; x_wconf 83' lang='lat' dir='ltr'>dam</span> <span class='ocrx_word' id='word_1_675' title='bbox 1336 4393 1405 4436; x_wconf 84' lang='lat' dir='ltr'>esse.</span> 
     </span>
    </p>

    <p class='ocr_par' dir='ltr' id='par_1_6' title="bbox 72 4465 1734 5525">
     <span class='ocr_line' id='line_1_49' title="bbox 72 4465 1728 4541; baseline -0.001 -15"><span class='ocrx_word' id='word_1_676' title='bbox 72 4479 220 4539; x_wconf 88' lang='lat' dir='ltr'>conspectu</span> <span class='ocrx_word' id='word_1_677' title='bbox 235 4468 344 4525; x_wconf 88' lang='lat' dir='ltr'>concilii</span> <span class='ocrx_word' id='word_1_678' title='bbox 360 4471 433 4540; x_wconf 82' lang='lat' dir='ltr'>(det.</span> <span class='ocrx_word' id='word_1_679' title='bbox 451 4485 481 4540; x_wconf 87' lang='lat' dir='ltr'>v,</span> <span class='ocrx_word' id='word_1_680' title='bbox 496 4470 552 4540; x_wconf 83' lang='grc' dir='ltr'><strong>ιι).</strong></span> <span class='ocrx_word' id='word_1_681' title='bbox 574 4468 698 4525; x_wconf 75' lang='lat' dir='ltr'>Andreas</span> <span class='ocrx_word' id='word_1_682' title='bbox 712 4468 834 4541; x_wconf 89' lang='lat' dir='ltr'>glorians</span> <span class='ocrx_word' id='word_1_683' title='bbox 847 4477 874 4526; x_wconf 91' lang='grc' dir='ltr'>ει</span> <span class='ocrx_word' id='word_1_684' title='bbox 962 4473 1007 4527; x_wconf 78' lang='lat'>52.</span> <span class='ocrx_word' id='word_1_685' title='bbox 1027 4469 1136 4534; x_wconf 75' lang='lat' dir='ltr'>Audite,</span> <span class='ocrx_word' id='word_1_686' title='bbox 1160 4468 1234 4533; x_wconf 89' lang='lat' dir='ltr'>coeli,</span> <span class='ocrx_word' id='word_1_687' title='bbox 1261 4476 1288 4522; x_wconf 92' lang='lat' dir='ltr'>et</span> <span class='ocrx_word' id='word_1_688' title='bbox 1301 4466 1414 4522; x_wconf 85' lang='lat' dir='ltr'>auribus</span> <span class='ocrx_word' id='word_1_689' title='bbox 1435 4465 1554 4538; x_wconf 87' lang='lat' dir='ltr'>percipe,</span> <span class='ocrx_word' id='word_1_690' title='bbox 1575 4475 1645 4522; x_wconf 89' lang='lat' dir='ltr'>terra</span> <span class='ocrx_word' id='word_1_691' title='bbox 1658 4466 1728 4538; x_wconf 80' lang='lat' dir='ltr'>(fao.</span> 
     </span>
     <span class='ocr_line' id='line_1_50' title="bbox 72 4552 1726 4630; baseline -0.001 -18"><span class='ocrx_word' id='word_1_692' title='bbox 72 4557 211 4612; x_wconf 88' lang='lat' dir='ltr'>exsultans</span> <span class='ocrx_word' id='word_1_693' title='bbox 226 4558 352 4613; x_wconf 88' lang='lat' dir='ltr'>currebat</span> <span class='ocrx_word' id='word_1_694' title='bbox 366 4558 399 4612; x_wconf 90' lang='lat' dir='ltr'>ad</span> <span class='ocrx_word' id='word_1_695' title='bbox 414 4572 522 4614; x_wconf 90' lang='lat' dir='ltr'>crucem</span> <span class='ocrx_word' id='word_1_696' title='bbox 540 4556 659 4614; x_wconf 81' lang='lat' dir='ltr'>:Paulus</span> <span class='ocrx_word' id='word_1_697' title='bbox 671 4557 796 4628; x_wconf 90' lang='lat' dir='ltr'>perfusus</span> <span class='ocrx_word' id='word_1_698' title='bbox 808 4559 875 4614; x_wconf 90' lang='lat' dir='ltr'>tanti</span> <span class='ocrx_word' id='word_1_699' title='bbox 928 4574 948 4626; x_wconf 89' lang='lat'>1,</span> <span class='ocrx_word' id='word_1_700' title='bbox 969 4560 1008 4630; x_wconf 78' lang='lat' dir='ltr'>a),</span> <span class='ocrx_word' id='word_1_701' title='bbox 1028 4564 1158 4630; x_wconf 91' lang='lat' dir='ltr'>quantum</span> <span class='ocrx_word' id='word_1_702' title='bbox 1178 4552 1511 4625; x_wconf 85' lang='lat' dir='ltr'>magnificavituobiscum</span> <span class='ocrx_word' id='word_1_703' title='bbox 1526 4553 1726 4612; x_wconf 89' lang='lat' dir='ltr'>Deusmiseri·</span> 
     </span>
     <span class='ocr_line' id='line_1_51' title="bbox 72 4643 1726 4721; baseline 0.002 -23"><span class='ocrx_word' id='word_1_704' title='bbox 72 4645 166 4721; x_wconf 85' lang='lat' dir='ltr'>gaudii</span> <span class='ocrx_word' id='word_1_705' title='bbox 178 4645 308 4701; x_wconf 85' lang='lat' dir='ltr'>suavitate</span> <span class='ocrx_word' id='word_1_706' title='bbox 323 4646 449 4705; x_wconf 85' lang='lat' dir='ltr'>dicebat:</span> <span class='ocrx_word' id='word_1_707' title='bbox 469 4645 535 4704; x_wconf 84' lang='lat' dir='ltr'>tlibi</span> <span class='ocrx_word' id='word_1_708' title='bbox 551 4650 649 4703; x_wconf 85' lang='lat' dir='ltr'>autem</span> <span class='ocrx_word' id='word_1_709' title='bbox 664 4644 739 4702; x_wconf 84' lang='lat' dir='ltr'>obsit</span> <span class='ocrx_word' id='word_1_710' title='bbox 754 4646 876 4718; x_wconf 80' lang='lat' dir='ltr'>ploriori</span> <span class='ocrx_word' id='word_1_711' title='bbox 929 4649 1050 4705; x_wconf 91' lang='lat' dir='ltr'>cordiam</span> <span class='ocrx_word' id='word_1_712' title='bbox 1064 4662 1152 4702; x_wconf 88' lang='lat' dir='ltr'>suam.</span> <span class='ocrx_word' id='word_1_713' title='bbox 1166 4645 1200 4700; x_wconf 89' lang='lat' dir='ltr'>lit</span> <span class='ocrx_word' id='word_1_714' title='bbox 1218 4643 1280 4716; x_wconf 92' lang='lat' dir='ltr'>quis</span> <span class='ocrx_word' id='word_1_715' title='bbox 1294 4644 1422 4716; x_wconf 77' lang='lat' dir='ltr'>abyssum</span> <span class='ocrx_word' id='word_1_716' title='bbox 1430 4651 1485 4701; x_wconf 91' lang='lat' dir='ltr'>tam</span> <span class='ocrx_word' id='word_1_717' title='bbox 1499 4643 1651 4701; x_wconf 90' lang='lat' dir='ltr'>ineffabilis</span> <span class='ocrx_word' id='word_1_718' title='bbox 1661 4661 1726 4721; x_wconf 54' lang='lat' dir='ltr'>grae</span> 
     </span>
     <span class='ocr_line' id='line_1_52' title="bbox 72 4731 1731 4810; baseline 0.001 -20"><span class='ocrx_word' id='word_1_719' title='bbox 72 4731 168 4790; x_wconf 82' lang='lat' dir='ltr'>nisti-n</span> <span class='ocrx_word' id='word_1_720' title='bbox 183 4748 266 4790; x_wconf 86' lang='lat' dir='ltr'>croco</span> <span class='ocrx_word' id='word_1_721' title='bbox 280 4734 495 4792; x_wconf 84' lang='lat' dir='ltr'>Domintoostri</span> <span class='ocrx_word' id='word_1_722' title='bbox 508 4736 574 4792; x_wconf 78' lang='lat' dir='ltr'>lesu</span> <span class='ocrx_word' id='word_1_723' title='bbox 591 4732 701 4790; x_wconf 65' lang='lat' dir='ltr'>attosti</span> <span class='ocrx_word' id='word_1_724' title='bbox 713 4732 821 4803; x_wconf 81' lang='lat' dir='ltr'>(dolet.</span> <span class='ocrx_word' id='word_1_725' title='bbox 835 4747 876 4800; x_wconf 84' lang='lat' dir='ltr'>vt,</span> <span class='ocrx_word' id='word_1_726' title='bbox 931 4737 975 4793; x_wconf 84' lang='lat' dir='ltr'>tiae</span> <span class='ocrx_word' id='word_1_727' title='bbox 989 4732 1180 4801; x_wconf 88' lang='lat' dir='ltr'>consideravit,</span> <span class='ocrx_word' id='word_1_728' title='bbox 1202 4734 1262 4805; x_wconf 89' lang='lat' dir='ltr'>quis</span> <span class='ocrx_word' id='word_1_729' title='bbox 1278 4732 1398 4790; x_wconf 88' lang='lat' dir='ltr'>delente</span> <span class='ocrx_word' id='word_1_730' title='bbox 1410 4739 1492 4791; x_wconf 81' lang='lat' dir='ltr'>tantae</span> <span class='ocrx_word' id='word_1_731' title='bbox 1511 4734 1664 4791; x_wconf 88' lang='lat' dir='ltr'>dulcedinis</span> <span class='ocrx_word' id='word_1_732' title='bbox 1678 4750 1731 4810; x_wconf 78' lang='lat' dir='ltr'>qu·</span> 
     </span>
     <span class='ocr_line' id='line_1_53' title="bbox 74 4819 1728 4896; baseline 0.002 -19"><span class='ocrx_word' id='word_1_733' title='bbox 74 4819 274 4893; x_wconf 78' lang='lat' dir='ltr'>ll);securus,</span> <span class='ocrx_word' id='word_1_734' title='bbox 288 4822 693 4896; x_wconf 84' lang='lat' dir='ltr'>Soio,inquit‚cuteredidi,et</span> <span class='ocrx_word' id='word_1_735' title='bbox 707 4825 877 4880; x_wconf 81' lang='lat' dir='ltr'>certassem</span> <span class='ocrx_word' id='word_1_736' title='bbox 932 4825 1056 4892; x_wconf 82' lang='lat' dir='ltr'>stavit,et</span> <span class='ocrx_word' id='word_1_737' title='bbox 1082 4838 1137 4880; x_wconf 93' lang='lat' dir='ltr'>non</span> <span class='ocrx_word' id='word_1_738' title='bbox 1164 4819 1281 4879; x_wconf 80' lang='lat' dir='ltr'>uuaviti</span> <span class='ocrx_word' id='word_1_739' title='bbox 1306 4823 1404 4878; x_wconf 92' lang='lat' dir='ltr'>Nonne</span> <span class='ocrx_word' id='word_1_740' title='bbox 1434 4823 1492 4879; x_wconf 87' lang='lat' dir='ltr'>Deo</span> <span class='ocrx_word' id='word_1_741' title='bbox 1513 4823 1637 4894; x_wconf 85' lang='lat' dir='ltr'>subjecta</span> <span class='ocrx_word' id='word_1_742' title='bbox 1663 4825 1728 4893; x_wconf 87' lang='lat' dir='ltr'>aria,</span> 
     </span>
     <span class='ocr_line' id='line_1_54' title="bbox 73 4907 1730 4989; baseline -0.004 -19"><span class='ocrx_word' id='word_1_743' title='bbox 73 4915 144 4988; x_wconf 80' lang='lat' dir='ltr'>quio</span> <span class='ocrx_word' id='word_1_744' title='bbox 158 4929 208 4970; x_wconf 83' lang='lat' dir='ltr'>nec</span> <span class='ocrx_word' id='word_1_745' title='bbox 223 4931 309 4985; x_wconf 84' lang='lat' dir='ltr'>mors,</span> <span class='ocrx_word' id='word_1_746' title='bbox 322 4931 372 4973; x_wconf 84' lang='lat' dir='ltr'>oea</span> <span class='ocrx_word' id='word_1_747' title='bbox 382 4916 506 4988; x_wconf 82' lang='lat' dir='ltr'>plodies,</span> <span class='ocrx_word' id='word_1_748' title='bbox 522 4932 576 4973; x_wconf 81' lang='lat' dir='ltr'>neo</span> <span class='ocrx_word' id='word_1_749' title='bbox 590 4915 715 4989; x_wconf 77' lang='lat' dir='ltr'>capetus,</span> <span class='ocrx_word' id='word_1_750' title='bbox 731 4928 822 4986; x_wconf 83' lang='lat' dir='ltr'>nequa</span> <span class='ocrx_word' id='word_1_751' title='bbox 832 4930 880 4987; x_wconf 90' lang='lat' dir='ltr'>po·</span> <span class='ocrx_word' id='word_1_752' title='bbox 932 4911 1114 4967; x_wconf 81' lang='lat' dir='ltr'>animameai</span> <span class='ocrx_word' id='word_1_753' title='bbox 1128 4909 1217 4980; x_wconf 86' lang='lat' dir='ltr'>(Psol.</span> <span class='ocrx_word' id='word_1_754' title='bbox 1232 4922 1293 4974; x_wconf 82' lang='lat' dir='ltr'>uxr,</span> <span class='ocrx_word' id='word_1_755' title='bbox 1309 4909 1349 4978; x_wconf 78' lang='grc'>2.)</span> <span class='ocrx_word' id='word_1_756' title='bbox 1360 4907 1451 4978; x_wconf 87' lang='lat' dir='ltr'>Quare</span> <span class='ocrx_word' id='word_1_757' title='bbox 1465 4924 1520 4966; x_wconf 91' lang='lat' dir='ltr'>nou</span> <span class='ocrx_word' id='word_1_758' title='bbox 1533 4909 1652 4966; x_wconf 88' lang='lat' dir='ltr'>effundis</span> <span class='ocrx_word' id='word_1_759' title='bbox 1662 4907 1730 4964; x_wconf 85' lang='lat' dir='ltr'>affa-</span> 
     </span>
     <span class='ocr_line' id='line_1_55' title="bbox 75 4995 1732 5079; baseline -0.005 -18"><span class='ocrx_word' id='word_1_760' title='bbox 75 5006 195 5061; x_wconf 83' lang='lat' dir='ltr'>testatos</span> <span class='ocrx_word' id='word_1_761' title='bbox 203 5004 594 5077; x_wconf 82' lang='lat' dir='ltr'>nequeatioaliqeaorootoro</span> <span class='ocrx_word' id='word_1_762' title='bbox 602 5006 709 5079; x_wconf 86' lang='lat' dir='ltr'>poterit</span> <span class='ocrx_word' id='word_1_763' title='bbox 716 5017 879 5076; x_wconf 86' lang='lat' dir='ltr'>meseporo·</span> <span class='ocrx_word' id='word_1_764' title='bbox 932 5012 991 5059; x_wconf 87' lang='lat' dir='ltr'>ctus</span> <span class='ocrx_word' id='word_1_765' title='bbox 1009 4998 1036 5056; x_wconf 91' lang='lat' dir='ltr'>in</span> <span class='ocrx_word' id='word_1_766' title='bbox 1051 4998 1147 5065; x_wconf 76' lang='lat' dir='ltr'>Deum</span> <span class='ocrx_word' id='word_1_767' title='bbox 1170 5011 1240 5071; x_wconf 88' lang='lat' dir='ltr'>quos</span> <span class='ocrx_word' id='word_1_768' title='bbox 1255 4995 1351 5072; x_wconf 90' lang='lat' dir='ltr'>dirigis</span> <span class='ocrx_word' id='word_1_769' title='bbox 1365 4996 1401 5053; x_wconf 92' lang='lat' dir='ltr'>ad</span> <span class='ocrx_word' id='word_1_770' title='bbox 1421 5000 1552 5054; x_wconf 80' lang='lat' dir='ltr'>multatas</span> <span class='ocrx_word' id='word_1_771' title='bbox 1561 5005 1588 5054; x_wconf 92' lang='grc' dir='ltr'>ει</span> <span class='ocrx_word' id='word_1_772' title='bbox 1611 4995 1732 5052; x_wconf 79' lang='lat' dir='ltr'>insanias</span> 
     </span>
     <span class='ocr_line' id='line_1_56' title="bbox 73 5084 1731 5168; baseline -0.007 -18"><span class='ocrx_word' id='word_1_773' title='bbox 73 5107 131 5150; x_wconf 85' lang='lat' dir='ltr'>reo</span> <span class='ocrx_word' id='word_1_774' title='bbox 141 5091 286 5150; x_wconf 73' lang='lat' dir='ltr'>obesitate</span> <span class='ocrx_word' id='word_1_775' title='bbox 295 5095 356 5166; x_wconf 85' lang='lat' dir='ltr'>Dat,</span> <span class='ocrx_word' id='word_1_776' title='bbox 365 5111 427 5168; x_wconf 83' lang='lat' dir='ltr'>qooe</span> <span class='ocrx_word' id='word_1_777' title='bbox 437 5097 479 5152; x_wconf 86' lang='lat' dir='ltr'>est</span> <span class='ocrx_word' id='word_1_778' title='bbox 490 5095 522 5150; x_wconf 82' lang='lat' dir='ltr'>in</span> <span class='ocrx_word' id='word_1_779' title='bbox 536 5093 647 5152; x_wconf 77' lang='lat' dir='ltr'>cbristo</span> <span class='ocrx_word' id='word_1_780' title='bbox 657 5093 765 5166; x_wconf 81' lang='lat' dir='ltr'>lesu(ll</span> <span class='ocrx_word' id='word_1_781' title='bbox 778 5092 848 5150; x_wconf 79' lang='lat' dir='ltr'>lim.</span> <span class='ocrx_word' id='word_1_782' title='bbox 859 5107 879 5161; x_wconf 92' lang='lat'>1,</span> <span class='ocrx_word' id='word_1_783' title='bbox 932 5086 1128 5160; x_wconf 79' lang='lat' dir='ltr'>falsasi(l&gt;sol.</span> <span class='ocrx_word' id='word_1_784' title='bbox 1144 5101 1239 5154; x_wconf 90' lang='lat' dir='ltr'>xxxrx,</span> <span class='ocrx_word' id='word_1_785' title='bbox 1255 5084 1391 5155; x_wconf 80' lang='lat' dir='ltr'>h.lQarare</span> <span class='ocrx_word' id='word_1_786' title='bbox 1405 5085 1489 5142; x_wconf 90' lang='lat' dir='ltr'>tristis</span> <span class='ocrx_word' id='word_1_787' title='bbox 1503 5102 1541 5150; x_wconf 89' lang='lat' dir='ltr'>es,</span> <span class='ocrx_word' id='word_1_788' title='bbox 1554 5085 1645 5141; x_wconf 92' lang='lat' dir='ltr'>anima</span> <span class='ocrx_word' id='word_1_789' title='bbox 1660 5098 1731 5156; x_wconf 77' lang='grc' dir='ltr'><strong>ιεει,</strong></span> 
     </span>
     <span class='ocr_line' id='line_1_57' title="bbox 74 5171 1734 5255; baseline -0.004 -17"><span class='ocrx_word' id='word_1_790' title='bbox 74 5184 126 5251; x_wconf 78' lang='lat'>123</span> <span class='ocrx_word' id='word_1_791' title='bbox 143 5183 221 5238; x_wconf 76' lang='lat' dir='ltr'>Rom.</span> <span class='ocrx_word' id='word_1_792' title='bbox 245 5199 306 5254; x_wconf 84' lang='lat' dir='ltr'>rur,</span> <span class='ocrx_word' id='word_1_793' title='bbox 323 5186 367 5249; x_wconf 84' lang='grc'>38,</span> <span class='ocrx_word' id='word_1_794' title='bbox 385 5183 442 5253; x_wconf 79' lang='grc'><strong>39).</strong></span> <span class='ocrx_word' id='word_1_795' title='bbox 458 5182 565 5255; x_wconf 78' lang='lat' dir='ltr'>hloyses</span> <span class='ocrx_word' id='word_1_796' title='bbox 579 5182 688 5239; x_wconf 90' lang='lat' dir='ltr'>innixus</span> <span class='ocrx_word' id='word_1_797' title='bbox 711 5189 766 5238; x_wconf 89' lang='lat' dir='ltr'>tam</span> <span class='ocrx_word' id='word_1_798' title='bbox 785 5182 879 5240; x_wconf 84' lang='lat' dir='ltr'>solidae</span> <span class='ocrx_word' id='word_1_799' title='bbox 932 5187 958 5237; x_wconf 91' lang='lat' dir='ltr'>et</span> <span class='ocrx_word' id='word_1_800' title='bbox 972 5194 1057 5252; x_wconf 89' lang='lat' dir='ltr'>quaro</span> <span class='ocrx_word' id='word_1_801' title='bbox 1083 5174 1228 5234; x_wconf 89' lang='lat' dir='ltr'>conturbas</span> <span class='ocrx_word' id='word_1_802' title='bbox 1248 5173 1313 5229; x_wconf 79' lang='lat' dir='ltr'>mo?</span> <span class='ocrx_word' id='word_1_803' title='bbox 1333 5173 1424 5243; x_wconf 81' lang='lat' dir='ltr'>(Prot.</span> <span class='ocrx_word' id='word_1_804' title='bbox 1446 5189 1505 5241; x_wconf 76' lang='lat' dir='ltr'>aar,</span> <span class='ocrx_word' id='word_1_805' title='bbox 1525 5175 1565 5243; x_wconf 82' lang='lat'>6.)</span> <span class='ocrx_word' id='word_1_806' title='bbox 1593 5171 1734 5244; x_wconf 86' lang='lat' dir='ltr'>Numquid</span> 
     </span>
     <span class='ocr_line' id='line_1_58' title="bbox 74 5262 1734 5345; baseline -0.002 -17"><span class='ocrx_word' id='word_1_807' title='bbox 74 5270 212 5338; x_wconf 90' lang='lat' dir='ltr'>charitati,</span> <span class='ocrx_word' id='word_1_808' title='bbox 232 5271 372 5345; x_wconf 75' lang='lat' dir='ltr'>praelegit</span> <span class='ocrx_word' id='word_1_809' title='bbox 385 5272 419 5326; x_wconf 96' lang='lat' dir='ltr'>de</span> <span class='ocrx_word' id='word_1_810' title='bbox 433 5271 502 5328; x_wconf 92' lang='lat' dir='ltr'>libro</span> <span class='ocrx_word' id='word_1_811' title='bbox 516 5286 595 5343; x_wconf 90' lang='lat' dir='ltr'>quem</span> <span class='ocrx_word' id='word_1_812' title='bbox 610 5269 721 5343; x_wconf 90' lang='lat' dir='ltr'>scripsit</span> <span class='ocrx_word' id='word_1_813' title='bbox 733 5269 874 5343; x_wconf 85' lang='lat' dir='ltr'>Dominus,</span> <span class='ocrx_word' id='word_1_814' title='bbox 934 5267 1103 5328; x_wconf 89' lang='lat' dir='ltr'>consiliarius</span> <span class='ocrx_word' id='word_1_815' title='bbox 1119 5280 1174 5322; x_wconf 90' lang='lat' dir='ltr'>uon</span> <span class='ocrx_word' id='word_1_816' title='bbox 1196 5262 1300 5320; x_wconf 90' lang='lat' dir='ltr'>esttibi</span> <span class='ocrx_word' id='word_1_817' title='bbox 1314 5268 1361 5318; x_wconf 92' lang='lat' dir='ltr'>aut</span> <span class='ocrx_word' id='word_1_818' title='bbox 1384 5263 1521 5319; x_wconf 80' lang='lat' dir='ltr'>salvatori</span> <span class='ocrx_word' id='word_1_819' title='bbox 1535 5263 1668 5338; x_wconf 80' lang='lat' dir='ltr'>Nooqaid</span> <span class='ocrx_word' id='word_1_820' title='bbox 1687 5280 1734 5324; x_wconf 69' lang='lat' dir='ltr'>rc-</span> 
     </span>
     <span class='ocr_line' id='line_1_59' title="bbox 75 5349 1734 5432; baseline -0.002 -15"><span class='ocrx_word' id='word_1_821' title='bbox 75 5358 171 5429; x_wconf 91' lang='lat' dir='ltr'>deleri,</span> <span class='ocrx_word' id='word_1_822' title='bbox 187 5376 268 5432; x_wconf 89' lang='lat' dir='ltr'>quarn</span> <span class='ocrx_word' id='word_1_823' title='bbox 282 5361 414 5418; x_wconf 88' lang='lat' dir='ltr'>sustineat</span> <span class='ocrx_word' id='word_1_824' title='bbox 428 5360 480 5416; x_wconf 88' lang='lat' dir='ltr'>sibi</span> <span class='ocrx_word' id='word_1_825' title='bbox 495 5359 630 5416; x_wconf 90' lang='lat' dir='ltr'>creditum</span> <span class='ocrx_word' id='word_1_826' title='bbox 644 5357 875 5432; x_wconf 82' lang='lat' dir='ltr'>divinaindigna·</span> <span class='ocrx_word' id='word_1_827' title='bbox 930 5361 1059 5417; x_wconf 72' lang='lat' dir='ltr'>noanon</span> <span class='ocrx_word' id='word_1_828' title='bbox 1069 5359 1110 5414; x_wconf 81' lang='lat' dir='ltr'>cst</span> <span class='ocrx_word' id='word_1_829' title='bbox 1119 5357 1150 5410; x_wconf 82' lang='lat' dir='ltr'>tn</span> <span class='ocrx_word' id='word_1_830' title='bbox 1163 5349 1475 5422; x_wconf 67' lang='lat' dir='ltr'>comeduutmedteo</span> <span class='ocrx_word' id='word_1_831' title='bbox 1484 5368 1543 5411; x_wconf 82' lang='lat' dir='ltr'>ooo</span> <span class='ocrx_word' id='word_1_832' title='bbox 1553 5356 1595 5410; x_wconf 86' lang='lat' dir='ltr'>ert</span> <span class='ocrx_word' id='word_1_833' title='bbox 1604 5352 1671 5412; x_wconf 78' lang='lat' dir='ltr'>tlt?</span> <span class='ocrx_word' id='word_1_834' title='bbox 1679 5353 1734 5428; x_wconf 78' lang='lat' dir='ltr'>(Je-</span> 
     </span>
     <span class='ocr_line' id='line_1_60' title="bbox 77 5441 1732 5525; baseline -0.003 -17"><span class='ocrx_word' id='word_1_835' title='bbox 77 5448 153 5509; x_wconf 90' lang='lat' dir='ltr'>tioaa</span> <span class='ocrx_word' id='word_1_836' title='bbox 167 5451 299 5524; x_wconf 90' lang='lat' dir='ltr'>populum</span> <span class='ocrx_word' id='word_1_837' title='bbox 313 5451 395 5509; x_wconf 91' lang='lat' dir='ltr'>deleri</span> <span class='ocrx_word' id='word_1_838' title='bbox 408 5450 508 5525; x_wconf 76' lang='lat' dir='ltr'>(deod.</span> <span class='ocrx_word' id='word_1_839' title='bbox 519 5464 614 5518; x_wconf 84' lang='lat' dir='ltr'>xxxu,</span> <span class='ocrx_word' id='word_1_840' title='bbox 626 5447 749 5523; x_wconf 63' lang='lat' dir='ltr'>attilae</span> <span class='ocrx_word' id='word_1_841' title='bbox 762 5445 876 5522; x_wconf 86' lang='lat' dir='ltr'>inexpu·</span> <span class='ocrx_word' id='word_1_842' title='bbox 930 5463 1002 5505; x_wconf 87' lang='lat' dir='ltr'>rem.</span> <span class='ocrx_word' id='word_1_843' title='bbox 1018 5459 1079 5516; x_wconf 85' lang='lat' dir='ltr'>rur,</span> <span class='ocrx_word' id='word_1_844' title='bbox 1094 5441 1153 5515; x_wconf 78' lang='grc' dir='ltr'><strong>ιε.)</strong></span> <span class='ocrx_word' id='word_1_845' title='bbox 1167 5443 1322 5508; x_wconf 75' lang='grc' dir='ltr'><strong>ιιευενιεεε,</strong></span> <span class='ocrx_word' id='word_1_846' title='bbox 1334 5442 1482 5508; x_wconf 81' lang='lat' dir='ltr'>revertere,</span> <span class='ocrx_word' id='word_1_847' title='bbox 1499 5441 1673 5516; x_wconf 79' lang='lat' dir='ltr'>sunamitis,</span> <span class='ocrx_word' id='word_1_848' title='bbox 1683 5458 1732 5504; x_wconf 81' lang='lat' dir='ltr'>ra·</span> 
     </span>
    </p>
   </div>
   <div class='ocr_carea' id='block_1_5' title="bbox 0 0 1880 5962">
    <p class='ocr_par' dir='ltr' id='par_1_7' title="bbox 0 0 1880 5962">
     <span class='ocr_line' id='line_1_61' title="bbox 0 0 1880 5962; baseline 0 0"><span class='ocrx_word' id='word_1_849' title='bbox 0 0 1880 5962; x_wconf 95' lang='lat' dir='ltr'> </span> 
     </span>
    </p>
   </div>
  </div>
 </body>
</html>
