3706 5962
45 209 99 273 aaa
601 211 1123 279 ssauourasrossrarmm.
1631 233 1686 296 q,

45 353 113 393 num
129 337 136 393 i
153 336 232 395 Scitis
255 338 328 395 enim
362 341 430 413 quia
472 341 559 399 multa
587 342 655 402 uitia
688 341 839 400 tenerrimis
855 354 879 436 st
895 340 982 413 (Paci.
998 358 1056 411 sax,
1074 345 1127 417 to),
1145 346 1224 417 cujus
1242 349 1390 424 corrigiam
1403 353 1510 412 soluere
1527 372 1581 414 nou
1599 363 1687 434 potuit

46 426 170 482 aetatibus
193 426 404 497 imprimuntur,
420 445 480 502 quae
501 439 595 504 postea
609 432 636 486 in
660 447 758 506 magno
777 445 838 487 aor-
894 445 1011 504 magnus
1024 433 1197 506 illeBaptista
1216 436 1293 508 (Lac.
1317 453 1360 506 111,
1376 443 1433 510 lot.
1448 443 1520 500 uisis
1532 446 1567 504 de
1581 465 1686 509 summo

46 531 113 587 pore
142 515 185 571 vix
227 515 362 590 mitigare,
397 520 497 575 nedum
525 519 673 591 exstirpare
699 517 841 590 quisquam
893 518 989 576 Filium
1003 536 1100 577 suum:
1117 531 1145 578 et
1154 525 1258 596 accepit
1272 542 1314 583 me
1328 528 1445 587 inutero
1456 532 1583 609 Virginis,
1599 547 1627 594 et
1646 540 1688 597 sie

47 603 143 676 possit.
167 602 290 661 Infelices
305 607 437 677 magistri,
454 608 500 679 qui
527 607 685 677 hujusmodi
710 607 842 678 plantaria
894 611 1002 665 tandem
1021 612 1168 684 assumpsit
1189 629 1242 683 me,
1266 625 1293 672 et
1320 617 1356 674 de
1378 619 1522 691 profundis
1545 639 1686 697 aquarum.

45 694 252 763 plantaverunt!
268 694 499 765 explantabuntur
508 696 542 752 ab
551 695 597 752 illa
614 696 720 752 coelcsti
732 695 840 769 planta-
895 695 1079 754 Percutiemus
1094 710 1188 768 eleos,
1203 701 1227 756 si
1241 704 1390 779 cogitemus
1399 724 1450 781 pro
1460 722 1572 782 peccato
1581 723 1688 788 nostro,

45 778 130 850 tione,
159 796 238 851 quam
258 783 387 853 plantavit
399 783 479 842 Pater
492 784 536 842 iile
556 785 684 842 coelestis.
699 782 768 852 Quis
782 784 842 857 glo-
894 785 918 841 si
941 786 1132 856 prohibeamus
1147 788 1268 863 linguam
1294 809 1311 849 a
1337 794 1413 861 dolo,
1432 798 1455 853 si
1479 800 1648 860 declinemus
1672 820 1689 860 a

45 869 159 925 riabitur
173 886 202 926 se
216 871 298 940 hujus
318 873 367 929 rivi
388 874 552 930 torrentibus
577 889 631 930 non
650 873 736 930 inissa
749 873 839 931 valla·
892 876 975 942 malo,
991 886 1018 931 et
1031 876 1162 935 iaciamus
1175 880 1274 939 bouum
1291 899 1298 937 :
1314 883 1338 938 si
1352 884 1528 946 conliteamur
1547 891 1689 952 adversum

46 964 103 1010 tum
117 956 132 1010 l
893 978 944 1020 nos
958 964 1114 1034 iniustitiam
1138 979 1258 1025 nostram
1271 970 1397 1039 Domino,
1418 976 1441 1031 si
1455 978 1533 1035 dolor
1547 986 1639 1038 noster
1652 982 1687 1039 sit

84 1045 127 1100 lt.
143 1045 279 1118 Septimus
305 1054 356 1115 est,
387 1047 841 1121 inomnibushismalispersere·
893 1067 1000 1124 semper
1013 1052 1042 1108 in
1063 1069 1213 1128 conspectu
1237 1068 1340 1127 nostro,
1366 1061 1389 1115 si
1412 1062 1558 1123 doceamus
1581 1068 1691 1140 iniquos

43 1148 115 1190 rare.
140 1134 190 1190 llic
218 1145 341 1205 peccator
354 1137 497 1195 demersus
523 1146 564 1194 est
592 1149 619 1197 et
642 1139 797 1210 absorptus,
814 1146 841 1194 et
894 1140 952 1198 aies
965 1142 1084 1209 Domini,
1099 1153 1125 1200 et
1142 1160 1250 1215 semper
1265 1147 1323 1204 laus
1337 1150 1398 1220 ejus
1415 1152 1449 1207 sit
1471 1152 1499 1210 in
1522 1170 1570 1212 ore
1585 1166 1688 1217 nostro.

43 1221 140 1278 clausit
153 1238 235 1295 super
253 1242 316 1281 eum
336 1238 432 1298 puteus
445 1241 476 1282 os
496 1243 587 1283 suum.
616 1228 682 1283 Cum
698 1228 771 1282 enim
785 1241 841 1282 non
894 1229 930 1285 Et
943 1238 974 1286 ut
987 1231 1021 1286 de
1035 1238 1093 1287 arte
1107 1233 1314 1291 sutorianostris
1324 1237 1444 1296 moribus
1458 1240 1558 1314 aliquid
1574 1259 1691 1304 consua-

44 1307 118 1368 levat
131 1313 224 1369 oculos
240 1314 273 1368 ad
288 1314 397 1381 coelum,
417 1330 467 1371 nec
491 1316 651 1372 recordatur
676 1315 841 1388 judiciorum
894 1333 965 1387 mus,
981 1319 1126 1376 babeamus
1140 1321 1323 1380 calceamenta
1338 1327 1460 1386 deusest
1473 1332 1608 1389 subtiliter
1622 1349 1691 1391 cou-

40 1397 190 1468 justorum,
218 1411 341 1459 mortuus
364 1412 414 1474 est,
453 1411 481 1458 ct
508 1404 630 1474 sepultus
660 1404 688 1459 in
714 1404 841 1475 sepulcro
895 1415 965 1473 suta,
982 1422 1044 1479 quae
1057 1408 1163 1480 possint
1179 1425 1262 1481 aquas
1275 1412 1416 1472 obviantes
1429 1417 1583 1479 excludere.
1598 1421 1692 1479 Facia-

42 1488 217 1546 conscientiae
231 1508 298 1547 suae.
313 1493 388 1547 Tunc
402 1509 417 1546 a
432 1500 538 1549 mortuo
567 1501 694 1564 tauquam
720 1492 840 1565 quinon
896 1511 956 1552 mus
985 1510 1095 1553 munem
1122 1505 1244 1554 nostram
1267 1499 1370 1557 firmam
1402 1511 1428 1560 ei
1451 1505 1586 1564 confixam
1609 1509 1691 1567 im

43 1582 96 1645 est,
111 1579 182 1648 perit
195 1579 328 1637 confessio
342 1580 441 1653 (Decii.
459 1583 608 1653 xv11,2ti):
627 1589 691 1637 tunc
710 1592 840 1652 peccator
896 1585 991 1642 timore
1006 1584 1125 1652 Domini,
1141 1602 1200 1656 quae
1214 1587 1336 1646 libidinis
1357 1592 1500 1652 humorem
1515 1597 1651 1669 excludet,
1666 1609 1692 1657 et

43 1679 108 1720 cum
134 1669 241 1724 venerit
263 1668 290 1723 in
320 1668 482 1740 protundum
518 1670 662 1740 malorum,
696 1669 843 1726 contemnit
895 1682 1007 1730 excocta
1036 1674 1265 1748 tribulationibus,
1288 1686 1368 1749 atque
1390 1681 1612 1742 itadensataliat
1632 1695 1693 1744 uter

43 1755 127 1810 Pron.
154 1772 233 1824 xviri,
263 1759 302 1827 3).
345 1757 393 1814 llic
419 1765 460 1814 est
493 1757 522 1813 in
548 1769 669 1815 extremo
698 1757 841 1814 lluminunt
894 1762 1030 1817 novusad
1044 1764 1258 1821 conservandum
1272 1765 1362 1823 riuum
1385 1784 1485 1827 norum
1499 1773 1534 1828 de
1555 1789 1611 1846 quc
1625 1774 1694 1832 ‹lici-

43 1841 164 1914 AEgypti,
179 1857 206 1901 et
221 1844 364 1903 multitudo
379 1846 582 1904 miserationum
604 1845 713 1904 Domini
737 1846 842 1903 tollitur
894 1857 954 1907 tur:
975 1851 1149 1921 Quaesumus
1163 1867 1227 1908 som
1245 1855 1397 1912 siculutcr
1420 1860 1451 1914 in
1471 1863 1580 1932 prasino
1603 1863 1692 1934 (rant.

42 1927 266 2001 socculisejus.
892 1954 989 2006 exvur,
1016 1939 1072 2011 83).
1096 1938 1148 1995 Sed
1164 1941 1222 2011 jam
1247 1942 1331 1999 corda
1361 1951 1389 2001 et
1410 1961 1526 2018 corpora
1546 1960 1637 2008 vestra
1658 1953 1694 2009 ad

84 2020 127 2073 ¹2·
143 2016 165 2072 0
180 2016 280 2074 1111111111
303 2020 414 2088 mallim·
428 2021 480 2078 titi
493 2021 613 2093 pessimi,
636 2020 688 2077 rivi
712 2019 840 2079 extermi·
892 2027 1094 2101 suscipiendum
1111 2028 1207 2084 Filium
1222 2029 1341 2104 Virginis
1355 2045 1508 2108 praeparata
1529 2038 1695 2098 dimittamus

44 2104 157 2160 nantes!
175 2106 230 2162 llac
248 2116 325 2163 nocte
340 2108 471 2166 Dominus
484 2124 533 2166 eos
551 2109 685 2166 calceatus
708 2109 838 2175 transivit,
890 2115 1004 2189 inpace,
1017 2124 1045 2172 et
1058 2132 1154 2172 omnes
1172 2117 1201 2172 in
1227 2132 1371 2177 commune
1386 2122 1476 2179 lumen
1495 2125 1528 2179 ad
1552 2126 1695 2185 revelatio·

43 2208 105 2249 cum
121 2193 149 2247 in
163 2195 286 2266 virginali
300 2197 449 2254 substantia
456 2213 551 2269 puram
561 2214 668 2255 carnem
683 2206 711 2255 et
720 2197 839 2254 omnium
891 2221 953 2262 nem
989 2205 1110 2279 gentium
1137 2205 1327 2264 innocentibus
1349 2210 1468 2269 brachiis
1498 2213 1696 2286 amplectamur

44 2290 254 2352 praetaxatarum
267 2285 385 2356 pestium
400 2286 546 2344 immunem
568 2286 670 2359 accepit
687 2305 694 2342 ι
714 2287 760 2344 illo
778 2287 838 2344 cal·
890 2294 938 2367 qui
970 2301 1011 2350 est
1028 2293 1187 2350 benedictus
1200 2293 1228 2350 iu
1247 2297 1356 2355 saecula.
1369 2301 1469 2358 Amen.

44 2378 187 2427 eeamento
219 2373 352 2430 calceatus
382 2376 455 2450 quod
481 2374 509 2431 in
536 2374 680 2431 ldumaeam
716 2374 839 2432 extendit

50 2540 1691 2577 --..-...................-.....-.-............,-,-,

469 2693 694 2790 attolli
737 2691 1253 2790 cltum-vittatam

340 2912 469 2980 SERMO
491 2913 533 2980 IN
557 2913 681 2982 FESTO
703 2912 818 2981 Batti
841 2912 1034 2979 STEPHANI
1057 2912 1400 2986 PROTOMARTYRIS.

343 3165 345 3170 .
408 3079 567 3154 Stephanus
585 3082 683 3144 autem
703 3077 805 3155 plenos
819 3077 914 3154 pratis
928 3080 957 3137 et
970 3077 1145 3150 fortitudine
1156 3077 1166 3150 (
1177 3079 1239 3139 Act.
1255 3094 1295 3150 ιι,
1308 3080 1348 3156 8).

81 3379 108 3434 l.
123 3377 219 3434 Adhuc
233 3377 330 3434 Villam
345 3375 463 3450 Virginis
487 3376 617 3434 babemus
644 3376 672 3432 in
699 3375 838 3447 manibus,
853 3389 876 3472 q
891 3373 1022 3450 proatpta
1031 3376 1152 3449 stripitu
1169 3376 1439 3453 maqaatapopato.
1452 3379 1699 3458 Nanqniquann
1786 3402 1789 3407 ·

43 3474 72 3523 et
90 3467 260 3524 obsecutoria
273 3465 430 3523 delinitione
452 3467 586 3540 vagientis
608 3465 656 3522 Dei
673 3468 838 3523 honoramus
893 3471 934 3518 est
950 3461 1139 3537 derelinquere
1160 3480 1263 3535 regem,
1278 3474 1307 3522 et
1329 3466 1364 3522 sd
1378 3467 1478 3524 milites
1490 3472 1587 3528 oeulos
1605 3473 1698 3530 daor-

43 3554 193 3613 iniantiam.
210 3557 289 3613 Ducit
301 3571 352 3612 nos
365 3554 450 3629 Virgo
465 3557 500 3610 ad
523 3555 677 3611 veneranda
695 3554 839 3620 cunabula,
893 3552 998 3626 queret
1010 3553 1198 3624 Nequaquam,
1210 3552 1238 3608 ni
1253 3552 1424 3627 imperaverit
1431 3557 1617 3630 imperitans
1627 3563 1699 3634 urqit

43 3653 72 3701 et
87 3646 209 3716 speciosa
234 3659 288 3716 pra
310 3644 418 3700 llllabus
447 3643 600 3710 bominum,
625 3643 661 3698 ad
688 3641 841 3715 speciosum
895 3642 953 3712 ipse
965 3639 1023 3696 Rex
1037 3637 1120 3695 Filius
1134 3639 1226 3715 Regis,
1242 3641 1291 3697 sed
1310 3640 1488 3713 lapidantium
1509 3646 1596 3704 aciem
1611 3647 1699 3706 intar-

43 3733 131 3791 iorma
154 3750 211 3806 prae
230 3732 292 3789 liliis
307 3733 456 3804 bominum,
472 3733 612 3790 benedicta
630 3730 843 3788 intermulieres
896 3743 1037 3800 rumpens,
1062 3727 1266 3801 triumphatoris
1289 3731 1431 3788 certamini
1453 3748 1507 3790 aaa
1526 3735 1585 3792 sine
1602 3737 1700 3795 dolore

43 3822 77 3878 ad
92 3823 263 3879 benedictum
291 3823 362 3881 iuter
385 3825 510 3880 homiues
536 3838 587 3879 nos
609 3821 747 3879 conducit.
774 3819 845 3876 Sub·
896 3816 988 3874 cordis
1018 3817 1130 3875 assistit.
1159 3817 1239 3875 Videt
1265 3820 1384 3891 opprimi
1407 3821 1523 3892 primum
1552 3831 1581 3881 et
1608 3825 1700 3897 primi·

43 3919 195 3967 murmurat
214 3912 293 3968 nobis
312 3912 457 3985 inaurem,
478 3911 585 3970 silortc
607 3912 705 3968 domus
731 3925 844 3980 escape·
897 3905 1000 3962 cerium
1035 3915 1187 3978 purpuratae
1223 3909 1343 3964 cohortis
1374 3909 1550 3982 grandinaria
1577 3913 1699 3985 lapidum

43 4014 109 4056 rans
127 3999 216 4054 audiat
238 4008 265 4055 et
278 4000 408 4071 quiescat,
422 4000 543 4059 revelata
554 4016 617 4057 esse
631 3999 765 4057 velamina
780 4001 844 4056 Pro·
896 3994 1038 4064 dudum
1054 3994 1146 4051 loutas
1168 3996 1309 4068 sanguinis
1325 3996 1360 4056 de
1381 4012 1498 4073 corpore
1513 4003 1699 4076 Protomartp·

44 4087 198 4159 pbetarum,
227 4096 255 4143 et
290 4089 454 4160 completum
490 4089 632 4146 consilium
655 4088 716 4145 Dei.
750 4088 847 4145 Videte
899 4083 940 4140 ris
952 4084 1076 4142 ebullire.
1092 4083 1170 4141 Videt
1186 4086 1249 4156 quia
1267 4085 1392 4144 universa
1405 4088 1583 4148 debacchatio
1597 4092 1700 4150 redun-

44 4174 204 4231 miraculum
231 4175 324 4231 Matris
342 4176 461 4247 Domini,
484 4178 547 4250 quia
572 4188 694 4235 ereatura
707 4187 790 4244 creat,
817 4180 847 4233 et
902 4173 946 4229 dat
963 4175 1105 4246 idipsum,
1120 4181 1148 4229 et
1165 4173 1218 4246 ipsi
1235 4174 1288 4230 soli
1301 4174 1464 4249 improperia
1479 4180 1699 4251 exprobrantium

43 4263 158 4320 Creator
187 4272 303 4319 creatur.
333 4263 465 4320 Scintillat
496 4265 580 4330 sidus,
610 4264 706 4338 linqua
740 4265 845 4332 adorat,
901 4264 1083 4320 cumulantur.
1105 4262 1157 4318 Ubi
1182 4262 1267 4332 pietas
1294 4271 1321 4320 et
1345 4264 1530 4323 misericordia
1565 4278 1621 4336 tua,
1644 4270 1700 4328 Do·

44 4352 162 4409 exsultat
176 4351 266 4423 polus,
282 4352 362 4408 tellus
376 4354 497 4420 resultat,
512 4351 778 4427 glorianturlinqeli,
797 4368 847 4423 pa·
902 4350 984 4416 mine,
1000 4351 1088 4406 sinon
1111 4351 1274 4420 compateris
1295 4350 1434 4423 patienti?
1462 4356 1509 4410 ubi
1536 4355 1650 4428 aequitas
1671 4365 1700 4415 et

44 4449 132 4498 stores
169 4443 331 4514 aggaudent,
355 4443 438 4516 Virgo
467 4443 546 4514 parit,
570 4441 687 4498 nascitur
708 4442 791 4510 Deus,
821 4446 849 4496 et
899 4438 1014 4509 justitia,
1042 4439 1066 4494 si
1085 4453 1138 4494 non
1160 4438 1308 4507 judicsset
1323 4438 1443 4496 vindicas
1463 4441 1498 4499 de
1515 4446 1616 4517 populo
1634 4444 1700 4518 lapi·

44 4528 175 4586 coelorum
197 4531 339 4586 luminaria
357 4532 462 4588 clariori
485 4530 586 4587 lumine
614 4530 703 4586 iumen
723 4536 848 4586 exortum
865 4564 888 4641 n
903 4528 1002 4584 dante?
1021 4528 1164 4583 Curramns
1182 4528 1216 4582 ad
1240 4529 1423 4598 spectaculum
1445 4531 1480 4586 ad
1505 4533 1578 4604 quod
1602 4534 1696 4604 currit,

44 4617 73 4673 in
93 4621 210 4676 tenebris
224 4630 435 4693 prosequuntur.
452 4622 482 4677 ln
505 4622 563 4676 istis
585 4619 664 4677 bonis
684 4634 847 4676 versamus:
903 4613 950 4686 qui
964 4616 1063 4672 exultat
1087 4622 1117 4671 ut
1137 4615 1214 4687 gigas
1238 4616 1272 4670 ud
1294 4617 1454 4675 currendam
1468 4619 1548 4690 uiam
1564 4633 1592 4680 et
1604 4623 1700 4681 videa·

44 4709 141 4764 beatus
163 4711 203 4765 vir
219 4711 264 4781 qui
280 4709 430 4781 impleverit
445 4709 610 4768 desiderium
625 4724 707 4765 suum
724 4723 757 4764 ex
771 4705 848 4776 ipsis.
902 4719 963 4758 mus
988 4704 1086 4775 quibua
1108 4704 1192 4759 armis
1219 4713 1339 4761 armatus
1360 4706 1490 4765 vexillifer
1507 4720 1654 4784 martyrum
1669 4713 1699 4771 iu

43 4794 106 4852 scio
119 4799 421 4870 quiadulcenoliisest,
437 4803 618 4874 lapraacspio
633 4801 696 4858 erat
714 4797 849 4854 Ver-bam.-
902 4807 1028 4864 campum
1059 4801 1229 4866 pugnaturus
1258 4794 1405 4854 descendit.
1422 4796 1458 4852 Et
1486 4810 1515 4855 ut
1540 4800 1698 4874 diligentius

44 4885 161 4953 dulcius,
174 4890 479 4962 Verbumccrosnctum
487 4889 656 4962 callicana,
678 4893 704 4956 l,
720 4887 850 4959 tt);dul-
903 4883 1036 4940 elucescat
1058 4882 1207 4956 singularis
1231 4885 1351 4956 martyrii
1370 4892 1557 4960 praerogativa,
1586 4906 1698 4948 revoce-

43 4974 182 5032 cissimum
216 4978 333 5035 Verbum
361 4980 389 5035 in
417 4995 498 5036 cruce
528 4994 698 5051 suspensum.
726 4978 751 5032 Α
775 4984 849 5032 lanto
902 4971 1181 5029 musadmemoriam
1204 4973 1416 5045 apostolicorum
1439 4977 1697 5053 aasumdescrip-

43 5065 190 5138 puerperio
215 5067 277 5138 quis
311 5069 422 5123 insanus
446 5068 539 5124 oculos
565 5078 673 5124 nostros
710 5079 846 5136 amouere,
902 5060 1012 5131 tionem,
1027 5061 1056 5117 in
1069 5060 1168 5135 quibua
1181 5062 1316 5119 historicis
1328 5073 1356 5119 et
1375 5065 1532 5137 figuralibus
1544 5068 1625 5125 dictis
1636 5084 1698 5125 ιιι·

43 5152 145 5208 nedum
159 5156 275 5212 avellere
289 5165 445 5229 praesumat,
461 5157 680 5229 nisiipsejubeat
695 5157 741 5227 qui
756 5154 846 5211 dicit:
901 5150 988 5206 tersio
1004 5157 1032 5206 et
1046 5151 1137 5223 passio
1151 5150 1273 5222 belligeri
1287 5150 1379 5207 militis
1393 5153 1554 5211 continetur.
1634 5232 1637 5237 .

43 5241 249 5300 Aceste-ocutos
264 5250 355 5301 tanao
372 5260 427 5312 me,
444 5244 633 5318 quinipaime
646 5244 762 5300 coelam
773 5245 848 5313 [ece-
935 5243 962 5299 2.
979 5240 1148 5315 Stephanus.
1159 5239 1293 5310 inquiunt,
1309 5241 1413 5312 plenus
1427 5247 1524 5314 qratia
1537 5251 1567 5304 et
1577 5249 1699 5319 sortita·
1762 5268 1777 5295 ⁰

44 5333 316 5403 aestimentiam,
326 5334 363 5407 i).
374 5336 445 5390 Ecce
458 5334 524 5390 dum
534 5333 674 5389 osculatur
691 5346 741 5386 uos
755 5330 847 5388 osculo
900 5328 1361 5402 dioe,saciaictprcdipinetsipao
1369 5346 1471 5402 mapsa
1482 5335 1699 5409 iapopalollnn

43 5421 101 5477 oris
121 5423 176 5493 sui,
190 5425 255 5480 dum
267 5429 346 5481 mntls
360 5424 494 5483 miraculis
508 5434 535 5481 et
546 5421 666 5493 stupidos
679 5435 731 5478 nos
744 5418 808 5478 lacit
820 5425 848 5477 et
899 5432 1012 5489 parvum
1029 5417 1092 5473 latet
1106 5416 1151 5471 laic
1165 5415 1333 5488 mysterium,
1353 5433 1405 5476 nec
1423 5420 1615 5494 vilipendenda
1628 5428 1698 5486 sim-
1806 5431 1808 5435 ’

43 5509 847 5590 matos,steplcnuapleaasqratioetfcrtitadinesacit
898 5507 1021 5584 pumera
1040 5505 1182 5582 scripturn
1204 5506 1345 5570 manilesta
1364 5509 1479 5589 positio.
1500 5514 1545 5576 dd
1565 5515 1698 5598 supinam
