3706 5962
53 176 108 237 905
533 177 707 241 sandonus
725 176 767 236 Dll
786 173 904 235 VERBIS
920 172 1036 234 bound
1053 173 1088 235 dt
1105 173 1215 237 (ΜΛ.
1640 178 1696 242 98

50 305 128 359 luero
142 319 220 360 carne
233 303 349 376 solutus,
364 313 389 359 ει
408 303 504 362 iterum
518 304 614 363 sadum
625 321 706 362 carue
719 303 843 361 vestitus.
860 301 993 394 peltis,
1006 306 1035 357 ει
1043 301 1119 357 mom
1134 299 1225 359 scitis.
1244 301 1296 358 Cui
1317 301 1431 358 lbomcs
1452 301 1528 358 dicit
1541 319 1551 357 .·
1566 305 1694 370 Domino,

52 392 205 449 Ascendam
224 392 252 447 in
266 393 374 459 coelum,
391 402 419 449 el
429 393 534 449 mittam
548 394 625 450 vobis
638 393 766 466 Spiritum
780 409 844 448 sun-
900 394 1043 450 nescimus
1057 409 1108 466 puo
1127 393 1221 460 cadim
1245 394 1273 446 ει
1298 391 1431 463 quomodo
1452 407 1601 463 possumus
1618 395 1696 451 viam

52 489 139 550 ctum,
153 480 199 551 qui
212 495 262 537 vos
275 480 314 537 sic
327 482 424 538 doceat
433 482 540 551 operari
553 498 602 553 por
616 481 801 553 operationem
820 487 847 535 et
904 480 1134 549 scirelTbomss,
1149 481 1196 552 qui
1209 480 1309 537 dicitur
1329 480 1472 551 Didymus,
1487 480 1514 535 id
1539 489 1579 537 est
1593 482 1698 541 Dubius

55 569 202 639 gratiarum
225 569 371 637 uodonem
388 578 521 643 quatenus
535 586 649 643 rognum
668 578 775 627 aetarnae
789 569 851 626 leli·
905 569 961 625 sive
984 569 1125 639 Dubitans‚
1150 569 1221 626 unde
1245 569 1303 639 ipse
1319 568 1469 637 dubitabat,
1497 569 1565 625 elios
1577 571 1699 628 dubitare

57 657 155 727 citatis,
172 657 245 728 quod
264 657 343 715 vobis
366 668 487 729 paralum
500 666 541 715 est
560 674 610 731 per
638 658 851 730 predestinatio-
904 659 1049 714 credebat:
1067 658 1140 713 undo
1160 656 1278 723 dicebat,
1287 658 1414 722 Domine,
1428 659 1568 716 nescimus
1587 675 1640 732 qao
1654 677 1700 718 uo-

59 761 131 811 nem,
147 746 247 800 habere
264 746 387 804 debeatis
403 764 450 818 ρετ
465 748 657 820 operationem.
905 746 958 802 dis.
983 745 1037 801 Sed
1059 744 1197 802 convincit
1211 761 1272 801 eum
1300 745 1370 802 scire
1397 746 1528 818 Magister
1556 748 1699 806 veritatis:

93 837 120 890 6.
150 833 282 890 Dominus
296 835 373 891 lesus
387 834 506 906 quotidie
535 835 656 891 fidelibus
680 836 737 891 suis
764 837 851 892 locum
906 831 969 902 quia
988 833 1109 889 sciebant
1121 848 1194 899 eum,
1220 832 1292 904 quod
1321 833 1380 903 ipso
1393 841 1434 889 est
1456 833 1510 889 vis.
1530 833 1602 904 llrgo
1628 833 1700 891 viam

58 929 204 994 preparat,
220 925 286 978 dum
314 940 420 980 curnem
436 939 513 979 suam
531 925 589 980 Deo
617 924 686 980 Patri
700 941 751 996 pro
770 924 855 979 saluta
908 920 1029 976 sciebant
1044 940 1051 977 ι
1067 931 1094 976 ει
1108 922 1168 993 ἱρεε
1178 928 1219 978 εει
1230 921 1340 991 veritas,
1356 932 1383 978 ct
1397 922 1470 979 vita:
1486 931 1514 977 et
1527 921 1618 994 ipsum
1632 924 1701 981 scie·

57 1010 166 1082 generis
191 1012 297 1065 humani
322 1010 404 1068 luisse
429 1029 534 1084 passam
553 1013 740 1070 demonstrat:
766 1021 792 1068 rt
815 1012 855 1067 sic
909 1010 982 1075 bant,
999 1009 1062 1081 quia
1080 1009 1202 1066 sciebant
1235 1011 1375 1065 veritatem
1392 1019 1419 1065 et
1443 1012 1537 1077 vitam,
1561 1012 1594 1066 ad
1621 1028 1701 1085 qnam

58 1100 138 1154 uobis
153 1100 212 1154 locu
224 1118 250 1169 u,
275 1116 354 1170 quern
383 1108 519 1173 paraverat
546 1118 595 1173 por
609 1101 785 1168 divinitatem,
799 1101 855 1170 jain
908 1096 967 1167 ipse
981 1097 1067 1152 vadit.
1083 1098 1145 1169 lpse
1158 1104 1199 1154 ost
1213 1098 1256 1154 via
1279 1100 1426 1154 secundum
1447 1100 1520 1169 quod
1545 1107 1587 1154 est
1607 1103 1701 1165 homo:

59 1186 137 1241 illurn
154 1187 235 1242 nobis
263 1187 356 1245 tribuit
379 1203 427 1260 ρετ
452 1205 528 1244 suam
555 1190 758 1245 humanitatem.
781 1187 856 1258 Quo·
910 1193 936 1241 et
950 1195 1049 1242 veritas
1063 1193 1090 1241 ει
1108 1187 1163 1241 vita
1178 1186 1325 1242 secundum
1344 1187 1416 1258 quod
1436 1194 1477 1242 est
1504 1188 1586 1244 Deus.
1603 1190 1652 1244 Per
1674 1205 1704 1244 so

59 1274 228 1347 tiescumque
242 1275 328 1346 aliqua
346 1277 418 1333 bona
432 1276 555 1344 iacimus,
569 1277 729 1347 jejunando,
742 1277 856 1342 orando,
911 1273 1001 1346 itaquo
1016 1275 1087 1329 viam
1102 1275 1174 1330 vadit
1185 1275 1219 1329 ad
1234 1275 1375 1333 veritatem
1389 1275 1518 1341 etvitsm,
1534 1276 1597 1348 quia
1610 1292 1705 1334 seeum

60 1363 191 1437 legendo,
207 1364 374 1432 meditando,
389 1380 442 1437 pro
453 1365 571 1435 peccatis
585 1365 641 1423 sive
657 1381 705 1436 pro
720 1364 857 1421 desiderio
912 1361 977 1418 dum
991 1362 1126 1419 bominem
1138 1362 1316 1435 glorificatum
1332 1363 1401 1420 radit
1413 1365 1447 1418 ad
1465 1380 1494 1419 se
1512 1365 1612 1421 Deum.
1628 1366 1706 1423 Unde

61 1451 197 1507 Christum
212 1452 318 1508 videndi
341 1452 471 1525 lugendo,
495 1454 629 1509 visitando
643 1451 788 1519 infirmum,
815 1468 859 1508 sa·
914 1451 993 1520 plane
1010 1450 1146 1507 convincit
1159 1466 1205 1506 eos
1228 1451 1297 1506 scire
1313 1452 1383 1523 quod
1399 1467 1428 1506 se
1448 1452 1552 1510 nescire
1566 1453 1705 1525 pnubsnr,

62 1539 178 1595 iurando
206 1540 374 1607 famelicum,
396 1541 476 1597 etsie
499 1541 532 1596 de
553 1541 665 1613 reliquis
693 1541 772 1597 bonis
797 1557 858 1614 quse
873 1580 896 1658 B
913 1553 975 1595 cum
996 1538 1080 1594 dicit:
1096 1542 1151 1610 Epo
1165 1555 1231 1595 sum
1243 1539 1300 1607 vio,
1314 1556 1361 1611 per
1376 1555 1457 1612 quam
1471 1542 1604 1608 eundum
1620 1545 1649 1599 ει
1662 1556 1708 1597 εε-

62 1629 176 1700 longum
206 1636 247 1685 εει
260 1645 407 1699 enarrare;
436 1646 543 1698 semper
557 1630 601 1685 ille
616 1631 692 1686 locus
705 1631 800 1685 beatus
824 1630 858 1685 ab
911 1626 997 1697 ritas,
1012 1627 1141 1698 adquam
1161 1627 1338 1693 veniendums
1356 1628 1470 1695 etalio,
1485 1630 1580 1702 inqua
1597 1644 1708 1703 perma-

21 1744 25 1751 ·
61 1718 110 1773 illo
125 1716 204 1772 nobis
217 1729 386 1789 preparatur
399 1719 425 1772 in
441 1718 518 1774 omlis
529 1719 575 1789 qui
589 1718 748 1776 disitzsirte
762 1735 807 1776 mo
817 1719 859 1774 ni·
912 1715 1041 1770 nendum.
1054 1717 1109 1786 Eoo
1119 1733 1184 1773 sam
1198 1716 1246 1773 uio
1256 1715 1314 1772 sine
1327 1731 1431 1783 errore,
1450 1719 1566 1789 veritos,
1581 1717 1639 1773 sine
1653 1717 1708 1773 lal-

61 1807 105 1863 br't
118 1810 237 1879 potestis
250 1809 344 1876 facere
357 1807 447 1875 (loon.
463 1824 512 1877 xv,
525 1808 553 1878 5)
569 1825 575 1862 :
593 1805 641 1862 sed
661 1815 724 1863 tunc
744 1821 792 1862 uos
814 1807 860 1862 in-
913 1803 1003 1869 sitate,
1015 1806 1075 1859 vito
1090 1805 1148 1860 sine
1159 1813 1255 1860 morte.
1265 1806 1320 1876 Epo
1334 1821 1396 1862 sam
1410 1804 1467 1871 vio,
1480 1806 1650 1877 inexemplc‚
1666 1822 1711 1864 vs·

61 1893 185 1950 troducet
207 1893 235 1948 in
259 1894 319 1949 illos
344 1894 514 1950 beatissimas
530 1893 694 1960 mansiones,
718 1895 740 1950 si
754 1895 782 1950 in
800 1896 860 1964 ejus
914 1891 989 1948 ritas
1002 1891 1030 1947 in
1043 1891 1265 1963 premissorum
1278 1892 1306 1948 in
1321 1892 1443 1963 praemio.
1462 1897 1516 1965 Epo
1526 1911 1591 1951 sam
1603 1895 1652 1952 cio
1666 1895 1712 1949 bs-

60 1981 117 2037 lide
142 1990 169 2036 et
191 1982 333 2038 dilectione
361 1983 506 2039 vixerimus
532 1999 595 2040 cum
622 1984 726 2040 venerit
745 1983 861 2041 reddere
915 1979 987 2043 bilis,
1004 1977 1407 2047 verilaffllssirrevocabilt'a,
1418 1979 1481 2038 vito
1493 1981 1709 2039 interminabilis.

60 2069 208 2140 unicnique
236 2071 382 2125 seeundum
411 2085 494 2142 opera
520 2087 580 2127 sua.
600 2071 636 2125 Et
651 2073 701 2128 boe
726 2071 862 2143 estquod
916 2070 971 2138 Epo
993 2084 1057 2124 sum
1072 2067 1119 2124 vio
1134 2068 1184 2121 latu
1199 2080 1226 2122 ει
1244 2068 1372 2138 spatiosa,
1387 2070 1496 2124 veritos
1510 2078 1645 2140 potenset
1659 2085 1709 2126 co-

61 2158 147 2215 dicit:
163 2157 269 2214 lterum
287 2158 407 2228 venium,
417 2163 445 2215 ει
453 2159 646 2233 occipiomvos
655 2158 692 2216 od
701 2175 746 2216 me
758 2161 862 2232 ipsum,
917 2156 1003 2227 piosa,
1020 2156 1080 2211 ulto
1090 2155 1257 2211 delectabilis
1266 2164 1293 2212 et
1306 2156 1434 2228 gloriosa.
1447 2156 1500 2227 Epo
1514 2172 1578 2213 sam
1591 2157 1719 2231 ulainai-¹

62 2251 100 2303 ut
115 2247 162 2304 ubi
172 2263 234 2304 ram
248 2263 305 2319 epo,
317 2251 346 2302 ει
358 2263 403 2302 uos
417 2246 572 2318 ritis.Quod
588 2256 631 2304 est
643 2250 734 2304 dicere
750 2266 757 2303 :
773 2248 865 2319 Appa·
918 2243 1394 2316 pientiam,veritasprolicientiunr,
1409 2245 1471 2301 vito
1485 2245 1711 2315 pervenientium.

63 2336 134 2392 rebo
148 2335 299 2404 injudicio,
326 2346 353 2390 et
371 2335 540 2393 introducam
554 2351 603 2393 vos
616 2337 643 2393 in
662 2335 721 2392 illas
744 2336 865 2392 mansio·
918 2332 1103 2403 Eposamoio
1121 2332 1189 2389 lueis
1204 2339 1231 2389 et
1243 2347 1354 2404 serens,
1373 2334 1482 2391 veritas
1496 2334 1593 2390 visens
1611 2336 1714 2407 absquo

63 2441 126 2493 nes,
143 2432 172 2478 ut
185 2423 222 2478 ibi
246 2440 354 2480 mecum
369 2426 697 2483 nraneatisinaeternum.
713 2426 863 2492 Osumma,
919 2436 1008 2490 poena,
1024 2420 1087 2476 vito
1101 2419 1165 2477 ielis
1175 2429 1202 2477 el
1214 2435 1330 2477 anroena.
1343 2420 1397 2492 llpo
1406 2436 1470 2477 sum
1484 2422 1532 2478 rrt'o
1541 2421 1570 2478 in
1581 2423 1711 2492 patibulo,
1775 2492 1778 2499 Ι

63 2526 84 2566 o
107 2509 172 2564 lelix
195 2510 344 2581 beatitudo,
372 2511 493 2568 habitare
519 2527 581 2568 cnm
600 2512 722 2570 Christo!
753 2512 818 2583 Quis
833 2512 865 2567 sd
919 2507 1026 2564 veritos
1040 2507 1067 2563 in
1078 2507 1194 2573 inferno,
1206 2508 1267 2564 vito
1282 2509 1307 2562 iu
1324 2509 1528 2565 resurrectionis
1537 2510 1715 2585 gaudiosspo

63 2600 137 2652 hanc
162 2595 327 2669 felicitatem,
343 2599 377 2653 ad
397 2599 466 2654 banc
486 2606 538 2653 tum
561 2598 710 2672 gloriosam
724 2598 868 2655 beatitudi·
919 2613 982 2652 sum
996 2597 1054 2666 cic,
1071 2597 1100 2652 in
1119 2612 1174 2668 qua
1188 2605 1293 2653 nonest
1306 2597 1386 2668 spina
1401 2597 1444 2653 vel
1461 2598 1591 2669 tribulus;
1607 2601 1716 2658 coritas

63 2701 130 2742 nem
151 2684 292 2754 pervenire
308 2684 428 2742 valebit?
440 2687 502 2758 quis
515 2686 566 2742 crit
580 2696 634 2745 tam
654 2687 727 2753 ielis,
743 2687 805 2759 quis
827 2683 877 2743 sic'
919 2685 1016 2756 inqua
1033 2700 1087 2741 non
1107 2691 1149 2740 est
1162 2684 1286 2742 salsitatis
1300 2686 1436 2754 stimulum
1453 2686 1525 2752 vito,
1540 2687 1569 2743 in
1582 2703 1635 2760 qus
1646 2690 1717 2746 ravi·

66 2789 174 2830 summe
188 2775 294 2840 bratus,
310 2782 340 2828 ut
367 2775 452 2843 possit
479 2791 594 2847 regnare
609 2791 671 2832 curn
691 2776 807 2847 Christo,
824 2775 865 2831 vi·
920 2772 998 2829 viscit
1012 2779 1144 2830 mortuus.
1163 2776 1218 2846 Epo
1229 2789 1293 2830 sam
1306 2773 1353 2832 vio
1368 2781 1451 2841 recta,
1468 2773 1577 2832 verlice
1592 2775 1721 2848 perfecte,

63 2861 133 2917 dere
146 2861 262 2933 gloriam
275 2862 334 2931 ejus
348 2871 375 2918 ει
392 2861 619 2932 pulchritudinem
635 2864 716 2935 ejus?
882 2851 904 2929 B
918 2860 981 2916 vitu
994 2860 1051 2915 sine
1062 2859 1115 2916 line
1129 2876 1264 2917 mansura.
1278 2863 1333 2933 Epo
1343 2878 1408 2918 sum
1421 2862 1469 2917 oto
1483 2862 1720 2932 reconciliationis,

102 2949 165 3005 7.0
179 2949 253 3015 lesu,
269 2950 343 3017 Iesu,
359 2951 460 3006 utinam
475 2968 582 3008 merear
596 2961 622 3008 ιε
636 2953 738 3022 videre,
759 2951 796 3007 mi
820 2952 867 3006 ιε·
922 2948 1030 3006 cattas
1038 2949 1234 3015 retributionis,
1250 2949 1312 3006 vito
1322 2958 1431 3006 aeternae
1449 2951 1630 3008 beatitudinis.

66 3036 115 3093 sul
132 3036 218 3093 Credo
240 3035 267 3091 in
282 3038 380 3105 Deum,
394 3046 420 3095 et
434 3039 462 3095 in
474 3050 499 3095 te
513 3042 608 3113 credo;
633 3050 658 3099 et
674 3048 763 3096 tumen
790 3039 869 3096 valde
957 3040 984 3094 ι.
997 3037 1081 3094 Nemo
1095 3040 1173 3095 uenit
1185 3039 1222 3095 od
1239 3040 1367 3104 Putrem.
1383 3037 1443 3095 nisi
1455 3054 1507 3111 per
1520 3055 1575 3097 ms.
1586 3041 1626 3096 Ac
1639 3040 1664 3098 si
1677 3040 1722 3097 di-

68 3125 191 3181 turbatur
216 3139 264 3180 cor
289 3142 391 3181 meum.
407 3125 467 3183 Non
488 3129 641 3185 turbaretur
657 3145 706 3186 cor
725 3144 829 3200 meum,
845 3127 869 3184 si
923 3133 983 3179 cat:
999 3124 1083 3181 Nemo
1097 3124 1170 3181 venit
1184 3125 1216 3180 sd
1232 3140 1275 3180 me
1291 3125 1431 3183 veritatem
1446 3133 1474 3181 et
1493 3125 1588 3198 vitam,
1605 3128 1656 3186 nisi
1670 3144 1721 3202 pes

70 3212 210 3270 audissem
224 3229 240 3268 s
254 3222 289 3282 te,
306 3215 367 3270 Non
383 3217 515 3274 turbetur
531 3233 579 3275 cor
595 3221 700 3275 taam:
717 3220 764 3274 sad
779 3217 871 3273 anima
923 3231 968 3270 me
979 3214 1063 3281 viam;
1078 3222 1104 3269 et
1120 3229 1200 3270 nemo
1227 3214 1298 3270 venit
1321 3214 1352 3268 ad
1370 3231 1414 3270 mo
1437 3216 1532 3286 Deum,
1547 3217 1600 3272 nisi
1614 3235 1663 3289 per
1677 3234 1723 3275 rna

69 3318 130 3358 mea
154 3317 225 3358 nunc
240 3301 318 3358 valde
340 3305 446 3362 turbata
462 3312 513 3376 est,
536 3321 590 3362 non
617 3307 680 3380 quia
695 3322 750 3364 non
763 3306 871 3363 credam
924 3301 1061 3358 hominem
1076 3311 1258 3372 assumptum.
1280 3301 1341 3372 Ego
1355 3316 1403 3370 per
1415 3316 1584 3374 assumptam
1611 3320 1721 3362 csrnam

69 3389 99 3446 in
116 3399 150 3456 ιε,
166 3391 213 3445 sed
240 3391 303 3462 quia
318 3392 400 3447 modo
421 3393 553 3450 tesidere
580 3409 635 3449 non
663 3409 785 3466 possum.
800 3391 873 3448 Nihil
927 3388 1084 3444 mortalibus
1098 3388 1167 3444 iccio
1186 3387 1304 3459 foveam,
1320 3403 1370 3459 per
1384 3403 1465 3458 quarn
1479 3389 1586 3446 venitur
1599 3394 1633 3447 ad
1649 3393 1724 3449 vori-

68 3479 143 3535 aliud
165 3478 239 3547 volo,
261 3478 327 3534 nihil
343 3479 422 3535 alind
436 3496 538 3553 quaero,
567 3481 636 3536 nibil
653 3481 724 3537 aliud
739 3481 873 3547 desidero,
928 3486 1006 3533 talem
1023 3475 1142 3532 etvilam
1158 3493 1165 3530 τ
1182 3482 1209 3530 el
1224 3475 1295 3529 vitm
1311 3474 1452 3531 moriendo
1465 3476 1552 3544 lado,
1572 3494 1722 3554 resurgen-

70 3565 139 3623 nibil
154 3566 223 3622 aliud
245 3567 334 3639 cupio,
351 3567 402 3622 nisi
425 3574 451 3624 te
474 3569 566 3626 videre
588 3569 733 3627 Dominum
747 3577 775 3626 et
787 3570 873 3626 Deum
929 3567 974 3633 do,
990 3565 1023 3620 ad
1052 3563 1137 3620 coelos
1161 3563 1345 3629 ascendendo,
1361 3562 1406 3618 ubi
1430 3578 1482 3636 ego
1508 3581 1567 3621 sum
1581 3569 1682 3625 veritas
1696 3577 1724 3626 et

72 3671 178 3711 mcum:
195 3663 222 3711 ει
235 3655 297 3728 quia
309 3663 335 3711 te
345 3671 448 3728 quaero,
460 3668 546 3714 etnon
558 3659 676 3728 invenio,
689 3673 769 3726 voco,
781 3665 809 3716 et
820 3673 876 3714 non
930 3655 995 3726 vita,
1011 3652 1084 3710 Deus
1100 3668 1192 3719 verus,
1219 3651 1293 3708 Dens
1313 3660 1439 3708 eternus.
1471 3653 1553 3712 llism
1580 3656 1663 3714 homo
1690 3658 1726 3715 dc

72 3746 220 3816 respondes
231 3745 306 3801 mihi.
318 3745 356 3801 Te
370 3745 463 3802 videro
483 3747 619 3820 desidero,
631 3759 658 3806 et
670 3749 801 3806 tevidcre
821 3764 876 3805 non
930 3751 1001 3799 terra
1021 3748 1158 3807 terrenus,
1189 3756 1296 3812 semper
1309 3740 1422 3814 gibbus,
1450 3757 1559 3817 semper
1585 3745 1724 3815 proclivis,

75 3849 196 3905 possum,
216 3850 275 3888 cum
291 3842 319 3888 tu
346 3834 405 3906 ipse
418 3836 458 3892 sis
473 3844 575 3893 tantum
592 3837 753 3895 desiderium
773 3852 875 3895 menni.
929 3847 1037 3903 semper
1065 3845 1147 3904 eger,
1176 3843 1287 3902 semper
1307 3829 1444 3896 infirmus,
1472 3830 1507 3887 sd
1535 3833 1635 3907 gaudia
1651 3849 1729 3907 perc·

75 3922 116 3977 Tu
130 3922 196 3976 milri
212 3922 289 3978 testis
304 3938 343 3988 es,
369 3922 487 3995 Veritas,
502 3927 568 3998 quis
582 3925 663 3983 valde
685 3925 809 3983 turbetur
831 3940 878 3982 cor
931 3918 992 3989 disi,
1008 3917 1078 3974 abde
1093 3919 1223 3990 expulsus
1236 3917 1324 3975 suesti
1338 3959 1346 3986 ι
1362 3934 1412 3990 per
1421 3934 1451 3975 ιθ
1466 3919 1557 3977 redire
1575 3936 1631 3979 ⁰⁰11
1644 3932 1725 3995 pote·

76 4025 169 4066 meum
180 4027 187 4063 :
198 4011 245 4065 sed
265 4011 373 4064 conlido
388 4010 415 4065 in
431 4011 615 4071 misericordia
629 4025 684 4085 tua,
694 4015 873 4087 quamaduue
928 4015 979 4075 rat,
996 4023 1047 4063 nec
1074 4006 1108 4061 ad
1123 4007 1261 4063 veritatem
1275 4016 1301 4062 et
1315 4006 1408 4073 riam,
1423 4008 1495 4078 quod
1510 4008 1585 4066 Deus
1609 4020 1661 4077 ost,
1677 4027 1727 4084 por

75 4109 100 4153 re
117 4095 218 4151 videbit
232 4097 322 4150 aalma
337 4113 411 4165 mem
428 4106 456 4154 et
471 4103 589 4158 mirabor
607 4104 642 4159 ds
657 4110 693 4172 te,
709 4113 737 4160 er
755 4119 770 4158 s
785 4108 822 4170 te,
847 4110 875 4160 ot
890 4138 913 4215 n
929 4113 959 4154 aa
973 4095 1118 4154 accudere
1133 4096 1250 4154 valebat.
1265 4095 1318 4151 sod
1335 4096 1409 4153 venir
1423 4094 1541 4153 vernum
1560 4097 1589 4153 in
1604 4114 1723 4166 ornem,

77 4188 104 4241 iu
122 4193 156 4248 le,
173 4189 199 4238 ει
213 4198 262 4253 ρετ
276 4192 312 4251 ιε,
329 4197 383 4239 non
404 4185 505 4243 meritis
520 4190 595 4258 meis,
627 4192 675 4247 sed
691 4191 875 4248 miserationi·
931 4184 1005 4241 Deua
1018 4184 1051 4240 ad
1076 4183 1222 4251 homiuem.
1238 4191 1266 4239 θῑ
1285 4182 1404 4240 Verbum
1419 4196 1483 4239 ⁰⁸f⁰
1507 4181 1609 4240 saltum
1632 4195 1683 4254 ιιι,
1697 4195 1725 4241 οι

77 4270 131 4324 bus
146 4267 199 4322 tuis
218 4265 324 4338 magnis
338 4277 364 4321 et
391 4268 486 4324 multis
500 4282 527 4327 ει
541 4273 616 4343 quod
631 4274 731 4330 videbo
744 4282 771 4329 ιε
792 4277 876 4332 Deurn

76 4357 242 4413 Salvatorrm
270 4372 372 4427 meum,
391 4373 453 4413 cum
469 4367 498 4417 tu
522 4360 627 4416 veneris
653 4361 775 4430 judicare
790 4377 878 4418 saecn·

79 4448 133 4502 lum
149 4460 199 4516 per
213 4445 314 4520 ignem.
331 4445 382 4501 Sed
399 4461 465 4518 rogo
481 4456 507 4504 te
525 4464 574 4521 per
586 4450 724 4520 teipsum,
738 4458 765 4506 et
779 4464 828 4519 per
841 4449 878 4504 il-

79 4535 143 4602 lam,
156 4540 252 4603 quaete
267 4532 369 4604 genuit,
386 4535 508 4603 Matrem,
524 4546 553 4592 ut
578 4553 640 4593 curn
654 4537 761 4594 veneris
779 4537 812 4591 sd
828 4538 877 4607 ju·

80 4621 190 4685 dicium,
206 4621 325 4675 attrabas
340 4638 383 4679 me
405 4625 438 4678 ad
454 4634 479 4680 tc
503 4625 602 4697 ipsum,
622 4636 652 4683 ut
674 4626 720 4684 nbi
746 4641 879 4695 nuceas,

82 4708 221 4781 pessimat
235 4725 295 4765 esse
309 4716 398 4766 tecum
412 4719 439 4767 ει
463 4730 525 4769 cum
544 4714 684 4787 discipulis
705 4716 769 4786 luis,
785 4714 882 4787 quibus

81 4799 117 4852 ad
131 4798 235 4852 Patrem
252 4798 337 4855 iturus
353 4799 443 4856 dixisti
460 4821 467 4857 :
485 4806 521 4860 dt
538 4821 648 4879 qaocpo
659 4806 727 4864 vodo
740 4805 832 4872 scitis,
853 4807 882 4862 ct

81 4886 160 4941 oium
182 4886 272 4943 scitis.
291 4887 418 4944 Sciebant
438 4891 509 4946 enim
525 4902 552 4949 te
566 4892 605 4948 ire
631 4894 664 4949 ad
683 4897 797 4963 Patrem,
817 4903 844 4950 et
856 4901 883 4951 tc

82 4973 155 5029 viam
170 4989 230 5031 esse
247 4990 294 5044 per
322 4993 405 5049 quam
423 4980 528 5036 venitur
551 4981 585 5037 ad
609 4982 725 5052 Patrem,
748 4982 796 5058 qui
814 4984 884 5041 vivis

82 5070 110 5119 el
125 5077 224 5134 regnas
251 5079 314 5119 curn
343 5065 437 5121 eodem
463 5069 553 5140 Patre,
580 5069 609 5126 in
637 5070 740 5128 unitate
767 5071 883 5143 Spiritus

82 5149 170 5206 sancti
186 5151 261 5213 Deus
277 5163 328 5222 per
344 5153 434 5210 omnia
449 5159 550 5214 saecula
563 5159 733 5217 seculorum.
749 5160 847 5221 Amen.

384 5243 503 5300 SEllblO
523 5245 583 5304 vll.

248 5332 280 5386 ln
294 5348 366 5388 vers.
381 5336 581 5409 biscopium
595 5338 722 5395 loannis.

124 5422 151 5475 ι.
171 5418 281 5475 Dixerat
296 5421 428 5478 Dominus
444 5423 584 5498 discipulis
599 5426 671 5484 suis:
691 5426 747 5496 Quo
757 5444 804 5502 apo
817 5427 887 5488 vado

199 5527 320 5584 Parnon.
341 5528 511 5591 CLXXXIV.

932 4274 1004 4330 Deus
1014 4273 1103 4328 lactus
1117 4281 1159 4327 est
1174 4273 1266 4327 homo.
1277 4270 1418 4328 inclinavit
1434 4286 1463 4326 se
1488 4270 1607 4327 Verbum
1618 4272 1651 4326 ad
1665 4288 1728 4331 cer·

932 4376 1006 4429 norn,
1022 4361 1096 4416 Deus
1110 4358 1143 4415 ad
1166 4359 1319 4426 hominom;
1350 4369 1377 4415 et
1404 4357 1444 4414 sic
1471 4374 1558 4431 penus
1582 4360 1726 4418 humanum

934 4463 988 4503 non
999 4445 1087 4501 solum
1103 4446 1137 4500 ad
1151 4444 1314 4515 paradisum,
1331 4443 1474 4500 sedetiam
1490 4446 1608 4516 portavit
1620 4448 1653 4503 sd
1668 4463 1727 4506 cse-

934 4536 1002 4600 lum,
1016 4534 1061 4589 ubi
1080 4542 1121 4588 est
1142 4549 1202 4588 esse
1215 4546 1309 4589 verum
1335 4540 1362 4588 et
1387 4548 1448 4588 esse
1471 4541 1614 4603 aeoernum,
1629 4538 1729 4596 veritas

935 4639 994 4695 quae
1008 4637 1116 4692 semper
1127 4620 1177 4676 init
1188 4625 1215 4675 et
1228 4618 1290 4688 erit,
1306 4619 1360 4675 vita
1376 4621 1454 4677 beata
1467 4630 1495 4678 et
1515 4638 1622 4697 semper
1638 4625 1728 4696 besta,

936 4728 996 4786 qnae
1005 4727 1056 4768 nec
1070 4707 1232 4780 principium
1242 4706 1347 4778 habuil,
1362 4725 1413 4767 nec
1428 4709 1537 4768 babebit
1551 4714 1642 4774 linem.
1654 4713 1731 4776 Unda

936 4801 1017 4857 nobis
1038 4797 1183 4873 terrigenis
1198 4797 1280 4855 horno
1293 4798 1366 4855 Deus
1385 4797 1472 4856 iactus
1492 4811 1535 4859 est
1548 4801 1601 4876 vis,
1623 4812 1650 4861 ει
1678 4819 1731 4862 τισι

937 4887 1063 4963 perduxit
1073 4887 1106 4943 ud
1116 4885 1260 4944 veritatem
1274 4898 1301 4946 et
1314 4888 1408 4956 vitam,
1419 4888 1453 4944 sd
1469 4890 1628 4950 sevidelioet
1645 4895 1732 4950 Deum

938 4987 967 5036 ει
979 4977 1129 5035 hominem.
1145 4976 1178 5033 Et
1188 4977 1239 5032 boc
1249 4986 1291 5033 ost
1303 4977 1376 5051 quod
1390 4977 1457 5035 dicit
1472 4993 1479 5034 :
1504 4980 1589 5038 Nemo
1603 4983 1683 5040 amit
1695 4981 1734 5039 ad

939 5072 1056 5126 Patrem
1070 5065 1131 5124 uisi
1145 5081 1198 5143 per
1215 5081 1276 5135 mc,·
1295 5083 1327 5122 ac
1336 5065 1360 5121 si
1374 5067 1491 5126 diceret:
1510 5068 1598 5127 Nemo
1611 5075 1686 5127 venit
1697 5070 1733 5127 cd

940 5174 983 5215 me
998 5157 1098 5224 Deum,
1115 5156 1166 5212 nisi
1184 5170 1234 5227 per
1247 5170 1290 5210 me
1306 5154 1453 5225 bominem,
1469 5155 1604 5214 hominem
1619 5173 1637 5214 a
1650 5159 1734 5216 verbo

940 5252 1126 5320 assumptum
1149 5257 1230 5300 nemo
1246 5243 1319 5300 venit
1346 5243 1382 5299 ad
1409 5244 1527 5314 Patrem,
1551 5245 1665 5319 nisiper
1678 5264 1731 5318 nis,

937 5337 982 5413 qni
1001 5352 1063 5392 sum
1077 5337 1160 5391 homo
1174 5339 1202 5389 et
1210 5346 1280 5388 unus
1289 5332 1364 5389 Deus
1376 5347 1439 5389 cuni
1453 5333 1541 5396 Patre.

978 5428 1003 5482 3.
1014 5424 1093 5483 Unde
1107 5421 1228 5495 sequitur
1240 5439 1246 5479 :
1264 5420 1294 5480 Si
1304 5423 1503 5495 εεεειεειειειιε
1515 5441 1570 5495 ms,
1579 5429 1608 5480 ει
1620 5427 1736 5486 Patrem

1610 5531 1648 5596 ιθ
