3706 5962
139 194 197 253 ⁹83
606 186 715 248 saletto
727 185 770 245 llll
790 181 1018 242 tarantarum
1037 181 1082 239 SS.
1103 180 1321 242 sucuattttltll.
1740 177 1791 236 sat

142 316 241 387 angeli
264 317 383 372 Verbum
405 315 439 371 de
452 317 510 371 lleo
523 322 636 369 natam:
656 310 799 367 comedunt
812 307 938 364 homines
954 322 977 400 st
995 313 1048 362 tate
1062 307 1193 364 ordinem.
1210 307 1276 362 Com
1299 308 1387 362 adbuc
1415 313 1574 373 omnaretnr,
1599 318 1711 358 acoena
1731 319 1793 356 sur-

143 405 261 460 Verbum
278 406 368 460 lenum
384 404 494 460 iactum.
512 406 585 458 Pane
603 417 653 457 sno
669 400 762 457 vivunt
789 397 886 468 augeli
911 399 938 450 in
994 398 1074 461 rexit,
1086 395 1282 467 discipulorum
1295 398 1374 467 pedes
1388 398 1519 452 Dominus
1545 397 1737 450 universorum
1754 396 1807 444 la-'

142 492 230 560 coiis,
245 502 272 548 et
286 493 357 547 beati
372 500 449 547 sont:
468 492 530 546 seno
540 505 589 546 suo
603 491 696 546 vivunt
711 488 832 544 immines
847 487 874 542 in
890 493 942 540 ter·
995 484 1051 550 vit,
1078 485 1177 540 dehinc
1192 485 1225 540 ad
1251 501 1371 541 mensam
1392 500 1532 559 regressus
1554 482 1663 537 ordinat
1687 481 1794 535 sacriti-

145 580 196 648 ris,
211 588 238 636 et
266 581 351 636 sancti
376 592 448 637 sunt.
472 581 575 634 Ferrum
598 579 697 648 quippe
721 577 790 631 istud
806 576 839 629 de
863 582 941 646 prato
996 574 1067 628 aium
1081 574 1203 644 corporis
1215 582 1241 629 et
1257 573 1398 639 sanguinis
1418 573 1469 637 sni,
1486 586 1609 627 seorsum
1626 585 1737 641 panem,
1757 585 1797 624 so·

148 669 284 742 virginalis
298 671 366 725 uteri
384 670 537 731 collectum,
549 668 697 722 factumest
713 665 825 721 relectio
837 665 942 734 jumen·
997 678 1087 719 orsum
1104 664 1211 716 tradens
1225 670 1252 716 et
1262 663 1360 716 tinum.
1378 662 1416 716 De
1432 677 1500 729 pane
1515 661 1551 714 ita
1568 660 1683 715 dicens:
1716 660 1796 714 Acca·

144 767 245 814 torum.
273 759 392 814 Verbum
412 769 441 813 ut
463 757 554 814 fenum
578 756 663 819 fieret,
686 754 762 810 latuit
777 754 805 808 in
821 754 940 825 Virgine,
995 751 1244 819 praemonuimus,
1256 752 1357 807 lrocert
1371 749 1796 822 corpasnactanabus-incedam

147 845 192 902 Sol
208 847 235 900 in
250 848 349 911 sidere,
371 847 474 901 Artifex
491 847 518 900 in
533 861 627 915 opere.
995 842 1056 894 sin:
1072 840 1163 894 albite
1173 839 1268 895 eetoc
1279 856 1384 896 nutans.
1398 842 1447 895 llic
1461 843 1504 895 est
1519 839 1738 907 sutrpttt'smeus.
1748 841 1796 907 pot

183 938 209 991 3.
226 935 281 991 Ηοε
295 943 384 990 autern
400 934 561 990 liberalioris
573 932 740 989 excellentiae
763 932 862 986 deinum
878 945 943 985 eon·
994 930 1330 1002 promntttsepandetor
1350 929 1589 986 intromissionem
1613 931 1797 997 peccatoram

146 1023 207 1077 tulit
228 1023 307 1078 nobis
330 1024 417 1093 primo
450 1022 477 1076 in
501 1024 561 1078 loco
575 1029 746 1077 sacrosancta
763 1018 842 1075 Verbi
858 1018 943 1074 l'atris
997 1017 1109 1085 (natta.
1123 1030 1204 1081 xxvi,
1220 1020 1324 1087 att-28).
1344 1018 1529 1089 assereretur,
1545 1016 1647 1070 dietum
1672 1022 1717 1070 est
1734 1014 1799 1084 quia

147 1109 314 1179 incarnati03
344 1119 372 1166 et
386 1126 434 1166 vos
448 1110 608 1166 secundario
623 1111 656 1164 de
676 1109 719 1164 die
733 1108 761 1163 in
777 1108 849 1163 diem
866 1109 944 1160 nobis
997 1102 1096 1173 passim
1111 1110 1139 1157 et
1156 1101 1264 1170 viliter;
1289 1119 1368 1175 quem
1389 1103 1484 1174 utique
1502 1112 1643 1172 puncturae
1661 1102 1798 1171 veprium,

148 1198 304 1255 exhibendo
319 1199 476 1254 ministratis
499 1215 532 1254 ex
559 1199 665 1254 collatae
683 1196 826 1267 potestatis
840 1195 942 1250 alticio.
999 1191 1083 1247 l'ossio
1096 1205 1262 1247 tnanunmet
1275 1191 1372 1259 pedum
1393 1206 1455 1247 cum
1476 1191 1569 1258 clavis,
1586 1191 1681 1246 lateris
1695 1200 1800 1258 apertio

148 1282 173 1339 0
200 1285 371 1354 praeclara,o
395 1290 544 1341 reverendo
576 1294 695 1357 potestas
722 1281 833 1339 vestra!
865 1283 945 1337 Certe
998 1295 1059 1334 cum
1074 1278 1288 1334 lanceamilitari
1305 1281 1400 1336 lortius
1420 1280 1610 1350 exprimentes,
1627 1282 1661 1333 ad
1687 1277 1800 1333 modurn

149 1385 204 1427 non
219 1385 261 1429 est
275 1383 396 1442 potestas
409 1387 471 1446 post
498 1376 593 1447 Deum,
613 1375 682 1428 sicut
707 1379 826 1444 potestas
846 1379 942 1426 vestra.
1000 1369 1127 1423 torrentis
1138 1366 1265 1423 iudernnt
1282 1366 1470 1425 extrinsecus:
1500 1377 1612 1437 eratque
1626 1367 1672 1420 i'le
1688 1367 1801 1437 sangnis

149 1458 273 1515 Forsitan
301 1461 369 1517 scire
396 1462 488 1531 vultis,
513 1471 540 1517 et
558 1463 653 1517 andire
673 1461 791 1516 delectat
817 1460 945 1531 apertius,
1002 1455 1144 1525 pretiosior
1168 1456 1329 1528 chariorque
1345 1458 1475 1521 balsamo,
1509 1472 1558 1526 per
1579 1471 1661 1524 quem
1678 1456 1801 1511 sordium

151 1564 277 1618 quaenam
292 1550 327 1605 sit
347 1551 399 1607 ista
427 1561 499 1605 tanta
518 1559 649 1621 potestas,
676 1553 719 1605 cni
740 1549 806 1604 nihil
827 1548 854 1601 in
877 1548 946 1603 cerlo
1002 1551 1156 1600 nostrarum
1186 1544 1255 1600 iacta
1282 1555 1323 1600 est
1350 1545 1498 1599 mundatio.
1528 1543 1654 1598 Christus
1677 1544 1705 1596 in
1725 1559 1802 1597 cerna

150 1637 194 1694 vel
222 1640 335 1694 interra
357 1641 443 1695 valeat
459 1640 628 1713 comparari?
646 1639 688 1693 ad
701 1638 774 1709 quod
789 1652 860 1709 ogo:
877 1637 947 1691 Con-
963 1588 985 1663 Β
1001 1633 1046 1686 illa
1067 1648 1211 1687 munerans
1226 1641 1253 1688 et
1271 1650 1386 1695 ntnnnss
1410 1634 1503 1688 cilians
1523 1648 1550 1687 et
1564 1634 1643 1689 cibus
1663 1652 1671 1695 ;
1688 1633 1803 1688 conviva

152 1740 258 1782 sacrare
273 1727 398 1781 videlicet
412 1744 511 1798 corpus
530 1738 558 1784 ct
572 1728 731 1798 sangninem
749 1726 863 1782 Domini.
893 1727 947 1781 Su·
1002 1731 1029 1775 et
1042 1720 1342 1788 convit'u111301'icrens
1356 1730 1383 1775 et
1396 1721 1507 1776 oblatio.

152 1830 201 1883 per
214 1822 345 1883 potestate
360 1826 461 1882 vestra,
486 1831 569 1885 super
596 1826 649 1870 tam
670 1816 770 1885 insigni
784 1813 945 1885 spectando,
1037 1812 1065 1863 ὅ.
1081 1808 1203 1866 Audistis
1218 1808 1329 1865 iorntnm
1346 1808 1511 1864 sacramenti
1524 1825 1532 1874 ;
1547 1808 1638 1862 audite
1653 1806 1806 1862 eiliraeiam

153 1917 235 1969 super
249 1912 304 1956 tant
324 1901 437 1957 solemni
447 1903 587 1974 dignitatis
605 1912 701 1959 vostrae
722 1901 864 1972 privilegio
887 1909 947 1953 stu-
1002 1906 1028 1952 et
1043 1898 1260 1953 communionem
1275 1899 1396 1969 eorporis
1411 1909 1438 1953 el
1460 1898 1601 1968 sanguinis
1616 1897 1731 1952 llorttiui
1750 1916 1757 1952 :
1775 1899 1806 1951 Et

153 1996 200 2060 pet
216 1989 324 2055 coelum,
355 1992 466 2046 miratur
489 1999 570 2061 terra,
594 1991 775 2048 contremiscit
793 1992 885 2059 liniue»,
904 2007 947 2043 ro·
1003 2002 1053 2041 uos
1075 1987 1139 2041 Jesn
1166 1986 1283 2058 Cltristo,
1298 1995 1326 2042 et
1338 1988 1417 2044 Jcsus
1441 1985 1564 2042 Christus
1580 1988 1663 2042 nobis
1695 1987 1724 2042 in
1744 1988 1806 2041 oui-

154 2085 262 2133 verelur
282 2077 429 2147 plurimum
449 2081 574 2153 angelica
588 2080 729 2136 celsitudo.
745 2080 797 2133 Sed
813 2082 882 2132 nude
898 2080 949 2135 boc

153 2164 245 2231 nobis,
259 2165 458 2236 piissimcieso,
481 2181 508 2222 ut
528 2152 582 2224 nos
593 2168 728 2224 vermiculi
743 2177 881 2239 reptantes
902 2184 948 2221 sn-

153 2268 202 2322 per
216 2253 314 2309 faciem
330 2261 427 2323 torrae;
458 2271 517 2323 nos,
538 2256 658 2327 inquam.
675 2256 722 2326 qui
737 2256 824 2327 pulvis
843 2265 869 2310 ct
883 2254 950 2310 cinis

153 2356 258 2410 sumus,
274 2349 300 2396 te
315 2356 475 2414 praesentem
499 2347 598 2401 babere
613 2361 761 2401 morearnor
783 2361 841 2416 pree
864 2345 951 2398 marri·

155 2431 215 2496 bus,
231 2446 286 2501 prae
299 2432 394 2500 oculis,
410 2435 456 2503 qui
472 2441 545 2490 tolus
555 2442 581 2489 et
597 2433 702 2505 integer
714 2437 794 2490 sedes
809 2435 842 2488 ad
854 2434 951 2487 doato·

155 2533 212 2573 ram
226 2518 331 2576 Patris:
359 2521 405 2592 qui
433 2522 514 2576 etiem
542 2523 623 2578 nnius
652 2525 725 2578 boren
754 2533 892 2577 momento
916 2522 951 2574 nb

156 2613 216 2661 ortu
230 2606 294 2661 solis
310 2623 395 2677 usque
412 2609 445 2662 ad
469 2624 602 2679 occasum,
626 2610 660 2663 ab
679 2609 804 2681 aquilone
821 2608 953 2678 usquead

156 2700 278 2749 austrum
292 2707 391 2766 praestn
407 2714 436 2750 es
460 2697 597 2768 omnibus,
624 2714 694 2753 unus
712 2697 740 2750 in
764 2697 864 2762 multis,
880 2697 951 2749 idern

158 2779 185 2835 in
201 2781 315 2838 diversis
330 2783 409 2838 locis.
423 2784 500 2840 Unde
517 2787 578 2853 boc,
599 2785 709 2856 inquam
723 2787 737 2838 ‘l
752 2785 832 2839 Corte
851 2800 905 2839 non
920 2801 952 2839 ex

1004 2084 1056 2132 tate
1070 2075 1237 2131 ioederautur
1259 2076 1439 2146 inenarrabili,
1463 2076 1603 2146 sicutipse
1628 2075 1725 2130 dicit:
1753 2077 1805 2143 Qut

1002 2165 1160 2220 nmndncnt
1168 2181 1283 2222 curtum
1294 2183 1396 2228 mentri,
1403 2169 1430 2222 et
1438 2165 1506 2220 bibit
1516 2163 1614 2221 insono
1623 2168 1805 2235 srrrrpttinent,

1006 2257 1087 2309 iunio
1105 2258 1215 2319 erranei,
1240 2258 1268 2310 ct
1284 2269 1331 2325 cpo
1347 2255 1376 2308 itt
1393 2269 1424 2308 en
1435 2255 1527 2324 (loon.
1541 2268 1581 2317 vt,
1595 2255 1654 2315 ott.
1674 2257 1715 2308 lle.
1729 2253 1807 2307 bonis

1005 2352 1032 2397 et
1044 2343 1127 2413 digne
1141 2340 1308 2398 sumentibus
1320 2344 1370 2396 boc
1384 2341 1557 2398 sentiendum
1574 2348 1626 2410 est,
1644 2355 1702 2396 nou
1713 2342 1746 2395 de
1756 2340 1805 2395 tta-

1005 2431 1110 2502 gitiosis
1132 2440 1158 2486 et
1185 2430 1323 2502 passienis,
1352 2431 1420 2485 Sane
1449 2429 1476 2483 in
1494 2445 1671 2494 mensauna,
1688 2447 1715 2483 tn
1734 2446 1805 2484 eirena

1007 2519 1125 2585 Domini,
1136 2520 1170 2574 de
1185 2533 1237 2574 nno
1254 2534 1321 2587 pane
1335 2528 1492 2574 consecrato
1509 2520 1606 2573 Petrus
1621 2528 1649 2573 et
1668 2520 1682 2574 J
1687 2520 1754 2574 udas
1767 2533 1806 2573 ac·

1007 2610 1081 2676 cepit
1096 2627 1103 2664 :
1118 2611 1215 2671 bouus,
1233 2609 1260 2663 in
1277 2607 1358 2664 vitam
1374 2626 1381 2678 3
1398 2609 1542 2678 pessimus,
1558 2607 1586 2661 in
1601 2624 1714 2677 punam
1732 2624 1740 2661 τ
1761 2613 1806 2660 ιιι»-

1007 2715 1069 2764 ιιιιε,
1087 2697 1114 2752 ιιι
1131 2699 1312 2761 ιιειιειιειυιιη
1339 2699 1470 2766 pessimos
1482 2695 1509 2749 in
1530 2696 1719 2750 testimouium
1737 2715 1744 2750 :
1761 2698 1807 2750 bo·

1008 2805 1070 2855 nus,
1098 2787 1126 2840 iu
1151 2789 1280 2853 sulutem,
1306 2786 1449 2856 pessimus,
1475 2786 1642 2840 inmortua.
1669 2786 1750 2850 Quod
1769 2792 1807 2839 ιο·

158 2869 258 2938 debito,
276 2873 319 2927 rel
332 2888 369 2928 est
384 2873 478 2929 merito
492 2885 605 2940 nostro,
621 2875 668 2929 scd
682 2890 714 2929 ex
743 2873 878 2929 voluntate
896 2884 952 2942 tua,
970 2859 991 2934 i)
1009 2886 1064 2929 tntu
1093 2890 1178 2945 usqne
1204 2873 1291 2929 aduno
1306 2876 1334 2928 in
1353 2873 1474 2928 Ecclesia
1492 2873 1644 2953 completur
1658 2871 1686 2926 in
1711 2872 1808 2925 Sacra·

158 2966 185 3013 et
199 2958 348 3015 dulcedinis
364 2967 416 3014 tuae
439 2961 620 3031 beneplacito.
645 2962 745 3016 Parasti
761 2961 832 3016 onim
849 2963 875 3014 in
890 2963 951 3015 dul·

156 3045 253 3102 cadiae
267 3054 312 3100 tua
333 3048 453 3117 pauperi,
471 3049 547 3103 Dens
568 3050 647 3120 (Psoi
665 3065 753 3115 nxvn,
771 3050 824 3119 ll).
848 3050 953 3118 Pauper

157 3141 199 3189 est
213 3149 302 3204 genus
328 3135 484 3204 ltumauum,
508 3136 552 3191 cui
573 3138 674 3192 bouum
695 3136 765 3192 istnd
789 3137 896 3192 coelitus
910 3138 953 3191 in·

159 3220 263 3277 dullum
278 3235 330 3280 est.
346 3223 410 3279 llaec
428 3235 469 3280 est
487 3241 550 3281 vere
565 3225 733 3297 indulgentia
751 3227 880 3292 scelestis,
897 3227 955 3281 haec

158 3317 278 3367 estsere
293 3312 429 3368 cumulata
450 3314 547 3386 gratia,
564 3315 625 3371 hoec
638 3323 679 3371 ast
695 3330 757 3371 vore
780 3318 954 3386 superexcel-

158 3402 217 3459 lens
232 3400 318 3473 gloria
332 3401 514 3475 sacerdotum,
532 3403 618 3458 Deum
634 3420 712 3459 snum
735 3411 837 3472 tenere,
853 3413 880 3458 et
895 3405 957 3458 aliis

159 3486 249 3544 dando
268 3488 420 3561 porrigere.
436 3491 459 3547 0
478 3507 579 3547 novam
603 3503 629 3548 ot
652 3492 773 3547 divinam
797 3499 956 3563 potesuitem

159 3577 239 3648 cuins
253 3578 403 3634 ministerio
421 3579 499 3649 panis
525 3582 691 3656 Angelorum
718 3588 745 3637 et
764 3581 835 3647 vitae,
859 3588 958 3636 morta·

160 3664 231 3720 libus
241 3665 363 3737 quotidie
379 3666 563 3738 praeparaturi

197 3756 224 3808 ι.
239 3753 320 3809 Ρειιιε
335 3753 385 3810 ιειε
400 3772 449 3827 per
464 3757 652 3811 excellentiam
665 3757 764 3813 dicitur
778 3757 958 3825 Eucharistia,

163 3842 246 3897 idest
260 3841 330 3897 bona
345 3843 439 3914 gratia.
456 3845 486 3899 ln
506 3846 557 3900 boc
572 3844 642 3899 enim
657 3845 830 3902 Sacramouto
846 3861 899 3902 non
919 3861 957 3902 so·

163 3929 219 3985 lum
228 3930 366 4001 quaelibet,
377 3933 425 3986 sed
440 3932 485 3987 ille
503 3947 585 4003 aquo
600 3940 641 3988 εει
653 3935 741 3991 οιιιιιιε
754 3936 852 4007 gratia,
874 3926 958 3990 suini·

163 4025 215 4071 tnr.
229 4017 352 4074 Christus
380 4019 451 4075 enim
466 4034 516 4091 pro
540 4018 625 4075 salute
644 4024 735 4077 tnnndi
763 4026 846 4078 εειιιει
873 4023 960 4078 iactae

1007 2974 1099 3019 utento
1114 2964 1205 3019 altaris
1227 2982 1233 3017 :
1251 2964 1329 3018 bouis
1341 2961 1449 3032 quinon
1466 2961 1492 3014 in
1508 2962 1606 3015 bonnm
1621 2960 1807 3025 sernentibus,

1007 3052 1117 3106 canibus
1132 3067 1195 3109 vero
1212 3059 1239 3105 ει
1264 3050 1410 3105 inunundis
1426 3066 1479 3105 non
1503 3048 1552 3105 sie.
1568 3049 1654 3103 Cares
1666 3056 1742 3113 sunl,
1759 3056 1809 3121 qni

1006 3141 1185 3196 irreverenter
1204 3139 1357 3205 acetulnnt;
1378 3148 1404 3193 et
1424 3139 1483 3192 ideo
1508 3138 1621 3206 judicati
1649 3136 1809 3192 abscedunt.

1008 3231 1060 3298 Qui
1075 3230 1145 3283 enim
1166 3230 1314 3284 seeundum
1330 3218 1436 3282 erttnem
1453 3227 1557 3292 vivunt,
1573 3236 1599 3280 ct
1615 3234 1680 3296 post
1692 3226 1810 3281 carnalia

1010 3329 1154 3390 evagantur
1181 3333 1274 3373 ortena
1306 3316 1431 3372 vitiorum
1465 3314 1621 3384 eornpediti,
1653 3332 1716 3370 curn
1744 3316 1811 3369 luda

1010 3410 1147 3478 proditore
1174 3423 1306 3463 vencnum
1334 3405 1478 3475 accipiunt,
1500 3404 1651 3473 spiritualis
1677 3403 1811 3467 suspendii

1011 3497 1135 3563 laniacum
1150 3496 1307 3561 innurrnnt3
1333 3495 1493 3564 pravissimo
1507 3492 1664 3556 datnnandi,
1685 3502 1744 3546 tum
1766 3506 1810 3562 prn

1011 3586 1156 3657 multiplici
1179 3592 1263 3651 reatu,
1295 3594 1351 3639 turn
1366 3598 1416 3654 pro
1446 3581 1615 3636 Sacrantenti
1643 3589 1808 3651 contemptu,

1013 3674 1087 3745 quod
1113 3690 1209 3728 revera
1237 3672 1381 3742 accipiunt,
1407 3684 1456 3726 seu
1482 3671 1611 3736 essentia,
1631 3684 1685 3725 non
1715 3670 1809 3724 salnbn

1013 3760 1140 3817 eidoneia.
1161 3761 1204 3814 An
1219 3775 1273 3815 nnn
1289 3760 1423 3816 discernet
1437 3759 1506 3813 inter
1529 3758 1634 3829 glebas,
1650 3759 1700 3828 qni
1715 3758 1808 3812 dacer·

1013 3861 1053 3903 nrt
1067 3861 1094 3904 ot
1109 3851 1178 3903 inter
1198 3849 1288 3903 stellas¹
1298 3858 1309 3901 2¹
1325 3848 1494 3904 itxarninnbit
1508 3853 1581 3903 certe
1595 3846 1809 3920 argentomum

1013 3939 1101 4007 ipsum
1117 3954 1225 4007 quauoe
1244 3953 1338 3991 aarum
1367 3936 1489 4007 probavit
1511 3946 1539 3991 et
1553 3936 1726 4004 reprobavit.
1748 3936 1809 3991 Ecce

1013 4027 1126 4083 audistis
1140 4026 1253 4081 innatum
1264 4035 1290 4079 et
1301 4026 1441 4080 utilitatem
1451 4025 1596 4091 bonorum,
1607 4024 1729 4080 audistis
1739 4029 1810 4079 etiam

164 4113 206 4160 εει
220 4105 307 4161 hostia
331 4106 468 4181 salutaris,
498 4109 685 4167 reconciliatio
708 4110 851 4183 generalis,
867 4112 956 4166 omni·
975 4132 1041 4212 net
1056 4116 1211 4185 expavistis,
1237 4126 1266 4169 ut
1281 4114 1372 4179 cretio,
1397 4114 1429 4168 ed
1459 4111 1637 4182 perditionem
1657 4116 1807 4170 ariolorum:

164 4194 215 4251 bus
235 4196 422 4264 sacramentis,
447 4204 500 4252 tam
521 4199 736 4268 precedentibus,
758 4216 838 4272 quant
861 4201 960 4256 subse-

163 4284 308 4357 quentibus
322 4284 452 4344 virtutem
473 4287 548 4345 dedit
562 4298 590 4344 et
606 4287 764 4359 eiticaciam,
786 4296 815 4344 nt
839 4296 914 4346 tanta
935 4301 962 4347 et

163 4373 210 4430 tali
223 4375 312 4432 hostia
323 4376 552 4434 sanctiticarentnr
562 4392 656 4434 ornnes
670 4379 799 4434 liberandi
814 4395 863 4449 per
877 4381 961 4434 illam.

165 4464 241 4521 Unde
255 4465 366 4538 legitur,
384 4466 446 4540 quin
462 4467 553 4538 lignus
568 4468 675 4527 occisas
694 4473 736 4524 εει
751 4468 784 4523 nb
808 4471 892 4527 initio
912 4488 964 4527 sea·

165 4554 225 4610 culi
240 4555 332 4626 (dpoo,
344 4571 404 4627 sur,
417 4557 457 4626 8),
473 4556 515 4611 bis
528 4556 655 4614 videlicet
675 4556 722 4628 qui
738 4559 846 4614 t'oernot
861 4559 894 4613 ab
909 4558 962 4612 iai-

164 4639 221 4696 tio:
238 4641 275 4697 ita
290 4653 320 4699 ut
334 4659 381 4713 per
395 4644 447 4701 boc
458 4645 566 4712 dicitur,
582 4646 614 4701 nd
625 4648 721 4719 initio,
739 4648 899 4704 determines
910 4665 962 4703 non

164 4735 273 4799 tempus
286 4728 439 4800 occisionis,
455 4732 502 4788 sed
517 4733 621 4789 salutis.
643 4736 718 4789 Prius
726 4736 798 4791 enirn
818 4751 891 4792 mors
900 4736 961 4805 ejus

165 4813 275 4888 profuit,
291 4833 372 4889 quam
395 4818 455 4875 init.
484 4821 563 4876 Prius
578 4822 728 4894 promissio,
745 4839 776 4878 ac
803 4826 900 4880 deinde
914 4841 960 4880 ex·

165 4904 270 4962 bibitio.
289 4907 331 4962 db
345 4906 421 4964 initio
439 4924 504 4981 ergo
528 4908 622 4964 sacculi
643 4910 751 4966 occisus
765 4927 804 4981 es,
821 4913 961 4985 benignis-

163 4995 233 5054 sime
246 4997 322 5064 Jcsn,
332 4996 798 5070 nobilissimutnsswsponsatam
811 5001 963 5058 dotalitium

164 5085 310 5159 indulsisti,
335 5094 364 5141 ut
381 5087 429 5143 vel
453 5087 494 5142 sic
508 5094 610 5144 teneret
633 5087 759 5145 columba
773 5097 817 5143 tua
832 5090 962 5146 dulcissi-

165 5192 240 5232 mum
256 5177 411 5233 memoriale
429 5176 520 5233 dilecti
546 5177 598 5234 sni.
629 5176 753 5233 Christus
781 5177 851 5231 enim
876 5179 963 5249 pridie

167 5281 247 5337 quam
279 5275 424 5339 pateretur,
454 5266 593 5338 discipulis
619 5268 676 5322 suis
700 5266 780 5336 lrrrjns
803 5268 964 5323 sacrouienti

167 5349 279 5410 formam
290 5355 468 5428 praescripsit,
480 5356 628 5414 efficaciam
643 5356 777 5428 exhibuit,
792 5355 820 5412 id
839 5366 881 5413 est
906 5353 964 5411 sieri

167 5443 304 5511 pracepit.
316 5444 419 5501 l'ormee
433 5447 602 5517 proscriptio
615 5446 643 5502 in
657 5463 726 5515 pane
741 5445 809 5502 etin
825 5447 897 5501 vino.
911 5446 963 5501 No·

1016 4205 1107 4260 audite
1134 4206 1226 4270 inodo,
1256 4207 1283 4257 ol
1307 4204 1524 4272 obstupescentes
1544 4200 1735 4267 admiramini,
1755 4205 1810 4257 uutli

1016 4295 1190 4368 drrgoloruru,
1207 4291 1289 4346 uallis
1310 4291 1448 4358 spiritu-os
1468 4292 1600 4357 supernis,
1628 4293 1678 4346 sed
1705 4289 1811 4348 ltoutini·

1018 4385 1078 4451 bns,
1092 4400 1143 4437 uec
1159 4392 1247 4436 tamen
1275 4379 1411 4442 omnious,
1427 4379 1474 4435 sed
1489 4377 1583 4434 Ordini
1607 4387 1702 4436 vestro
1719 4392 1811 4436 tantum

1018 4472 1170 4527 ntandatant
1199 4486 1259 4524 esso
1296 4469 1360 4523 lariti
1397 4467 1563 4523 Sacrnntenti
1605 4470 1811 4525 celebrationem

1019 4563 1046 4616 in
1060 4561 1146 4627 altari,
1162 4559 1234 4630 quod
1247 4560 1370 4614 Citrisrus
1393 4557 1457 4611 l'ccit
1480 4555 1606 4611 inanibus
1625 4558 1687 4614 suis
1702 4560 1730 4614 in
1745 4572 1814 4614 cuna

1019 4649 1147 4721 paschali.

1053 4743 1079 4794 6.
1096 4735 1229 4807 Expositis
1244 4736 1325 4807 igitur
1341 4733 1427 4790 iorrna
1441 4745 1468 4789 et
1490 4732 1616 4789 efficacia
1636 4734 1813 4795 Sacratncntt,

1017 4837 1098 4883 restat
1112 4824 1255 4881 dicendum
1275 4824 1373 4892 ouibus
1400 4824 1428 4878 in
1452 4823 1542 4878 verbis
1556 4825 1735 4881 mandaverit
1748 4825 1815 4879 Curt-

1017 4927 1074 4970 stus
1087 4912 1365 4969 illntlcolebrandour.
1378 4912 1584 4981 Hoclacitepit,
1599 4911 1630 4965 iu
1642 4928 1817 4970 incoronata-

1017 5005 1250 5058 aeternorolr'onctn
1260 5003 1338 5073 (ltro.
1353 5017 1425 5066 xxu,
1445 5001 1498 5068 ts).
1521 4998 1544 5055 ι)
1560 5002 1647 5054 vcrbs
1662 5000 1816 5056 nimisniie

1017 5090 1127 5148 etnoat
1149 5090 1172 5146 0
1192 5093 1273 5147 vcrba
1288 5089 1425 5162 pungitiva
1440 5098 1466 5144 ct
1482 5087 1652 5157 penetrativa
1670 5106 1759 5162 ιιειῃιε
1787 5104 1814 5141 ει

1017 5182 1133 5236 alrimunt
1150 5181 1156 5236 l
1175 5181 1338 5249 Hospitalis,
1356 5178 1450 5249 inquit,
1468 5179 1498 5232 iu
1510 5192 1604 5231 rnorem
1618 5193 1818 5235 eornmemnra-

1018 5272 1131 5325 ιιοιιειιι.
1147 5270 1280 5339 Proplteta
1296 5268 1376 5321 etiam
1391 5266 1472 5321 dicit:
1491 5266 1656 5320 destiterunt·
1673 5268 1817 5323 aboridan-

1018 5359 1227 5415 tircsouvitaiis
1235 5355 1407 5412 eructabunt
1418 5356 1505 5424 tl'sol.
1516 5368 1611 5419 cantv,
1623 5355 1671 5412 ιι.
1688 5356 1715 5410 0
1725 5345 1821 5409 ευιιιιιι·

1015 5449 1058 5517 pia
1072 5457 1098 5503 et
1113 5464 1175 5505 vere
1189 5446 1278 5502 suavis
1292 5444 1431 5506 mentoris,
1454 5441 1612 5498 annuntiare
1635 5452 1760 5499 tuortcur
1775 5443 1823 5496 llo
