3706 5962
56 159 112 221 rte
274 209 276 213 ,
448 160 626 251 aenimate
645 161 679 222 lll
698 161 881 247 iussionem
899 163 941 225 El
960 164 1306 249 insolescentium.
1507 123 1510 127 ⁷
1646 177 1700 238 750

55 294 84 342 et
96 284 182 342 Deum
196 285 307 342 laudet?
323 284 379 344 Aut
391 286 527 359 quomodo
540 287 621 356 latro,
637 284 683 358 qui
695 290 759 342 cum
774 285 851 342 Chri-
905 287 958 357 Qui
977 290 1051 347 bunc
1072 305 1229 350 sermonem.
1244 292 1393 365 erubuerit,
1405 296 1476 353 bunc
1492 304 1521 353 ιι
1534 299 1695 360 erubesces.

55 383 99 432 sto
115 372 143 430 iu
158 367 301 444 paradiso?
316 375 378 432 Nou
397 375 470 431 euim
478 370 582 432 habitat
591 376 667 446 juxta
678 381 704 432 ιε
716 375 851 450 malignus
871 402 875 410 ·
907 375 958 448 Qui
973 379 1044 434 enim
1060 382 1195 439 erubescit
1210 398 1318 439 crucem
1333 391 1417 452 tuam,
1434 387 1570 444 erubescit
1584 391 1700 462 gloriam

56 462 144 535 (Psoi.
161 480 189 532 v,
206 466 246 537 6).
263 464 340 521 Latro
356 463 446 521 fuerat
459 466 566 538 quando
589 464 690 520 latebat
703 474 764 522 ante
785 481 853 521 con·
907 472 991 524 tuam.
1009 468 1072 524 blibi
1085 476 1177 526 antem
1198 472 1266 527 absit
1281 471 1409 545 gloriari,
1427 473 1478 529 nisi
1496 473 1525 531 in
1548 493 1630 534 cruce
1646 480 1702 537 Do·

55 558 212 630 sessionem,
222 562 314 631 justus
328 570 417 619 autem
436 568 499 634 post
517 561 676 619 orationem.
691 560 761 629 Quid
781 561 854 618 euim
906 553 973 609 mini
987 556 1038 612 mei
1051 557 1116 613 lesu
1130 558 1238 616 Christi.
1255 560 1326 617 Crux
1343 560 1430 633 gloria
1447 571 1554 631 tuaest,
1575 568 1702 624 cruxim-

55 650 301 709 oraviuillemeeto
315 651 382 718 mei,
399 652 526 722 Domine,
541 654 610 710 dum
625 651 736 711 veneris
755 649 788 708 in
806 668 855 710 re·
906 643 1010 714 perium
1035 652 1110 702 tuum
1124 655 1174 704 est.
1198 649 1268 706 Ecce
1282 649 1427 723 imperium
1444 658 1519 709 luurn
1541 670 1626 728 super
1648 659 1701 715 hu-

55 755 144 811 geom
162 738 330 809 luem(buc.
341 754 421 811 xxrrr,
438 741 494 810 ιιι).
641 807 644 812 Ι
907 749 1013 816 merum
1029 742 1128 792 tuum:
1150 748 1241 810 portas
1252 754 1363 796 crucem
1384 748 1466 807 tuam,
1482 749 1573 812 portas
1588 753 1702 818 portau-

95 831 136 883 13.
154 827 177 884 0
196 844 295 900 magua
315 826 390 899 fides,
405 843 422 884 o
439 844 539 902 magua
559 844 632 904 spes,
645 843 661 885 o
675 845 773 901 magua
787 826 854 883 cha·
907 829 962 901 tem
990 830 1027 879 te.
1044 824 1098 895 Qui
1127 835 1217 899 portat
1239 843 1345 885 crucem
1362 837 1446 898 tuam,
1472 838 1561 903 portat
1586 833 1703 905 gloriam

57 914 137 973 ritasl
154 915 220 973 Orat
247 932 297 988 pro
323 917 430 983 luturis,
456 933 510 975 uon
524 933 575 989 pro
588 917 777 988 praesenribus.
793 915 855 972 Non
908 920 990 967 tuam.
1006 912 1060 982 Qui
1073 914 1190 987 gloriam
1209 928 1282 972 tuam
1298 925 1397 990 portat,
1423 927 1513 991 portat
1530 930 1568 977 te.
1594 922 1705 981 Portan-

55 1003 116 1083 ιιιι
128 1004 163 1059 de
178 1020 258 1061 cruce
277 1005 388 1077 deponi,
404 1005 451 1061 sed
475 1006 503 1061 in
530 1005 631 1065 Christi
644 1022 728 1084 regno
743 1002 853 1076 reponi.
908 1006 961 1056 tem
979 1011 1067 1057 sutem
1084 1009 1110 1060 ιε
1122 1010 1151 1059 ιι
1173 1013 1265 1077 portas
1279 1022 1359 1076 super
1373 1007 1517 1065 humerum
1542 1018 1625 1082 tuum,
1641 1013 1705 1085 quia

56 1091 130 1176 Quid
142 1093 212 1149 euim
228 1093 304 1150 aliud
334 1103 378 1150 εει
396 1095 495 1167 dicere,
526 1112 617 1168 quam,
642 1091 854 1168 Cupiodissolri
908 1088 1052 1159 imperium
1067 1099 1144 1148 tuum
1158 1107 1240 1165 snper
1259 1093 1401 1151 humerum
1424 1103 1510 1152 tuum.
1524 1097 1596 1171 Ergo
1615 1100 1663 1171 qui
1678 1109 1704 1158 to

49 1188 86 1237 et
100 1197 159 1238 esse
174 1199 235 1240 cum
250 1183 378 1240 cbristo?
392 1183 490 1242 Nescio
505 1185 572 1260 quid
586 1172 687 1241 Paulus
702 1182 788 1259 magis
802 1182 855 1241 isto
907 1184 1028 1248 portent,
1045 1177 1190 1255 imperium
1204 1187 1281 1237 tuum
1295 1191 1358 1239 suut
1374 1198 1380 1238 :
1396 1182 1424 1238 iu
1438 1184 1506 1257 ipsis
1519 1187 1590 1242 enim
1607 1197 1636 1244 tu
1646 1204 1706 1264 reg·

45 1271 162 1350 ,terrene
175 1272 300 1344 cupierit.
316 1273 452 1332 umento
467 1273 574 1333 meo
600 1289 647 1332 eor
668 1272 856 1330 casurusne
909 1280 1002 1332 ειεο
1024 1265 1141 1323 maxime
1168 1268 1331 1339 imperaror.
1352 1270 1405 1326 sed
1426 1273 1706 1349 quindecimque

58 1361 241 1420 humiliatum!
259 1362 325 1430 Quid
355 1362 445 1419 minus
470 1364 512 1422 vel
531 1362 658 1420 humilius
672 1361 758 1435 potuit
772 1360 854 1427 orari,
909 1362 999 1424 ροιιιε
1013 1354 1156 1427 imperium
1172 1364 1246 1413 tuum
1261 1359 1275 1414 i
1290 1358 1376 1430 Super
1391 1360 1533 1417 humerum
1549 1370 1636 1420 tuum.
1651 1364 1706 1420 Hu-

58 1466 139 1520 quam
154 1451 294 1508 urveleui
313 1449 613 1511 memoresserffim
634 1453 770 1511 Memmio
787 1449 854 1509 mei,
910 1458 1000 1500 merus
1014 1450 1078 1501 tuus
1091 1446 1162 1503 altus
1176 1453 1227 1515 est,
1253 1447 1380 1504 humerus
1395 1457 1456 1506 tuus
1488 1449 1706 1526 iortisest,bu·

59 1537 308 1611 Cuiusmeitiei
324 1539 512 1613 iuquamtem
530 1541 646 1615 indigni,
660 1548 713 1596 laur
730 1546 854 1611 peccato·
911 1547 1000 1588 merus
1015 1539 1079 1590 tuus
1109 1533 1235 1613 pertingit
1259 1552 1346 1608 usque
1375 1538 1408 1592 ad
1422 1540 1508 1596 Patris
1535 1556 1704 1608 consessum,

59 1627 112 1683 ris.
140 1628 313 1701 iniquitatem
336 1645 423 1686 meam
446 1646 499 1705 ego
517 1645 645 1705 agnosco,
674 1640 701 1686 ει
714 1638 854 1703 peccatum
871 1587 894 1666 B
910 1636 994 1692 super
1007 1637 1115 1679 omnem
1125 1623 1306 1697 principatum
1315 1633 1342 1682 ει
1356 1635 1514 1698 potestatem
1527 1637 1554 1685 ει
1567 1630 1704 1687 virtutem.

60 1733 152 1774 meum
166 1727 260 1775 contra
273 1735 317 1775 me
330 1729 386 1792 ειη
403 1719 556 1778 confundor
579 1719 677 1777 oculos
692 1734 768 1776 meos
781 1717 815 1774 ud
829 1725 855 1774 te
908 1709 974 1767 llluc
992 1711 1098 1769 reducis
1112 1727 1191 1769 ciem
1205 1714 1383 1772 centesimam
1397 1759 1405 1788 ‚
1420 1715 1484 1773 illuc
1499 1717 1604 1776 reducis
1626 1734 1706 1777 ovem

48 1796 157 1866 levam.
174 1807 233 1864 Tibi
254 1807 305 1890 soli
324 1810 449 1880 peccavi;
469 1816 498 1864 ιι
513 1808 586 1866 ειιιε
605 1818 682 1882 potes
694 1823 768 1864 mea
787 1823 854 1879 pec·
907 1802 1018 1875 loseph·

60 1904 122 1953 cato
137 1912 198 1953 meo
217 1897 359 1955 mundare.
386 1897 485 1955 bialum
500 1913 593 1956 coram
616 1907 642 1956 ιε
657 1897 719 1969 ιεει,
735 1913 797 1954 cum
812 1911 855 1952 ιιε
946 1892 990 1947 11·
1007 1889 1079 1948 Vade
1106 1891 1163 1962 iam
1181 1907 1284 1959 secure,
1315 1894 1499 1969 ovislosepb‚
1526 1895 1648 1953 Christus
1681 1906 1706 1959 le

60 1983 110 2039 libi
139 1983 224 2042 celare
255 1985 336 2042 volui.
352 1986 432 2044 Latro
451 2004 510 2043 sum
524 1987 622 2044 animae
634 2002 702 2043 meae
719 1985 856 2044 :bomici-
910 1989 1000 2052 portat
1026 1996 1108 2052 super
1129 1981 1272 2038 humerum
1287 1999 1367 2040 suum
1382 2001 1389 2038 ι
1405 1983 1483 2041 fortis
1509 1994 1551 2041 est
1578 1987 1708 2044 humerus

58 2072 135 2146 dium
151 2073 223 2144 quod
238 2071 298 2140 ieci,
320 2074 392 2144 uolui
415 2075 561 2143 occultare,
584 2075 632 2132 sed
650 2075 751 2131 malum
765 2091 857 2132 eoram
912 2071 982 2141 ejus,
998 2069 1055 2125 noli
1068 2069 1174 2127 timere.
1191 2073 1270 2128 ditus
1288 2081 1329 2129 εει
1344 2113 1352 2142 ,
1369 2073 1425 2130 noli
1439 2073 1474 2128 ad
1488 2073 1543 2130 ima
1562 2076 1705 2148 respicere,

50 2171 88 2236 ιε
104 2160 166 2217 ιεει.
181 2161 315 2223 Memento
330 2163 394 2232 mei,
410 2164 538 2221 miserere
558 2165 621 2220 mei.
637 2164 859 2223 lleritoinbanc
911 2159 1071 2230 quieuemo
1094 2159 1203 2217 mittens
1219 2176 1328 2217 manum
1343 2151 1418 2219 suam
1447 2164 1481 2217 ad
1519 2173 1649 2232 aratrum,
1680 2175 1708 2224 et

61 2249 203 2322 miserium
219 2248 328 2324 deveni,
353 2252 399 2326 qui
428 2263 502 2309 tuam
525 2251 718 2310 beatitudinem
738 2253 857 2309 deserui.
912 2247 1047 2319 aspiciens
1066 2256 1148 2318 retro,
1166 2257 1245 2321 aptus
1267 2258 1309 2308 est
1331 2267 1417 2324 reguo
1431 2252 1481 2308 Dei
1496 2252 1573 2324 (bac.
1590 2270 1628 2320 ιι,
1643 2257 1704 2327 62).

61 2339 145 2398 Dives
160 2355 245 2407 eram,
275 2351 302 2396 et
316 2357 378 2398 ecce
401 2358 483 2414 quam
502 2358 605 2414 pauper
628 2342 717 2398 lactus
731 2357 803 2397 sum.
819 2341 859 2397 lle
914 2336 1003 2394 Suave
1015 2340 1112 2410 jugum
1133 2348 1215 2410 super
1229 2339 1301 2396 filios
1311 2340 1424 2395 ddama
1438 2341 1482 2397 die
1497 2342 1643 2410 natiuitatis
1657 2359 1708 2401 eo-

53 2430 138 2508 'omui
152 2428 229 2501 liguo
244 2429 362 2500 paradisi
384 2438 508 2503 poteram
523 2432 667 2488 comedere
681 2439 707 2487 et
720 2430 859 2497 delectari,
914 2443 986 2497 rum,
1003 2443 1088 2500 usque
1102 2426 1130 2483 in
1144 2427 1215 2484 diem
1230 2428 1395 2486 reversionis
1408 2430 1436 2485 in
1451 2440 1567 2487 matrem
1574 2431 1706 2491 omnium.

60 2523 88 2575 cl
115 2531 178 2574 ecce
201 2517 310 2573 crucior
337 2527 364 2575 ει
391 2519 494 2576 morior
508 2519 536 2574 iu
551 2521 602 2576 boc
616 2518 702 2593 ligno.
725 2519 861 2577 Memento
914 2513 1038 2584 Quaudiu
1064 2532 1125 2573 sum
1150 2515 1222 2573 silius
1247 2518 1349 2574 ceteris
1382 2519 1480 2589 Adam,
1509 2537 1590 2593 graue
1610 2523 1709 2595 jugum

61 2605 195 2664 resilui
211 2606 312 2662 oblitus
331 2623 415 2679 eram,
441 2608 488 2664 sed
517 2616 544 2665 ιι
574 2623 636 2665 cum
659 2607 743 2663 iratus
765 2605 860 2675 lucris,
915 2604 1057 2677 portozsi
1071 2620 1160 2662 essem
1175 2603 1246 2661 iilius
1261 2606 1323 2663 novi
1333 2605 1493 2682 ddamlege
1502 2608 1601 2683 jugum
1615 2618 1709 2683 porta·

60 2695 255 2768 misericordiae
280 2696 469 2754 memoreris.
491 2697 620 2754 llisorere
639 2696 693 2754 mei
711 2696 861 2754 secuudum
916 2708 985 2753 rem.
1005 2691 1084 2762 Quod
1099 2702 1139 2752 εει
1154 2709 1224 2750 οιιε
1247 2695 1355 2766 meve?
1370 2695 1512 2753 Talentum
1535 2697 1656 2769 plumbi.
1678 2686 1711 2755 Et

62 2800 190 2856 magnam
207 2783 420 2843 misericordiam
437 2794 521 2844 luam.
543 2787 628 2843 Video
643 2787 671 2842 in
687 2795 713 2842 te
735 2801 861 2858 magnam
915 2781 987 2855 quod
1003 2790 1045 2840 est
1059 2797 1128 2840 onus
1142 2783 1201 2840 leve
1215 2784 1229 2838 i
1244 2784 1316 2840 Crux
1331 2784 1440 2841 Christi.
1464 2786 1541 2857 lllud,
1557 2786 1626 2845 sicut
1639 2788 1711 2845 scri·

55 2884 90 2954 et
108 2878 193 2944 tuam,
208 2875 259 2932 boc
273 2883 315 2932 est
336 2882 535 2950 competentem
559 2875 616 2942 tibi,
632 2874 857 2945 misericordiam,
876 2868 989 2947 epium
1005 2879 1055 2940 est,
1066 2872 1249 2945 submergitur
1262 2873 1289 2928 in
1305 2873 1383 2947 aquis
1397 2875 1708 2947 vehementibusOEccd.

62 2980 128 3037 quse
143 2973 170 3020 te
184 2964 251 3020 mibi
271 2966 371 3022 admei
383 2966 555 3036 consimilem
569 2966 787 3024 condescendere
798 2965 861 3024 iecit
915 2961 1008 3034 nmio)
1020 2979 1026 3018 :
1040 2961 1110 3019 istud
1124 2971 1211 3018 ειιιιι
1225 2978 1307 3037 super
1322 2979 1417 3037 aquas.
1431 2965 1498 3022 Mira
1512 2981 1567 3023 res.
1575 2966 1647 3023 Nihil
1658 2967 1712 3033 lor,-

63 3053 214 3114 miseriam.
230 3055 287 3130 ligo
306 3064 398 3112 autem
411 3054 494 3129 digno
507 3054 605 3125 iactis,
621 3066 649 3112 tu
659 3071 724 3113 vero
738 3055 803 3130 quid
817 3053 861 3110 le·
915 3050 1075 3108 midolosius
1088 3051 1199 3122 bomini,
1215 3059 1296 3124 quam
1310 3069 1418 3111 crucem
1433 3055 1498 3127 pati.
1514 3055 1568 3114 Sed
1583 3072 1667 3129 quare
1677 3057 1712 3112 ti·

63 3142 148 3214 cisti?
163 3142 248 3199 Video
258 3151 283 3199 te
301 3143 367 3200 mibi
384 3144 413 3200 iu
431 3160 513 3217 poeua
522 3143 648 3213 similem,
663 3158 743 3216 quem
758 3143 785 3198 in
799 3149 861 3199 actu
916 3150 989 3198 ment
1002 3141 1126 3198 homiues
1148 3157 1257 3199 crucem
1270 3143 1284 3198 ‘l
1298 3141 1369 3212 Quia
1385 3143 1507 3215 ,latrones
1525 3154 1588 3202 sunt
1603 3163 1610 3201 :
1627 3145 1652 3202 si
1665 3145 1711 3202 la-

62 3231 143 3290 uideo
158 3232 388 3290 iamdissimdem.
412 3234 472 3291 Non
503 3232 616 3306 potuisti
629 3249 673 3290 me
691 3232 800 3304 lougius
813 3247 861 3288 se·
917 3236 1009 3287 trones
1032 3245 1089 3285 non
1106 3235 1207 3297 εεεειι,
1224 3246 1333 3287 crucem
1348 3247 1402 3288 nou
1428 3233 1563 3290 timerent.
1579 3235 1651 3308 Ergo
1665 3235 1711 3307 qui

62 3322 122 3395 qui.
137 3322 215 3378 Unde
229 3322 349 3379 venisti?
367 3324 510 3389 dsummo
533 3323 604 3380 coelo
617 3337 746 3398 egressus
759 3336 798 3377 es.
823 3321 863 3378 De
918 3318 1002 3386 timet,
1027 3318 1096 3375 latro
1109 3325 1161 3374 est.
1186 3317 1340 3386 Quomodo,
1356 3319 1456 3392 inquis,
1473 3321 1541 3377 latro
1555 3333 1597 3378 εει
1611 3324 1624 3379 ι
1640 3323 1712 3380 Audi

63 3417 143 3469 utero
162 3410 282 3483 Virginis
296 3410 437 3482 speciosus
464 3410 553 3467 forma
572 3426 628 3484 prae
643 3408 707 3465 liliis
721 3408 863 3466 bominum
917 3406 1063 3464 Christum.
1083 3407 1130 3464 Vos
1145 3409 1253 3475 αιιειι,
1268 3405 1366 3478 inquit,
1394 3410 1507 3481 fecistis
1523 3412 1712 3484 consepelim-

61 3500 232 3573 processisti,
249 3509 276 3555 ει
290 3515 397 3557 mecum
409 3500 515 3571 pendes
530 3498 558 3555 iu
577 3497 670 3571 lignei
685 3497 752 3568 Quis
772 3503 798 3552 ιε
812 3495 863 3551 ad·
917 3513 980 3573 com
994 3499 1141 3554 latro-rrum
1151 3495 1259 3564 (llottlc.
1274 3510 1333 3562 ιιι,
1345 3498 1402 3567 le).
1423 3499 1563 3570 Templum
1578 3499 1630 3556 Dei
1644 3518 1712 3557 son·

65 3587 161 3646 duriti
175 3588 238 3646 Sola
251 3587 435 3644 misericordia
454 3605 461 3642 ε
477 3586 626 3644 secuudum
650 3587 720 3643 banc
736 3598 864 3658 magnam
916 3591 994 3642 ctum
1004 3590 1046 3642 cst
1060 3583 1130 3658 qood
1142 3586 1208 3642 estis
1223 3583 1305 3656 cos(l
1320 3586 1379 3642 dor.
1396 3601 1437 3651 ιιι,
1450 3587 1506 3658 li).
1519 3586 1629 3644 Faciunt
1646 3603 1713 3660 ergo

66 3676 291 3750 misericordiam,
318 3677 446 3735 miserere
469 3676 532 3746 mei,
559 3677 642 3735 Deus.
663 3677 736 3731 Deus
751 3690 790 3746 es,
809 3688 864 3731 nou
918 3674 1040 3732 homiues
1054 3690 1084 3731 se
1102 3676 1177 3748 ipsos
1186 3673 1342 3745 speluncam
1356 3674 1501 3733 latronum.
1515 3677 1644 3749 iugulant
1658 3679 1712 3734 bo·

66 3775 169 3824 mutum
196 3769 288 3826 bomo.
315 3768 388 3824 Deus
415 3783 456 3836 es,
485 3780 539 3838 ego
559 3768 650 3835 bomo,
676 3779 729 3837 ego
757 3762 864 3834 plasma
917 3765 1014 3832 mines,
1038 3765 1189 3822 cttralsunt
1213 3762 1240 3820 iu
1265 3764 1426 3837 speluncam
1440 3782 1527 3823 suem.
1542 3767 1621 3838 Quod
1641 3768 1712 3825 enim

67 3863 156 3926 tuum,
172 3872 255 3928 quem
273 3854 362 3913 fecisti
376 3855 411 3910 ad
439 3854 585 3930 imaginem
605 3860 632 3912 et
659 3851 863 3909 similitudinem
916 3855 1006 3925 majus
1019 3851 1205 3922 homicidium,
1220 3867 1300 3926 quem
1315 3861 1344 3909 ιι
1358 3869 1387 3910 εε
1400 3853 1489 3924 ipsum
1505 3853 1593 3912 508
1608 3855 1713 3920 interli-

67 3952 153 4020 tuam.
170 3944 299 4016 lmagiuis
314 3951 379 4016 tuoe,
406 3944 490 4014 Deus,
524 3942 663 4001 miserere.
684 3941 738 3999 Sed
765 3940 794 3998 in
808 3957 863 4015 quo
917 3943 971 4001 ciat
988 3943 1092 3999 bomo?
1120 3942 1162 3998 rel
1175 3941 1248 4017 quod
1274 3943 1383 4016 gravius
1405 3943 1590 4012 homicidium,
1613 3960 1715 4018 corpus

65 4047 212 4106 agnoscam
228 4040 254 4087 te
270 4032 410 4092 misereri?
424 4034 455 4088 ln
470 4048 504 4090 eo
532 4031 597 4106 quia
618 4033 763 4107 imaginem
778 4046 864 4088 meam
918 4033 1042 4091 occidere
1055 4048 1089 4088 ιι
1105 4031 1228 4103 spiritum
1243 4032 1257 4088 ι
1272 4030 1295 4090 0
1310 4031 1416 4104 quoties
1427 4034 1509 4091 bomo
1523 4033 1649 4106 spiritum
1669 4034 1714 4090 iu·

62 4108 94 4179 in
109 4131 136 4177 ιε
149 4119 239 4189 ιιιεο,
266 4119 383 4175 similem
411 4130 438 4177 et
455 4122 578 4178 eamdem
603 4136 713 4179 mecum
728 4119 863 4177 miseriem
879 4155 902 4232 n
918 4113 1036 4180 terficitl
1052 4129 1118 4194 quot
1132 4121 1279 4180 homicidia
1293 4121 1321 4178 in
1335 4123 1482 4195 semetipso
1500 4121 1621 4195 perlicit!
1638 4122 1713 4191 Quo-

63 4210 132 4286 pati.
149 4209 219 4279 Quid
234 4222 300 4282 ergo
314 4215 405 4277 restat,
420 4209 473 4266 nisi
487 4219 517 4266 ιι
535 4212 656 4281 sperem?
675 4210 715 4268 lle
726 4219 797 4266 muta
810 4208 864 4266 mi·
920 4212 969 4269 ties
979 4210 1130 4271 voluntarie
1145 4217 1172 4266 ει
1186 4227 1219 4266 ex
1234 4211 1324 4268 studio
1338 4221 1478 4282 peceatum
1490 4217 1637 4283 perpetrat,
1652 4211 1716 4283 quid

64 4299 216 4364 sericordin
230 4297 292 4370 quis
304 4313 423 4372 unquam
436 4300 525 4372 potuil
533 4298 700 4370 desperare?
713 4299 786 4371 Ergo
803 4314 865 4355 me·
920 4300 992 4356 uliud
1007 4316 1089 4373 quiam
1103 4314 1132 4354 se
1147 4299 1235 4371 ipsum
1247 4298 1373 4370 jugulat?
1388 4298 1483 4356 Omnis
1502 4297 1573 4363 enim
1597 4297 1645 4370 qui
1668 4315 1716 4354 nc·

66 4388 240 4459 meelomci,
251 4389 480 4447 cumvenerisie
498 4404 618 4461 regnum
629 4393 722 4445 tecm.
734 4386 817 4445 Vadis
831 4386 865 4443 cd
919 4389 1024 4460 ceperit
1050 4387 1181 4461 gladium,
1196 4386 1288 4460 gladio
1307 4386 1406 4458 peribit
1421 4387 1533 4457 (batti.
1557 4401 1633 4454 xxvr,
1659 4387 1715 4459 ιι).

68 4495 182 4552 regnum
198 4488 283 4543 tuum,
300 4478 418 4550 implesti
443 4477 584 4554 negotium
604 4485 689 4545 tuum,
704 4474 738 4532 ad
753 4475 806 4534 boc
819 4492 868 4533 ve·
920 4476 1032 4534 Gladius
1046 4475 1143 4531 nuimae
1157 4485 1296 4546 peccatum
1309 4483 1361 4542 est,
1380 4484 1523 4549 peccatum
1538 4476 1634 4533 enimae
1645 4491 1718 4533 mors

68 4567 135 4641 nisli
148 4575 179 4624 ut
194 4584 236 4624 me
260 4567 373 4625 reducas
394 4574 494 4625 tecum.
518 4567 619 4623 Tecum
633 4567 672 4622 ire
691 4561 868 4636 concupisco,
921 4569 973 4620 est.
989 4561 1042 4631 Qui
1061 4564 1135 4618 bunc
1149 4560 1269 4635 gladium
1285 4577 1366 4617 manu
1382 4564 1500 4636 propriae
1514 4563 1718 4622 deliberationis

70 4667 159 4732 etpro
182 4658 235 4715 boc
260 4656 460 4715 amarissimam
474 4665 592 4714 mortem
605 4670 661 4712 non
675 4653 868 4722 contremisco,
922 4652 1029 4726 accipit,
1057 4653 1109 4710 boc
1135 4659 1187 4720 est,
1202 4660 1340 4724 acceptum
1364 4653 1445 4710 babet
1474 4661 1501 4713 ει
1527 4662 1647 4728 gratnm,
1662 4655 1718 4729 pri·

72 4738 125 4811 nec
139 4744 283 4805 erubesco.
308 4745 452 4817 Quomodo
473 4745 544 4803 enim
558 4745 806 4814 contremiscerem,
822 4744 870 4800 ubi
922 4757 984 4807 mus
997 4742 1025 4798 iu
1038 4758 1066 4805 sa
1080 4742 1169 4814 ipsum
1183 4757 1291 4797 uranum
1306 4741 1406 4812 mittit,
1422 4747 1527 4818 primus
1541 4747 1718 4819 semetipsum

73 4845 101 4895 te
119 4850 225 4894 mecum
249 4835 392 4892 viderem?
417 4833 530 4892 Etiamsi
548 4833 723 4891 ambulavero
737 4830 767 4887 iu
780 4830 869 4889 medio
922 4831 1057 4888 interdicit.
1075 4831 1203 4900 Clodiam,
1224 4830 1321 4904 iuquit,
1350 4848 1449 4893 corum
1472 4836 1566 4895 intret
1589 4838 1620 4894 ie
1635 4835 1720 4894 corde

72 4925 177 4985 umbrie
200 4925 306 4993 mortis,
323 4941 377 4981 non
392 4924 493 4982 timebo
507 4923 588 4993 mala,
614 4923 745 4998 quoniam
760 4932 789 4980 ιι
808 4937 869 4978 me·
922 4923 1049 4995 ipsorum
1060 4920 1148 4994 (Psoi.
1164 4936 1254 4987 xxxvi,
1273 4922 1329 4992 ιι).
1344 4922 1401 4981 Nec
1414 4924 1480 4981 sutis
1492 4934 1534 4983 est
1547 4925 1633 4982 semel
1646 4924 1721 4998 occi·

72 5031 135 5075 cum
150 5031 190 5072 εε.
206 5015 241 5070 dt
267 5014 405 5086 quomodo
424 5014 625 5083 erubescerem,
651 5012 724 5086 quod
738 5020 764 5069 tc
778 5010 870 5072 Domi·
923 5011 988 5067 dere
1001 5017 1028 5067 et
1041 5010 1184 5084 quiescere
1200 5024 1207 5066 :
1223 5010 1321 5068 millies
1334 5021 1361 5070 et
1374 5013 1474 5072 millies
1487 5014 1611 5073 crudeles
1625 5029 1721 5071 manus

52 5097 140 5164 'num
155 5103 216 5162 eceli
231 5113 340 5177 portare
355 5103 499 5161 riderem?
517 5101 588 5172 Quid
607 5102 679 5159 cuim
693 5113 720 5159 te
734 5100 871 5159 erubuerit
923 5100 951 5156 iu
965 5116 995 5157 so
1016 5108 1185 5168 convertunt,
1201 5109 1227 5156 et
1251 5100 1359 5157 veloces
1382 5103 1545 5174 sonipedes
1568 5118 1663 5160 eorum
1686 5102 1721 5160 ud

74 5203 103 5256 ει
126 5202 187 5252 tuos
203 5208 354 5263 sermones,
379 5192 452 5249 huuc
465 5199 494 5247 tu
518 5191 670 5256 erubesces,
687 5206 747 5248 cum
764 5190 871 5250 ueneris
923 5189 1118 5247 eil'undendum
1151 5186 1312 5259 sanguinem
1334 5205 1425 5257 ειιιιι,
1441 5190 1491 5246 riri
1510 5191 1672 5263 sanguinum
1694 5202 1722 5251 ει

72 5284 103 5363 in
118 5283 261 5354 maiestate
278 5291 332 5349 tua,
348 5282 481 5350 etPatris,
492 5286 519 5336 ει
533 5286 687 5335 sanctorum
702 5279 869 5351 angelornm.
925 5280 1022 5336 dolosi.
1038 5277 1181 5347 Quomodo
1202 5275 1314 5331 dolosi?
1334 5276 1406 5345 Quia
1430 5289 1580 5352 congerunt
1594 5281 1723 5353 cadavera

77 5372 131 5449 Qui
146 5372 324 5446 rmaiojolot
338 5387 450 5430 crucem
464 5385 556 5438 suom,
568 5373 597 5425 et
607 5366 873 5441 emmeramensem
925 5376 1095 5425 mortuorum
1107 5365 1137 5420 iu
1160 5364 1315 5436 speluncam
1330 5380 1416 5438 sunm,
1433 5375 1459 5424 et
1484 5368 1611 5441 operiunt
1623 5360 1724 5445 aggero

74 5454 117 5537 esd
135 5480 182 5522 me
204 5461 306 5534 dignes
326 5457 403 5535 (bec.
426 5459 556 5531 simil),
574 5458 674 5516 bicest
691 5472 780 5516 sermo
799 5461 871 5516 ιιιι.
927 5468 1017 5529 terrae,
1033 5472 1068 5514 ιε
1091 5454 1133 5513 vel
1160 5445 1214 5527 ipsi
1236 5452 1354 5523 videant,
1370 5458 1411 5515 rel
1435 5457 1469 5514 ab
1499 5458 1558 5516 aliis
1573 5459 1723 5528 videantur.
