3706 5962
56 195 129 272 ‘roos

58 353 140 409 opera
154 337 223 393 bona
245 349 305 390 sese
319 333 462 406 diligenter
483 336 614 399 exerceat,
630 330 700 388 sicin
718 330 847 404 scriptum

56 434 115 483 est:
130 426 193 491 Fili,
209 424 407 495 coucupiscens
419 422 602 494 sapientiam,
618 436 750 477 conserua
760 422 850 492 justi-

56 517 148 584 tiem;
162 520 190 572 et
205 516 279 570 Deus
292 512 425 585 prebebit
440 509 581 567 illomtilre'
594 509 696 581 (licetir
709 525 728 576 r,
747 511 792 580 33)
803 528 809 571 ;
822 521 849 565 et

54 605 128 659 alibi.
144 602 320 659 intendatis
336 602 392 658 tuis
407 598 540 656 intellexi
555 598 641 670 (Psul.
653 613 750 666 exunt,
767 600 849 669 tol);

55 701 101 748 et:
119 692 184 748 Fide
192 708 319 766 purpuras
329 689 413 747 corda
423 705 520 747 eorum
529 687 603 760 (Act.
618 702 654 742 xv
668 687 704 758 9).
714 686 774 754 Qua
783 685 851 743 fidei

56 781 121 837 Fide
136 799 181 851 per
200 781 374 837 dilectionem
396 784 535 849 operante.
555 775 640 830 Habet
655 776 768 839 liertlra,
783 776 850 830 dnm

57 871 123 943 agit,
149 871 263 925 sormam
282 871 353 925 bene
368 866 504 939 operantis
519 882 527 921 :
543 863 628 920 bieria
642 879 708 920 vero
731 862 850 933 speciem

58 959 189 1030 exprimit
212 956 457 1027 contemplationis,
479 956 543 1009 dum
571 953 654 1024 sedet,
683 954 747 1008 dnm
770 959 849 1022 tacet,

57 1049 122 1103 dum
142 1047 311 1119 interpellata
325 1062 380 1102 non
397 1044 561 1114 respondet,
576 1042 624 1098 sed
640 1049 741 1097 tantum
759 1043 785 1096 in
800 1040 849 1096 1)ιί

57 1139 171 1193 verbum
187 1145 240 1193 totu
261 1135 357 1192 mentis
371 1134 460 1189 studio
471 1132 596 1198 intendit,
618 1144 651 1186 ac
666 1129 753 1185 solam
768 1146 850 1201 quam

57 1227 145 1298 diligit
160 1226 273 1298 gratiam
291 1224 389 1281 divinae
404 1220 577 1295 cognitionis,
593 1228 690 1275 caetera
706 1235 849 1291 respuens,

58 1316 210 1370 medullitus
226 1314 331 1380 baurit;
347 1312 465 1383 forisque
485 1309 560 1364 velut
575 1308 741 1363 insensibilis
756 1308 848 1363 reddi·

58 1413 112 1469 tur,
128 1406 193 1460 dum
208 1404 281 1458 intus
300 1403 333 1456 ad
352 1398 558 1469 contemplanda
573 1397 679 1452 Domini
694 1396 738 1452 sui
751 1399 851 1467 gaudia

59 1494 214 1550 felicissima
225 1491 337 1562 rapitur.
357 1491 420 1545 Sine
431 1486 514 1544 dnbio
528 1484 590 1540 talis
605 1495 646 1541 est
662 1485 717 1552 ille,
743 1501 803 1556 quae
824 1488 849 1540 in

58 1582 172 1639 Canticis
187 1581 305 1654 loquitur
322 1594 328 1634 :
346 1582 399 1650 Epo
412 1576 529 1641 dormio,
546 1579 573 1631 et
587 1590 737 1632 cormeum
751 1575 850 1646 uiqitut

603 209 712 271 sunno
729 209 764 276 tn
782 209 940 283 ussunm
958 186 1133 284 nnuma.
1175 157 1177 161 Α

1633 212 1703 275 tuot

908 332 1021 404 pediunt
1043 333 1306 403 contemplationem.
1323 333 1456 405 Equidem
1476 335 1572 391 animae
1602 346 1702 394 nostre

907 420 1011 493 oculus,
1028 422 1209 495 intelligentia
1237 436 1287 478 est.
1304 421 1379 479 Sicut
1392 423 1463 479 enim
1479 425 1557 480 oculo
1578 425 1701 497 corporis

902 510 949 566 lux
968 526 1100 581 corporea
1119 521 1146 568 et
1163 520 1259 568 catera
1279 528 1393 583 qnaeque
1427 513 1576 583 corporalia
1600 515 1698 570 riden-

904 606 956 667 tur,
973 600 1009 654 ita
1031 602 1112 667 Deus,
1134 601 1181 673 qui
1196 609 1237 656 est
1261 601 1351 658 lumen
1375 601 1646 673 incircumscriptum,
1672 614 1700 660 et

904 686 964 758 ejus
993 688 1139 743 invisibilia
1176 698 1311 760 utcunque
1344 689 1478 746 intellectu
1505 692 1698 761 percipiuntur.

904 773 1040 832 Dillerunt
1068 785 1157 833 autem
1184 776 1211 832 in
1225 777 1278 833 hoc
1301 780 1418 834 exterior
1426 787 1452 834 et
1466 779 1578 835 interior
1591 780 1697 849 oculus,

903 863 976 934 quod
991 865 1118 922 exteriori
1133 865 1243 938 quidem
1258 882 1385 938 corporea
1408 868 1453 925 lux
1467 868 1644 939 extrinsecae,
1670 877 1702 926 ut

902 952 1002 1021 rideat,
1024 955 1194 1021 admovetur;
1224 955 1347 1013 interiori
1358 973 1421 1012 vero
1448 957 1581 1015 Creatoris
1607 958 1700 1016 lumen

903 1040 1077 1112 intrinsecus,
1107 1051 1137 1099 ut
1172 1044 1317 1114 discernat,
1351 1046 1512 1104 inlunditur.
1548 1049 1699 1118 Utrumque

903 1145 969 1187 vcro
984 1130 1091 1187 oculum
1109 1133 1160 1187 tria
1173 1140 1236 1188 sunt
1250 1149 1310 1205 quae
1324 1133 1359 1187 ed
1373 1134 1517 1191 videndum
1533 1135 1695 1207 impediunt.

903 1217 1024 1275 Primum
1047 1235 1113 1292 ergo
1140 1221 1173 1276 de
1200 1221 1326 1278 exteriori
1352 1233 1433 1293 atque
1462 1224 1562 1280 risibili
1584 1225 1699 1280 disserat

904 1309 973 1364 ratio
988 1321 1087 1376 nostra,
1096 1319 1125 1365 ut
1139 1312 1173 1366 de
1184 1311 1266 1366 rebus
1277 1310 1426 1368 visibilibus
1439 1312 1535 1369 ordine
1544 1313 1704 1385 disputandi

904 1395 1007 1453 facilius
1020 1408 1145 1472 assurgat
1156 1399 1192 1453 ad
1205 1400 1392 1473 intelligibilia.
1403 1401 1495 1457 Potest
1508 1419 1573 1458 sane
1589 1402 1656 1470 lleri,
1669 1414 1699 1467 ιιι

903 1484 947 1541 ille
962 1503 1043 1542 sanus
1058 1489 1090 1545 sit
1108 1502 1135 1543 et
1159 1497 1263 1561 pateat,
1280 1491 1327 1544 sed
1358 1491 1486 1561 quonium
1510 1493 1554 1547 lux
1582 1493 1699 1548 exterior

905 1575 931 1629 ei
941 1575 1019 1645 desit,
1033 1578 1069 1632 nil
1086 1577 1186 1634 videat.
1203 1579 1369 1634 Econtrario
1381 1579 1410 1635 sit
1427 1580 1570 1652 aliquando
1583 1589 1611 1637 ut
1627 1599 1697 1652 prae·

58 1674 176 1739 (Canna
197 1688 220 1735 ’·ἰ
236 1672 275 1740 2).
867 1664 889 1740 Β
905 1678 968 1720 sens
980 1665 1089 1735 quidem
1098 1667 1123 1721 ei
1134 1669 1179 1722 lux
1188 1666 1236 1738 sit,
1247 1669 1295 1721 sed
1306 1667 1376 1723 luite
1384 1670 1514 1741 sanguine
1525 1686 1572 1726 seu
1581 1671 1700 1741 quolibet

97 1762 123 1816 7·
141 1760 251 1816 Duobus
264 1765 351 1812 autem
369 1753 455 1809 modis
466 1754 568 1807 Martha
582 1751 685 1824 excipit
695 1751 849 1820 Dominum,
905 1755 1020 1809 humore
1049 1768 1177 1811 concreto
1199 1758 1332 1826 turbatus,
1348 1774 1458 1813 cernere
1474 1759 1697 1831 minimepossit.

59 1860 86 1906 et
102 1850 200 1919 duplex
221 1848 246 1902 ei
270 1845 421 1903 convitium
446 1849 530 1913 parat,
547 1841 610 1910 quia
633 1841 742 1896 duobos
764 1842 852 1896 modis
904 1842 1004 1898 lterum
1019 1843 1089 1898 solet
1103 1843 1261 1915 plerumque
1275 1848 1447 1918 contingere,
1464 1855 1493 1901 ιιι
1507 1855 1634 1903 neutrum
1648 1850 1698 1904 dp.

57 1942 206 1995 excluserat
228 1954 305 1992 eum.
342 1933 520 2004 Duoquippe
546 1940 609 2000 eunt
629 1930 657 1985 in
679 1930 850 2003 operatione,
905 1934 939 1985 sit
954 1931 989 1996 ei,
1006 1933 1126 1999 neclux,
1155 1931 1306 2004 necsulus;
1325 1935 1578 2007 sedtameualiqua
1600 1938 1698 2007 pulve-

58 2046 120 2099 quae
135 2029 213 2083 nobis
224 2027 310 2079 Deum
324 2023 459 2088 aulerunt,
475 2019 580 2091 flagitia
599 2019 701 2076 scilicet
711 2028 737 2075 et
752 2019 852 2075 facino
907 2021 944 2074 ris
959 2020 1106 2090 injectione
1116 2021 1240 2092 laedalur,
1255 2039 1308 2093 quo
1323 2022 1351 2076 lit
1366 2033 1395 2078 ut
1410 2025 1468 2093 rjus
1483 2024 1554 2080 acies
1574 2027 1702 2082 retunda-

59 2136 98 2174 ra.
115 2116 230 2189 Flagitia
242 2115 355 2169 dicimus
378 2110 484 2166 scilicet
498 2125 559 2180 qnae
573 2108 599 2162 in
615 2107 706 2178 nobis,
732 2108 852 2163 lauciora
906 2116 961 2162 tur.
982 2109 1051 2166 Sunt
1066 2125 1133 2182 ergo
1162 2110 1351 2181 triaistaquae
1372 2113 1443 2166 huuc
1476 2115 1581 2168 oculum
1610 2116 1701 2187 impe.

59 2224 120 2279 quae
134 2206 163 2258 iu
178 2197 318 2275 proximos
338 2198 475 2269 peccando
487 2195 693 2251 committimus.
711 2195 776 2250 Item
791 2204 854 2251 sunt
907 2197 1002 2267 diuut;
1033 2199 1160 2263 tenebra,
1176 2200 1272 2253 humor
1291 2208 1446 2265 concretus,
1470 2201 1557 2271 pulvis
1572 2202 1699 2272 injectus.

59 2299 189 2364 duoquae
206 2290 435 2355 Deumreddnnt,
466 2285 632 2340 continentia
647 2294 674 2339 et
687 2285 852 2341 benerolun-
909 2287 971 2340 llaec
985 2289 1043 2358 ipsa
1070 2295 1132 2341 sunt
1152 2287 1244 2357 etiam,
1260 2288 1360 2359 quibus
1383 2288 1492 2345 interior
1507 2291 1600 2346 oculus
1615 2294 1701 2364 impe-

60 2387 117 2443 tia:
147 2390 175 2439 ut
203 2381 303 2437 seilicet
327 2394 360 2433 ex
388 2374 528 2432 contrariis
554 2373 688 2429 contraria
716 2383 852 2429 curentur.
908 2375 979 2429 ditur
997 2391 1004 2429 :
1022 2375 1070 2430 sed
1093 2375 1145 2430 alia
1169 2376 1278 2431 nomina
1293 2377 1449 2435 sortiuntur.
1475 2379 1542 2433 Nam
1571 2383 1643 2453 quod
1658 2383 1702 2442 bic

60 2477 128 2530 lliuc
142 2472 213 2529 euim
228 2469 408 2539 scriptumest
424 2465 524 2522 :Sicut
537 2462 708 2520 e'eltiiuistir
729 2463 855 2519 mernere
909 2463 1038 2534 tenebrae,
1058 2462 1098 2518 ibi
1123 2472 1232 2534 peccata
1254 2464 1391 2521 dicuntur.
1416 2466 1478 2537 Ipsa
1501 2483 1565 2524 vero
1592 2478 1704 2543 peccata

59 2551 856 2624 castraseruiteimrnunditioeetiniquitutiudiniquitc·
909 2553 1047 2608 conlluunt
1072 2553 1098 2608 in
1114 2554 1283 2620 memoriam,
1308 2555 1385 2628 quasi
1400 2555 1427 2610 io
1450 2560 1591 2627 quamdam
1615 2560 1702 2615 senti-

62 2658 127 2720 tam,
150 2654 192 2707 itu
210 2654 238 2707 et
254 2664 333 2703 nuuc
358 2643 485 2700 celsitate
508 2657 541 2698 ee
554 2643 658 2697 seruire
669 2642 798 2713 justitiae
823 2642 855 2696 in
909 2657 973 2696 nam
990 2660 997 2695 ι
1018 2648 1046 2695 et
1060 2641 1102 2697 bic
1116 2652 1158 2697 est
1172 2642 1218 2698 ille
1233 2644 1331 2698 humor
1346 2655 1496 2704 concretus.
1513 2646 1592 2715 Quod
1612 2658 1702 2706 autem

59 2740 314 2810 sanctificationem
325 2735 460 2806 (liumus,
473 2730 679 2802 ratumago
689 2730 857 2799 parandista·
909 2731 953 2786 hic
968 2729 1054 2799 pulvis
1068 2730 1176 2798 dicitnr,
1203 2733 1254 2788 hoc
1269 2731 1306 2787 ibi
1325 2749 1389 2788 cura
1404 2743 1574 2791 terrenorum
1593 2747 1702 2794 acquum

59 2833 131 2887 libus
145 2829 232 2901 epulis
253 2832 400 2896 occupatur
413 2821 526 2884 Martha,
543 2820 657 2874 multum
671 2829 797 2890 satagens
808 2833 856 2888 pro
911 2827 1092 2892 nuncupatur.
1111 2820 1176 2875 llaec
1202 2821 1287 2892 igitur
1309 2822 1360 2877 tria
1374 2831 1436 2878 sunt
1450 2840 1510 2894 qnae
1535 2828 1642 2882 oculum
1658 2827 1701 2882 in·

61 2925 136 2992 parte
155 2914 291 2983 sua3snlt
305 2914 384 2968 etiam
399 2909 522 2974 Mariam,
535 2907 563 2962 id
586 2915 627 2962 est
641 2906 813 2973 intellectum,
830 2908 1064 3021 etctslligentiae
1101 2908 1281 2975 confundunt,
1319 2919 1397 2983 utque
1432 2928 1448 2967 a
1476 2916 1703 2986 contemplatione

60 3009 150 3068 omnia
175 3005 301 3062 interiora
323 3019 372 3058 sna
386 3000 485 3058 actioni
508 2998 640 3067 insistere,
653 2998 784 3070 operique
808 3011 857 3052 suo
913 2998 968 3052 veri
993 2997 1101 3052 luminis
1123 2998 1293 3056 excludunt:
1323 3003 1441 3057 tenebrae
1461 3003 1561 3059 scilicet
1580 3016 1704 3077 peccato-

62 3098 343 3172 pcrlrciendooperem
356 3094 430 3147 dare.
442 3087 752 3161 ltaqueconqueriturde
763 3101 857 3141 sorore
912 3102 982 3154 rum,
1003 3087 1157 3142 recordatio
1171 3090 1327 3144 eorumdem
1341 3098 1526 3160 peccatorum,
1542 3109 1607 3149 cura
1620 3102 1705 3152 urre-

66 3186 187 3258 quodab
215 3197 313 3238 callot]
334 3182 485 3251 adiuvatur,
504 3194 559 3232 non
578 3186 669 3233 tamen
697 3175 730 3230 ad
761 3174 857 3242 ipsam,
912 3191 1007 3231 norum
1023 3189 1143 3233 actuum.
1157 3177 1245 3232 Primo
1260 3179 1305 3234 illo
1316 3180 1412 3236 morbo
1429 3183 1562 3236 turbatum
1583 3199 1610 3237 se
1629 3185 1705 3254 plan-

64 3278 112 3330 scd
127 3275 218 3346 potius
232 3271 266 3324 ad
282 3267 427 3323 Dominum
442 3263 581 3336 querelam
596 3262 716 3333 dirigens
733 3284 739 3319 :
761 3265 857 3319 Domi·
915 3266 994 3335 gebat
1004 3267 1143 3336 Propheta,
1161 3283 1224 3320 cnm
1238 3267 1339 3322 diceret
1357 3286 1363 3324 :
1380 3271 1535 3342 Dereliquit
1555 3287 1599 3326 me
1613 3275 1704 3329 virtus

62 3382 108 3428 ne,
123 3367 234 3419 nonest
249 3359 298 3415 titt
312 3373 398 3420 curce,
421 3353 580 3425 quodsorcr
593 3367 656 3407 meu
680 3352 795 3421 reliquit
814 3365 859 3405 mc
912 3370 985 3419 meu,
997 3359 1026 3409 et
1037 3355 1134 3412 tunna
1144 3357 1292 3412 oculorum
1302 3371 1440 3426 meorum,
1452 3361 1481 3410 et
1491 3359 1586 3428 ipsum
1595 3376 1653 3417 non
1663 3365 1705 3417 est

63 3456 152 3511 solum
167 3447 415 3508 ruinistroreiln'c
430 3459 492 3514 erpo
506 3443 552 3497 itti
564 3447 597 3496 ut
605 3455 650 3495 rue
665 3440 788 3510 adjuvet.
806 3438 859 3493 Ubi
912 3457 1025 3498 mecum
1039 3445 1125 3512 (Psoi.
1142 3459 1254 3508 xxxvn,
1278 3445 1330 3512 ll).
1346 3445 1412 3498 Cum
1427 3444 1503 3498 euim
1521 3447 1579 3500 luce
1592 3447 1705 3514 justitiae

64 3561 129 3601 eane
140 3540 304 3599 advertenda
318 3547 359 3593 est
373 3535 471 3589 delatio
491 3532 626 3604 quaedam,
641 3538 668 3583 et
687 3526 799 3582 lionoris
814 3527 860 3581 ob-
913 3530 1095 3597 destituimur,
1118 3533 1153 3587 nit
1168 3535 1238 3587 aliud
1257 3548 1335 3603 quam
1361 3541 1530 3602 peccatorum
1549 3542 1705 3596 nostrorum

63 3634 189 3706 sequium
204 3628 291 3687 685
318 3642 383 3696 erga
399 3624 541 3678 [lominum
559 3636 566 3673 ι
581 3616 655 3689 quod
675 3615 774 3671 scilicet
798 3616 857 3684 ipso
913 3619 1035 3674 tenebras
1051 3620 1212 3676 invenimus.
1229 3622 1296 3676 item
1318 3621 1436 3676 serundo
1460 3637 1489 3676 se
1511 3622 1617 3693 gravari
1642 3640 1707 3679 sen·

63 3731 198 3796 praesente
209 3737 262 3778 non
278 3719 390 3774 sitense
404 3713 508 3773 ttartha
518 3724 632 3767 evocare
642 3706 762 3773 Mariam,
779 3704 859 3778 quin·
911 3707 1005 3773 tiebat,
1017 3725 1078 3764 cum
1087 3710 1206 3767 dicebare
1221 3710 1373 3768 Conuersus
1383 3712 1482 3766 sumite
1493 3726 1705 3776 aerumuumeu,

64 3813 118 3869 irno
135 3822 162 3869 et
178 3812 248 3882 apud
274 3811 363 3880 ipsum
376 3804 512 3878 querelam
526 3797 693 3870 deposuerit,
715 3797 857 3866 ipsumque
911 3794 980 3853 dum
994 3800 1145 3871 confipitur
1158 3801 1241 3872 spina
1255 3798 1342 3871 (Pset.
1358 3814 1438 3868 xxxr,
1459 3800 1486 3870 l)
1502 3816 1508 3852 ε
1531 3809 1705 3868 peccaturum

65 3904 210 3959 Dominum
225 3899 370 3967 vocaverit,
396 3895 424 3950 in
438 3895 516 3962 cujus
532 3899 660 3958 potestate
675 3885 708 3941 eit
724 3885 858 3956 imperare
911 3886 1014 3942 scilicet
1028 3890 1189 3945 recordatio.
1214 3890 1306 3944 Tertio
1321 3888 1447 3958 occupari
1471 3903 1502 3943 se
1516 3891 1704 3961 conqueritur,

64 3992 155 4047 sorori
168 3989 300 4061 quidquid
324 4000 434 4039 necasse
449 3983 538 4038 luerit.
555 3981 613 4034 Non
635 3991 701 4047 ergo
715 3974 856 4042 miremur,
912 3991 974 4030 cnm
985 3975 1066 4032 dicit:
1080 3979 1151 4046 Quin
1161 3980 1284 4036 cinerem
1293 3982 1431 4049 tunquam
1439 3994 1543 4050 punem
1553 3978 1706 4037 munduca·

66 4084 88 4137 si
108 4079 264 4151 quempiam
279 4074 445 4129 laborantem
459 4078 486 4125 et
499 4071 568 4125 bene
590 4073 745 4140 operantem
761 4065 857 4119 adver·
911 4065 974 4121 bum
989 4066 1074 4136 (Psoi.
1090 4083 1126 4134 or,
1153 4068 1197 4139 tu)
1219 4085 1225 4124 :
1250 4067 1367 4123 cinerem
1388 4066 1492 4123 scilicet
1519 4066 1633 4124 actionis
1655 4084 1704 4140 pro

66 4185 128 4225 sum
153 4168 265 4222 fratrem
280 4169 417 4217 vacantem
431 4172 600 4214 murmurare
615 4155 772 4224 uideamus3
792 4151 855 4223 quia
914 4170 980 4225 pane
997 4157 1250 4229 comtemplationis.
1267 4155 1426 4226 Quicunque
1448 4157 1626 4230 argumentis
1640 4173 1705 4214 ocu-

67 4262 118 4314 boe
142 4257 168 4310 iu
186 4251 329 4325 Evangelio
360 4247 474 4320 legimus
496 4247 624 4302 lliartbam
648 4243 743 4299 iecisse
757 4242 854 4298 adrer-
872 4221 895 4299 ὓ
912 4244 967 4299 lom
980 4246 1078 4302 divinae
1091 4245 1310 4313 contemplationi
1327 4246 1382 4302 ιιιΙι
1402 4244 1556 4314 intendere,
1583 4246 1705 4314 proiecto

65 4365 112 4405 sos
137 4345 258 4401 illariam.
283 4340 360 4411 Quod
382 4345 475 4394 antem
489 4334 572 4390 diaria
599 4331 762 4406 quaudoque
777 4346 854 4384 mur-

67 4434 214 4493 muraverit
226 4433 358 4487 adversus
372 4427 515 4490 llartbam,
530 4439 563 4477 eo
578 4420 650 4490 qnod
666 4420 726 4487 ejus
740 4417 856 4473 actioni-

66 4528 118 4581 bus
141 4522 272 4595 implicari
296 4518 388 4588 vellet,
416 4529 552 4585 nusquam
581 4509 691 4568 omnine
716 4507 855 4576 reperitur.

64 4618 159 4688 Neque
187 4612 259 4670 euim
288 4620 431 4680 utromque
461 4604 649 4687 simulagere
675 4603 857 4666 competenter

65 4706 211 4769 eutliceret,
227 4713 254 4756 ιι
268 4699 339 4755 euris
353 4697 455 4753 scilicet
474 4690 655 4749 exterioribus
665 4684 814 4749 deservire,
831 4688 858 4739 et

63 4793 177 4851 internis
193 4789 331 4862 sapientiae
345 4784 487 4844 desideriis
506 4795 614 4838 vacare.
631 4779 671 4832 De
687 4777 745 4847 ipsa
758 4773 858 4846 quippe

65 4884 196 4956 sapientia
208 4879 390 4951 scriptumest
403 4894 410 4931 :
427 4876 463 4930 at
474 4875 521 4946 qui
534 4872 696 4926 minoretur
706 4868 783 4930 ectu,
797 4878 859 4936 per·

66 4977 153 5048 cipiet
167 4974 249 5030 illum
264 4967 351 5041 (decii
364 4979 482 5029 xxxvrn,
499 4961 701 5031 25).Propterea
715 4954 798 5011 biario
814 4970 858 5009 se-

65 5070 122 5131 des,
149 5064 313 5131 immotaque
341 5064 440 5120 manet,
457 5067 509 5108 nec
525 5049 582 5107 vult
608 5049 805 5117 interrumpere
817 5042 857 5099 si·

65 5153 139 5210 lentii
156 5152 286 5224 quietem,
306 5145 492 5215 naiocundam
507 5140 610 5196 amittat
627 5133 859 5205 contemplationis

66 5243 236 5300 dulcedinem
252 5257 258 5296 :
275 5234 425 5309 praesertim
440 5249 500 5288 cum
520 5229 591 5284 intus
601 5226 691 5298 ipsum
699 5225 790 5280 audiat
800 5223 858 5279 Do·

69 5335 173 5391 minum
183 5331 325 5391 dicentem,
341 5326 448 5390 lucete,
460 5316 728 5390 etuidethuunium
738 5329 785 5388 epo
795 5331 858 5373 sum

67 5428 141 5482 neus
157 5419 243 5490 (Psoi.
262 5432 324 5483 xcv,
341 5414 396 5486 ll).
808 5493 813 5504 Ι

104 5520 130 5569 8.
148 5512 197 5568 llic
212 5524 278 5564 seue
293 5502 521 5563 considerandum
539 5509 580 5557 est
595 5498 645 5556 tria
657 5511 718 5555 ease
731 5510 793 5569 quta
805 5511 860 5551 rm·

912 4349 1022 4389 necesse
1044 4347 1085 4389 est
1101 4343 1130 4389 ιιι
1154 4350 1219 4390 eum
1241 4333 1316 4404 prius
1330 4335 1363 4388 ab
1390 4333 1441 4388 boc
1464 4332 1561 4404 triplici
1587 4334 1703 4404 impedi·

910 4430 1001 4477 mento
1022 4423 1126 4478 studeat
1149 4438 1276 4495 purgare.
1293 4422 1371 4490 Quod
1400 4420 1501 4490 siquis
1528 4419 1615 4478 lacere
1638 4437 1703 4477 con-

912 4510 1011 4576 tendat,
1040 4512 1145 4566 noverit
1167 4518 1261 4565 contra
1289 4509 1422 4581 triplicem
1450 4510 1575 4565 morbum
1602 4512 1699 4584 triplex

910 4615 1016 4671 quoque
1034 4599 1092 4654 lore
1119 4597 1281 4654 remedium.
1306 4599 1373 4652 Nam
1401 4597 1506 4667 primus
1529 4598 1637 4671 quidem
1654 4617 1703 4673 per

911 4687 1120 4756 confessionem,
1145 4688 1280 4745 secundus
1295 4687 1517 4758 perorationem,
1541 4689 1636 4745 tertius
1650 4707 1701 4746 cu·
1787 4702 1790 4706 ’

911 4787 985 4833 rator
1000 4793 1047 4848 per
1067 4777 1196 4850 quietem.
1220 4779 1277 4834 lloc
1301 4775 1387 4845 tertio,
1404 4776 1429 4831 id
1450 4788 1491 4833 est
1510 4792 1576 4834 cure
1588 4779 1704 4838 actionis

911 4872 1016 4939 poterat
1032 4867 1068 4922 ab
1089 4866 1236 4922 intentione
1260 4881 1309 4922 sua
1329 4864 1473 4938 praepediri
1497 4865 1588 4922 ilaris.
1619 4867 1701 4923 Ideo·

912 4973 975 5029 que,
1012 4956 1179 5013 ministrante
1209 4957 1312 5013 llertba
1345 4957 1422 5012 sedet
1468 4954 1528 5026 ipsa
1557 4965 1703 5027 manetque

911 5047 1014 5118 quieta.

948 5139 974 5191 9.
990 5135 1038 5190 Illa
1051 5135 1131 5211 igitur
1144 5142 1338 5206 conquerente,
1362 5143 1389 5190 et
1402 5135 1453 5191 ista
1468 5141 1586 5201 tecente,
1607 5133 1701 5189 audia-

916 5213 976 5281 mus
989 5226 1052 5296 quid
1071 5224 1204 5281 Dominus
1218 5239 1266 5296 pro
1288 5224 1369 5279 diaria
1381 5223 1564 5296 responderit.
1581 5221 1701 5292 dlurtlte,

917 5315 1039 5386 Martie,
1051 5313 1275 5386 inquit,solticitu
1296 5330 1335 5384 es,
1346 5317 1374 5370 et
1391 5311 1514 5369 turturis
1526 5330 1592 5386 erqo
1609 5313 1705 5389 pluri-

913 5422 971 5462 mo.
987 5405 1061 5477 Erga
1075 5401 1439 5476 plurimaquidemturbaris,
1456 5404 1565 5459 dumet
1580 5401 1628 5458 tibi
1640 5417 1707 5461 con·

918 5495 1067 5562 licentiam,
1083 5501 1111 5548 et
1127 5492 1257 5565 proximis
1271 5492 1524 5567 paraenecessitatis
1542 5492 1704 5567 impensam.
