3706 5962
65 225 117 287 sta
288 282 292 289 .
642 224 873 290 conternante
892 225 938 285 ux
956 202 1144 294 banntnuo.
1611 311 1612 314 Ν
1667 240 1719 301 ιιι

64 361 107 408 est
129 351 245 410 oseulari
264 367 314 409 ore
337 368 388 407 suo
411 354 494 419 Deus,
517 353 565 411 sed
580 352 868 412 oseuloorissui.Non
884 364 907 443 Ι
923 362 1097 412 terrenorum
1127 359 1237 429 notitia;
1267 360 1293 415 in
1322 359 1488 428 fortitudine,
1517 364 1662 434 patientia:
1691 364 1719 421 iu

63 439 138 496 euim
151 454 185 495 os
199 438 348 514 tangimus,
363 440 412 496 sed
430 441 523 499 osculo
537 442 680 515 tangimur.
696 441 795 499 Oscula
810 446 868 495 tan-
922 443 1044 514 consilio,
1069 446 1183 520 utilitas3
1215 449 1243 504 in
1263 448 1415 520 intellectu,
1438 449 1584 507 diuinitatis
1600 455 1718 525 conjun-

64 527 239 601 gimur,eum
258 535 390 584 amoreet
403 530 522 605 cognitio
542 530 619 587 nobis
632 530 792 588 infunditur.
807 531 868 586 Non
921 532 988 603 ctio,
1012 533 1041 590 in
1065 537 1208 610 sapientia,
1229 538 1369 610 potestatis
1386 537 1547 596 moderatio.
1569 542 1621 597 Per
1640 543 1719 615 quin-

64 633 96 675 os
108 618 259 691 tangimus,
274 616 303 673 id
322 625 364 674 est
383 626 504 675 mutuum
520 619 592 676 illum
612 620 796 677 intellectum:
813 634 869 675 uon
922 637 975 691 que
998 624 1139 695 superiora
1158 627 1293 698 coaptavit
1316 643 1346 684 sc
1366 626 1466 682 homiui
1490 627 1611 683 Christus
1629 628 1657 684 in
1676 647 1718 685 as-

63 722 95 763 os
115 707 267 779 ungimus,
293 707 366 780 quia,
383 717 412 762 ut
435 707 601 776 dictumest,
628 711 711 767 Nemo
730 714 808 765 noeti
824 710 869 765 Fi·
921 717 1028 783 sumpta
1052 713 1168 770 hominis
1192 716 1357 771 substantia:
1379 733 1426 787 per
1454 717 1507 772 duo
1530 715 1623 772 ultima
1644 718 1720 773 unita

64 795 138 853 lium
154 797 214 854 nisi
230 799 325 862 Pater,
340 800 550 854 etnemeuoeit
565 801 678 854 Putrem
693 799 751 853 nisi
764 798 868 865 Filius,·
921 815 1031 871 semper
1053 801 1102 858 fuit
1127 803 1258 859 divinitati
1279 804 1377 863 Christi
1406 819 1533 876 persona.
1557 804 1625 860 Nam
1647 805 1716 862 sieut

62 883 111 941 scd
134 885 232 942 osculo
249 885 394 957 tangimur,
415 886 463 941 cui
479 887 599 944 volumi
622 887 710 944 Filius
731 887 866 944 recalere.
922 887 1044 944 medicus
1065 890 1151 946 bouus
1173 893 1206 946 ud
1230 909 1333 967 aegrum
1357 909 1388 949 se
1409 893 1546 949 humiliter
1566 892 1717 960 inclinarit,

63 974 121 1029 Nou
142 991 179 1030 os
199 975 346 1046 tangimus,
363 975 425 1047 quia
448 990 501 1031 nec
519 977 612 1032 oculus
630 976 703 1043 vidit,
722 992 773 1033 nee
796 975 869 1029 auris
921 976 1133 1035 misericorditer
1154 980 1266 1036 vulnera
1287 981 1418 1048 tractauit,
1438 990 1503 1038 uoto
1517 981 1568 1038 sibi
1588 982 1718 1057 figmento

62 1060 180 1119 audivit.
209 1062 310 1120 Oseulu
324 1062 460 1136 tangimur
475 1065 537 1136 quia
552 1065 629 1121 nobis
653 1064 781 1121 revelavit
795 1065 869 1120 Deus
920 1067 1067 1137 prospexit,
1094 1070 1230 1139 patienter
1253 1070 1376 1126 insanum
1400 1070 1536 1140 sustinuit,
1560 1071 1633 1126 utilia
1655 1070 1717 1128 cui-

59 1165 112 1225 per
137 1149 271 1223 Spiritum
295 1158 438 1206 sanctum:
461 1151 505 1207 cui
526 1154 598 1208 euim
622 1153 735 1222 revelat,
759 1151 867 1207 nonnisi
920 1170 974 1225 que
996 1156 1091 1211 morbo
1115 1158 1250 1228 apposuit,
1269 1175 1352 1214 uuum
1378 1175 1440 1216 cum
1464 1161 1543 1215 Patre
1561 1159 1717 1216 indivisibi-

61 1254 113 1310 per
136 1239 272 1312 Spiritum
299 1248 433 1296 sanctum.
456 1241 518 1311 lpse
542 1250 583 1298 est
610 1243 700 1314 itaque
725 1241 864 1298 osculum:
919 1242 981 1298 liter
1002 1259 1126 1313 maneus,
1150 1244 1323 1319 singulariter
1341 1246 1369 1302 in
1388 1247 1446 1317 ipsa
1465 1246 1716 1305 hominis.vsritate

62 1324 153 1396 ipsum
175 1324 261 1397 tangh
277 1341 338 1395 uos,
359 1340 421 1383 cum
440 1342 469 1382 se
491 1328 600 1401 gemina
618 1329 697 1385 nohis
720 1329 805 1404 gratia
819 1328 865 1382 in·
918 1330 1005 1387 Deum
1020 1331 1162 1405 intellexit,
1173 1334 1409 1405 quianemerroeit
1420 1338 1534 1394 Putrem
1544 1335 1714 1404 airiFilies,·

63 1413 162 1485 unda,
179 1414 206 1470 id
225 1422 268 1471 est
281 1415 438 1490 cognitione
457 1423 485 1473 ct
500 1432 594 1472 amore
608 1418 739 1475 veritatis.
759 1419 792 1473 Et
807 1419 865 1475 haec
917 1418 1059 1491 perillam
1079 1437 1139 1492 quae
1160 1421 1219 1493 ipse
1243 1429 1297 1487 est,
1321 1422 1480 1494 sapientiam
1502 1420 1600 1489 Patria,
1622 1439 1638 1478 a
1661 1422 1715 1479 line

61 1510 125 1558 sunt
150 1518 206 1558 nou
229 1503 288 1575 ipsa
309 1502 380 1558 labia
403 1502 463 1569 Dei,
483 1505 532 1561 sed
551 1506 694 1578 vestigium
715 1507 861 1575 labiorum;
917 1522 1004 1579 usque
1018 1507 1051 1561 ad
1069 1506 1150 1564 linem
1166 1509 1272 1567 lortitcr
1282 1510 1431 1583 attingens,
1446 1512 1586 1568 moderate
1606 1526 1638 1567 ac
1651 1526 1714 1567 sua-

61 1592 125 1664 imo,
147 1591 173 1646 si
187 1590 240 1647 dici
259 1591 299 1647 las
319 1599 370 1661 est,
385 1590 467 1648 labii:
489 1593 562 1665 quod
577 1594 649 1649 enim
668 1594 695 1649 in
714 1596 794 1651 uobis
811 1597 861 1651 du·
915 1595 984 1652 riter
998 1596 1088 1653 omnia
1102 1597 1245 1669 disposuit.
1265 1600 1329 1656 llaec
1342 1599 1425 1673 igitur
1442 1600 1598 1671 conjunctio
1615 1598 1714 1655 divine

62 1678 134 1749 plum
152 1685 206 1748 est,
228 1679 255 1734 in
274 1681 333 1735 Deo
354 1687 397 1735 est
411 1679 548 1752 simplum,
568 1680 612 1736 cui
630 1681 703 1738 idem
721 1690 763 1738 est
780 1699 861 1741 nome
877 1665 899 1743 Β
915 1691 943 1739 et
957 1685 1082 1740 humanae
1100 1694 1205 1743 natura
1218 1687 1354 1758 quoddam
1370 1700 1412 1744 est
1432 1687 1564 1756 osculum,
1580 1687 1672 1759 sponsi
1687 1693 1714 1743 et

61 1767 133 1841 quod
160 1781 262 1824 amare.
286 1768 345 1825 lloc
371 1776 461 1825 auteur
483 1769 625 1841 vestigium
649 1769 809 1842 imprimitur
833 1773 861 1828 in
915 1787 1040 1843 sponsae:
1062 1775 1134 1844 quod
1153 1774 1313 1833 desiderans
1336 1777 1468 1842 Ecclesia,
1491 1777 1637 1834 osculetur
1656 1792 1713 1843 me,

60 1854 154 1913 meula
176 1864 274 1913 sancto
294 1855 399 1912 duobus
412 1856 491 1912 labiis
512 1872 630 1929 sponsae,
653 1858 784 1915 voluntati
806 1859 860 1915 sci·
914 1859 1013 1933 inquit,
1037 1865 1130 1919 osculo
1154 1863 1211 1920 oris
1239 1865 1296 1921 sui.
1318 1863 1386 1921 Sunt
1410 1872 1438 1920 et
1460 1863 1512 1919 alia
1536 1864 1586 1919 tria
1609 1862 1713 1928 oscula,

60 1934 121 2002 licet
136 1953 168 2002 et
181 1945 291 2017 rationi;
313 1961 388 2001 amor
408 1945 549 2012 voluntati,
566 1947 660 2002 notitia
673 1947 780 2003 rationi.
796 1947 862 2018 Quas
914 1949 1012 2020 quibus
1036 1964 1136 2021 sponsa
1151 1965 1252 2020 sponso
1265 1951 1457 2026 conjungitur3
1474 1952 1577 2007 scilicet
1591 1952 1712 2008 osculum

61 2045 152 2091 umen
172 2033 237 2099 duo,
253 2033 347 2089 notitia
370 2033 475 2091 scilieet
488 2043 516 2090 et
539 2050 626 2102 amor,
647 2035 720 2108 quia,
741 2044 770 2092 ut
792 2036 861 2092 dixi·
915 2042 1026 2108 naturae,
1042 2038 1164 2094 osculum
1178 2039 1319 2109 doctrinae,
1338 2041 1460 2096 osculum
1474 2040 1588 2113 gratiae:
1604 2039 1640 2097 de
1655 2039 1715 2111 qui·

60 2139 129 2193 urus,
145 2121 175 2178 iu
200 2122 259 2179 Dee
282 2138 367 2178 uuum
389 2132 463 2191 suut,
477 2122 590 2195 pulchra
604 2124 658 2179 oris
675 2123 861 2199 singularitate
914 2125 965 2180 bus
974 2126 1040 2196 jam,
1052 2125 1114 2196 quia
1129 2125 1164 2181 de
1174 2125 1273 2184 osculis
1293 2128 1375 2183 multa
1390 2128 1548 2197 dictasunt,
1563 2127 1712 2200 legentium

62 2211 264 2285 exprimuntur,
287 2211 334 2267 ubi
356 2210 468 2268 dicitur:
487 2212 789 2270 Oseuleturmeorcule
803 2214 860 2270 oris
913 2213 1081 2270 meditationi
1095 2212 1267 2286 relinquitur.

60 2302 111 2357 sai.
128 2300 183 2357 Vel
201 2299 339 2357 osculetur
353 2317 396 2358 me
412 2299 495 2356 Filius
509 2317 542 2357 eo
567 2301 729 2374 osculoque
751 2301 860 2358 oscula·
949 2306 975 2358 8.
990 2301 1361 2370 Quiometiorosuetudero
1372 2303 1631 2375 cornioquense.
1644 2318 1662 2368 r,
1673 2301 1711 2374 ι).

59 2378 100 2443 tur
115 2402 150 2445 os
164 2404 253 2460 suum,
269 2387 349 2444 idest
364 2390 480 2455 Patrem,
497 2389 544 2460 qui
556 2387 618 2446 ideo
633 2389 730 2446 dieitur
743 2404 774 2445 os
788 2391 858 2460 ejus,
912 2388 1046 2460 Scriptum
1061 2397 1118 2446 est:
1133 2391 1309 2448 Desiderium
1320 2406 1483 2464 pauperum
1497 2390 1648 2449 excudivit
1661 2393 1712 2447 Dc

59 2481 122 2553 quia
151 2478 271 2536 Verbum
293 2478 379 2535 Patris
402 2487 445 2536 est
467 2478 560 2536 Filius.
585 2481 669 2537 Elin
699 2481 857 2553 Sapientia:
912 2479 1274 2552 minus;prrrprrrctienem
1288 2478 1493 2536 cardiacorum
1507 2477 1616 2537 audiuit
1631 2480 1710 2535 curm

59 2571 123 2643 Sco,
137 2566 286 2642 inquitas
299 2569 496 2627 eruditissimi
507 2570 710 2642 prodii(Eecli.
726 2570 858 2643 xnrv‚5).
914 2572 965 2624 tue
987 2566 1074 2638 (Prot.
1099 2582 1129 2636 x,
1150 2570 1206 2637 tt).
1230 2567 1300 2636 Quia
1321 2583 1431 2640 semper
1454 2583 1521 2640 ergo
1545 2567 1711 2624 desiderium

59 2653 110 2709 Vel
125 2654 275 2711 osculetur
287 2655 416 2711 meDeus
428 2654 680 2712 Pateroaculooris
693 2657 749 2722 sui,
765 2654 792 2710 id
808 2661 859 2722 est,
913 2655 984 2711 solet
1011 2656 1169 2727 precedere
1192 2655 1330 2721 fiduciam,
1355 2656 1504 2728 respondet
1527 2671 1655 2728 sponsus,
1684 2662 1711 2711 et

59 2742 120 2798 Filii
135 2742 181 2799 vel
196 2741 281 2799 Verbi
295 2743 337 2797 sui
351 2741 483 2815 (Verbum
498 2742 600 2815 quippe
615 2759 648 2799 cx
663 2758 711 2800 ore
726 2743 859 2816 procedit,
913 2744 1038 2800 fiduciam
1066 2744 1113 2800 dat
1144 2760 1251 2817 sponsae
1281 2745 1461 2815 desideranti,
1490 2761 1600 2801 eausam
1627 2743 1709 2799 etiam
1774 2774 1777 2778 -

58 2839 85 2888 et
98 2835 144 2888 ast
159 2831 275 2904 figurata
290 2831 400 2902 locutio)
412 2853 419 2887 :
430 2831 457 2886 id
473 2839 526 2899 est,
541 2831 664 2888 infundat
678 2830 743 2888 mihi
754 2849 812 2889 eum
824 2832 861 2888 lo·
913 2832 1019 2890 iidueiae
1029 2832 1187 2905 subjiciens,
1201 2834 1285 2904 Quia,
1301 2833 1398 2907 iuquit,
1410 2834 1530 2890 meliore
1545 2836 1614 2890 sunt
1624 2832 1711 2889 ebera

57 2920 210 2989 cutlouem,
224 2936 279 2992 qua
293 2920 367 2975 novit
385 2922 464 2976 Pater
478 2920 584 2986 Filium,
600 2926 627 2976 et
642 2919 723 2976 Filius
740 2921 857 2977 Patrem.
913 2927 964 2979 tuo
977 2922 1053 2980 vieo.
1078 2921 1179 2978 Videor
1192 2921 1257 2977 mihi
1281 2921 1463 2995 trepidantem
1484 2921 1587 2976 Esther
1609 2920 1654 2976 hic
1667 2919 1710 2976 ui-

58 3009 107 3066 Vel
122 3008 184 3080 ipse
206 3009 286 3064 Pater
300 3011 444 3065 osculetur
455 3025 498 3065 me
513 3009 607 3066 osculo
622 3010 679 3067 oris
694 3011 753 3080 sui3
771 3009 799 3064 id
818 3018 860 3066 est
876 2971 899 3051 Β
913 3011 990 3073 dere.
1011 3008 1088 3082 quasi
1106 3008 1231 3082 paridam
1251 3010 1427 3066 accedentem
1450 3010 1484 3065 ad
1504 3008 1600 3067 solium
1615 3006 1707 3081 Regis,

56 3098 149 3155 mittat
160 3097 189 3152 in
204 3112 254 3153 cor
269 3114 358 3153 meum
376 3097 506 3169 Spiritum
521 3096 581 3152 Filii
600 3095 652 3169 sui,
667 3105 697 3153 ut
716 3097 861 3170 diligamus
914 3102 942 3155 et
954 3101 998 3154 vix
1012 3098 1158 3157 audentem
1186 3098 1311 3154 attollere
1324 3098 1419 3156 oculos
1432 3098 1466 3153 ad
1491 3097 1642 3155 claritatem
1656 3095 1712 3153 eul-

57 3175 166 3249 ribam,
182 3185 252 3241 sicud
270 3186 329 3258 ipse
347 3186 444 3259 diligit.
464 3186 520 3241 Sed
537 3202 634 3258 quare,
652 3188 817 3256 osculatum
833 3195 861 3244 et
913 3195 957 3243 tus
981 3188 1054 3258 ejus;
1081 3189 1183 3260 Regem
1207 3202 1272 3243 reru
1295 3185 1398 3259 virgam
1419 3186 1571 3244 elementiae
1594 3193 1709 3256 proteu-

56 3291 121 3341 ueu,
152 3273 309 3331 Oscularei
332 3275 437 3346 Sponsa
460 3274 532 3331 euim
558 3283 585 3330 et
605 3290 722 3347 sponsus
745 3276 861 3334 carnalis
913 3275 1024 3331 dentem
1048 3274 1082 3330 ad
1106 3290 1165 3330 earu
1189 3290 1221 3331 ac
1242 3274 1397 3331 dicentem:
1419 3274 1491 3344 Quid
1514 3273 1565 3339 vis,
1589 3272 1711 3330 Esther?

56 3376 152 3420 mutua
183 3364 301 3437 quadam
334 3380 364 3420 se
393 3365 482 3420 solent
514 3363 666 3435 praeveuirc
698 3366 859 3433 reuerentia⁴
914 3367 963 3421 eet
985 3379 1049 3436 quer
1069 3366 1110 3418 est
1137 3364 1239 3435 petitio
1255 3367 1305 3419 tuo
1328 3360 1450 3433 (Esther,
1471 3377 1499 3428 v,
1519 3361 1587 3432 bt).
1614 3358 1660 3416 Sic
1682 3366 1711 3415 et

56 3453 135 3510 Unde
169 3460 198 3510 et
230 3451 282 3507 ista
314 3452 392 3525 quasi
422 3453 546 3510 Rebecca
569 3451 604 3508 ad
630 3467 774 3510 occursum
799 3450 862 3511 nom
914 3467 1031 3525 sponsus
1053 3452 1089 3507 ad
1112 3466 1258 3522 mansam:
1282 3449 1365 3519 Quid,
1395 3448 1492 3521 inquit,
1517 3446 1638 3517 trepidas
1661 3455 1709 3502 rd-

56 3540 152 3614 spcusi
188 3541 266 3614 quasi
298 3542 416 3614 quodam
448 3541 621 3598 verecundiae
653 3540 736 3615 pallio
764 3540 861 3598 faciem
915 3554 981 3614 gare
1005 3536 1079 3609 quod
1102 3536 1263 3593 desideras?
1283 3535 1365 3590 llulta
1387 3536 1443 3605 jam
1465 3549 1481 3589 a
1504 3548 1549 3589 me
1569 3530 1707 3604 accepisti,

55 3638 156 3704 operta
185 3630 265 3699 (Gerr.
293 3645 377 3699 xxiv,
407 3632 464 3701 65),
495 3614 549 3686 nou
579 3629 740 3703 imperativo
768 3630 860 3691 modo.
914 3644 975 3700 quae
994 3625 1118 3683 fiduciam
1133 3624 1181 3682 tibi
1203 3623 1293 3682 lacere
1314 3623 1433 3680 debeant
1457 3623 1560 3694 majora
1579 3618 1708 3677 audendi.

55 3719 104 3775 sed
136 3705 329 3774 'desiderativo
364 3718 408 3775 rel
443 3718 564 3790 optativo
599 3720 702 3775 modo:
737 3717 860 3791 Utinam,
914 3718 953 3772 lin
973 3716 1151 3789 perceptione
1170 3714 1369 3788 praeteritomm
1386 3726 1541 3782 muuemm‚
1560 3708 1639 3766 firma
1656 3723 1709 3782 po-

55 3805 156 3881 inquit,
174 3806 285 3863 undem
302 3806 449 3879 aliquando
469 3807 615 3866 osculetur
633 3824 678 3864 me
696 3810 790 3866 esculo
804 3811 861 3866 oris
916 3814 969 3862 test
991 3819 1052 3860 asse
1076 3804 1243 3877 exspectatio
1267 3802 1430 3860 futurorum.
1456 3799 1522 3871 Quae
1543 3798 1616 3856 cuim
1635 3796 1709 3853 desi-

54 3899 113 3953 rui.
913 3895 994 3949 deras
1022 3891 1292 3965 contemplationem,
1311 3891 1367 3963 jam
1382 3890 1410 3945 in
1432 3888 1520 3945 activa
1535 3886 1590 3944 vita
1603 3901 1637 3943 ex
1652 3901 1710 3941 mu·

88 3987 117 4061 t.
133 3983 183 4040 list
197 3989 226 4038 et
240 3981 312 4039 eliud
328 3983 462 4050 asomum,
478 3983 552 4056 quod
568 3985 771 4057 multifarium,
788 3986 861 4044 mul·
913 3999 980 4039 nere
990 3998 1053 4038 rneo
1064 3979 1192 4052 accepisti
1201 3980 1408 4053 perlectionem.
1431 3976 1632 4050 Quismeliorc
1642 3978 1710 4032 ruet

54 4075 146 4147 lisque
159 4073 251 4128 erodis
270 4072 341 4128 clim
364 4073 478 4147 loqueris
497 4073 628 4131 Patribus
650 4074 681 4128 in
700 4073 858 4147 Prophetis,
912 4070 999 4129 ubere
1019 4075 1069 4127 tuu
1088 4072 1162 4129 nino.
1184 4070 1241 4126 Ura
1261 4068 1348 4126 semel
1362 4083 1506 4141 expressa,
1527 4074 1609 4124 totam
1624 4062 1710 4121 semol

54 4159 189 4217 Ecclesiae
199 4158 284 4219 Μ
301 4177 357 4218 suae
371 4160 543 4234 promiserat,
559 4168 585 4216 et
596 4161 858 4221 uerissimediebur
913 4159 1042 4226 edundit3
1066 4158 1105 4215 sic
1120 4165 1148 4215 et
1162 4157 1298 4216 saecularis
1311 4157 1454 4230 sapientia,
1473 4154 1516 4213 rel
1530 4153 1710 4228 legissemus

53 4250 120 4306 istis
136 4251 248 4306 locatus
262 4254 305 4308 ert
318 4250 397 4306 mdis
410 4252 441 4306 ie
456 4246 528 4308 lilio
544 4249 637 4323 (liebr.
653 4267 673 4317 r,
690 4255 761 4323 bi).
780 4249 857 4321 Quod
912 4248 1042 4306 carnalis:
1065 4249 1152 4304 ubera
1173 4262 1239 4304 uero
1264 4262 1372 4319 spousae
1386 4251 1487 4318 quanto
1503 4242 1565 4315 plus
1576 4257 1708 4314 premun-

53 4336 129 4393 euim
148 4335 257 4407 dieitur,
275 4337 386 4395 locuttu
410 4336 593 4396 cataclista
611 4337 797 4410 t'ttto,ipsum
817 4348 859 4395 est
915 4346 966 4404 tur,
983 4343 1060 4393 mute
1074 4336 1135 4409 plus
1151 4335 1312 4391 exuberant.
1330 4334 1420 4390 Ubera
1441 4339 1487 4388 tua
1501 4345 1535 4386 ex
1548 4328 1636 4405 gratia
1649 4343 1711 4383 mea

52 4424 191 4482 osculum.
213 4425 375 4497 conjunctio
397 4425 470 4483 enim
490 4426 572 4484 Verbi
595 4433 622 4482 et
646 4425 791 4496 audientis,
815 4426 858 4482 di·
913 4425 1026 4481 meliora
1040 4430 1103 4480 suut
1117 4422 1190 4494 rino,
1215 4422 1310 4491 idest,
1327 4419 1480 4477 ellicaciora
1503 4431 1596 4472 amore
1611 4422 1639 4472 et
1662 4429 1709 4470 sa-

52 4513 177 4572 riuitatis
206 4521 234 4571 et
255 4513 440 4584 humanitatis,
468 4515 546 4589 quasi
572 4514 710 4588 quoddam
738 4516 859 4572 osculum
913 4513 1015 4586 pientia
1038 4510 1142 4569 seculi.
1168 4509 1307 4567 inebriant
1328 4509 1390 4575 ista,
1415 4504 1552 4564 inebriant
1571 4504 1634 4561 illa:
1659 4501 1707 4558 sed

52 4610 97 4660 est
122 4602 273 4660 charitatis.
302 4602 380 4674 Quod
406 4604 561 4677 praerideus
591 4603 675 4659 isaias
700 4602 728 4659 in
751 4602 858 4677 spiritu,
915 4603 998 4658 ubera
1020 4609 1066 4658 tua
1087 4599 1170 4657 multo
1193 4597 1304 4655 uberius
1318 4597 1347 4654 in
1370 4596 1481 4666 bouum,
1511 4607 1592 4667 quarn
1613 4590 1658 4646 illa
1681 4589 1709 4645 in

52 4692 237 4767 egrederer,
260 4692 450 4768 iuquit‚virgc
477 4692 625 4753 deradice
647 4694 730 4761 terre,
755 4696 784 4750 et
808 4694 860 4762 [lor
914 4690 1024 4746 malum.
1046 4687 1165 4761 Simplex
1186 4687 1259 4744 enim
1278 4693 1306 4742 ct
1328 4685 1414 4742 lactea
1437 4681 1585 4740 christiana
1599 4688 1627 4737 et
1641 4693 1707 4752 apo·

54 4779 197 4839 serrem
205 4781 419 4856 ejuscrcendet;
432 4789 460 4840 et
472 4783 627 4855 requiescet
637 4797 722 4854 super
732 4797 797 4839 eum
807 4785 861 4856 spi
914 4777 1008 4835 stolica
1031 4776 1165 4848 doctriua,
1189 4775 1280 4832 omnia
1302 4773 1504 4832 dialecticorum
1526 4771 1605 4828 solvit
1624 4782 1709 4868 argu-¹

53 4873 137 4928 ritus
150 4872 406 4945 Dmniei,splritus
421 4871 860 4946 rupientioeetintelteetur,rpi·
914 4875 1017 4924 menta.
1046 4864 1101 4922 Sed
1126 4873 1154 4922 et
1177 4871 1266 4921 musto
1288 4862 1407 4937 Spiritus
1424 4860 1511 4919 sancti
1530 4875 1584 4934 quo
1606 4857 1710 4955 impleta

53 4964 131 5017 rrtut
153 4958 271 5017 consilii
285 4965 313 5017 et
328 4962 522 5032 fortitudinia,
548 4961 669 5033 spiritus
683 4959 813 5019 scientior
832 4965 861 5017 et
915 4965 978 5012 sunt
1004 4953 1127 5028 Apostoli
1150 4962 1178 5010 et
1201 4952 1337 5025 inebriati,
1359 4950 1399 5009 sie
1425 4949 1529 5024 impleti
1548 4953 1611 5004 sunt
1635 4945 1708 5043 bcstt

52 5050 183 5122 itemst,
203 5053 232 5107 tl
246 5048 368 5122 replebit
386 5067 451 5107 tum
473 5051 595 5124 spiritur
616 5049 730 5110 titteris
748 5049 860 5106 Domini
914 5059 1051 5118 pauperes
1073 5043 1180 5115 spiritu,
1206 5042 1252 5099 lilii
1272 5043 1376 5117 grstia.
1393 5040 1439 5095 lilii
1454 5037 1516 5096 novi
1529 5038 1706 5101 Testamenti,

53 5136 132 5208 (lsai.
151 5152 193 5205 ιι,
215 5141 288 5209 l-i).
304 5139 369 5197 llaec
386 5148 450 5196 sunt
468 5145 574 5211 septem
593 5138 675 5211 dona,
691 5139 734 5194 vel
753 5146 859 5209 septem
914 5141 944 5192 ut
959 5133 1188 5205 amplecterentur
1202 5146 1322 5186 amorem
1336 5129 1387 5189 Dei
1402 5143 1488 5200 usque
1506 5127 1541 5182 ad
1563 5129 1706 5194 contemp·

51 5226 219 5284 charismata
239 5228 333 5285 Sancti
351 5228 475 5300 spiritua,
498 5245 561 5302 quae
582 5226 739 5301 specialiter
759 5225 787 5281 in
802 5228 857 5283 Do·
914 5232 970 5280 tum
989 5223 1041 5292 sui,
1062 5231 1091 5277 ut
1104 5221 1302 5277 arbitrarentur
1316 5218 1408 5276 emnia
1430 5224 1555 5289 tauquam
1576 5219 1709 5276 stercora,

51 5314 129 5373 mino
146 5316 213 5373 lesu
239 5317 406 5385 enituemnt,
429 5317 498 5375 sicut
516 5315 672 5390 specialiter
695 5329 777 5386 super
796 5331 858 5371 eum
913 5320 943 5370 ut
956 5312 1091 5371 Christum
1104 5308 1305 5367 lucrifacerent.
1320 5307 1394 5379 Ergo
1411 5304 1497 5360 ubera
1523 5316 1632 5374 sponsa
1644 5315 1707 5357 me-

52 5388 189 5480 requievit
202 5405 313 5479 spiritus
326 5406 452 5465 Sanctus.
470 5408 502 5479 lu
518 5405 614 5462 timore
633 5402 706 5461 enim
721 5400 858 5459 humilitas
912 5401 982 5458 liora
997 5407 1059 5456 sunt
1073 5398 1146 5455 uiuo.
1158 5396 1322 5453 llaeeautem
1332 5393 1418 5460 ubera
1431 5406 1540 5463 sponsae
1553 5390 1607 5448 duc
1620 5396 1704 5480 sunta

51 5493 228 5569 designatum
254 5495 284 5551 in
314 5496 427 5570 pietate,
454 5492 652 5564 misericordia,
682 5491 710 5547 in
733 5489 856 5560 seientia,
912 5506 997 5546 uuum
1020 5484 1226 5560 compassionis,
1253 5483 1369 5542 altarum
1387 5478 1639 5563 congratulationis.
1666 5478 1706 5537 lix
