3706 5962
159 203 211 281 lat
805 218 1153 281 crnssssaussssrrs

1747 192 1801 273 'ras

70 402 72 406 .
158 343 245 420 ligant
258 354 287 402 et
301 346 419 414 rutilant,
435 361 496 419 quae
512 345 546 403 de
561 345 608 402 tali
622 343 725 403 ventris
738 345 827 404 fructu
836 347 952 419 loquun-
967 364 992 444 g
1044 347 1070 401 d.
1082 343 1243 415 Huiusmodi
1255 342 1356 400 labium
1369 341 1396 399 in
1411 356 1511 415 sponsa
1525 317 1647 396 Christus
1657 354 1801 396 commen·

159 439 214 490 tur.
229 437 366 507 Concepta
381 435 408 491 in
423 435 505 493 corde
517 436 645 502 charitas,
656 436 734 510 quasi
749 436 820 510 ignis
835 433 952 491 llammi·
1007 434 1062 501 dat,
1079 450 1134 490 non
1153 441 1258 489 tantum
1273 433 1301 488 in
1315 432 1448 500 oratione,
1464 430 1514 486 sed
1533 430 1614 486 etiam
1628 428 1655 484 in
1674 429 1802 485 exhorta-

160 539 269 596 gerans,
282 524 411 582 coccineo
426 525 517 582 colore
531 526 601 582 labia
613 525 707 591 inficit,
718 543 767 598 per
781 543 843 598 quae
857 541 952 581 erum-

158 613 208 684 pit.
225 613 303 669 Calor
327 614 361 670 de
384 615 490 671 excelso
514 616 613 671 missus
632 615 660 670 in
686 616 777 682 corde,
793 629 953 689 germanum

158 701 238 758 labiis
261 709 374 773 praestat
398 705 528 762 colorem.
544 705 615 775 Quid
637 705 711 760 enim
734 705 808 760 aliud
821 704 872 760 sibi
896 702 953 760 vult

159 790 232 862 quod
247 792 373 847 coccinea
397 791 535 858 dicuntur,
550 791 602 848 nisi
618 793 691 864 quod
710 792 737 847 in
751 793 804 849 hoc
827 792 952 848 flammea

158 877 390 945 demonstrantur,
407 880 523 951 eoquod
537 894 635 936 coccus
649 880 730 951 igneo
743 880 823 936 rubet
839 879 952 935 colore?

158 965 242 1023 Labia
256 968 315 1025 baec
329 983 383 1024 non
398 971 454 1040 jam
468 969 561 1025 altaris
574 970 740 1027 carbonibus
754 969 865 1041 purgari
879 967 952 1023 indi·

159 1062 236 1130 gent,
251 1062 277 1111 et
291 1056 419 1112 exteriori
434 1057 498 1129 igno
513 1058 600 1114 aduri.
614 1058 676 1130 lpsa
690 1058 760 1113 enim
776 1057 810 1112 de
831 1054 953 1111 interiori

120 1212 122 1217 .
160 1142 267 1198 damma
280 1145 338 1214 jam
352 1145 479 1201 flammea
495 1155 568 1215 sunt,
583 1153 611 1201 et
624 1153 787 1215 conceptum
802 1141 952 1199 visceribus

158 1228 252 1305 ignem
266 1231 301 1288 de
324 1234 433 1290 excelso
448 1233 508 1290 aliis
522 1233 669 1290 seminant.
694 1232 843 1289 Salutarem
860 1231 953 1303 ntique

161 1318 342 1376 disseminant
356 1321 508 1388 scientiam,
524 1323 615 1396 legem
630 1321 750 1396 igneam,
767 1335 849 1392 quam
859 1316 954 1375 Domi·

158 1421 210 1462 nos
224 1408 299 1463 venit
319 1408 347 1463 in
367 1416 468 1465 terram
488 1409 606 1465 mittere.
631 1410 702 1465 Bene
724 1407 852 1465 coccinea
870 1406 951 1470 labia,

160 1512 221 1568 quae
236 1497 308 1552 bunc
326 1497 419 1570 ignem
441 1513 496 1553 non
520 1497 610 1553 solum
628 1495 656 1551 in
678 1505 790 1567 terram,
807 1496 855 1551 sed
878 1502 904 1550 et
927 1495 954 1549 in

158 1584 258 1641 coelum
273 1585 392 1642 mittunt.
417 1585 541 1660 Denique
565 1595 592 1642 et
614 1586 703 1658 ipsum
727 1585 870 1642 Dominum
893 1583 953 1641 coeli

159 1674 337 1730 succendunt.
354 1674 418 1729 ldeo
440 1675 571 1731 coccinea
586 1673 758 1730 commendat
771 1673 853 1740 labis,
878 1671 954 1744 quod

1007 523 1091 588 tione,
1105 532 1135 578 ιιι
1149 530 1246 594 potens
1261 522 1296 577 sit
1313 519 1451 577 exhortari
1464 520 1490 575 in
1500 517 1624 575 doctrina
1633 519 1718 574 sana.
1734 516 1802 588 Quae

1008 612 1081 668 enim
1095 626 1125 667 se
1139 611 1211 666 labia
1224 611 1252 665 in
1266 612 1326 681 ejus
1340 609 1459 680 alloquio
1474 607 1657 679 adstringunt,
1667 608 1729 676 jure
1740 606 1801 679 qui-

1007 700 1071 756 dem
1086 701 1233 756 salutarem
1247 699 1402 754 diffundunt
1416 705 1442 753 et
1456 695 1634 752 disseminant
1646 694 1800 763 scientiam,

1007 789 1031 844 si
1043 788 1115 845 dulci
1130 797 1157 843 et
1178 787 1281 845 fervida
1303 792 1416 843 utantur
1429 785 1563 854 oratione,
1579 791 1608 839 ut
1631 781 1802 839 audientium
1840 809 1844 815 ⁴

1007 879 1091 935 corda
1115 877 1255 933 excitent:
1272 875 1400 933 coccinea
1423 882 1495 943 sunt,
1512 873 1574 947 quia
1594 872 1800 928 inflammantia.

1007 966 1036 1023 si
1050 982 1116 1023 vero
1127 965 1206 1021 simul
1222 966 1399 1021 exhortentur
1413 969 1441 1019 et
1455 962 1580 1029 doceant,
1595 970 1622 1018 et
1637 978 1669 1018 ea
1683 962 1803 1018 doceant

1008 1071 1070 1128 quae
1084 1069 1177 1109 sanam
1192 1054 1307 1110 deceant
1320 1051 1482 1120 doctrinam,
1497 1067 1558 1123 quae
1578 1051 1682 1124 regulis
1705 1050 1803 1108 conoi-

1006 1145 1074 1195 'nant
1088 1140 1168 1206 fidei;
1184 1141 1240 1211 jam
1255 1137 1334 1211 quasi
1347 1138 1414 1195 vitta
1435 1145 1507 1204 sunt,
1524 1145 1551 1193 et
1574 1153 1629 1193 non
1647 1137 1736 1193 solum
1759 1153 1803 1192 sa·

1007 1225 1133 1295 luterem,
1151 1227 1199 1283 sed
1219 1226 1300 1283 etiarn
1323 1226 1492 1283 insolubilem
1515 1225 1690 1282 disseminant
1709 1224 1801 1300 scien·
1850 1232 1852 1242 ⁴

1008 1316 1083 1372 tiam.
1100 1316 1170 1387 Quid
1184 1317 1256 1372 enim
1271 1324 1326 1372 tam
1339 1315 1391 1372 sibi
1405 1303 1555 1382 conareris,
1572 1323 1625 1369 tam
1639 1323 1728 1380 tenax,
1746 1321 1803 1368 tam

1007 1404 1144 1461 insolubili
1159 1411 1315 1461 contextum
1329 1405 1411 1471 nodo,
1429 1420 1511 1476 quam
1527 1403 1595 1459 ratio
1619 1403 1705 1458 fideii
1725 1401 1803 1457 Talia

1008 1494 1108 1550 Paulus
1135 1492 1296 1566 discipulum
1329 1491 1494 1548 informabat
1528 1492 1623 1549 dicens
1649 1506 1655 1546 :
1681 1489 1805 1548 attende

1008 1582 1205 1640 exhortationi
1222 1589 1250 1639 et
1266 1582 1403 1640 doctrine
1414 1583 1438 1652 (l
1454 1583 1520 1640 lim.
1537 1597 1577 1647 tv,
1594 1582 1649 1653 ta).
1665 1580 1719 1637 Sed
1733 1586 1759 1634 et
1774 1578 1804 1634 in

1009 1686 1135 1727 sermone
1150 1670 1298 1738 communi,
1313 1671 1360 1727 ubi
1375 1670 1439 1725 fidei
1453 1685 1507 1726 non
1522 1678 1673 1726 tractantur
1695 1676 1802 1739 myste-

159 1755 199 1818 ttti
215 1764 344 1820 coccinea
359 1769 432 1833 sunt,
449 1763 523 1836 quod
540 1763 578 1819 illi
596 1763 713 1820 calentia
728 1762 863 1829 videntur,
881 1761 953 1836 quod
969 1749 993 1830 Β
1008 1760 1058 1826 ria,
1075 1760 1158 1816 etiam
1173 1759 1211 1817 sic
1225 1760 1297 1817 vitm
1312 1761 1447 1818 coccineae
1461 1760 1532 1815 labia
1547 1767 1594 1814 tua
1612 1757 1803 1823 conferuntur,

158 1849 204 1907 illa
219 1850 345 1907 flammea
360 1851 451 1919 sentit,
469 1853 536 1908 etin
551 1861 673 1908 mutuam
697 1851 813 1924 amplius
836 1867 953 1907 succen-

1009 1849 1032 1905 si
1047 1849 1128 1905 luerit
1140 1865 1241 1917 ¹sermo
1256 1856 1325 1904 tuus·
1342 1849 1432 1905 subtili
1454 1862 1581 1904 mensura
1603 1846 1750 1911 districtus,
1775 1852 1806 1902 et

159 1938 228 1994 dunt
242 1938 414 1998 charitatem.
439 1939 506 1996 lllira
529 1957 574 1996 res
590 1959 596 1999 :
612 1940 684 2016 ignis
707 1939 765 2011 ipse
781 1947 830 2006 est,
855 1947 881 1993 et
905 1955 956 1996 no·
1009 1936 1154 2003 discretus,
1172 1945 1198 1994 et
1219 1953 1330 2010 parcus,
1355 1945 1382 1993 et
1406 1944 1484 2010 grato
1507 1936 1678 1992 verecundia
1701 1935 1806 1990 rubore

156 2023 223 2081 'stris
239 2033 329 2082 tamen
343 2026 488 2084 inardescit
503 2027 636 2084 scintillis.
657 2026 779 2097 Quidni?
802 2026 835 2082 Et
848 2025 954 2100 gladius
1009 2027 1162 2092 coloratus;
1185 2027 1207 2081 si
1221 2026 1316 2082 Crucis
1334 2025 1433 2082 Christi
1453 2040 1486 2081 eo
1507 2024 1674 2096 frequenter,
1701 2039 1756 2095 quo
1770 2023 1806 2078 li·

160 2123 201 2172 est
215 2116 335 2173 Verbum
350 2117 399 2173 Dei
413 2118 524 2192 (Epiros.
539 2135 578 2189 vr,
598 2121 649 2189 tr),
675 2127 700 2174 et
716 2126 805 2175 tamen
829 2117 955 2174 vulnera·
1009 2115 1108 2171 benten
1121 2115 1286 2171 mentionem
1302 2123 1425 2186 usurpet.
1442 2113 1465 2170 Ο
1478 2114 1624 2170 beatabaec
1633 2112 1713 2179 labia,
1725 2111 1808 2168 Chri·

160 2210 216 2261 tur.
231 2206 392 2263 lutacroati
407 2224 569 2275 cormeum,
582 2207 955 2279 aorormeoapommoslne·
1010 2204 1045 2259 sti
1059 2212 1087 2259 et
1101 2203 1204 2270 osculo,
1220 2212 1247 2259 et
1261 2203 1379 2274 alloquio
1392 2217 1457 2259 vere
1472 2202 1570 2274 digna3
1586 2200 1658 2256 labia
1673 2208 1728 2255 tam
1743 2201 1806 2255 sin-

159 2295 285 2351 rusticor
294 2311 388 2352 meam
400 2295 432 2351 tn
442 2312 498 2353 atto
508 2296 652 2354 oculorum
664 2294 721 2354 19
732 2301 848 2352 tuorum
858 2295 954 2365 (Cant.
1010 2308 1083 2359 cera,
1101 2299 1197 2348 ettam
1212 2291 1357 2349 succensa!
1376 2290 1403 2346 in
1417 2291 1470 2347 lide
1485 2291 1601 2362 sincera,
1617 2298 1645 2346 et
1667 2290 1693 2344 in
1709 2304 1807 2345 amors

160 2396 199 2447 vv,
217 2384 255 2454 9).
272 2382 311 2437 lta
324 2392 351 2439 et
358 2382 430 2457 ignis
443 2391 494 2451 est,
512 2392 539 2439 et
550 2393 640 2440 tamen
651 2382 843 2440 inflammatur.
855 2383 957 2439 Vulne·
1011 2396 1153 2437 succensa.
1178 2377 1326 2437 Succensio
1349 2379 1400 2435 ista
1416 2380 1449 2435 de
1474 2378 1576 2434 intimis
1591 2378 1664 2435 etde
1689 2377 1807 2434 summis

159 2469 334 2537 raturoculo,
360 2470 431 2526 labio
456 2471 651 2541 inflammator,
676 2472 757 2529 etiam
780 2480 808 2529 et
830 2471 953 2546 ligatur:
1011 2478 1064 2539 est,
1081 2470 1118 2524 nil
1134 2470 1239 2525 habens
1254 2467 1409 2525 deinfimis.

159 2554 220 2612 ideo
243 2558 317 2615 vittae
340 2568 525 2631 comparatur.
550 2560 605 2617 Sed
639 2561 757 2617 charitas
779 2560 879 2617 vulnus
902 2566 954 2629 est,
1045 2563 1072 2615 a.
1088 2558 1156 2614 Nam
1169 2566 1211 2615 est
1233 2558 1373 2616 succensio
1392 2557 1516 2630 quadam
1536 2558 1569 2613 de
1592 2553 1686 2611 inferis
1708 2571 1807 2611 erum-

161 2645 277 2701 obaritas
290 2646 356 2702 vitta
371 2654 423 2712 est,
445 2647 563 2703 charitas
583 2664 683 2705 coccus
698 2657 750 2705 est.
777 2649 860 2704 Vides
875 2663 956 2721 quam
1011 2664 1089 2720 pens.
1106 2647 1222 2702 lacobus
1237 2647 1292 2701 ait:
1306 2649 1419 2719 lingua,
1428 2647 1569 2704 modicum
1581 2645 1748 2712 membrum,
1761 2648 1808 2703 in·

159 2740 249 2800 acuta,
267 2748 348 2805 qnam
364 2741 454 2800 tenax,
469 2750 550 2805 quam
564 2735 647 2808 ignea
670 2745 711 2792 est
724 2735 865 2792 charitas?
880 2735 955 2790 Tali·
1010 2738 1142 2807 flammat
1156 2740 1248 2791 rotam
1262 2737 1425 2792 nativitatis
1439 2740 1555 2800 nostra,
1571 2736 1753 2805 inflammato
1777 2739 1808 2790 ot

159 2817 212 2874 bus
225 2820 253 2874 in
269 2821 373 2877 orando
388 2828 467 2878 utere
476 2822 566 2889 labiis,
582 2823 671 2880 tenaci
684 2824 758 2880 velut
767 2823 833 2880 vitta
847 2822 956 2880 vinculo
1011 2823 1101 2897 tpsaa
1115 2820 1175 2879 80
1189 2825 1315 2896 getanae
1329 2824 1432 2895 (lacot.
1447 2840 1489 2895 ιιι,
1504 2828 1531 2892 5,
1547 2827 1585 2892 6).
1600 2822 1743 2892 Quomodo
1754 2837 1807 2894 po·

160 2909 301 2965 memoria
321 2910 398 2966 cordi
422 2918 469 2967 tno
492 2911 623 2969 dilectum
645 2913 776 2986 astringe,
800 2913 955 2987 agglutina,
1012 2920 1063 2969 test
1074 2915 1145 2970 bone
1155 2913 1324 2970 inflammare
1333 2913 1808 2987 linguatam'pcssimeindammatai
1839 2955 1846 2966 .

160 2997 294 3054 succende
316 2999 392 3054 illum
415 3014 547 3056 succenso
570 3001 682 3059 aflectu.
708 3001 796 3071 Quam
819 3002 909 3069 dulce,
933 3001 957 3058 si
1011 3001 1119 3057 Vitiatae
1132 3001 1278 3057 nativitatis
1299 3002 1407 3058 mobilis
1430 3003 1584 3075 corruptela
1606 3019 1657 3074 per
1676 3019 1706 3058 se
1725 3001 1808 3058 nimis

160 3088 233 3145 dicat
248 3095 274 3144 et
289 3087 391 3144 alludat
405 3089 472 3145 tibi:
488 3089 607 3162 lgnitum
621 3090 759 3162 eloquium
774 3099 850 3147 tuum
869 3092 956 3149 vehe-
1011 3093 1115 3146 rotatur
1129 3090 1163 3145 ad
1181 3088 1292 3158 malum,
1308 3097 1335 3147 et
1349 3090 1517 3148 volubilitate
1540 3090 1652 3164 propria
1671 3089 1756 3148 fertur
1778 3091 1806 3146 in

159 3187 275 3248 menter,
292 3186 319 3233 et
334 3193 452 3250 sponsus
472 3186 534 3234 tuus
549 3178 639 3253 diligit
661 3179 742 3235 illudl
763 3180 896 3237 Osculare
910 3197 955 3236 me
972 3138 994 3217 c
1010 3195 1134 3252 praeceps
1158 3188 1207 3236 :et
1230 3178 1296 3251 quid
1318 3195 1433 3255 necesse
1458 3187 1500 3236 est
1524 3180 1693 3237 inflammare
1716 3188 1807 3236 rotam

157 3259 254 3322 'osculo
270 3266 326 3322 oris
341 3266 390 3337 tui,
416 3267 480 3340 quia
502 3268 616 3339 pulchra
634 3277 697 3324 sunt
719 3269 792 3326 labia
815 3275 861 3325 tua
886 3268 956 3326 sicut
1010 3266 1090 3335 hanc,
1106 3284 1167 3341 quae
1182 3267 1284 3323 firmari
1298 3284 1353 3324 non
1367 3276 1467 3341 potest,
1489 3269 1538 3326 sed
1554 3286 1604 3340 per
1618 3285 1647 3325 se
1672 3268 1759 3325 lemur
1779 3268 1807 3323 in

160 3354 226 3411 vitta
241 3355 380 3414 coccinea.
402 3355 551 3413 Oscubanli
570 3356 705 3430 siquidem
724 3357 891 3414 desiderium
911 3359 954 3413 la·
1009 3357 1136 3411 malum?
1151 3355 1276 3428 Denique
1291 3355 1438 3428 diligenter
1452 3356 1608 3429 appositum
1622 3360 1684 3414 est:
1699 3358 1752 3413 Cor
1762 3357 1806 3414 lto

155 3440 268 3499 'biorum
291 3442 382 3499 innuit
400 3443 612 3500 commendatio.
638 3443 722 3501 Labia
739 3461 789 3501 sua
811 3446 865 3503 tuis
883 3445 955 3503 desi·
1009 3447 1098 3501 mimis
1111 3445 1143 3500 in
1157 3443 1309 3512 matamala
1321 3443 1509 3502 odolescentia
1520 3446 1661 3517 tuamen.
1676 3461 1737 3504 vm.
1748 3445 1804 3516 dl).

158 3538 201 3587 rat
218 3530 346 3604 imprimi,
365 3537 397 3587 ut
418 3531 466 3588 liat
484 3550 515 3589 os
538 3549 623 3589 unum
647 3541 676 3589 et
693 3533 795 3590 labium
818 3551 911 3599 unum,
928 3542 955 3591 et
1010 3533 1130 3606 Aprima
1143 3533 1284 3590 nativitate
1298 3534 1413 3606 impulsa
1427 3535 1513 3590 nescit
1525 3550 1635 3590 cursum
1646 3534 1803 3591 inllectere:

159 3627 220 3700 post
239 3620 449 3693 impressionem
464 3621 536 3677 dicat
555 3621 602 3676 tibi
614 3640 622 3678 :
633 3623 690 3679 Hoc
709 3638 782 3679 nunc
805 3639 837 3679 os
860 3640 894 3679 en
906 3639 954 3680 ore
1010 3629 1037 3679 et
1052 3630 1079 3678 tu
1099 3622 1172 3678 illam
1186 3620 1280 3695 lingua
1294 3638 1378 3697 prava
1392 3622 1509 3695 impellis
1524 3623 1641 3695 amplius
1656 3631 1683 3679 et
1695 3622 1806 3695 intlam·

160 3723 232 3775 meo,
249 3714 277 3762 et
290 3706 391 3762 labium
406 3707 441 3763 de
460 3707 532 3763 labio
555 3724 628 3763 meo.
657 3709 759 3764 Diffusa
772 3711 859 3783 gratia
874 3710 902 3767 in
918 3712 956 3766 la·
1009 3712 1093 3767 mas?
1106 3710 1211 3783 lingua
1225 3728 1311 3784 prava
1326 3711 1475 3769 iracundia
1494 3719 1522 3768 et
1545 3711 1742 3783 indignationis
1753 3726 1805 3768 oc-

159 3796 213 3851 biis
227 3795 287 3866 ejus
301 3794 329 3849 in
344 3803 389 3849 tua
404 3810 433 3850 se
446 3794 575 3864 retundit,
591 3803 618 3851 et
629 3795 663 3851 de
674 3811 758 3854 cocco
772 3814 821 3854 suo
837 3808 881 3854 tua
892 3807 955 3854 sunt
1010 3800 1134 3858 essiones
1152 3800 1285 3872 requirit;
1311 3799 1427 3871 injurias
1444 3801 1485 3858 vel
1512 3799 1596 3857 salsas
1619 3800 1737 3868 simulat,
1751 3854 1752 3857 ,
1764 3801 1807 3857 vel

160 3883 258 3941 allecta
278 3883 415 3941 coccinea.
431 3884 505 3938 bona
528 3883 683 3955 impressio,
700 3902 762 3958 quae
782 3895 885 3943 tantam
907 3903 954 3943 ex·
1008 3883 1088 3947 veras
1103 3897 1259 3963 exaggerat,
1273 3907 1342 3963 quas
1362 3892 1495 3948 debuerat
1506 3890 1677 3946 dissimulare
1698 3889 1808 3947 :adoi-

159 3972 253 4045 primit
267 3971 384 4044 gratiam
406 3971 433 4026 in
447 3971 526 4026 labiis
550 3987 670 4044 sponsae.
687 3974 841 4031 llemineris
864 3983 953 4033 tamen
1008 3976 1114 4035 sensam
1128 3977 1312 4036 ciliciaetiam
1327 3979 1530 4051 interpretatur,
1559 3987 1587 4037 et
1606 3979 1733 4036 venenati
1753 3995 1808 4036 ser-

155 4066 215 4116 'non
230 4077 272 4117 me
286 4076 359 4117 nuno
372 4060 444 4116 labia
463 4060 620 4135 significare
630 4063 758 4130 carnalia,
771 4064 820 4120 sed
830 4064 954 4136 spiritua·
1008 4069 1097 4124 monis
1124 4067 1254 4124 scintillas
1281 4068 1392 4125 adhibet
1432 4069 1467 4125 ad
1496 4068 1723 4126 commovendum
1760 4084 1809 4126 oor

160 4151 204 4219 lia,
222 4151 271 4208 sed
286 4149 424 4216 interiora,
441 4150 491 4206 sed
514 4149 560 4205 illa
578 4150 613 4206 de
637 4152 734 4224 quibos
753 4153 899 4225 Apostolus
913 4155 954 4212 lo-
1009 4173 1099 4213 suum.
1115 4156 1186 4226 Quid
1203 4157 1297 4232 lingua
1311 4172 1432 4231 nequam
1458 4159 1534 4215 cordi
1557 4166 1603 4216 tuo
1624 4157 1706 4214 talem
1731 4157 1809 4214 adbi-

160 4239 253 4312 quitur
268 4258 275 4292 ι
292 4241 449 4297 Cantantes
463 4243 492 4295 et
503 4241 659 4313 psallentes
670 4242 702 4296 in
711 4239 843 4299 cordibus
853 4242 953 4300 vestris
1008 4245 1059 4302 bes
1073 4246 1231 4302 dammam?
1246 4245 1371 4304 Sufficiat
1384 4247 1421 4302 illi
1437 4246 1547 4303 damma
1568 4262 1628 4313 sua,
1643 4245 1809 4302 sufficiatilli

160 4331 279 4387 Domino
297 4327 409 4402 (Ephes.
425 4345 453 4398 v,
467 4331 523 4399 ta).
540 4328 568 4384 Si
587 4344 688 4402 sponsa
703 4344 742 4396 es,
759 4329 787 4384 in
802 4330 854 4387 hoc
869 4348 954 4387 unum
1009 4335 1237 4407 concupiscentiae
1251 4335 1335 4393 ardor
1348 4336 1476 4402 carnalis,
1492 4342 1519 4391 et
1533 4334 1652 4392 levitatis
1674 4334 1750 4393 calor
1762 4334 1810 4390 in·

161 4418 261 4474 debent
275 4433 336 4474 csse
351 4416 508 4483 constricta,
529 4417 630 4475 debent
645 4433 706 4474 esse
731 4433 862 4476 succensa
881 4421 954 4478 labia
1009 4431 1090 4491 natm,
1108 4423 1207 4497 quibus
1226 4432 1376 4496 cortuum,
1392 4424 1464 4483 acsi
1485 4424 1613 4481 volubilis
1627 4431 1696 4491 rota,
1711 4422 1810 4494 impel-

159 4515 215 4576 tua,
240 4515 270 4563 ut
297 4506 396 4565 dilecto
424 4513 470 4562 tuo
498 4507 663 4579 supplicent,
688 4514 717 4562 ut
744 4508 955 4567 confabulentur
971 4526 994 4606 Β
1009 4512 1082 4568 litun.
1098 4512 1174 4569 Hanc
1189 4513 1236 4569 tibi
1251 4512 1388 4569 dammam
1403 4512 1530 4569 nativitas
1556 4512 1646 4585 prima
1671 4510 1808 4586 ingenuit,

161 4611 224 4652 cum
245 4595 301 4663 illo,
328 4605 357 4651 ut
375 4595 413 4651 illi
436 4601 546 4665 canant,
566 4603 594 4652 ct
613 4595 689 4652 dicas
711 4610 773 4653 cum
797 4600 953 4671 propheta:
1010 4601 1059 4658 sed
1082 4601 1240 4658 renascendi
1263 4603 1352 4674 gratia
1375 4601 1527 4674 restringit.
1551 4601 1615 4657 Noli
1637 4601 1729 4673 ignem
1753 4601 1811 4672 igni

161 4684 354 4740 Excubabant
369 4684 445 4739 labio
459 4700 523 4739 meo
536 4700 600 4740 cum
616 4688 766 4743 contovere
793 4685 847 4741 titt
867 4688 954 4758 (Prot.
1010 4690 1150 4757 adbibere,
1166 4697 1192 4746 et
1205 4690 1436 4762 concupiscentia
1446 4690 1548 4747 addere
1559 4689 1701 4746 malitiam.
1713 4689 1809 4763 Ignem

162 4787 230 4839 cxx,
246 4774 302 4844 ιι).
318 4772 348 4825 ln
359 4779 416 4826 tam
431 4778 527 4828 sancta
541 4772 759 4830 contabulatione
774 4775 811 4829 nil
826 4776 861 4831 sit
875 4776 904 4831 in
918 4777 956 4831 la·
1009 4780 1081 4835 bunc
1096 4795 1175 4851 quem
1190 4778 1304 4845 evomis,
1320 4778 1413 4833 hauris
1428 4778 1463 4834 de
1477 4779 1614 4853 gehenna.
1629 4778 1695 4834 Inde
1705 4778 1809 4850 incipit,

161 4859 213 4917 biis
227 4859 280 4916 tuis
293 4858 416 4926 liuidum,
432 4866 460 4915 et
474 4860 551 4933 quasi
565 4861 632 4915 vitta
651 4869 714 4916 sunt
732 4876 738 4917 :
755 4863 793 4919 nil
815 4864 954 4937 trigidum,
1010 4874 1038 4923 et
1051 4867 1097 4922 illo
1112 4866 1190 4938 rapit.
1207 4867 1327 4940 Linpao,
1341 4868 1437 4941 inquit,
1451 4867 1663 4939 inflammatos
1672 4868 1809 4941 gebenna.

160 4959 189 5008 et
202 4950 288 5007 habes
306 4949 352 5005 illa
375 4949 516 5006 coccinea.
531 4947 597 5017 Quis
618 4950 685 5005 mibi
707 4950 762 5017 det,
785 4955 849 5009 lesu
873 4954 955 5022 bone,
1010 4955 1115 5031 Lingua
1129 4955 1187 5012 haec
1201 4955 1273 5012 mala
1295 4956 1426 5014 coccinea
1449 4964 1501 5028 est,
1527 4956 1576 5013 sed
1595 4956 1663 5012 vitta
1676 4957 1738 5012 'non
1758 4963 1810 5012 est.

161 5039 223 5094 talia
239 5038 343 5094 hahere
357 5037 430 5092 labia
444 5035 654 5095 inconferendis
665 5047 755 5096 tecum
771 5042 956 5107 sermonibus,
1010 5044 1072 5100 Non
1088 5043 1160 5101 enim
1173 5044 1250 5119 ligat,
1266 5044 1316 5101 sed
1339 5046 1463 5118 dissipat.
1490 5045 1558 5102 llale
1578 5045 1731 5117 succendit,
1746 5045 1812 5118 quia

161 5135 216 5182 tam
230 5135 366 5199 prompta,
386 5133 441 5181 tam
456 5135 575 5196 exserta,
592 5134 648 5183 tam
663 5143 809 5195 succenss;
825 5144 957 5185 succensa
1010 5132 1125 5189 succidit
1139 5131 1224 5203 unita,
1240 5133 1288 5206 qui
1302 5134 1406 5191 dissidii
1420 5137 1507 5193 verba
1522 5135 1651 5192 scintillat
1664 5153 1670 5189 ι
1684 5142 1712 5190 ot
1733 5135 1812 5190 dam-

159 5222 186 5269 et
200 5216 374 5281 exsnltsntia,
390 5223 419 5271 ut
434 5222 537 5270 tanturn
552 5215 601 5271 tibi
615 5224 734 5284 cantent,
749 5216 824 5272 etde
845 5225 871 5272 te
891 5232 955 5273 can·
1006 5213 1054 5276 ma
1068 5220 1129 5277 talis
1145 5222 1179 5278 de
1193 5222 1290 5280 inieris
1305 5232 1357 5281 est.
1373 5224 1442 5280 Nam
1463 5226 1572 5281 flamma
1591 5242 1652 5298 quae
1667 5225 1812 5282 desursum

162 5302 241 5359 tenti
255 5305 329 5361 Talia
344 5306 397 5361 sint
410 5305 512 5360 utinam
529 5304 600 5361 labia
614 5321 685 5375 mea,
705 5321 766 5378 quae
780 5305 869 5361 subtili
884 5322 955 5379 quo-
1010 5319 1062 5377 est,
1077 5311 1189 5383 publica
1207 5319 1261 5382 est,
1275 5313 1389 5386 pacifica
1410 5321 1463 5383 est,
1479 5314 1559 5370 bonis
1580 5313 1767 5384 consentiens,
1784 5321 1814 5371 et

160 5389 223 5446 dam
236 5392 320 5449 ductu
335 5400 364 5449 et
377 5409 510 5452 succenso
524 5391 625 5451 affecto
644 5393 789 5466 indirupta
802 5394 956 5454 meditatio·
1010 5401 1097 5457 bonos
1120 5400 1236 5459 iaciens.
1261 5401 1380 5460 Verbum
1400 5402 1473 5459 enirn
1493 5401 1573 5459 dulce
1597 5407 1626 5458 et
1650 5401 1814 5476 multiplicat

162 5481 216 5550 ais,
233 5479 344 5540 tunicutt
359 5481 484 5542 coccinei
498 5479 637 5559 specimen
646 5481 810 5559 expriment
1011 5489 1124 5562 amicos,
1139 5497 1168 5551 et
1180 5489 1287 5565 mitigat
1300 5486 1434 5553 inimicos
1451 5490 1536 5566 Quasi
1549 5492 1687 5554 dammam
1699 5492 1813 5554 tanne
