3706 5962
95 181 149 257 287
742 174 938 239 tltthuhltll
954 176 1089 242 thhltls
1688 175 1744 236 288

98 309 173 376 thus,
185 305 487 379 etsirutqusreosqatoe
497 301 888 376 copiosissimamque.
908 303 1110 395 patriarchae
1135 305 1286 378 appingere
1315 301 1439 365 virtutes,
1464 305 1493 355 et
1519 300 1744 370 amplioremad

95 411 131 463 vv,
148 400 199 465 lb)
213 395 311 450 subter
327 392 528 458 terebinthum,
545 395 656 465 quisset
665 397 727 464 post
740 389 892 448 urbemSi-
946 394 1213 450 commendationem
1226 393 1254 448 in
1269 389 1379 447 nomine
1392 387 1477 445 Jacob
1497 388 1654 445 assimilare
1671 404 1677 442 :
1695 390 1745 445 sed

95 483 255 543 chimeram
269 483 351 552 (Gon.
366 500 446 548 xxxv,
464 482 502 553 l).
523 480 642 537 sichima
655 480 768 537 tumori
783 478 891 535 dicitur.
946 497 1038 554 parco,
1050 499 1096 551 ne,
1112 483 1177 539 dum
1192 480 1281 538 arnico
1295 477 1391 551 grandi
1404 492 1472 534 voce
1485 477 1632 543 benedico,
1648 478 1745 533 similis

96 571 164 627 boni
177 571 282 627 humeri
296 570 335 625 illi
348 570 384 626 de
398 569 497 643 quibus
511 569 609 640 legitur
629 585 635 624 :
651 567 812 628 Posteriora
826 567 892 627 dor·
946 570 1041 626 ridear
1063 569 1248 628 maledicenti.
1264 569 1303 623 Tu
1323 574 1423 630 tamen,
1439 563 1492 620 nisi
1511 564 1618 635 penitus
1638 573 1665 621 te
1688 581 1744 622 non

97 660 124 716 si
137 662 198 730 ejice
211 661 244 716 in
256 661 366 733 potiore
381 659 449 717 ouri
463 660 550 730 (Psoi.
567 673 650 726 axvvv,
668 655 722 726 tt).
739 659 831 713 Bonus
845 657 894 710 hu-
946 658 1020 726 novi,
1040 658 1104 717 licet
1126 658 1177 714 ista
1198 655 1345 731 aliquoties
1368 662 1460 712 mcum
1485 662 1606 725 reputas,
1622 655 1670 710 tibi
1689 672 1745 710 nou

97 765 188 804 ruerus
203 747 303 804 Christi
317 750 381 804 lesu
407 767 414 802 ε
439 751 544 804 Faetus
557 750 601 803 est
621 745 693 803 enim
709 746 894 819 principatus
947 747 1075 819 imputas.
1095 748 1161 804 llaee
1179 761 1246 819 ergo
1265 744 1413 811 sufficiant,
1428 749 1457 798 et
1481 743 1516 797 de
1539 742 1747 798 administrandi

97 854 184 910 super
202 835 355 895 humerum
368 838 428 909 ejus
447 836 514 908 (leo.
529 852 567 900 ιιι,
583 837 621 905 b).
639 836 704 890 Post
719 836 788 890 banc
802 833 893 888 Sichi·
948 835 1090 903 facilitate,
1111 843 1138 892 et
1156 837 1190 892 de
1208 834 1357 907 gratiarum
1376 834 1517 896 ubertate,
1533 840 1561 886 et
1584 831 1619 887 de
1644 832 1746 887 substi-

34 966 36 970 ι
99 942 170 981 mam
185 925 271 997 posita
284 934 328 982 est
347 924 531 993 terebinthus;
553 923 675 996 plantata
689 931 731 978 est
748 922 777 978 iu
791 923 895 994 passio-
948 925 1112 981 tuendorum
1136 923 1256 979 raritate.
1273 920 1355 992 Quid,
1370 920 1393 974 si
1411 919 1586 975 commissum
1606 935 1704 974 munus
1719 928 1748 975 et

99 1031 135 1070 ne
149 1012 248 1070 Christi
261 1013 363 1071 etfrde.
379 1013 453 1070 Felix
464 1013 510 1086 qui
524 1013 552 1068 in
569 1013 619 1069 hac
632 1014 732 1069 arbore
748 1011 895 1082 triumphat
948 1011 1028 1070 facile
1049 1021 1138 1085 potes,
1155 1019 1182 1067 et
1202 1009 1345 1069 commode
1368 1007 1538 1080 exsequeris,
1563 1015 1591 1064 et
1608 1008 1701 1066 nescio
1723 1009 1747 1063 si

99 1117 195 1159 omnes
210 1102 376 1174 principatus
394 1110 422 1158 et
437 1109 597 1172 potestates,
614 1110 641 1157 et
656 1102 708 1157 sub
729 1102 789 1169 eius
804 1099 894 1155 radice
949 1101 1143 1157 modernorum
1157 1100 1300 1174 quisquam
1316 1096 1508 1154 commodius?
1521 1095 1595 1151 Nihil
1608 1098 1664 1168 jam
1679 1097 1746 1170 quid

99 1189 224 1245 vanitatis
243 1190 373 1247 universa
394 1189 492 1246 infodit
518 1188 662 1245 simulacra
685 1205 691 1243 :
709 1196 806 1246 ventus
821 1189 894 1245 enirn
949 1190 1039 1246 obstet
1052 1189 1144 1260 video,
1155 1188 1286 1244 nisiforte
1302 1185 1432 1242 inferiore
1447 1184 1474 1239 ln
1489 1185 1576 1257 gradu
1591 1185 1745 1241 uberiorem

99 1284 127 1332 et
141 1277 233 1346 inane,
247 1278 423 1336 simulacrum
435 1294 531 1335 eorum
545 1280 612 1349 (lea.
627 1295 682 1343 ιιιι,
703 1278 758 1349 tlt).
775 1277 810 1332 Et
832 1276 895 1334 ideo
950 1277 1108 1334 meritorum
1124 1277 1171 1332 tibi
1191 1276 1305 1353 gratiam
1321 1273 1459 1346 polliceris
1476 1288 1482 1327 :
1498 1273 1547 1328 tibi
1561 1272 1683 1345 quidem,
1700 1273 1748 1328 sed

99 1367 194 1424 mundi
215 1383 315 1439 pompa
338 1366 489 1424 simulacris
515 1369 576 1439 Jure
600 1368 748 1424 confertur.
770 1369 830 1424 Non
854 1374 896 1423 est
951 1382 1005 1423 uon
1020 1366 1092 1432 aliis;
1106 1366 1166 1426 tibi.
1182 1365 1230 1421 sed
1244 1380 1298 1421 non
1313 1362 1443 1420 Ecclesiae
1458 1361 1568 1428 Christi,
1580 1369 1609 1419 et
1622 1361 1686 1417 ideo
1698 1378 1749 1417 nec

99 1457 152 1512 hoc
166 1456 281 1514 infirmae
294 1456 401 1526 animae,
417 1465 445 1513 et
464 1456 599 1523 femineae,
615 1465 642 1513 et
657 1456 775 1530 fragilis;
792 1456 840 1513 sed
855 1456 896 1511 lu·
950 1455 1018 1520 tibi;
1033 1455 1061 1510 iu
1076 1471 1130 1526 quo
1143 1453 1202 1512 solo
1227 1453 1350 1510 Christus
1371 1465 1552 1523 compensare
1569 1465 1622 1507 non
1647 1458 1748 1522 potest,

99 1544 212 1601 etaloris
233 1545 375 1617 cujusdam
397 1552 426 1601 et
444 1544 666 1618 supplantatoris.
693 1546 816 1617 Denique
841 1560 895 1599 non
950 1543 1025 1617 quod
1038 1543 1066 1599 in
1089 1543 1212 1616 pluribus
1227 1541 1335 1614 perdet.
1350 1540 1404 1597 Sed
1419 1541 1471 1596 hoe
1490 1539 1512 1595 si
1536 1539 1656 1608 videtur,
1671 1538 1749 1594 alteri

100 1638 142 1688 est
164 1633 301 1700 llachelis,
317 1632 367 1690 sed
387 1632 485 1705 lacob3
503 1649 566 1689 uam
580 1633 631 1690 etsi
644 1633 738 1705 plures
752 1632 894 1701 flacheles,
913 1657 936 1735 B
951 1631 1067 1705 tempori
1091 1648 1285 1688 reservemus:
1303 1645 1376 1686 nunc
1398 1629 1471 1685 euim
1494 1630 1604 1685 charam
1627 1634 1749 1683 nonnam

100 1721 149 1777 sed
164 1736 219 1776 non
234 1721 415 1779 multilaeob.
432 1722 518 1778 harus
531 1721 579 1792 qui
594 1722 659 1777 sciat
673 1722 747 1777 Esau
761 1721 895 1793 supplan·
951 1720 1135 1794 sepelivimus,
1160 1728 1189 1777 et
1218 1736 1308 1776 sermo
1337 1717 1437 1775 uostris
1463 1716 1576 1790 psalmis
1602 1715 1751 1773 mutandus

100 1817 169 1873 tare,
185 1808 277 1865 Luban
287 1808 391 1878 fallere,
406 1808 474 1864 deos
485 1810 546 1879 ejus
556 1809 694 1876 infodere,
710 1808 845 1873 infodere,
857 1810 897 1865 in·
951 1818 1003 1868 est.

101 1911 192 1968 quam,
207 1902 235 1953 et
252 1896 369 1967 sepelire
392 1905 515 1979 veterem
529 1897 678 1964 homiuem,
692 1897 787 1953 muudi
801 1898 896 1970 imagi·
1293 1932 1412 1990 SERMO

101 2001 176 2055 nem,
190 1983 282 2042 saeculi
306 1986 387 2056 hujus
410 1985 639 2055 conlormitatem,
659 1993 689 2041 ut
712 2001 766 2042 non
781 1986 898 2057 amplius

100 2072 287 2130 conformetur
304 2070 389 2131 18⁹
407 2073 471 2130 huic
494 2074 605 2144 seculo,
624 2074 673 2130 sed
693 2073 897 2130 reformatoria
1191 2097 1228 2150 0,
1239 2093 1346 2153 ,empne
1360 2093 1437 2149 „erpi
1453 2095 1514 2149 De„

101 2161 220 2219 nouitate
232 2177 331 2218 seusus
345 2161 392 2232 pii,
412 2162 612 2235 complantatus
627 2162 714 2218 factus
728 2161 899 2219 similitudini

100 2250 196 2307 mortis
211 2249 321 2319 Christi,
340 2256 370 2307 ut
383 2249 462 2307 dmul
485 2251 696 2308 resurrectionis
709 2250 765 2309 liat.
786 2252 843 2307 lloc
858 2259 900 2306 est
993 2257 1016 2308 l.
1032 2253 1066 2309 Ut
1079 2254 1177 2308 abutar
1190 2254 1282 2310 verbis
1295 2253 1369 2325 apud
1385 2267 1434 2323 vos
1448 2251 1581 2323 Apostoli,
1597 2265 1657 2322 quae
1671 2250 1756 2306 modo

100 2339 174 2421 enim
193 2340 323 2396 damnare
337 2348 366 2396 et
379 2339 472 2397 delere
487 2350 514 2397 at
528 2340 658 2397 defodere
672 2340 745 2397 idola
760 2340 861 2410 uben,
877 2340 899 2396 si
953 2341 1065 2398 audistis
1077 2359 1084 2396 τ
1096 2341 1226 2400 Libenter
1240 2342 1392 2399 susstioetis
1406 2342 1680 2413 insipientem.¹cum
1691 2341 1757 2396 sitis

100 2427 200 2484 veteris
214 2435 241 2485 et
254 2428 367 2495 terreni,
383 2445 466 2501 quam
479 2428 657 2500 portavimus,
674 2428 792 2485 hominis
810 2429 900 2501 imago
954 2432 1011 2504 ipsi
1033 2433 1176 2505 sapenos
1193 2433 1232 2499 (ll
1250 2434 1312 2489 Cor.
1330 2447 1366 2497 ιιι,
1388 2431 1442 2497 ts).
1459 2428 1557 2485 Paulus
1580 2429 1639 2483 haec
1656 2427 1757 2483 dixerit

102 2515 150 2573 hat
169 2516 196 2572 in
210 2517 438 2585 absconsionem
459 2524 487 2573 et
505 2517 567 2574 novi
582 2525 610 2574 et
623 2519 755 2586 ooelestis,
770 2517 798 2573 iu
811 2526 901 2576 osten·
955 2519 1148 2590 exprobrando
1165 2539 1171 2578 :
1188 2534 1241 2590 ego
1262 2518 1322 2576 dico
1342 2515 1571 2575 commendando.
1585 2516 1757 2573 Commendo

99 2605 214 2674 sionem,
226 2605 296 2663 sicin
310 2606 489 2663 terebinthus.
954 2607 1111 2665 amdihtem
1125 2616 1253 2675 vestram,
1269 2607 1433 2664 commendo
1447 2613 1475 2663 et
1494 2604 1672 2661 humilitatem
1691 2623 1696 2660 :
1715 2604 1754 2659 si-

139 2698 181 2748 lo.
198 2694 261 2749 llaec
286 2692 388 2749 idcirco
402 2703 456 2748 tarn
471 2693 587 2750 sollicite
600 2693 752 2766 distinguo,
773 2710 808 2750 ne
828 2694 900 2752 forte
955 2695 1065 2770 quidem
1079 2696 1157 2752 verbi
1173 2695 1224 2751 Dei
1239 2695 1361 2751 auditum
1382 2695 1513 2750 ardenter
1531 2691 1708 2759 aemulamini,
1727 2699 1756 2747 et

101 2783 141 2835 vir
169 2780 336 2851 subjiciatur,
366 2788 394 2837 et
422 2780 523 2836 mulier
553 2779 731 2851 praeiiciatur;
761 2798 795 2838 ue
824 2783 901 2839 fortis
955 2800 1028 2842 ame
1043 2799 1141 2856 parurn
1157 2784 1190 2838 ad
1210 2783 1238 2838 id
1252 2782 1352 2839 idoneo
1376 2789 1535 2838 reverenter
1549 2779 1645 2836 audire
1658 2779 1757 2851 digna·

100 2868 211 2932 otietur,
228 2875 256 2925 et
274 2867 380 2941 fragilis
394 2867 567 2944 negotietur3
585 2885 618 2925 ne
633 2870 718 2925 taeob
733 2869 856 2936 deoedm,
873 2878 900 2926 et
956 2871 1032 2927 mini.
1053 2870 1188 2942 Denique,
1211 2870 1281 2926 sicut
1303 2869 1435 2941 scriptum
1459 2878 1511 2936 est,
1527 2884 1587 2925 cum
1611 2866 1662 2939 ipsi
1686 2866 1756 2922 ebrii

102 2956 201 3013 Rachel
226 2957 364 3013 succedat.
386 2956 516 3025 Quamvis
538 2957 636 3014 novelli
660 2958 714 3025 isti,
729 2957 775 3030 qui
791 2966 899 3031 tempo·
956 2959 1025 3026 sitis,
1041 2958 1216 3015 nibilominus
1239 2957 1377 3014 sitientem
1398 2956 1536 3012 assumitis
1554 2956 1647 3026 (beot.
1671 2969 1756 3020 xxix,

103 3043 178 3101 ribus
197 3044 239 3099 bis
260 3043 371 3116 prodire
392 3053 545 3117 coeperuut,
569 3045 712 3118 compositi
735 3054 764 3102 et
781 3047 858 3103 nitidi
872 3001 937 3103 etc
957 3049 1011 3119 lt).
1022 3047 1171 3120 Propterea
1181 3046 1246 3113 dixi,
1258 3046 1385 3105 libenter
1398 3045 1548 3104 sustinetis
1558 3044 1755 3117 insipientem,

101 3132 229 3200 dealbati,
249 3141 277 3191 et
291 3134 416 3206 quaedam
431 3133 579 3207 progenies
601 3135 703 3202 Laban,
720 3134 765 3207 qui
780 3136 898 3193 Dealbu-
954 3152 1021 3195 cum
1035 3137 1100 3194 sitis
1110 3136 1167 3210 ipsi
1175 3137 1337 3210 sopientes:
1353 3133 1477 3208 quamvis
1492 3150 1546 3190 non
1562 3141 1616 3187 tarn
1631 3148 1675 3187 me
1690 3148 1758 3188 sus-

102 3229 146 3277 tus
160 3221 268 3289 dieitur,
284 3237 336 3279 nec
358 3221 485 3280 llachehs
509 3221 537 3278 in
560 3224 613 3280 hoc
631 3223 777 3296 adaequant
789 3225 900 3282 modes·
955 3224 1055 3292 timetis,
1071 3239 1153 3298 quarn
1168 3239 1184 3279 s
1198 3238 1242 3279 me
1256 3224 1371 3280 verbum
1386 3223 1564 3296 extorquetis.
1580 3223 1602 3276 t
1617 3221 1695 3278 vobis
1707 3237 1757 3278 ac·

102 3309 165 3365 tiam
191 3324 198 3363 τ
228 3311 300 3383 quod
324 3310 369 3366 illa
386 3310 512 3367 vanitatis
530 3311 675 3368 mundauae
695 3312 809 3370 formam
823 3314 900 3370 iulir·
955 3312 1016 3385 cepi
1037 3313 1242 3384 mandatum,a
1266 3312 1343 3368 vobis
1361 3311 1513 3377 materiam,
1530 3311 1606 3383 qna-i
1630 3310 1658 3366 in
1682 3312 1757 3366 omni

103 3398 202 3457 miletis
221 3398 325 3456 obtexit
338 3407 367 3455 et
380 3398 521 3457 excusavit
535 3399 690 3470 velamine;
707 3401 753 3458 isti
766 3418 833 3460 vero
849 3419 896 3459 sae·
955 3401 1056 3474 possim
1072 3402 1130 3457 solo
1145 3400 1261 3458 viventia
1280 3417 1358 3473 aqum
1372 3416 1457 3456 venas
1472 3400 1602 3470 reperire,
1617 3407 1647 3455 et
1668 3400 1759 3455 semi-

102 3486 251 3545 eularitatis
274 3498 302 3546 et
324 3488 519 3562 superfluitatis
536 3490 676 3562 negotium
694 3491 787 3550 colore
804 3492 900 3566 depiu-
955 3506 1022 3547 nare
1036 3506 1120 3562 super
1133 3505 1230 3546 omnes
1245 3505 1343 3562 aquas;
1355 3496 1383 3544 et
1396 3489 1448 3544 sub
1464 3488 1532 3543 hora
1549 3487 1631 3543 verba
1646 3486 1712 3541 mihi
1722 3485 1758 3540 ad

103 3585 169 3648 gunt
183 3585 211 3632 et
222 3577 336 3649 palliant
350 3577 532 3642 humanitatis,
551 3595 605 3636 nou
626 3590 809 3653 expurgantes
822 3589 901 3638 vetus
956 3588 1050 3636 votum
1065 3579 1227 3636 exuberent.
1244 3577 1353 3634 Utinam
1368 3587 1424 3632 tum
1440 3575 1505 3631 mihi
1520 3575 1567 3631 fiat
1580 3576 1657 3646 juxta
1672 3573 1756 3630 fidem

104 3665 279 3734 fermentum,
303 3666 351 3722 sed
366 3665 454 3737 magis
468 3673 638 3724 ostentantes
653 3670 807 3742 peregrinis
821 3670 900 3727 cibo·
955 3676 1084 3732 vestram,
1095 3675 1124 3723 et
1133 3666 1256 3723 membra
1267 3683 1330 3723 mea
1338 3665 1431 3722 omnia
1445 3665 1472 3720 in
1487 3664 1609 3737 linguam
1620 3664 1757 3730 laxentur,

103 3767 164 3808 rum
189 3751 277 3808 festivi
300 3753 526 3825 confectionibus,
546 3755 700 3827 etcopiose
715 3757 900 3814 uonmviorom
955 3763 1060 3813 etcum
1076 3756 1209 3827 propbeta
1231 3756 1324 3812 dicere
1337 3754 1465 3828 possim:
1488 3755 1589 3811 Omnia
1607 3769 1670 3810 ossa
1693 3768 1759 3809 mea

102 3839 255 3920 laudabiles
268 3849 411 3914 apparatu.
431 3840 554 3916 Longum
574 3842 625 3899 erit
639 3843 662 3899 si
676 3844 760 3901 mulla
775 3846 902 3902 vanitatis
956 3845 1060 3909 dicent,
1070 3847 1198 3910 Domine,
1211 3848 1272 3919 quis
1285 3843 1390 3900 similis
1407 3843 1473 3899 tui?
1487 3842 1573 3913 (Psoi.
1590 3857 1680 3912 xxxiv,
1699 3841 1758 3911 lo.)

105 3943 264 3999 percurrere
278 3929 358 3985 velim
374 3947 489 4003 genera,
503 3939 532 3986 et
545 3933 734 4001 iactantiarum
749 3935 901 4005 catalogum
993 3937 1019 3990 t.
1035 3934 1095 4007 Ego
1108 3949 1173 3989 vero
1186 3941 1316 4004 quantum
1331 3947 1440 4003 possum
1457 3947 1505 4002 pro
1520 3940 1643 4002 tempore
1658 3929 1758 3997 enitar,

105 4023 205 4072 texere.
226 4015 257 4072 ili
277 4028 340 4074 sunt
358 4034 428 4090 quos
439 4018 532 4076 uideas
550 4021 576 4074 iu
590 4029 670 4093 gestu
687 4023 854 4079 thrasones:
875 4024 901 4079 in
957 4030 985 4079 et
1006 4022 1079 4077 labia
1094 4036 1154 4076 mea
1174 4038 1228 4077 nou
1251 4021 1412 4094 prohibebo.
1429 4021 1543 4076 Tantum
1560 4019 1587 4074 id
1602 4026 1706 4081 cavete,
1724 4034 1760 4073 ne

104 4105 235 4166 coumviis
249 4121 396 4179 caupones,
412 4108 441 4164 in
455 4106 587 4164 conviciis
599 4110 775 4182 gnathones:
797 4111 903 4170 bisunt
957 4111 1071 4167 verbum
1095 4110 1205 4166 Domini
1228 4111 1260 4165 ad
1285 4125 1338 4175 me,
1362 4109 1416 4165 imo
1438 4108 1473 4163 ad
1497 4108 1586 4179 ipsum
1605 4114 1761 4162 revertatur

105 4201 150 4271 qui
165 4195 217 4253 sibi
231 4195 317 4253 videri
332 4197 426 4255 volunt
441 4196 468 4252 iu
483 4197 608 4268 capitulis
621 4198 750 4265 Catones,
770 4200 798 4257 iu
812 4201 903 4258 causis
957 4213 1083 4256 vacuum.
1107 4198 1204 4272 Neque
1232 4197 1305 4254 enim
1331 4204 1496 4264 revertetur,
1524 4195 1674 4252 dummodo
1703 4210 1760 4250 non

62 4285 64 4291 '
105 4286 263 4352 Cicerones,
278 4284 307 4341 iu
327 4285 420 4342 metris
442 4287 581 4357 blarones;
604 4286 723 4359 denique
736 4288 765 4344 iu
779 4289 902 4345 collocu-
958 4287 1039 4343 eadat
1062 4294 1143 4344 secus
1166 4287 1248 4351 marn,
1268 4303 1322 4343 nou
1347 4285 1427 4343 cadat
1454 4301 1536 4357 supra
1555 4292 1671 4356 petram.
1691 4299 1759 4351 non,

105 4374 225 4431 tionibus
243 4381 307 4430 sunt
323 4373 411 4444 mimi,
436 4389 491 4431 non
515 4375 652 4432 monaehi.
668 4375 783 4448 Copiose
801 4377 903 4447 iocosis
920 4384 943 4462 n
958 4376 1037 4432 eadat
1062 4375 1089 4429 in
1108 4374 1194 4447 spinis
1215 4374 1329 4445 (hetti.
1350 4389 1406 4438 xttt,
1434 4377 1489 4440 bb,
1508 4374 1613 4441 lt-tb).
1636 4372 1678 4426 ub
1704 4371 1760 4438 bis,

106 4462 253 4519 verborum
271 4461 374 4518 salibam
389 4461 493 4529 tluuut;
518 4478 572 4518 non
597 4462 650 4519 illis
665 4463 699 4520 da
714 4464 813 4537 quibus
829 4466 904 4536 Apo·
958 4465 1079 4537 inquam,
1095 4466 1237 4521 observate
1262 4464 1349 4530 vobis,
1366 4479 1382 4517 a
1400 4462 1461 4527 viis,
1477 4479 1492 4517 a
1507 4461 1603 4532 petris,
1619 4476 1635 4515 a
1659 4459 1759 4531 spinis.

106 4551 200 4617 stolus,
213 4553 309 4610 &rino
324 4557 534 4625 occursemper
549 4552 581 4608 io
594 4553 692 4625 qratia
705 4552 905 4612 soloeouditus
960 4553 1040 4610 l'rimi
1070 4553 1254 4632 hnpedimeuti
1283 4567 1376 4614 eausa,
1410 4550 1512 4606 inimici
1538 4549 1685 4612 calliditas;
1713 4562 1759 4604 se·

107 4639 146 4696 sit
159 4640 275 4703 imno.
289 4655 326 4705 vv,
343 4640 372 4711 6)
383 4657 390 4694 :
402 4640 491 4713 magis
500 4641 545 4697 illo
556 4641 654 4713 dequo
669 4642 810 4699 Dominus.
828 4643 905 4714 Quod
959 4642 1051 4707 cundi,
1069 4643 1159 4699 cordis
1172 4641 1258 4699 nostri
1272 4640 1430 4712 duplicitas;
1446 4638 1531 4704 tertii,
1548 4653 1674 4694 curarum
1689 4636 1762 4692 mul-

108 4726 134 4783 si
143 4728 187 4783 rol
202 4726 385 4799 infatuatum
397 4730 486 4796 fuerit
497 4733 525 4786 et
541 4732 699 4800 evanuerit,
711 4733 742 4788 io
756 4733 904 4804 querulis·
960 4731 1098 4804 tiplicitas.
1114 4731 1144 4786 ln
1163 4730 1251 4801 primo
1265 4728 1454 4802 imprudenter
1469 4744 1519 4784 nos
1533 4724 1718 4790 custodimus;
1734 4725 1763 4781 in

110 4813 183 4873 inf?
196 4815 310 4886 (mlh
326 4833 353 4883 Vr
371 4816 428 4888 ι3·)
959 4820 1081 4878 secundo
1095 4819 1218 4893 segniter
1231 4818 1396 4889 excohmus3
1411 4818 1439 4873 in
1454 4817 1535 4874 tertio
1549 4814 1630 4871 nimis
1643 4814 1764 4887 diligen·

145 4908 188 4961 ll.
204 4905 317 4975 Propter
327 4902 395 4961 tales
408 4920 476 4976 ergo
488 4905 588 4962 videris
598 4906 663 4963 milri
674 4908 796 4966 studiose
810 4917 905 4966 reten·
960 4918 1003 4966 ter
1025 4909 1115 4965 aliena
1136 4924 1271 4964 curamus.
1288 4910 1316 4964 ln
1341 4907 1429 4980 primo
1448 4905 1567 4963 molliter
1587 4903 1761 4972 resistimus,

109 4992 217 5060 tandm,
239 5001 267 5049 et
281 5008 335 5049 nou
359 4994 579 5062 commutandus;
603 5005 631 5052 et
654 4996 677 5051 si
699 4997 747 5069 qui
761 4997 816 5064 alii,
833 4997 905 5069 apud
960 4997 1124 5053 insecundo
1146 4997 1181 5051 ab
1197 4997 1317 5068 incoepto
1339 4995 1517 5062 desistimus;
1532 4994 1559 5049 in
1583 4991 1663 5049 tertio
1677 4992 1764 5048 rebus

109 5083 318 5155 quassatque,
327 5090 357 5137 ut
366 5082 453 5150 aiunt,
464 5083 622 5140 rusticitatis
633 5085 762 5141 resedere
772 5085 905 5157 vestigia:
960 5085 1134 5158 supervacuis
1152 5085 1266 5142 solhcite
1290 5084 1452 5141 insistimus.
1469 5084 1498 5138 ln
1519 5083 1607 5155 primo
1630 5079 1764 5154 cogitatio

110 5186 157 5237 ue,
181 5172 204 5226 si
222 5173 324 5230 bonum
345 5171 431 5229 salem
453 5171 623 5243 abjiciamus,
640 5171 802 5229 infatuatum
815 5173 905 5231 susci·
960 5181 1054 5231 nostra
1063 5174 1167 5240 mallim
1179 5175 1206 5230 in
1222 5175 1342 5231 seeundo
1353 5173 1461 5230 mobilis
1472 5191 1480 5237 t
1491 5173 1520 5228 in
1535 5169 1762 5228 tertiomolosta:

111 5257 225 5328 piamus,
241 5268 270 5316 et
281 5261 422 5333 conhugat
436 5260 502 5317 illud
515 5260 716 5334 propheticum,
732 5263 765 5318 lo
776 5262 907 5320 siccitate
960 5265 1015 5320 imo
1029 5264 1057 5320 in
1072 5265 1124 5320 hoc
1139 5264 1219 5322 tertio
1234 5263 1312 5320 simul
1328 5271 1356 5320 et
1370 5262 1468 5329 mollis,
1485 5268 1512 5317 ct
1526 5259 1645 5321 mobilis,
1661 5265 1689 5314 et
1703 5273 1763 5312 mo-

110 5347 298 5419 messesiltiop
311 5354 505 5417 couterentur,
521 5349 655 5409 mulieres
668 5351 812 5408 canuntur
825 5351 907 5408 oldo-
959 5353 1048 5420 lesta3
1063 5352 1153 5410 mollis
1166 5354 1194 5409 in
1213 5352 1406 5425 voluptatibus,
1422 5349 1530 5407 mobilis
1549 5349 1576 5404 in
1597 5346 1763 5403 transitoriis

111 5439 206 5509 tntu·
224 5452 288 5498 em
308 5438 378 5508 (leo.
401 5452 493 5508 uvu,
509 5438 565 5509 ll).
584 5440 695 5516 Possem
712 5438 835 5516 singulus
857 5439 907 5496 tibi
959 5441 1059 5501 dividis
1073 5448 1102 5499 et
1113 5441 1296 5512 facoltatibus,
1311 5440 1427 5501 molesta
1442 5440 1469 5495 in
1489 5437 1579 5497 anxiis
1594 5444 1622 5494 et
1634 5435 1761 5495 sollicitis
