3712 5970
93 148 165 211 im
628 137 728 199 tuan
745 135 788 197 1)ss
805 133 899 197 MODO
916 131 1001 195 BENE
1019 130 1169 193 llthtm.

91 275 196 331 honum
209 270 315 344 fragilia
327 276 389 324 sunt
404 285 412 322 ι
427 266 476 323 sed
493 267 517 321 ai
541 279 597 319 non
620 270 775 328 careantur,
791 268 818 315 et
833 275 882 330 per
897 274 921 353 fl
936 257 1068 330 pellantur
1087 257 1123 311 ab
1146 255 1250 311 anima.
1271 257 1390 311 handus
1413 271 1481 311 cum
1511 256 1595 312 omni
1615 256 1673 314 deu

92 378 169 417 usum
195 359 223 414 in
249 354 472 414 consuetudinem
495 360 643 417 transeant,
671 351 698 405 in
729 347 882 404 novissi-nis
937 344 1035 400 assiste
1055 344 1085 400 iu
1106 352 1254 416 conspeetu
1280 344 1391 400 Domini
1417 345 1450 399 in
1469 353 1609 414 tempore
1631 359 1673 402 ort

92 449 197 505 iortiter
210 445 415 512 muralescunt3
427 443 463 496 ita
481 450 510 496 ut
526 455 676 512 nunquam,
688 447 735 493 aut
749 452 814 493 cum
828 435 883 491 dil·
937 443 1000 498 tnae,
1017 441 1048 488 ut
1060 431 1240 488 imminentem
1249 432 1427 488 tentationem
1438 432 1554 489 diaboli
1570 432 1673 491 laeiliut

92 537 209 595 limitate
224 536 380 591 vincantur.
407 531 538 586 Diabolus
561 526 808 600 quandodecipere
832 524 885 581 ati·
939 521 977 577 sis
990 519 1117 577 eradere.
1134 520 1286 595 Cognosce,
1299 520 1470 577 venerahilis
1496 535 1596 587 soror,
1614 525 1674 594 quis

92 640 172 696 quem
187 623 324 678 hominem
347 619 454 691 quaerit,
471 617 546 689 prius
567 625 688 671 naturam
704 613 886 681 uniuscuius-
941 609 1029 665 solum
1045 609 1177 663 dehemus
1191 624 1312 681 pugnare
1326 617 1428 664 conus
1443 609 1558 664 diaboli
1573 616 1674 668 tentatis

92 709 271 784 quehominis
286 707 409 775 intendit,
425 717 451 761 et
466 704 529 759 inde
543 701 795 775 seapplicat,nnde
814 699 890 755 uidet
942 695 992 751 sed
1014 693 1094 751 etiam
1117 701 1210 750 contra
1231 694 1295 749 vitia
1321 695 1425 750 carnis.
1452 694 1581 764 Quare?
1603 698 1669 767 Quis

93 800 228 858 hominem
248 806 340 868 aptum
356 796 387 850 ad
406 793 585 867 peccandum.
602 791 678 847 Unde
692 793 789 846 heatus
800 786 889 842 1sid0-
943 782 1110 854 concupiscit
1131 781 1258 838 adversus
1278 783 1417 854 spiritum,
1447 785 1574 854 spiritus
1600 794 1674 843 auten

95 905 142 945 rua
158 907 195 944 :s
220 885 344 955 Amplius
364 887 449 940 tenmt
469 879 746 941 dnodnshnmmm
768 885 891 946 exparte
943 885 1041 927 sersus
1066 884 1184 925 carnem
1209 867 1273 924 ideo
1299 878 1353 924 tam
1375 878 1604 940 perseveranter
1629 874 1674 929 del

92 974 141 1033 illa
158 992 213 1048 qna
234 988 297 1030 eum
311 972 385 1027 videt
403 987 451 1041 per
473 976 673 1025 excrescentem
697 967 838 1020 humorem
850 964 894 1018 ia·
947 972 1036 1023 orare,
1051 972 1192 1029 quousque
1214 958 1349 1026 possimus
1363 973 1414 1029 per
1445 961 1572 1029 gratiam
1594 960 1643 1015 oei
1656 978 1675 1017 n

94 1064 145 1119 cite
161 1060 279 1117 inclinari
302 1059 336 1113 ad
351 1058 432 1124 ritia3
455 1065 484 1110 ut
505 1054 659 1111 secundum
680 1052 803 1108 humoris
824 1065 894 1107 eou-
948 1047 1050 1103 stiones
1063 1044 1211 1101 carnalium
1225 1044 1424 1102 desideriorum
1449 1057 1544 1117 atque
1565 1046 1675 1109 88⁸1

95 1149 264 1222 mersionem
296 1146 423 1202 adhibeat
457 1152 485 1199 ct
511 1143 685 1200 tentationem
716 1158 724 1194 ε
753 1139 823 1196 sicut
850 1138 896 1194 ille
950 1137 1038 1191 tiones
1052 1135 1204 1190 daemonum
1232 1133 1347 1190 vincere.
1371 1135 1531 1206 Frequens
1554 1139 1675 1195 oratioe

97 1238 144 1309 qui
166 1252 262 1310 aquam
290 1232 410 1301 deducit,
440 1247 493 1288 non
517 1246 577 1286 earn
607 1246 656 1301 per
680 1229 760 1283 aliam
794 1234 897 1297 partem
951 1222 1011 1295 guit
1034 1220 1267 1294 impugnationem
1281 1221 1421 1280 vitiorum.
1440 1223 1551 1281 Oratio
1572 1226 1675 1283 conum

95 1326 186 1395 mittit,
215 1323 267 1380 nisi
290 1322 336 1378 uhi
362 1337 420 1376 eam
444 1320 543 1377 melius
569 1334 676 1375 currere
703 1316 854 1388 cognoscit.
886 1336 896 1363 ι
952 1318 1030 1384 perat
1045 1310 1099 1366 tela
1121 1309 1232 1366 diaboli.
1248 1309 1340 1366 Oratio
1354 1322 1398 1366 est
1414 1312 1513 1382 prima
1534 1314 1628 1370 uirtus
1641 1316 1675 1372 ad

95 1417 127 1470 in
141 1421 198 1471 tota
216 1414 269 1469 rita
293 1410 417 1465 diabolus
439 1409 514 1479 cupit
527 1407 662 1463 hominem
683 1404 817 1476 decipere,
849 1405 896 1458 sod
954 1399 1132 1456 tentationum
1146 1399 1283 1455 incursus.
1298 1400 1383 1474 igitur
1408 1416 1499 1457 soror
1527 1403 1676 1461 charis&

96 1501 211 1571 amplius
235 1500 261 1554 in
285 1497 400 1553 tinniit
422 1496 476 1552 hoc
489 1502 529 1550 cst
551 1493 626 1566 quod
641 1492 668 1547 in
685 1491 818 1562 principio
839 1505 896 1545 ser-
951 1498 979 1542 ut
999 1489 1056 1557 jam
1084 1487 1141 1541 dixi
1157 1486 1217 1554 tihi,
1240 1505 1287 1558 por
1310 1488 1453 1545 orationes
1479 1491 1585 1549 vinces
1606 1502 1676 1550 ιειιιι

98 1590 171 1663 penti
192 1589 294 1644 dictum
323 1596 363 1640 est
380 1603 388 1639 ε
408 1588 445 1642 Tu
463 1583 644 1641 insidiaberis
670 1583 805 1637 caleaneo
833 1582 894 1651 ejus
949 1575 1107 1632 diabolicas.
1122 1573 1177 1630 Sed
1200 1574 1224 1630 si
1238 1574 1327 1633 adhuc
1340 1576 1430 1632 sentis
1449 1579 1609 1635 molestias
1630 1597 1676 1639 ear

96 1681 175 1746 (Gen.
193 1694 234 1744 ιιι,
251 1678 307 1748 15).
322 1677 400 1731 Tunc
417 1673 541 1730 diabolus
553 1672 680 1728 calcaneo
695 1670 813 1725 hominis
826 1668 894 1723 insi·
949 1664 1068 1737 tangeris
1082 1663 1198 1719 tumulis
1211 1662 1311 1733 carnis,
1330 1663 1354 1719 si
1368 1667 1515 1721 memoria
1531 1668 1658 1725 hhrdanrs

97 1767 196 1835 diatnr,
220 1761 593 1838 quandocuminfinevitae
610 1760 737 1830 decipere
761 1767 891 1825 conatur3
949 1754 1037 1809 titillat
1058 1751 1177 1807 animum
1193 1751 1328 1819 tuum3si
1355 1768 1422 1809 caro
1438 1762 1491 1808 tua
1516 1755 1676 1812 adhncta:

99 1856 165 1929 quia
178 1854 302 1909 nimirum
323 1849 447 1906 diabolus
471 1849 608 1903 hominem
623 1862 705 1918 quem
724 1843 813 1916 spatio
834 1845 895 1899 vinc
949 1849 1025 1915 goat,
1040 1840 1064 1896 si
1078 1848 1104 1896 te
1117 1839 1224 1895 luxuria
1238 1846 1331 1909 tentat,
1345 1841 1368 1896 si
1383 1848 1413 1896 te
1428 1842 1527 1898 libido
1543 1844 1577 1899 ad
1596 1861 1677 1917 penes

101 1960 155 2001 non
170 1940 283 2012 decepit,
311 1938 340 1991 in
367 1935 421 1993 line
448 1935 574 2005 decipere
601 1934 729 2004 disponit.
765 1932 893 1999 Proinde,
950 1931 1044 1986 inritat
1059 1946 1066 1984 :
1082 1928 1171 1998 objice
1190 1928 1240 1983 tibi
1260 1929 1420 1984 memori-tm
1441 1933 1555 1986 mortis
1569 1942 1677 2004 tumpr

100 2029 222 2103 quamvis
245 2028 325 2082 homo
340 2023 375 2077 sit
395 2022 496 2095 justus,
520 2039 654 2095 nunqnam
676 2031 763 2077 tamen
781 2022 818 2077 ita
841 2021 893 2077 sihi
950 2018 1000 2072 tihi
1019 2019 1136 2073 loturum
1159 2016 1300 2085 judicium,
1316 2019 1456 2073 reduced
1480 2021 1656 2075 memoriam

99 2119 173 2184 lidat,
190 2126 219 2171 ut
232 2114 267 2169 sit
280 2113 307 2168 in
323 2110 440 2167 haesita
456 2126 569 2167 securus
585 2128 592 2166 :
608 2112 657 2167 sed
673 2126 780 2182 semper
800 2109 891 2166 humi-
948 2113 1092 2173 tormenta,
1107 2118 1230 2175 propone
1255 2104 1304 2160 tihi
1331 2111 1436 2160 temtus
1458 2107 1633 2178 supplici23
1648 2118 1677 2166 et

99 2207 132 2264 lis
144 2210 247 2269 caveat,
267 2215 426 2272 semperque
440 2214 474 2256 nc
488 2198 517 2255 in
529 2198 584 2255 tine
597 2200 764 2273 decipiatur,
789 2196 894 2254 sollici·
949 2207 1072 2267 propone
1086 2201 1149 2248 ante
1170 2192 1262 2248 oculos
1291 2198 1352 2248 tuos
1376 2202 1546 2264 perpetuos
1570 2196 1677 2266 ignesi

100 2304 144 2351 lug
154 2292 333 2364 pertimescat,
949 2298 1018 2354 rum,
1035 2295 1155 2354 propone
1179 2280 1227 2336 tihi
1254 2280 1398 2337 horribiles
1413 2297 1523 2353 poenas
1537 2285 1678 2355 gehenne

136 2380 196 2438 loll.
208 2378 303 2452 lgimr,
321 2391 400 2433 soror
414 2374 479 2430 mihi
494 2374 521 2429 in
534 2373 643 2431 Christo
654 2372 764 2443 dilecta,
780 2389 895 2432 necesse
949 2369 1035 2426 moria
1047 2367 1151 2425 ardoris
1164 2368 1294 2442 gehenne
1307 2369 1472 2442 exstinguat
1487 2371 1522 2426 in
1541 2379 1572 2429 te
1586 2374 1678 2430 ardon

99 2477 141 2527 est
154 2477 184 2525 ut
197 2466 373 2538 deprecemur
387 2465 475 2520 Deum
488 2463 711 2534 omnipotentem,
729 2479 762 2518 ne
780 2465 894 2534 permit·
950 2457 1044 2515 surim.
1059 2458 1159 2514 Amen.

101 2566 139 2615 tat
152 2572 202 2612 nos
226 2553 323 2612 tentari
346 2569 429 2626 supra
443 2552 469 2606 id
488 2551 561 2623 qnod
576 2567 719 2624 possumus
737 2552 870 2608 sustinere
887 2571 892 2609 :
1129 2603 1135 2614 ,
1158 2545 1280 2602 LXVIII.
1296 2548 1384 2602 —De
1398 2548 1546 2604 somniis.

100 2646 164 2719 quia
186 2658 293 2714 semper
307 2642 380 2697 Deus
399 2641 466 2697 niret
485 2640 587 2697 diaboli
613 2640 761 2713 restringit,
777 2655 813 2696 ne
834 2648 896 2696 otn-
988 2639 1048 2690 1110.
1076 2634 1270 2692 Honestissima
1292 2648 1381 2706 soror,
1410 2650 1444 2691 ea
1474 2653 1547 2708 quae
1573 2638 1678 2696 mount

102 2743 158 2788 tum
172 2738 276 2794 noceat,
290 2736 417 2799 quantum
432 2743 529 2784 nooom
552 2727 636 2798 cupit.
653 2728 731 2785 Unde
753 2727 781 2782 in
803 2730 896 2784 Canti-
951 2727 1049 2779 seule.
1080 2723 1160 2794 Saepe
1196 2722 1225 2779 in
1260 2723 1385 2780 noctibus
1407 2723 1562 2782 daemones
1595 2743 1678 2785 occur

102 2821 142 2878 cis
160 2817 327 2875 canticorum
346 2815 465 2888 Spiritus
487 2824 595 2871 sauctus
608 2815 745 2872 diabolum
768 2817 896 2888 increpat,
913 2815 935 2892 c
950 2813 1111 2868 conturbant
1137 2827 1235 2868 sensus
1262 2812 1403 2867 hominum
1433 2829 1486 2883 per
1517 2815 1677 2874 visiones:

102 2909 196 2965 dicens
211 2925 218 2963 ς
236 2905 333 2978 Surge,
350 2906 444 2977 aquilo
454 2925 464 2973 ,·
475 2909 503 2962 et
520 2907 592 2974 veni,
608 2909 721 2970 noster,
736 2907 827 2978 persto
838 2906 903 2962 hor·
956 2901 1037 2957 etiam
1057 2911 1150 2972 aperta
1174 2900 1376 2973 impugnatione
1391 2915 1564 2972 grassantes
1584 2920 1679 2980 corpo

105 3003 168 3055 tam
177 3012 281 3061 meam,
292 2998 320 3053 et
330 2996 424 3064 (luunt
434 2997 566 3051 oromate
575 2994 786 3061 itliusldontic.
796 3009 834 3050 tv.
846 2997 901 3062 16).
956 2989 1058 3045 minum
1072 2989 1220 3046 verberant.
1236 2989 1347 3045 Diverso
1361 2990 1443 3045 modo
1458 2989 1539 3047 fiunt
1553 2994 1679 3053 somnia.

106 3086 156 3140 Per
169 3085 335 3153 aquilonem,
353 3083 398 3152 qui
414 3081 441 3135 in
457 3082 560 3151 frigore
574 3081 734 3151 constringit
746 3092 773 3137 et
787 3089 902 3152 torpen-
956 3078 1018 3135 darn
1031 3077 1136 3134 somnia
1149 3077 1276 3135 eveniunt
1289 3093 1340 3149 per
1354 3077 1544 3147 saturitatem,
1562 3082 1629 3138 sine
1647 3099 1679 3156 pe

105 3179 147 3229 tes
168 3169 242 3235 iacit,
269 3168 333 3240 quid
356 3167 430 3222 aliud
448 3167 500 3223 uisi
523 3167 677 3223 immundus
700 3168 810 3240 spiritus
830 3169 903 3224 desi·
956 3165 1304 3237 nanitionem3quaeetiam
1325 3179 1372 3235 per
1382 3166 1595 3234 experientiam
1609 3180 1677 3227 uota

106 3269 212 3335 guntur,
233 3255 279 3326 qui
300 3256 365 3311 dum
379 3261 463 3311 tentat
476 3264 502 3311 et
515 3256 636 3326 possidet
653 3270 747 3312 omnes
761 3259 902 3329 repmbos,
956 3254 1081 3324 quadarn
1102 3252 1183 3310 etiam
1209 3270 1241 3310 es
1257 3253 1395 3324 proposita
1415 3255 1599 3328 cogitatione
1628 3258 1680 3319 orit

106 3349 208 3404 abono
227 3360 308 3415 opere
324 3353 434 3416 torpere
457 3342 537 3399 inciti
553 3359 602 3415 per
614 3345 744 3403 Austrum
763 3361 839 3413 vero,
853 3347 905 3403 sci·
958 3357 1020 3397 nam
1030 3357 1103 3413 saepe
1117 3357 1178 3414 quae
1191 3340 1219 3397 in
1238 3341 1282 3397 die
1298 3340 1465 3414 cogitamus,
1484 3341 1516 3398 in
1532 3354 1680 3405 necteret

107 3434 171 3493 licet
184 3433 303 3493 calidum
325 3442 447 3498 ventum,
468 3432 586 3504 Spiritus
605 3440 715 3488 sanctus
727 3433 904 3506 designatum
958 3430 1059 3488 seimus
1078 3448 1085 3487 :
1107 3430 1189 3486 multa
1211 3428 1315 3487 somnia
1333 3429 1462 3486 eueniunt
1490 3447 1527 3487 ex
1557 3433 1680 3492 illusion

111 3523 240 3596 quidum
264 3528 371 3576 mentes
384 3521 530 3577 electorum
546 3520 642 3591 tangit,
660 3521 694 3576 ab
710 3521 783 3575 omni
798 3529 905 3595 torpore
957 3518 1283 3588 mundorumspiritnum,
1300 3518 1443 3574 Salomone
1458 3527 1631 3589 attestante,
1647 3540 1680 3596 qu

113 3613 261 3677 retentet
276 3609 409 3666 ferventes
422 3607 450 3663 in
464 3607 514 3664 Dei
527 3623 622 3665 amore
638 3608 711 3666 lacit.
726 3609 800 3681 Ergo
814 3619 905 3682 surgat
958 3607 1681 3686 llrrltorerroresecernntromrtin,ete.eciderntatq

114 3699 213 3771 aquilo,
233 3697 261 3754 id
276 3704 317 3753 nst
331 3697 467 3768 malignus
492 3696 602 3768 spiritus
616 3697 649 3751 ab
662 3697 791 3763 Ecclesia,
812 3701 855 3756 vel
871 3699 925 3753 ab·
960 3698 1002 3752 tes
1016 3698 1048 3752 in
1066 3696 1127 3751 illis
1140 3695 1238 3768 (Eccli.
1253 3697 1411 3768 aarum:
1428 3699 1563 3768 quaedam
1581 3708 1680 3758 autem

116 3801 276 3860 unaqueque
290 3785 364 3842 fideli
376 3785 464 3840 anima
479 3785 620 3841 discednta
642 3801 676 3843 ne
694 3785 811 3858 amplius
819 3788 906 3845 tentet
960 3800 1009 3841 nes
1029 3786 1104 3855 justo
1122 3785 1249 3845 eveniunt
1261 3785 1354 3857 modo,
1378 3783 1405 3839 id
1430 3792 1580 3858 estsuper
1597 3790 1681 3848 retal

112 3893 193 3950 quam
216 3881 343 3944 oportet:
367 3872 509 3944 veniatque
530 3881 662 3930 auster-et
683 3874 779 3946 perflet
797 3876 905 3933 hortum
958 3872 1097 3945 mysterio,
1120 3874 1190 3931 sicut
1203 3872 1232 3929 in
1246 3873 1329 3930 veteri
1348 3874 1523 3930 Testamento
1539 3874 1681 3951 legitur<

111 3963 213 4036 sponsi,
231 3970 258 4016 et
272 3962 358 4016 lluant
371 3969 495 4016 aromata
510 3961 597 4023 illius;
614 3969 643 4016 ut
664 3961 782 4033 Spiritus
800 3973 909 4021 sanctus
964 3962 1032 4035 seph
1048 3961 1103 4018 filio
1126 3962 1222 4031 iacob,
1236 3962 1283 4033 qui
1302 3977 1350 4033 per
1365 3963 1504 4018 somnium
1521 3962 1681 4024 iratribusr

109 4051 236 4108 videlicet
255 4048 407 4105 adveniens
420 4049 510 4119 ignem
524 4048 665 4115 eharitatis
677 4050 911 4109 montibusinlun·
927 4083 950 4162 n
964 4049 1150 4123 praeferendus
1171 4051 1253 4122 (Gen.
1276 4048 1405 4122 rustr);
1434 4050 1479 4105 rel
1508 4051 1587 4108 sicut
1615 4054 1681 4127 legit

109 4136 385 4206 dat,otatculatione
407 4143 488 4210 atque
512 4142 620 4207 torpore
635 4139 809 4212 negligentiae
824 4157 906 4198 men·
964 4138 1112 4211 Evangelio
1127 4138 1161 4195 de
1179 4138 1279 4209 loseph
1305 4153 1406 4209 sponso
1433 4137 1539 4204 Mariae,
1568 4143 1621 4214 qui
1635 4160 1682 4215 per

111 4236 164 4285 tem
177 4227 273 4284 solvat.
285 4224 362 4295 Quod
382 4227 447 4282 dum
460 4224 654 4297 agit,aromatn
667 4229 765 4298 linunt,
780 4230 845 4303 quia
855 4232 903 4288 ad·
961 4229 1037 4284 nium
1053 4236 1095 4283 est
1107 4226 1261 4282 admonitus
1284 4235 1313 4281 ut
1330 4223 1437 4298 lugeret
1455 4240 1519 4282 eum
1534 4245 1632 4299 puero
1648 4230 1678 4287 in

111 4315 235 4372 veniente
258 4314 358 4386 Spiritu
386 4322 488 4381 saneto,
504 4316 639 4386 corquod
659 4314 735 4387 prins
758 4323 903 4394 torpuerat,
960 4324 1034 4390 ptum
1065 4316 1176 4387 (llottlr.
1193 4316 1235 4385 ιι).
1247 4313 1445 4387 Nonnunquam
1469 4315 1605 4375 occidunt
1632 4337 1683 4394 per

111 4406 145 4462 ad
159 4404 229 4461 bona
241 4418 325 4473 opera
343 4417 372 4459 se
396 4401 506 4469 excitat,
522 4410 548 4458 ot
571 4403 646 4479 quasi
665 4404 762 4462 hortus
776 4407 904 4479 florescit,
958 4406 1037 4463 etiam
1054 4404 1182 4470 visiones,
1204 4403 1233 4458 id
1247 4411 1289 4460 est
1303 4403 1482 4477 cogitationes
1506 4405 1595 4463 simul
1620 4410 1682 4466 etii

109 4500 212 4565 etpost
229 4492 322 4548 liorem
337 4491 441 4548 tructus
455 4490 605 4549 redolentes
618 4508 650 4550 sc
660 4492 810 4553 reficientes
832 4494 904 4567 iacit,
960 4511 1018 4561 nes,
1034 4501 1115 4565 etque
1133 4494 1197 4551 item
1222 4493 1399 4568 cogitationes
1413 4492 1494 4548 simul
1520 4504 1548 4551 ct
1576 4496 1682 4554 revelat

109 4582 207 4656 quibus
219 4596 249 4639 se
263 4588 290 4636 et
301 4580 441 4651 proximos
455 4593 519 4636 auos
534 4594 582 4651 per
592 4581 663 4638 bona
673 4583 903 4657 exemplarelicit.
959 4581 1053 4639 Daniel
1067 4580 1172 4638 dicente
1188 4598 1195 4637 z
1215 4582 1266 4650 Qui
1279 4580 1383 4637 revehit
1398 4583 1550 4655 emysteria,
1568 4587 1683 4646 osmod

148 4671 209 4726 1119.
226 4667 436 4742 (interrogatio.)
465 4667 559 4726 Frater
581 4669 750 4739 charissime,
778 4686 857 4748 rogo,
877 4682 905 4729 ut
959 4669 1439 4744 qrreenentnrnsmttllton.1129).

110 4756 237 4815 ostendas
252 4756 320 4812 mihi
334 4756 406 4828 quod
432 4763 472 4812 est
492 4757 639 4813 remedium
663 4758 793 4817 adversus
816 4767 904 4817 teuta-
996 4761 1057 4817 161.
1073 4757 1201 4830 Quamvis
1224 4767 1313 4815 sutem
1326 4758 1451 4831 quaedam
1468 4775 1536 4815 vera
1562 4762 1678 4819 somnia

110 4846 197 4903 tiones
211 4843 376 4902 demonum.
400 4845 586 4917 (Responsio.)
599 4847 682 4905 Soror
695 4847 761 4904 mihi
780 4847 808 4904 in
821 4847 903 4905 Chri·
959 4856 1048 4904 temen
1063 4846 1141 4904 facile
1154 4862 1207 4905 non
1218 4845 1348 4902 debemus
1362 4847 1401 4902 eis
1413 4846 1535 4914 credere,
1549 4850 1622 4920 quia
1638 4867 1656 4907 e

109 4944 153 4993 sto
166 4933 265 4992 dilecta
278 4933 330 4992 hoo
347 4941 389 4991 est
412 4933 563 4991 remedium
578 4932 697 5008 ejusqui
712 4935 839 4994 uitiorum
861 4936 905 4994 vel
959 4936 996 4992 sis
1014 4935 1257 5007 imaginationibus
1271 4944 1430 5000 nascuntur,
1446 4945 1472 4990 et
1490 4936 1565 4993 unde
1581 4940 1683 4996 senisu

109 5024 264 5084 daemonum
287 5023 480 5081 tentatmnibus
502 5031 607 5093 nestum,
620 5031 650 5081 ut
663 5031 763 5097 qunuto
787 5023 905 5099 amplius
959 5024 1027 5082 lecte
1045 5039 1101 5080 uon
1123 5023 1322 5095 cognoscimus.
1352 5024 1437 5093 igitur
1461 5024 1583 5082 somniis
1616 5027 1683 5087 lacil

109 5120 234 5181 tentatur,
252 5122 324 5172 tanto
338 5112 453 5184 amplius
466 5111 502 5168 ad
515 5112 665 5171 orationem
679 5121 779 5171 currat.
795 5112 824 5171 Si
838 5129 905 5187 ergo
959 5115 1090 5171 dehemus
1103 5111 1185 5171 iidem
1199 5113 1341 5185 adhibere3
1354 5130 1388 5170 ne
1402 5112 1572 5171 tortosam
1598 5115 1628 5171 in
1646 5133 1683 5175 an

108 5200 287 5274 cogitationes
310 5202 391 5272 huius
408 5200 500 5257 saculi
519 5201 599 5258 malae
614 5211 641 5260 et
654 5199 771 5258 sordide
793 5209 904 5259 nontur-
960 5203 1027 5260 lucis
1047 5217 1077 5261 ss
1094 5200 1298 5270 transformans,
1327 5201 1447 5275 aliquem
1462 5201 1610 5260 hominem
1631 5207 1684 5265 ine

109 5289 177 5345 hant
190 5303 237 5346 eor
249 5297 367 5357 tuomst
395 5289 557 5362 persuadent
576 5288 677 5363 aliquid
699 5287 824 5348 illicitum
837 5306 904 5365 per·
957 5291 1080 5362 decipiat.
1096 5288 1249 5363 Aliquando
1272 5292 1410 5349 demones
1435 5289 1575 5363 quosdam
1592 5295 1684 5355 curio:

108 5383 216 5443 petrare
233 5394 279 5446 per
302 5376 438 5438 omhonss
460 5394 545 5451 puras
563 5386 592 5437 et
605 5376 711 5452 vigilias
725 5387 833 5435 mactas
852 5379 902 5437 de·
960 5379 1065 5439 somnia
1078 5379 1253 5438 observantes
1270 5380 1304 5437 its
1322 5378 1476 5452 deceptoria
1487 5389 1545 5437 arte
1562 5383 1684 5458 decipiu
