<?xml version="1.0" encoding="UTF-8"?>
<!DOCTYPE html PUBLIC "-//W3C//DTD XHTML 1.0 Transitional//EN"
    "http://www.w3.org/TR/xhtml1/DTD/xhtml1-transitional.dtd">
<html xmlns="http://www.w3.org/1999/xhtml" xml:lang="en" lang="en">
 <head>
  <title>
</title>
<meta http-equiv="Content-Type" content="text/html;charset=utf-8" />
  <meta name='ocr-system' content='tesseract 3.04.00' />
  <meta name='ocr-capabilities' content='ocr_page ocr_carea ocr_par ocr_line ocrx_word'/>
</head>
<body>
  <div class='ocr_page' id='page_1' title='image "./patrologiaecurs00unkngoog_0389.png"; bbox 0 0 3706 5962; ppageno 0'>
   <div class='ocr_carea' id='block_1_1' title="bbox 108 184 1754 301">
    <p class='ocr_par' dir='ltr' id='par_1_1' title="bbox 108 184 1754 301">
     <span class='ocr_line' id='line_1_1' title="bbox 108 184 1754 301; baseline 0.006 -10"><span class='ocrx_word' id='word_1_1' title='bbox 108 227 161 294; x_wconf 83' lang='lat' dir='ltr'><strong>ree</strong></span> <span class='ocrx_word' id='word_1_2' title='bbox 496 184 725 296; x_wconf 75' lang='lat' dir='ltr'><strong>mrsrrbm</strong></span> <span class='ocrx_word' id='word_1_3' title='bbox 747 234 1348 299; x_wconf 72' lang='lat' dir='ltr'><strong>otmtouauaruusuumcr.noatut.</strong></span> <span class='ocrx_word' id='word_1_4' title='bbox 1700 237 1754 301; x_wconf 84' lang='lat' dir='ltr'><strong>reo</strong></span> 
     </span>
    </p>
   </div>
   <div class='ocr_carea' id='block_1_2' title="bbox 92 356 1850 5601">
    <p class='ocr_par' dir='ltr' id='par_1_2' title="bbox 92 356 1850 5601">
     <span class='ocr_line' id='line_1_2' title="bbox 105 356 1753 458; baseline 0.003 -44"><span class='ocrx_word' id='word_1_5' title='bbox 105 365 179 414; x_wconf 89' lang='lat' dir='ltr'><strong>terra</strong></span> <span class='ocrx_word' id='word_1_6' title='bbox 193 357 287 426; x_wconf 74' lang='lat' dir='ltr'><strong>Assur,</strong></span> <span class='ocrx_word' id='word_1_7' title='bbox 301 364 331 414; x_wconf 92' lang='lat' dir='ltr'><strong>ut</strong></span> <span class='ocrx_word' id='word_1_8' title='bbox 341 356 451 416; x_wconf 83' lang='lat' dir='ltr'><strong>veniant</strong></span> <span class='ocrx_word' id='word_1_9' title='bbox 464 366 492 416; x_wconf 89' lang='lat' dir='ltr'><strong>et</strong></span> <span class='ocrx_word' id='word_1_10' title='bbox 504 359 675 432; x_wconf 86' lang='lat' dir='ltr'><strong>requiescant</strong></span> <span class='ocrx_word' id='word_1_11' title='bbox 697 359 778 418; x_wconf 87' lang='lat' dir='ltr'><strong>simul</strong></span> <span class='ocrx_word' id='word_1_12' title='bbox 793 361 820 417; x_wconf 90' lang='lat' dir='ltr'><strong>in</strong></span> <span class='ocrx_word' id='word_1_13' title='bbox 845 371 903 419; x_wconf 84' lang='lat' dir='ltr'><strong>tor·</strong></span> <span class='ocrx_word' id='word_1_14' title='bbox 919 378 943 458; x_wconf 62' lang='lat' dir='ltr'><strong>p</strong></span> <span class='ocrx_word' id='word_1_15' title='bbox 959 363 1105 420; x_wconf 86' lang='lat' dir='ltr'><strong>Dominum</strong></span> <span class='ocrx_word' id='word_1_16' title='bbox 1118 370 1195 421; x_wconf 89' lang='lat' dir='ltr'><strong>tuum</strong></span> <span class='ocrx_word' id='word_1_17' title='bbox 1209 360 1395 435; x_wconf 72' lang='lat' dir='ltr'><strong>consequaris.</strong></span> <span class='ocrx_word' id='word_1_18' title='bbox 1411 361 1511 419; x_wconf 87' lang='lat' dir='ltr'><strong>lterum</strong></span> <span class='ocrx_word' id='word_1_19' title='bbox 1524 361 1658 420; x_wconf 84' lang='lat' dir='ltr'><strong>etiterum</strong></span> <span class='ocrx_word' id='word_1_20' title='bbox 1672 361 1753 420; x_wconf 84' lang='lat' dir='ltr'><strong>incli-</strong></span> 
     </span>
     <span class='ocr_line' id='line_1_3' title="bbox 106 445 1797 524; baseline 0.005 -23"><span class='ocrx_word' id='word_1_21' title='bbox 106 445 228 502; x_wconf 90' lang='lat' dir='ltr'><strong>rentibus</strong></span> <span class='ocrx_word' id='word_1_22' title='bbox 241 445 353 502; x_wconf 80' lang='lat' dir='ltr'><strong>vallium</strong></span> <span class='ocrx_word' id='word_1_23' title='bbox 365 447 431 503; x_wconf 90' lang='lat' dir='ltr'><strong>etin</strong></span> <span class='ocrx_word' id='word_1_24' title='bbox 443 448 567 505; x_wconf 85' lang='lat' dir='ltr'><strong>cavernis</strong></span> <span class='ocrx_word' id='word_1_25' title='bbox 592 457 741 521; x_wconf 88' lang='lat' dir='ltr'><strong>petrarum,</strong></span> <span class='ocrx_word' id='word_1_26' title='bbox 757 458 785 507; x_wconf 90' lang='lat' dir='ltr'><strong>et</strong></span> <span class='ocrx_word' id='word_1_27' title='bbox 800 452 828 507; x_wconf 90' lang='lat' dir='ltr'><strong>in</strong></span> <span class='ocrx_word' id='word_1_28' title='bbox 841 467 900 508; x_wconf 92' lang='lat' dir='ltr'><strong>om·</strong></span> <span class='ocrx_word' id='word_1_29' title='bbox 958 471 1033 523; x_wconf 85' lang='lat' dir='ltr'><strong>aare,</strong></span> <span class='ocrx_word' id='word_1_30' title='bbox 1053 454 1096 512; x_wconf 87' lang='lat' dir='ltr'><strong>ret</strong></span> <span class='ocrx_word' id='word_1_31' title='bbox 1116 452 1204 510; x_wconf 86' lang='lat' dir='ltr'><strong>locum</strong></span> <span class='ocrx_word' id='word_1_32' title='bbox 1220 450 1307 509; x_wconf 72' lang='grc'><strong>510</strong></span> <span class='ocrx_word' id='word_1_33' title='bbox 1324 466 1451 519; x_wconf 83' lang='lat' dir='ltr'><strong>mcuum,</strong></span> <span class='ocrx_word' id='word_1_34' title='bbox 1469 451 1514 510; x_wconf 84' lang='lat' dir='ltr'><strong>ubi</strong></span> <span class='ocrx_word' id='word_1_35' title='bbox 1529 453 1633 524; x_wconf 88' lang='lat' dir='ltr'><strong>positus</strong></span> <span class='ocrx_word' id='word_1_36' title='bbox 1654 451 1751 524; x_wconf 86' lang='lat' dir='ltr'><strong>tuerat,</strong></span> <span class='ocrx_word' id='word_1_37' title='bbox 1793 486 1797 491; x_wconf 91' lang='lat'><em>·</em></span> 
     </span>
     <span class='ocr_line' id='line_1_4' title="bbox 107 533 1752 618; baseline 0.006 -28"><span class='ocrx_word' id='word_1_38' title='bbox 107 533 189 591; x_wconf 91' lang='lat' dir='ltr'><strong>nibus</strong></span> <span class='ocrx_word' id='word_1_39' title='bbox 219 534 325 591; x_wconf 84' lang='lat' dir='ltr'><strong>imtetis</strong></span> <span class='ocrx_word' id='word_1_40' title='bbox 352 542 378 591; x_wconf 89' lang='lat' dir='ltr'><strong>et</strong></span> <span class='ocrx_word' id='word_1_41' title='bbox 407 536 435 591; x_wconf 90' lang='lat' dir='ltr'><strong>in</strong></span> <span class='ocrx_word' id='word_1_42' title='bbox 461 536 805 596; x_wconf 78' lang='lat' dir='ltr'><strong>uniuersisloraminibus.</strong></span> <span class='ocrx_word' id='word_1_43' title='bbox 834 540 902 610; x_wconf 84' lang='lat' dir='ltr'><strong>apis</strong></span> <span class='ocrx_word' id='word_1_44' title='bbox 956 545 1056 618; x_wconf 73' lang='lat' dir='ltr'><strong>sepius</strong></span> <span class='ocrx_word' id='word_1_45' title='bbox 1069 543 1187 600; x_wconf 89' lang='lat' dir='ltr'><strong>intuere.</strong></span> <span class='ocrx_word' id='word_1_46' title='bbox 1203 542 1326 614; x_wconf 79' lang='lat' dir='ltr'><strong>Amplius</strong></span> <span class='ocrx_word' id='word_1_47' title='bbox 1339 541 1495 611; x_wconf 76' lang='lat' dir='ltr'>etamplius</span> <span class='ocrx_word' id='word_1_48' title='bbox 1512 540 1571 613; x_wconf 90' lang='lat' dir='ltr'><strong>ipse</strong></span> <span class='ocrx_word' id='word_1_49' title='bbox 1589 549 1616 597; x_wconf 87' lang='lat' dir='ltr'><strong>te</strong></span> <span class='ocrx_word' id='word_1_50' title='bbox 1634 541 1669 596; x_wconf 89' lang='lat' dir='ltr'><strong>ad</strong></span> <span class='ocrx_word' id='word_1_51' title='bbox 1692 542 1752 614; x_wconf 91' lang='lat' dir='ltr'><strong>plo-</strong></span> 
     </span>
     <span class='ocr_line' id='line_1_5' title="bbox 106 622 1752 704; baseline -0.004 -10"><span class='ocrx_word' id='word_1_52' title='bbox 106 622 187 695; x_wconf 69' lang='lat' dir='ltr'><strong>V5l8⁰</strong></span> <span class='ocrx_word' id='word_1_53' title='bbox 209 631 261 694; x_wconf 66' lang='lat'><strong>⁸⁵²2</strong></span> <span class='ocrx_word' id='word_1_54' title='bbox 277 624 323 680; x_wconf 57' lang='lat' dir='ltr'><strong>”d</strong></span> <span class='ocrx_word' id='word_1_55' title='bbox 337 624 454 697; x_wconf 61' lang='lat' dir='ltr'><strong>‘blindin</strong></span> <span class='ocrx_word' id='word_1_56' title='bbox 470 625 498 681; x_wconf 63' lang='lat'><strong>1¹¹</strong></span> <span class='ocrx_word' id='word_1_57' title='bbox 513 632 584 683; x_wconf 63' lang='lat' dir='ltr'><strong>lem</strong></span> <span class='ocrx_word' id='word_1_58' title='bbox 597 627 695 695; x_wconf 56' lang='lat' dir='ltr'><strong>&#39;Mulio</strong></span> <span class='ocrx_word' id='word_1_59' title='bbox 710 628 763 686; x_wconf 74' lang='lat'><strong>¹¹⁰0</strong></span> <span class='ocrx_word' id='word_1_60' title='bbox 777 637 828 702; x_wconf 65' lang='lat'><strong>0³²2</strong></span> <span class='ocrx_word' id='word_1_61' title='bbox 843 629 902 686; x_wconf 76' lang='lat'><strong>⁰¹³·</strong></span> <span class='ocrx_word' id='word_1_62' title='bbox 956 635 1070 691; x_wconf 90' lang='lat' dir='ltr'><strong>randum</strong></span> <span class='ocrx_word' id='word_1_63' title='bbox 1088 632 1166 690; x_wconf 89' lang='lat' dir='ltr'><strong>locus</strong></span> <span class='ocrx_word' id='word_1_64' title='bbox 1179 630 1274 699; x_wconf 82' lang='lat' dir='ltr'><strong>imitat,</strong></span> <span class='ocrx_word' id='word_1_65' title='bbox 1291 631 1355 688; x_wconf 90' lang='lat' dir='ltr'><strong>dum</strong></span> <span class='ocrx_word' id='word_1_66' title='bbox 1370 631 1430 702; x_wconf 82' lang='lat' dir='ltr'><strong>ejus</strong></span> <span class='ocrx_word' id='word_1_67' title='bbox 1445 645 1526 704; x_wconf 89' lang='lat' dir='ltr'><strong>quern</strong></span> <span class='ocrx_word' id='word_1_68' title='bbox 1540 630 1642 703; x_wconf 84' lang='lat' dir='ltr'><strong>quaeris</strong></span> <span class='ocrx_word' id='word_1_69' title='bbox 1655 631 1752 687; x_wconf 89' lang='lat' dir='ltr'><strong>absen-</strong></span> 
     </span>
     <span class='ocr_line' id='line_1_6' title="bbox 106 711 1218 793; baseline 0.009 -27"><span class='ocrx_word' id='word_1_70' title='bbox 106 711 190 767; x_wconf 88' lang='lat' dir='ltr'><strong>tiouis</strong></span> <span class='ocrx_word' id='word_1_71' title='bbox 206 721 334 781; x_wconf 88' lang='lat' dir='ltr'><strong>ncratar,</strong></span> <span class='ocrx_word' id='word_1_72' title='bbox 349 714 400 769; x_wconf 92' lang='lat' dir='ltr'><strong>mel</strong></span> <span class='ocrx_word' id='word_1_73' title='bbox 416 729 470 771; x_wconf 91' lang='lat' dir='ltr'><strong>uon</strong></span> <span class='ocrx_word' id='word_1_74' title='bbox 480 723 571 789; x_wconf 90' lang='lat' dir='ltr'><strong>potest</strong></span> <span class='ocrx_word' id='word_1_75' title='bbox 585 717 690 787; x_wconf 88' lang='lat' dir='ltr'><strong>operari</strong></span> <span class='ocrx_word' id='word_1_76' title='bbox 708 735 715 787; x_wconf 90' lang='lat'><strong>;</strong></span> <span class='ocrx_word' id='word_1_77' title='bbox 731 718 787 775; x_wconf 87' lang='lat' dir='ltr'><strong>sola</strong></span> <span class='ocrx_word' id='word_1_78' title='bbox 802 733 902 789; x_wconf 90' lang='lat' dir='ltr'><strong>repro·</strong></span> <span class='ocrx_word' id='word_1_79' title='bbox 955 725 1021 781; x_wconf 87' lang='lat' dir='ltr'><strong>tiam</strong></span> <span class='ocrx_word' id='word_1_80' title='bbox 1033 728 1218 793; x_wconf 76' lang='lat' dir='ltr'><strong>repraesentat.</strong></span> 
     </span>
     <span class='ocr_line' id='line_1_7' title="bbox 105 796 1752 882; baseline 0.005 -27"><span class='ocrx_word' id='word_1_81' title='bbox 105 800 250 872; x_wconf 78' lang='lat' dir='ltr'><strong>missionis</strong></span> <span class='ocrx_word' id='word_1_82' title='bbox 275 810 347 858; x_wconf 89' lang='lat' dir='ltr'><strong>terra</strong></span> <span class='ocrx_word' id='word_1_83' title='bbox 368 802 436 860; x_wconf 89' lang='lat' dir='ltr'><strong>lacte</strong></span> <span class='ocrx_word' id='word_1_84' title='bbox 460 812 488 860; x_wconf 89' lang='lat' dir='ltr'><strong>et</strong></span> <span class='ocrx_word' id='word_1_85' title='bbox 511 805 590 861; x_wconf 83' lang='lat' dir='ltr'><strong>mede</strong></span> <span class='ocrx_word' id='word_1_86' title='bbox 604 805 672 862; x_wconf 84' lang='lat' dir='ltr'><strong>fluit.</strong></span> <span class='ocrx_word' id='word_1_87' title='bbox 695 806 825 864; x_wconf 80' lang='lat' dir='ltr'><strong>Sibilante</strong></span> <span class='ocrx_word' id='word_1_88' title='bbox 837 822 902 880; x_wconf 84' lang='lat' dir='ltr'><strong>ergo</strong></span> <span class='ocrx_word' id='word_1_89' title='bbox 993 814 1037 868; x_wconf 81' lang='grc' dir='ltr'><strong>ιι.</strong></span> <span class='ocrx_word' id='word_1_90' title='bbox 1060 811 1142 879; x_wconf 80' lang='lat' dir='ltr'><strong>Vidit,</strong></span> <span class='ocrx_word' id='word_1_91' title='bbox 1157 809 1256 881; x_wconf 92' lang='lat' dir='ltr'><strong>inquit,</strong></span> <span class='ocrx_word' id='word_1_92' title='bbox 1272 796 1343 866; x_wconf 82' lang='lat' dir='ltr'><strong>daos</strong></span> <span class='ocrx_word' id='word_1_93' title='bbox 1357 807 1518 882; x_wconf 81' lang='lat' dir='ltr'><strong>Astpcteats</strong></span> <span class='ocrx_word' id='word_1_94' title='bbox 1532 807 1752 878; x_wconf 72' lang='lat' dir='ltr'><strong>consedentes,</strong></span> 
     </span>
     <span class='ocr_line' id='line_1_8' title="bbox 106 890 1753 972; baseline 0.007 -29"><span class='ocrx_word' id='word_1_95' title='bbox 106 890 206 962; x_wconf 89' lang='lat' dir='ltr'><strong>gratia,</strong></span> <span class='ocrx_word' id='word_1_96' title='bbox 232 905 328 947; x_wconf 87' lang='lat' dir='ltr'><strong>musea</strong></span> <span class='ocrx_word' id='word_1_97' title='bbox 352 901 379 949; x_wconf 91' lang='lat' dir='ltr'><strong>et</strong></span> <span class='ocrx_word' id='word_1_98' title='bbox 406 891 466 964; x_wconf 90' lang='lat' dir='ltr'><strong>apis</strong></span> <span class='ocrx_word' id='word_1_99' title='bbox 486 893 660 964; x_wconf 85' lang='lat' dir='ltr'><strong>conveniunt,</strong></span> <span class='ocrx_word' id='word_1_100' title='bbox 687 894 767 952; x_wconf 89' lang='lat' dir='ltr'><strong>simul</strong></span> <span class='ocrx_word' id='word_1_101' title='bbox 791 895 903 968; x_wconf 89' lang='lat' dir='ltr'><strong>requie·</strong></span> <span class='ocrx_word' id='word_1_102' title='bbox 956 902 1094 959; x_wconf 82' lang='lat' dir='ltr'><strong>asamod</strong></span> <span class='ocrx_word' id='word_1_103' title='bbox 1107 896 1753 972; x_wconf 76' lang='lat' dir='ltr'><strong>capat,etaaamccpedes,ebtpomamfae·</strong></span> 
     </span>
     <span class='ocr_line' id='line_1_9' title="bbox 106 979 1753 1063; baseline 0.007 -29"><span class='ocrx_word' id='word_1_104' title='bbox 106 985 187 1034; x_wconf 88' lang='lat' dir='ltr'><strong>scunt</strong></span> <span class='ocrx_word' id='word_1_105' title='bbox 201 979 230 1035; x_wconf 90' lang='lat' dir='ltr'><strong>in</strong></span> <span class='ocrx_word' id='word_1_106' title='bbox 243 980 407 1037; x_wconf 70' lang='lat' dir='ltr'><strong>torrentibus</strong></span> <span class='ocrx_word' id='word_1_107' title='bbox 420 981 541 1038; x_wconf 84' lang='lat' dir='ltr'><strong>uallium.</strong></span> <span class='ocrx_word' id='word_1_108' title='bbox 557 983 588 1038; x_wconf 88' lang='lat' dir='ltr'><strong>ln</strong></span> <span class='ocrx_word' id='word_1_109' title='bbox 616 982 668 1040; x_wconf 90' lang='lat' dir='ltr'><strong>illis</strong></span> <span class='ocrx_word' id='word_1_110' title='bbox 695 984 861 1041; x_wconf 76' lang='lat' dir='ltr'><strong>torrentibus</strong></span> <span class='ocrx_word' id='word_1_111' title='bbox 876 993 904 1043; x_wconf 90' lang='lat' dir='ltr'><strong>et</strong></span> <span class='ocrx_word' id='word_1_112' title='bbox 957 994 1004 1047; x_wconf 84' lang='lat' dir='ltr'><strong>rat</strong></span> <span class='ocrx_word' id='word_1_113' title='bbox 1014 986 1459 1063; x_wconf 80' lang='lat' dir='ltr'><strong>corpartcsat.ltatier,inquiuut,</strong></span> <span class='ocrx_word' id='word_1_114' title='bbox 1469 984 1660 1060; x_wconf 77' lang='lat' dir='ltr'><strong>quidpiam?</strong></span> <span class='ocrx_word' id='word_1_115' title='bbox 1670 1001 1753 1059; x_wconf 78' lang='lat' dir='ltr'><strong>quem</strong></span> 
     </span>
     <span class='ocr_line' id='line_1_10' title="bbox 106 1066 1850 1153; baseline 0.005 -31"><span class='ocrx_word' id='word_1_116' title='bbox 106 1066 166 1138; x_wconf 91' lang='lat' dir='ltr'><strong>apis</strong></span> <span class='ocrx_word' id='word_1_117' title='bbox 190 1067 225 1124; x_wconf 91' lang='lat' dir='ltr'><strong>de</strong></span> <span class='ocrx_word' id='word_1_118' title='bbox 251 1070 385 1140; x_wconf 88' lang='lat' dir='ltr'><strong>superbiae</strong></span> <span class='ocrx_word' id='word_1_119' title='bbox 413 1071 448 1127; x_wconf 91' lang='lat' dir='ltr'><strong>de</strong></span> <span class='ocrx_word' id='word_1_120' title='bbox 472 1087 565 1129; x_wconf 88' lang='lat' dir='ltr'><strong>musca</strong></span> <span class='ocrx_word' id='word_1_121' title='bbox 586 1073 621 1129; x_wconf 90' lang='lat' dir='ltr'><strong>de</strong></span> <span class='ocrx_word' id='word_1_122' title='bbox 641 1073 755 1130; x_wconf 81' lang='lat' dir='ltr'><strong>luxuriae</strong></span> <span class='ocrx_word' id='word_1_123' title='bbox 776 1074 903 1132; x_wconf 85' lang='lat' dir='ltr'><strong>sordibus</strong></span> <span class='ocrx_word' id='word_1_124' title='bbox 956 1078 1081 1153; x_wconf 76' lang='lat' dir='ltr'><strong>pararis?</strong></span> <span class='ocrx_word' id='word_1_125' title='bbox 1095 1078 1129 1134; x_wconf 74' lang='lat' dir='ltr'><strong>lit</strong></span> <span class='ocrx_word' id='word_1_126' title='bbox 1143 1075 1251 1150; x_wconf 90' lang='lat' dir='ltr'><strong>quidem</strong></span> <span class='ocrx_word' id='word_1_127' title='bbox 1273 1078 1343 1133; x_wconf 91' lang='lat' dir='ltr'><strong>bene</strong></span> <span class='ocrx_word' id='word_1_128' title='bbox 1368 1073 1513 1141; x_wconf 77' lang='lat' dir='ltr'><strong>noveratis,</strong></span> <span class='ocrx_word' id='word_1_129' title='bbox 1527 1072 1671 1146; x_wconf 91' lang='lat' dir='ltr'><strong>cpiissimi</strong></span> <span class='ocrx_word' id='word_1_130' title='bbox 1694 1074 1754 1130; x_wconf 77' lang='lat' dir='ltr'><strong>ln·</strong></span> <span class='ocrx_word' id='word_1_131' title='bbox 1842 1131 1850 1147; x_wconf 69' lang='lat'><strong>,</strong></span> 
     </span>
     <span class='ocr_line' id='line_1_11' title="bbox 105 1156 1753 1243; baseline 0.004 -32"><span class='ocrx_word' id='word_1_132' title='bbox 105 1156 298 1212; x_wconf 77' lang='lat' dir='ltr'><strong>emundantur.</strong></span> <span class='ocrx_word' id='word_1_133' title='bbox 314 1158 455 1216; x_wconf 76' lang='lat' dir='ltr'><strong>l&#39;orrentes</strong></span> <span class='ocrx_word' id='word_1_134' title='bbox 472 1159 582 1217; x_wconf 83' lang='lat' dir='ltr'><strong>uallium</strong></span> <span class='ocrx_word' id='word_1_135' title='bbox 596 1161 746 1234; x_wconf 75' lang='lat' dir='ltr'><strong>disciplinae</strong></span> <span class='ocrx_word' id='word_1_136' title='bbox 772 1171 836 1219; x_wconf 90' lang='lat' dir='ltr'><strong>sunt</strong></span> <span class='ocrx_word' id='word_1_137' title='bbox 850 1163 902 1218; x_wconf 93' lang='lat' dir='ltr'><strong>hu·</strong></span> <span class='ocrx_word' id='word_1_138' title='bbox 956 1169 1020 1243; x_wconf 74' lang='lat' dir='ltr'><strong>geli,</strong></span> <span class='ocrx_word' id='word_1_139' title='bbox 1035 1167 1098 1240; x_wconf 89' lang='lat' dir='ltr'><strong>quid</strong></span> <span class='ocrx_word' id='word_1_140' title='bbox 1120 1166 1240 1240; x_wconf 73' lang='lat' dir='ltr'><strong>ploraret</strong></span> <span class='ocrx_word' id='word_1_141' title='bbox 1258 1171 1285 1222; x_wconf 89' lang='lat' dir='ltr'><strong>et</strong></span> <span class='ocrx_word' id='word_1_142' title='bbox 1303 1178 1386 1238; x_wconf 72' lang='lat' dir='ltr'><strong>quem</strong></span> <span class='ocrx_word' id='word_1_143' title='bbox 1409 1170 1552 1237; x_wconf 83' lang='lat' dir='ltr'><strong>quaereret,</strong></span> <span class='ocrx_word' id='word_1_144' title='bbox 1572 1177 1655 1236; x_wconf 88' lang='lat' dir='ltr'><strong>quare</strong></span> <span class='ocrx_word' id='word_1_145' title='bbox 1677 1163 1753 1218; x_wconf 85' lang='lat' dir='ltr'><strong>illam</strong></span> 
     </span>
     <span class='ocr_line' id='line_1_12' title="bbox 105 1243 1753 1323; baseline 0.007 -26"><span class='ocrx_word' id='word_1_146' title='bbox 105 1243 238 1302; x_wconf 87' lang='lat' dir='ltr'><strong>militatis.</strong></span> <span class='ocrx_word' id='word_1_147' title='bbox 253 1246 399 1303; x_wconf 86' lang='lat' dir='ltr'><strong>Torrentes</strong></span> <span class='ocrx_word' id='word_1_148' title='bbox 413 1264 500 1319; x_wconf 88' lang='lat' dir='ltr'><strong>quare</strong></span> <span class='ocrx_word' id='word_1_149' title='bbox 513 1251 528 1304; x_wconf 81' lang='lat' dir='ltr'><strong>t</strong></span> <span class='ocrx_word' id='word_1_150' title='bbox 543 1248 613 1319; x_wconf 90' lang='lat' dir='ltr'><strong>Quia</strong></span> <span class='ocrx_word' id='word_1_151' title='bbox 630 1250 654 1305; x_wconf 91' lang='lat' dir='ltr'><strong>si</strong></span> <span class='ocrx_word' id='word_1_152' title='bbox 680 1250 741 1322; x_wconf 91' lang='lat' dir='ltr'><strong>quis</strong></span> <span class='ocrx_word' id='word_1_153' title='bbox 754 1265 866 1320; x_wconf 85' lang='lat' dir='ltr'><strong>moeror,</strong></span> <span class='ocrx_word' id='word_1_154' title='bbox 879 1249 902 1308; x_wconf 90' lang='lat' dir='ltr'><strong>si</strong></span> <span class='ocrx_word' id='word_1_155' title='bbox 955 1254 1192 1315; x_wconf 81' lang='lat' dir='ltr'><strong>commemorando</strong></span> <span class='ocrx_word' id='word_1_156' title='bbox 1203 1252 1339 1311; x_wconf 89' lang='lat' dir='ltr'><strong>itemmin</strong></span> <span class='ocrx_word' id='word_1_157' title='bbox 1355 1250 1652 1309; x_wconf 83' lang='lat' dir='ltr'><strong>lietuseacitatisteed</strong></span> <span class='ocrx_word' id='word_1_158' title='bbox 1668 1265 1753 1323; x_wconf 87' lang='lat' dir='ltr'><strong>prope</strong></span> 
     </span>
     <span class='ocr_line' id='line_1_13' title="bbox 103 1333 1753 1417; baseline -0.004 -13"><span class='ocrx_word' id='word_1_159' title='bbox 103 1348 159 1404; x_wconf 87' lang='lat' dir='ltr'><strong>qna</strong></span> <span class='ocrx_word' id='word_1_160' title='bbox 172 1333 290 1406; x_wconf 54' lang='lat' dir='ltr'><strong>britii&amp;</strong></span> <span class='ocrx_word' id='word_1_161' title='bbox 313 1336 341 1392; x_wconf 65' lang='lat'><strong>5¹¹</strong></span> <span class='ocrx_word' id='word_1_162' title='bbox 355 1337 522 1408; x_wconf 86' lang='lat' dir='ltr'><strong>corrigendis</strong></span> <span class='ocrx_word' id='word_1_163' title='bbox 550 1337 632 1404; x_wconf 82' lang='lat' dir='ltr'><strong>uitiis,</strong></span> <span class='ocrx_word' id='word_1_164' title='bbox 652 1338 705 1396; x_wconf 59' lang='lat'><strong>&amp;²⁰</strong></span> <span class='ocrx_word' id='word_1_165' title='bbox 729 1346 902 1410; x_wconf 64' lang='lat' dir='ltr'><strong>Pfaeltffflnl·</strong></span> <span class='ocrx_word' id='word_1_166' title='bbox 955 1354 1013 1404; x_wconf 88' lang='lat' dir='ltr'><strong>erat</strong></span> <span class='ocrx_word' id='word_1_167' title='bbox 1033 1347 1180 1417; x_wconf 78' lang='lat' dir='ltr'><strong>insperatae</strong></span> <span class='ocrx_word' id='word_1_168' title='bbox 1194 1341 1389 1400; x_wconf 81' lang='lat' dir='ltr'><strong>consolationis</strong></span> <span class='ocrx_word' id='word_1_169' title='bbox 1410 1339 1549 1417; x_wconf 83' lang='lat' dir='ltr'><strong>gandium,</strong></span> <span class='ocrx_word' id='word_1_170' title='bbox 1569 1339 1630 1398; x_wconf 85' lang='lat' dir='ltr'><strong>idac</strong></span> <span class='ocrx_word' id='word_1_171' title='bbox 1644 1347 1700 1397; x_wconf 89' lang='lat' dir='ltr'><strong>tota</strong></span> <span class='ocrx_word' id='word_1_172' title='bbox 1713 1339 1753 1399; x_wconf 82' lang='lat' dir='ltr'><strong>ria</strong></span> 
     </span>
     <span class='ocr_line' id='line_1_14' title="bbox 105 1418 1753 1506; baseline 0.001 -21"><span class='ocrx_word' id='word_1_173' title='bbox 105 1429 184 1487; x_wconf 89' lang='lat' dir='ltr'><strong>Unde</strong></span> <span class='ocrx_word' id='word_1_174' title='bbox 194 1433 299 1491; x_wconf 77' lang='lat' dir='ltr'><strong>mutter</strong></span> <span class='ocrx_word' id='word_1_175' title='bbox 315 1448 380 1490; x_wconf 84' lang='lat' dir='ltr'><strong>cam</strong></span> <span class='ocrx_word' id='word_1_176' title='bbox 387 1435 468 1506; x_wconf 83' lang='lat' dir='ltr'><strong>parit</strong></span> <span class='ocrx_word' id='word_1_177' title='bbox 483 1434 634 1492; x_wconf 80' lang='lat' dir='ltr'><strong>tristitiem</strong></span> <span class='ocrx_word' id='word_1_178' title='bbox 650 1435 832 1504; x_wconf 66' lang='lat' dir='ltr'><strong>autemeam.</strong></span> <span class='ocrx_word' id='word_1_179' title='bbox 843 1451 900 1504; x_wconf 88' lang='lat' dir='ltr'><strong>xvt,</strong></span> <span class='ocrx_word' id='word_1_180' title='bbox 955 1418 1060 1494; x_wconf 86' lang='lat' dir='ltr'><strong>doloris</strong></span> <span class='ocrx_word' id='word_1_181' title='bbox 1074 1443 1101 1491; x_wconf 91' lang='lat' dir='ltr'><strong>et</strong></span> <span class='ocrx_word' id='word_1_182' title='bbox 1118 1432 1276 1506; x_wconf 81' lang='lat' dir='ltr'><strong>plorationis</strong></span> <span class='ocrx_word' id='word_1_183' title='bbox 1289 1435 1423 1488; x_wconf 84' lang='lat' dir='ltr'><strong>excurrat.</strong></span> <span class='ocrx_word' id='word_1_184' title='bbox 1445 1430 1582 1488; x_wconf 64' lang='lat' dir='ltr'><strong>wormac</strong></span> <span class='ocrx_word' id='word_1_185' title='bbox 1594 1431 1753 1488; x_wconf 76' lang='lat' dir='ltr'><strong>retrorsum</strong></span> 
     </span>
     <span class='ocr_line' id='line_1_15' title="bbox 103 1517 1752 1592; baseline 0 -17"><span class='ocrx_word' id='word_1_186' title='bbox 103 1518 163 1589; x_wconf 66' lang='lat' dir='ltr'><strong>al),</strong></span> <span class='ocrx_word' id='word_1_187' title='bbox 177 1528 229 1577; x_wconf 91' lang='lat' dir='ltr'><strong>etc.</strong></span> <span class='ocrx_word' id='word_1_188' title='bbox 247 1523 315 1576; x_wconf 88' lang='lat' dir='ltr'><strong>Nam</strong></span> <span class='ocrx_word' id='word_1_189' title='bbox 328 1522 405 1580; x_wconf 89' lang='lat' dir='ltr'><strong>labor</strong></span> <span class='ocrx_word' id='word_1_190' title='bbox 418 1523 531 1580; x_wconf 83' lang='lat' dir='ltr'><strong>uertitur</strong></span> <span class='ocrx_word' id='word_1_191' title='bbox 544 1522 572 1579; x_wconf 93' lang='lat' dir='ltr'><strong>in</strong></span> <span class='ocrx_word' id='word_1_192' title='bbox 587 1539 718 1591; x_wconf 90' lang='lat' dir='ltr'><strong>amorem,</strong></span> <span class='ocrx_word' id='word_1_193' title='bbox 747 1535 775 1581; x_wconf 90' lang='lat' dir='ltr'><strong>et</strong></span> <span class='ocrx_word' id='word_1_194' title='bbox 789 1525 901 1582; x_wconf 79' lang='lat' dir='ltr'><strong>taedium</strong></span> <span class='ocrx_word' id='word_1_195' title='bbox 952 1526 1028 1583; x_wconf 83' lang='lat' dir='ltr'><strong>cidit</strong></span> <span class='ocrx_word' id='word_1_196' title='bbox 1038 1524 1132 1583; x_wconf 81' lang='lat' dir='ltr'><strong>tesam</strong></span> <span class='ocrx_word' id='word_1_197' title='bbox 1141 1525 1286 1591; x_wconf 64' lang='lat' dir='ltr'><strong>stactem</strong></span> <span class='ocrx_word' id='word_1_198' title='bbox 1299 1522 1328 1576; x_wconf 86' lang='lat' dir='ltr'><strong>et</strong></span> <span class='ocrx_word' id='word_1_199' title='bbox 1340 1518 1482 1578; x_wconf 69' lang='lat' dir='ltr'><strong>cescmbot</strong></span> <span class='ocrx_word' id='word_1_200' title='bbox 1492 1520 1561 1592; x_wconf 83' lang='lat' dir='ltr'><strong>qaia</strong></span> <span class='ocrx_word' id='word_1_201' title='bbox 1577 1521 1656 1577; x_wconf 78' lang='lat' dir='ltr'><strong>teras</strong></span> <span class='ocrx_word' id='word_1_202' title='bbox 1665 1517 1752 1577; x_wconf 84' lang='lat' dir='ltr'><strong>cst.0</strong></span> 
     </span>
     <span class='ocr_line' id='line_1_16' title="bbox 103 1605 1754 1688; baseline 0.001 -26"><span class='ocrx_word' id='word_1_203' title='bbox 103 1605 132 1662; x_wconf 90' lang='lat' dir='ltr'><strong>iu</strong></span> <span class='ocrx_word' id='word_1_204' title='bbox 147 1609 324 1677; x_wconf 83' lang='lat' dir='ltr'><strong>desiderium,</strong></span> <span class='ocrx_word' id='word_1_205' title='bbox 339 1620 366 1668; x_wconf 89' lang='lat' dir='ltr'><strong>et</strong></span> <span class='ocrx_word' id='word_1_206' title='bbox 386 1612 536 1669; x_wconf 85' lang='lat' dir='ltr'><strong>amaritudo</strong></span> <span class='ocrx_word' id='word_1_207' title='bbox 553 1612 582 1667; x_wconf 94' lang='lat' dir='ltr'><strong>in</strong></span> <span class='ocrx_word' id='word_1_208' title='bbox 612 1612 792 1685; x_wconf 87' lang='lat' dir='ltr'><strong>dulcedinem,</strong></span> <span class='ocrx_word' id='word_1_209' title='bbox 807 1613 901 1686; x_wconf 90' lang='lat' dir='ltr'><strong>sicque</strong></span> <span class='ocrx_word' id='word_1_210' title='bbox 955 1616 1042 1688; x_wconf 87' lang='lat' dir='ltr'><strong>pium,</strong></span> <span class='ocrx_word' id='word_1_211' title='bbox 1057 1629 1075 1671; x_wconf 93' lang='lat' dir='ltr'><strong>o</strong></span> <span class='ocrx_word' id='word_1_212' title='bbox 1088 1610 1249 1669; x_wconf 87' lang='lat' dir='ltr'><strong>delectabile</strong></span> <span class='ocrx_word' id='word_1_213' title='bbox 1276 1609 1384 1681; x_wconf 84' lang='lat' dir='ltr'><strong>piatatis</strong></span> <span class='ocrx_word' id='word_1_214' title='bbox 1404 1605 1604 1678; x_wconf 87' lang='lat' dir='ltr'><strong>spectaculuml</strong></span> <span class='ocrx_word' id='word_1_215' title='bbox 1628 1608 1688 1680; x_wconf 87' lang='lat' dir='ltr'><strong>ipse</strong></span> <span class='ocrx_word' id='word_1_216' title='bbox 1705 1607 1754 1681; x_wconf 93' lang='lat' dir='ltr'><strong>qui</strong></span> 
     </span>
     <span class='ocr_line' id='line_1_17' title="bbox 101 1662 1765 1777; baseline 0.001 -25"><span class='ocrx_word' id='word_1_217' title='bbox 101 1694 137 1752; x_wconf 85' lang='lat' dir='ltr'><strong>da</strong></span> <span class='ocrx_word' id='word_1_218' title='bbox 152 1697 318 1755; x_wconf 86' lang='lat' dir='ltr'><strong>torrentibus</strong></span> <span class='ocrx_word' id='word_1_219' title='bbox 341 1699 454 1756; x_wconf 85' lang='lat' dir='ltr'><strong>vallium</strong></span> <span class='ocrx_word' id='word_1_220' title='bbox 484 1700 629 1772; x_wconf 83' lang='lat' dir='ltr'><strong>proficiunt</strong></span> <span class='ocrx_word' id='word_1_221' title='bbox 643 1701 677 1757; x_wconf 88' lang='lat' dir='ltr'><strong>ad</strong></span> <span class='ocrx_word' id='word_1_222' title='bbox 705 1717 837 1759; x_wconf 83' lang='lat' dir='ltr'><strong>cavernas</strong></span> <span class='ocrx_word' id='word_1_223' title='bbox 851 1719 901 1774; x_wconf 88' lang='lat' dir='ltr'><strong>pe-</strong></span> <span class='ocrx_word' id='word_1_224' title='bbox 916 1662 940 1744; x_wconf 57' lang='grc' dir='ltr'><strong><em>Β</em></strong></span> <span class='ocrx_word' id='word_1_225' title='bbox 955 1700 1087 1777; x_wconf 77' lang='lat' dir='ltr'><strong>queritur</strong></span> <span class='ocrx_word' id='word_1_226' title='bbox 1101 1708 1129 1758; x_wconf 91' lang='lat' dir='ltr'><strong>et</strong></span> <span class='ocrx_word' id='word_1_227' title='bbox 1145 1700 1313 1756; x_wconf 87' lang='lat' dir='ltr'><strong>desideratur</strong></span> <span class='ocrx_word' id='word_1_228' title='bbox 1329 1705 1358 1755; x_wconf 92' lang='lat' dir='ltr'><strong>st</strong></span> <span class='ocrx_word' id='word_1_229' title='bbox 1370 1698 1488 1754; x_wconf 87' lang='lat' dir='ltr'><strong>occultat</strong></span> <span class='ocrx_word' id='word_1_230' title='bbox 1505 1711 1545 1763; x_wconf 88' lang='lat' dir='ltr'><strong>se,</strong></span> <span class='ocrx_word' id='word_1_231' title='bbox 1571 1703 1598 1752; x_wconf 91' lang='lat' dir='ltr'><strong>et</strong></span> <span class='ocrx_word' id='word_1_232' title='bbox 1623 1695 1765 1754; x_wconf 52' lang='lat' dir='ltr'><strong>manifest</strong></span> 
     </span>
     <span class='ocr_line' id='line_1_18' title="bbox 103 1785 1752 1862; baseline 0 -22"><span class='ocrx_word' id='word_1_233' title='bbox 103 1796 216 1842; x_wconf 86' lang='lat' dir='ltr'><strong>ararum.</strong></span> <span class='ocrx_word' id='word_1_234' title='bbox 245 1789 333 1844; x_wconf 78' lang='lat' dir='ltr'><strong>Petrae</strong></span> <span class='ocrx_word' id='word_1_235' title='bbox 347 1787 497 1844; x_wconf 86' lang='lat' dir='ltr'><strong>firmissimi</strong></span> <span class='ocrx_word' id='word_1_236' title='bbox 524 1799 606 1862; x_wconf 86' lang='lat' dir='ltr'><strong>atquc</strong></span> <span class='ocrx_word' id='word_1_237' title='bbox 633 1789 773 1848; x_wconf 86' lang='lat' dir='ltr'><strong>tortissimi</strong></span> <span class='ocrx_word' id='word_1_238' title='bbox 796 1791 825 1847; x_wconf 92' lang='lat' dir='ltr'><strong>in</strong></span> <span class='ocrx_word' id='word_1_239' title='bbox 849 1793 901 1850; x_wconf 89' lang='lat' dir='ltr'><strong>lide</strong></span> <span class='ocrx_word' id='word_1_240' title='bbox 954 1800 1033 1850; x_wconf 91' lang='lat' dir='ltr'><strong>tatur.</strong></span> <span class='ocrx_word' id='word_1_241' title='bbox 1047 1790 1170 1850; x_wconf 85' lang='lat' dir='ltr'><strong>occultat</strong></span> <span class='ocrx_word' id='word_1_242' title='bbox 1187 1803 1218 1844; x_wconf 86' lang='lat' dir='ltr'><strong>so</strong></span> <span class='ocrx_word' id='word_1_243' title='bbox 1236 1795 1268 1846; x_wconf 90' lang='lat' dir='ltr'><strong>ut</strong></span> <span class='ocrx_word' id='word_1_244' title='bbox 1286 1785 1424 1843; x_wconf 74' lang='lat' dir='ltr'><strong>amandus</strong></span> <span class='ocrx_word' id='word_1_245' title='bbox 1437 1785 1600 1858; x_wconf 89' lang='lat' dir='ltr'><strong>requiratur,</strong></span> <span class='ocrx_word' id='word_1_246' title='bbox 1616 1791 1645 1842; x_wconf 91' lang='lat' dir='ltr'><strong>et</strong></span> <span class='ocrx_word' id='word_1_247' title='bbox 1658 1785 1752 1857; x_wconf 89' lang='lat' dir='ltr'><strong>requi-</strong></span> 
     </span>
     <span class='ocr_line' id='line_1_19' title="bbox 101 1872 1752 1953; baseline 0.001 -26"><span class='ocrx_word' id='word_1_248' title='bbox 101 1873 200 1929; x_wconf 81' lang='lat' dir='ltr'><strong>Patres</strong></span> <span class='ocrx_word' id='word_1_249' title='bbox 222 1883 294 1944; x_wconf 88' lang='lat' dir='ltr'><strong>suut,</strong></span> <span class='ocrx_word' id='word_1_250' title='bbox 325 1876 352 1931; x_wconf 89' lang='lat' dir='ltr'><strong>iu</strong></span> <span class='ocrx_word' id='word_1_251' title='bbox 378 1891 494 1950; x_wconf 89' lang='lat' dir='ltr'><strong>quorum</strong></span> <span class='ocrx_word' id='word_1_252' title='bbox 524 1877 697 1950; x_wconf 87' lang='lat' dir='ltr'><strong>passionibus</strong></span> <span class='ocrx_word' id='word_1_253' title='bbox 725 1877 807 1937; x_wconf 83' lang='lat' dir='ltr'><strong>ueluti</strong></span> <span class='ocrx_word' id='word_1_254' title='bbox 842 1881 901 1940; x_wconf 91' lang='lat' dir='ltr'><strong>suis</strong></span> <span class='ocrx_word' id='word_1_255' title='bbox 955 1880 1025 1938; x_wconf 90' lang='lat' dir='ltr'><strong>situs</strong></span> <span class='ocrx_word' id='word_1_256' title='bbox 1047 1895 1107 1937; x_wconf 90' lang='lat' dir='ltr'><strong>cum</strong></span> <span class='ocrx_word' id='word_1_257' title='bbox 1131 1876 1233 1953; x_wconf 87' lang='lat' dir='ltr'><strong>gaudio</strong></span> <span class='ocrx_word' id='word_1_258' title='bbox 1252 1875 1416 1945; x_wconf 81' lang='lat' dir='ltr'><strong>inveniatur,</strong></span> <span class='ocrx_word' id='word_1_259' title='bbox 1438 1873 1564 1932; x_wconf 82' lang='lat' dir='ltr'><strong>iuremus</strong></span> <span class='ocrx_word' id='word_1_260' title='bbox 1586 1887 1649 1931; x_wconf 89' lang='lat' dir='ltr'><strong>cum</strong></span> <span class='ocrx_word' id='word_1_261' title='bbox 1672 1872 1752 1930; x_wconf 62' lang='lat' dir='ltr'><strong>solli*-</strong></span> 
     </span>
     <span class='ocr_line' id='line_1_20' title="bbox 100 1960 1753 2041; baseline 0.001 -24"><span class='ocrx_word' id='word_1_262' title='bbox 100 1962 303 2031; x_wconf 87' lang='lat' dir='ltr'><strong>cxemplaribus</strong></span> <span class='ocrx_word' id='word_1_263' title='bbox 322 1981 416 2023; x_wconf 88' lang='lat' dir='ltr'><strong>musca</strong></span> <span class='ocrx_word' id='word_1_264' title='bbox 434 1974 461 2024; x_wconf 90' lang='lat' dir='ltr'><strong>et</strong></span> <span class='ocrx_word' id='word_1_265' title='bbox 485 1967 544 2040; x_wconf 88' lang='lat' dir='ltr'><strong>spis</strong></span> <span class='ocrx_word' id='word_1_266' title='bbox 557 1967 635 2041; x_wconf 91' lang='lat' dir='ltr'><strong>quasi</strong></span> <span class='ocrx_word' id='word_1_267' title='bbox 655 1968 788 2025; x_wconf 77' lang='lat' dir='ltr'><strong>columbus</strong></span> <span class='ocrx_word' id='word_1_268' title='bbox 809 1968 900 2026; x_wconf 89' lang='lat' dir='ltr'><strong>niditi·</strong></span> <span class='ocrx_word' id='word_1_269' title='bbox 954 1969 1073 2026; x_wconf 87' lang='lat' dir='ltr'><strong>citudine</strong></span> <span class='ocrx_word' id='word_1_270' title='bbox 1088 1973 1214 2025; x_wconf 91' lang='lat' dir='ltr'><strong>teneatur</strong></span> <span class='ocrx_word' id='word_1_271' title='bbox 1233 1970 1260 2022; x_wconf 93' lang='lat' dir='ltr'><strong>et</strong></span> <span class='ocrx_word' id='word_1_272' title='bbox 1274 1970 1362 2021; x_wconf 91' lang='lat' dir='ltr'><strong>tentus</strong></span> <span class='ocrx_word' id='word_1_273' title='bbox 1376 1977 1432 2021; x_wconf 91' lang='lat' dir='ltr'><strong>non</strong></span> <span class='ocrx_word' id='word_1_274' title='bbox 1446 1961 1606 2029; x_wconf 87' lang='lat' dir='ltr'><strong>dimittatur,</strong></span> <span class='ocrx_word' id='word_1_275' title='bbox 1623 1963 1710 2019; x_wconf 86' lang='lat' dir='ltr'><strong>donec</strong></span> <span class='ocrx_word' id='word_1_276' title='bbox 1723 1960 1753 2018; x_wconf 89' lang='lat' dir='ltr'><strong>in</strong></span> 
     </span>
     <span class='ocr_line' id='line_1_21' title="bbox 100 2050 1753 2127; baseline 0.001 -21"><span class='ocrx_word' id='word_1_277' title='bbox 100 2059 198 2106; x_wconf 86' lang='lat' dir='ltr'><strong>centes</strong></span> <span class='ocrx_word' id='word_1_278' title='bbox 213 2051 394 2123; x_wconf 88' lang='lat' dir='ltr'><strong>requiescunt.</strong></span> <span class='ocrx_word' id='word_1_279' title='bbox 410 2055 489 2111; x_wconf 87' lang='lat' dir='ltr'><strong>Unde</strong></span> <span class='ocrx_word' id='word_1_280' title='bbox 502 2070 558 2112; x_wconf 91' lang='lat' dir='ltr'><strong>uon</strong></span> <span class='ocrx_word' id='word_1_281' title='bbox 572 2063 660 2114; x_wconf 86' lang='lat' dir='ltr'><strong>cessat</strong></span> <span class='ocrx_word' id='word_1_282' title='bbox 674 2071 770 2114; x_wconf 88' lang='lat' dir='ltr'><strong>manus</strong></span> <span class='ocrx_word' id='word_1_283' title='bbox 794 2071 900 2127; x_wconf 90' lang='lat' dir='ltr'><strong>eorum,</strong></span> <span class='ocrx_word' id='word_1_284' title='bbox 954 2059 1054 2115; x_wconf 88' lang='lat' dir='ltr'><strong>amoris</strong></span> <span class='ocrx_word' id='word_1_285' title='bbox 1080 2055 1122 2112; x_wconf 88' lang='lat' dir='ltr'><strong>sui</strong></span> <span class='ocrx_word' id='word_1_286' title='bbox 1145 2053 1272 2113; x_wconf 87' lang='lat' dir='ltr'><strong>cubiculo</strong></span> <span class='ocrx_word' id='word_1_287' title='bbox 1295 2052 1467 2110; x_wconf 88' lang='lat' dir='ltr'><strong>mansionem</strong></span> <span class='ocrx_word' id='word_1_288' title='bbox 1489 2050 1607 2108; x_wconf 87' lang='lat' dir='ltr'><strong>tacturus</strong></span> <span class='ocrx_word' id='word_1_289' title='bbox 1633 2050 1753 2108; x_wconf 88' lang='lat' dir='ltr'><strong>introdu-</strong></span> 
     </span>
     <span class='ocr_line' id='line_1_22' title="bbox 97 2141 1753 2215; baseline 0.002 -22"><span class='ocrx_word' id='word_1_290' title='bbox 97 2153 159 2195; x_wconf 87' lang='lat' dir='ltr'><strong>-uon</strong></span> <span class='ocrx_word' id='word_1_291' title='bbox 183 2146 270 2195; x_wconf 87' lang='lat' dir='ltr'><strong>cessat</strong></span> <span class='ocrx_word' id='word_1_292' title='bbox 288 2156 353 2211; x_wconf 79' lang='lat' dir='ltr'><strong>pes3</strong></span> <span class='ocrx_word' id='word_1_293' title='bbox 367 2142 415 2198; x_wconf 89' lang='lat' dir='ltr'><strong>sed</strong></span> <span class='ocrx_word' id='word_1_294' title='bbox 438 2142 466 2198; x_wconf 93' lang='lat' dir='ltr'><strong>in</strong></span> <span class='ocrx_word' id='word_1_295' title='bbox 490 2143 616 2201; x_wconf 86' lang='lat' dir='ltr'><strong>omnibns</strong></span> <span class='ocrx_word' id='word_1_296' title='bbox 630 2143 736 2202; x_wconf 88' lang='lat' dir='ltr'><strong>trutetis</strong></span> <span class='ocrx_word' id='word_1_297' title='bbox 763 2145 899 2204; x_wconf 91' lang='lat' dir='ltr'><strong>bonorum</strong></span> <span class='ocrx_word' id='word_1_298' title='bbox 953 2157 1041 2206; x_wconf 88' lang='lat' dir='ltr'><strong>eatur.</strong></span> <span class='ocrx_word' id='word_1_299' title='bbox 1056 2145 1113 2204; x_wconf 82' lang='lat' dir='ltr'><strong>liae</strong></span> <span class='ocrx_word' id='word_1_300' title='bbox 1127 2151 1184 2202; x_wconf 88' lang='lat' dir='ltr'><strong>arte</strong></span> <span class='ocrx_word' id='word_1_301' title='bbox 1198 2143 1337 2215; x_wconf 87' lang='lat' dir='ltr'><strong>Sapientia</strong></span> <span class='ocrx_word' id='word_1_302' title='bbox 1360 2141 1430 2199; x_wconf 92' lang='lat' dir='ltr'><strong>ludit</strong></span> <span class='ocrx_word' id='word_1_303' title='bbox 1448 2141 1558 2198; x_wconf 85' lang='lat' dir='ltr'><strong>inorbo</strong></span> <span class='ocrx_word' id='word_1_304' title='bbox 1572 2149 1709 2207; x_wconf 88' lang='lat' dir='ltr'><strong>terrarum,</strong></span> <span class='ocrx_word' id='word_1_305' title='bbox 1725 2147 1753 2197; x_wconf 90' lang='lat' dir='ltr'><strong>et</strong></span> 
     </span>
     <span class='ocr_line' id='line_1_23' title="bbox 100 2227 1752 2308; baseline 0.003 -25"><span class='ocrx_word' id='word_1_306' title='bbox 100 2227 205 2301; x_wconf 78' lang='lat' dir='ltr'><strong>jugiter</strong></span> <span class='ocrx_word' id='word_1_307' title='bbox 220 2229 382 2300; x_wconf 76' lang='lat' dir='ltr'><strong>exercitatae,</strong></span> <span class='ocrx_word' id='word_1_308' title='bbox 405 2232 444 2288; x_wconf 87' lang='lat' dir='ltr'><strong>sic</strong></span> <span class='ocrx_word' id='word_1_309' title='bbox 467 2231 579 2289; x_wconf 90' lang='lat' dir='ltr'><strong>demum</strong></span> <span class='ocrx_word' id='word_1_310' title='bbox 607 2233 641 2290; x_wconf 94' lang='lat' dir='ltr'><strong>ad</strong></span> <span class='ocrx_word' id='word_1_311' title='bbox 659 2234 897 2308; x_wconf 88' lang='lat' dir='ltr'><strong>contemplationis</strong></span> <span class='ocrx_word' id='word_1_312' title='bbox 953 2235 1057 2294; x_wconf 79' lang='lat' dir='ltr'><strong>delicia</strong></span> <span class='ocrx_word' id='word_1_313' title='bbox 1079 2235 1140 2306; x_wconf 88' lang='lat' dir='ltr'><strong>ejus</strong></span> <span class='ocrx_word' id='word_1_314' title='bbox 1153 2249 1213 2291; x_wconf 86' lang='lat' dir='ltr'><strong>esse</strong></span> <span class='ocrx_word' id='word_1_315' title='bbox 1230 2247 1291 2289; x_wconf 90' lang='lat' dir='ltr'><strong>eum</strong></span> <span class='ocrx_word' id='word_1_316' title='bbox 1305 2231 1370 2288; x_wconf 87' lang='lat' dir='ltr'><strong>liliis</strong></span> <span class='ocrx_word' id='word_1_317' title='bbox 1388 2230 1536 2287; x_wconf 89' lang='lat' dir='ltr'><strong>bominum.</strong></span> <span class='ocrx_word' id='word_1_318' title='bbox 1557 2229 1665 2296; x_wconf 80' lang='lat' dir='ltr'><strong>ltatier,</strong></span> <span class='ocrx_word' id='word_1_319' title='bbox 1685 2230 1752 2303; x_wconf 78' lang='lat' dir='ltr'><strong>quid</strong></span> 
     </span>
     <span class='ocr_line' id='line_1_24' title="bbox 99 2314 1810 2400; baseline 0.002 -28"><span class='ocrx_word' id='word_1_320' title='bbox 99 2314 235 2373; x_wconf 81' lang='lat' dir='ltr'><strong>toramine</strong></span> <span class='ocrx_word' id='word_1_321' title='bbox 248 2319 416 2389; x_wconf 87' lang='lat' dir='ltr'><strong>perveniunt.</strong></span> <span class='ocrx_word' id='word_1_322' title='bbox 889 2331 892 2335; x_wconf 84' lang='grc'>’</span> <span class='ocrx_word' id='word_1_323' title='bbox 952 2316 1162 2400; x_wconf 66' lang='lat' dir='ltr'><strong>plorastqaem</strong></span> <span class='ocrx_word' id='word_1_324' title='bbox 1180 2320 1304 2398; x_wconf 74' lang='lat' dir='ltr'><strong>qaoerb?</strong></span> <span class='ocrx_word' id='word_1_325' title='bbox 1322 2320 1407 2376; x_wconf 90' lang='lat' dir='ltr'><strong>babes</strong></span> <span class='ocrx_word' id='word_1_326' title='bbox 1421 2335 1500 2393; x_wconf 89' lang='lat' dir='ltr'><strong>quem</strong></span> <span class='ocrx_word' id='word_1_327' title='bbox 1514 2316 1751 2393; x_wconf 66' lang='lat' dir='ltr'><strong>quaerimetigno·</strong></span> <span class='ocrx_word' id='word_1_328' title='bbox 1803 2366 1810 2375; x_wconf 85' lang='lat'><strong>.</strong></span> 
     </span>
     <span class='ocr_line' id='line_1_25' title="bbox 138 2406 1752 2487; baseline 0.002 -26"><span class='ocrx_word' id='word_1_329' title='bbox 138 2407 183 2462; x_wconf 80' lang='lat' dir='ltr'><strong>st.</strong></span> <span class='ocrx_word' id='word_1_330' title='bbox 199 2406 263 2462; x_wconf 83' lang='lat' dir='ltr'><strong>llaec</strong></span> <span class='ocrx_word' id='word_1_331' title='bbox 281 2415 345 2463; x_wconf 93' lang='lat' dir='ltr'><strong>sunt</strong></span> <span class='ocrx_word' id='word_1_332' title='bbox 358 2423 441 2479; x_wconf 87' lang='lat' dir='ltr'><strong>opera</strong></span> <span class='ocrx_word' id='word_1_333' title='bbox 454 2415 510 2481; x_wconf 90' lang='lat' dir='ltr'><strong>tua,</strong></span> <span class='ocrx_word' id='word_1_334' title='bbox 526 2409 641 2468; x_wconf 86' lang='lat' dir='ltr'><strong>Domine</strong></span> <span class='ocrx_word' id='word_1_335' title='bbox 664 2412 739 2480; x_wconf 83' lang='lat' dir='ltr'><strong>lesu,</strong></span> <span class='ocrx_word' id='word_1_336' title='bbox 755 2413 820 2487; x_wconf 88' lang='lat' dir='ltr'><strong>quia</strong></span> <span class='ocrx_word' id='word_1_337' title='bbox 837 2423 901 2472; x_wconf 88' lang='lat' dir='ltr'><strong>sunt</strong></span> <span class='ocrx_word' id='word_1_338' title='bbox 953 2415 1022 2472; x_wconf 82' lang='lat' dir='ltr'><strong>ras?</strong></span> <span class='ocrx_word' id='word_1_339' title='bbox 1040 2413 1125 2470; x_wconf 88' lang='lat' dir='ltr'><strong>babes</strong></span> <span class='ocrx_word' id='word_1_340' title='bbox 1139 2426 1238 2469; x_wconf 82' lang='lat' dir='ltr'><strong>verum</strong></span> <span class='ocrx_word' id='word_1_341' title='bbox 1250 2417 1277 2466; x_wconf 90' lang='lat' dir='ltr'><strong>et</strong></span> <span class='ocrx_word' id='word_1_342' title='bbox 1293 2419 1424 2466; x_wconf 73' lang='lat' dir='ltr'><strong>ueternum</strong></span> <span class='ocrx_word' id='word_1_343' title='bbox 1439 2406 1582 2480; x_wconf 87' lang='lat' dir='ltr'><strong>gaudium,</strong></span> <span class='ocrx_word' id='word_1_344' title='bbox 1597 2414 1625 2463; x_wconf 90' lang='lat' dir='ltr'><strong>et</strong></span> <span class='ocrx_word' id='word_1_345' title='bbox 1637 2406 1752 2478; x_wconf 70' lang='lat' dir='ltr'><strong>ploras?</strong></span> 
     </span>
     <span class='ocr_line' id='line_1_26' title="bbox 101 2494 1751 2578; baseline 0.001 -29"><span class='ocrx_word' id='word_1_346' title='bbox 101 2494 174 2550; x_wconf 89' lang='lat' dir='ltr'><strong>bona</strong></span> <span class='ocrx_word' id='word_1_347' title='bbox 190 2494 279 2551; x_wconf 83' lang='lat' dir='ltr'><strong>ratde.</strong></span> <span class='ocrx_word' id='word_1_348' title='bbox 294 2497 338 2552; x_wconf 82' lang='lat' dir='ltr'><strong>Sic</strong></span> <span class='ocrx_word' id='word_1_349' title='bbox 357 2496 448 2553; x_wconf 84' lang='lat' dir='ltr'><strong>llarire</strong></span> <span class='ocrx_word' id='word_1_350' title='bbox 470 2498 637 2573; x_wconf 79' lang='lat' dir='ltr'><strong>llagdalenas</strong></span> <span class='ocrx_word' id='word_1_351' title='bbox 650 2501 773 2569; x_wconf 88' lang='lat' dir='ltr'><strong>sibilasti,</strong></span> <span class='ocrx_word' id='word_1_352' title='bbox 797 2502 831 2560; x_wconf 92' lang='lat' dir='ltr'><strong>de</strong></span> <span class='ocrx_word' id='word_1_353' title='bbox 847 2519 900 2578; x_wconf 90' lang='lat' dir='ltr'><strong>qua</strong></span> <span class='ocrx_word' id='word_1_354' title='bbox 951 2504 1036 2560; x_wconf 89' lang='lat' dir='ltr'><strong>babes</strong></span> <span class='ocrx_word' id='word_1_355' title='bbox 1049 2502 1121 2559; x_wconf 90' lang='lat' dir='ltr'><strong>intus</strong></span> <span class='ocrx_word' id='word_1_356' title='bbox 1136 2516 1217 2573; x_wconf 91' lang='lat' dir='ltr'><strong>quem</strong></span> <span class='ocrx_word' id='word_1_357' title='bbox 1240 2497 1307 2555; x_wconf 88' lang='lat' dir='ltr'><strong>ioris</strong></span> <span class='ocrx_word' id='word_1_358' title='bbox 1330 2497 1458 2571; x_wconf 88' lang='lat' dir='ltr'><strong>requiris.</strong></span> <span class='ocrx_word' id='word_1_359' title='bbox 1484 2496 1553 2553; x_wconf 79' lang='lat' dir='ltr'><strong>Vere</strong></span> <span class='ocrx_word' id='word_1_360' title='bbox 1571 2505 1627 2553; x_wconf 90' lang='lat' dir='ltr'><strong>stas</strong></span> <span class='ocrx_word' id='word_1_361' title='bbox 1640 2495 1674 2551; x_wconf 89' lang='lat' dir='ltr'><strong>ad</strong></span> <span class='ocrx_word' id='word_1_362' title='bbox 1689 2509 1751 2552; x_wconf 90' lang='lat' dir='ltr'><strong>mo·</strong></span> 
     </span>
     <span class='ocr_line' id='line_1_27' title="bbox 96 2587 1750 2666; baseline 0.001 -27"><span class='ocrx_word' id='word_1_363' title='bbox 96 2598 158 2640; x_wconf 87' lang='lat' dir='ltr'><strong>nou</strong></span> <span class='ocrx_word' id='word_1_364' title='bbox 171 2599 266 2653; x_wconf 90' lang='lat' dir='ltr'><strong>unum,</strong></span> <span class='ocrx_word' id='word_1_365' title='bbox 281 2587 331 2642; x_wconf 89' lang='lat' dir='ltr'><strong>sed</strong></span> <span class='ocrx_word' id='word_1_366' title='bbox 352 2593 457 2660; x_wconf 89' lang='lat' dir='ltr'><strong>septem</strong></span> <span class='ocrx_word' id='word_1_367' title='bbox 476 2587 591 2646; x_wconf 86' lang='lat' dir='ltr'><strong>flumina</strong></span> <span class='ocrx_word' id='word_1_368' title='bbox 603 2590 716 2661; x_wconf 77' lang='lat' dir='ltr'><strong>eiecisti.</strong></span> <span class='ocrx_word' id='word_1_369' title='bbox 730 2591 801 2649; x_wconf 80' lang='lat' dir='ltr'><strong>Vide</strong></span> <span class='ocrx_word' id='word_1_370' title='bbox 827 2608 899 2666; x_wconf 90' lang='lat' dir='ltr'><strong>quo·</strong></span> <span class='ocrx_word' id='word_1_371' title='bbox 951 2601 1113 2649; x_wconf 88' lang='lat' dir='ltr'><strong>numentum</strong></span> <span class='ocrx_word' id='word_1_372' title='bbox 1134 2588 1200 2647; x_wconf 86' lang='lat' dir='ltr'><strong>ioris</strong></span> <span class='ocrx_word' id='word_1_373' title='bbox 1232 2589 1352 2660; x_wconf 85' lang='lat' dir='ltr'><strong>plorans.</strong></span> <span class='ocrx_word' id='word_1_374' title='bbox 1377 2587 1454 2642; x_wconf 90' lang='lat' dir='ltr'><strong>llens</strong></span> <span class='ocrx_word' id='word_1_375' title='bbox 1477 2592 1522 2641; x_wconf 89' lang='lat' dir='ltr'><strong>tua</strong></span> <span class='ocrx_word' id='word_1_376' title='bbox 1546 2592 1750 2641; x_wconf 89' lang='lat' dir='ltr'><strong>monumentum</strong></span> 
     </span>
     <span class='ocr_line' id='line_1_28' title="bbox 98 2672 1750 2747; baseline 0 -17"><span class='ocrx_word' id='word_1_377' title='bbox 98 2673 182 2731; x_wconf 88' lang='lat' dir='ltr'><strong>modo</strong></span> <span class='ocrx_word' id='word_1_378' title='bbox 198 2676 334 2747; x_wconf 88' lang='lat' dir='ltr'><strong>requierit</strong></span> <span class='ocrx_word' id='word_1_379' title='bbox 348 2676 375 2732; x_wconf 89' lang='lat' dir='ltr'><strong>iu</strong></span> <span class='ocrx_word' id='word_1_380' title='bbox 392 2678 559 2735; x_wconf 90' lang='lat' dir='ltr'><strong>torrentibus</strong></span> <span class='ocrx_word' id='word_1_381' title='bbox 581 2678 691 2737; x_wconf 79' lang='lat' dir='ltr'><strong>vallium</strong></span> <span class='ocrx_word' id='word_1_382' title='bbox 710 2680 836 2740; x_wconf 85' lang='lat' dir='ltr'><strong>:intrarit</strong></span> <span class='ocrx_word' id='word_1_383' title='bbox 856 2681 898 2739; x_wconf 90' lang='lat' dir='ltr'><strong>in-</strong></span> <span class='ocrx_word' id='word_1_384' title='bbox 952 2696 1043 2739; x_wconf 88' lang='lat' dir='ltr'><strong>meum</strong></span> <span class='ocrx_word' id='word_1_385' title='bbox 1063 2687 1114 2738; x_wconf 85' lang='lat' dir='ltr'><strong>ast.</strong></span> <span class='ocrx_word' id='word_1_386' title='bbox 1135 2678 1176 2735; x_wconf 91' lang='lat' dir='ltr'><strong>lbi</strong></span> <span class='ocrx_word' id='word_1_387' title='bbox 1190 2693 1244 2735; x_wconf 92' lang='lat' dir='ltr'><strong>non</strong></span> <span class='ocrx_word' id='word_1_388' title='bbox 1257 2684 1392 2742; x_wconf 85' lang='lat' dir='ltr'><strong>mortuus,</strong></span> <span class='ocrx_word' id='word_1_389' title='bbox 1408 2674 1455 2732; x_wconf 93' lang='lat' dir='ltr'><strong>sed</strong></span> <span class='ocrx_word' id='word_1_390' title='bbox 1470 2674 1497 2730; x_wconf 92' lang='lat' dir='ltr'><strong>in</strong></span> <span class='ocrx_word' id='word_1_391' title='bbox 1512 2684 1643 2731; x_wconf 67' lang='lat' dir='ltr'><strong>aeternum</strong></span> <span class='ocrx_word' id='word_1_392' title='bbox 1655 2672 1750 2746; x_wconf 77' lang='lat' dir='ltr'><strong>requi-</strong></span> 
     </span>
     <span class='ocr_line' id='line_1_29' title="bbox 96 2759 1750 2842; baseline -0.001 -23"><span class='ocrx_word' id='word_1_393' title='bbox 96 2772 142 2819; x_wconf 85' lang='lat' dir='ltr'><strong>ter</strong></span> <span class='ocrx_word' id='word_1_394' title='bbox 159 2763 253 2834; x_wconf 88' lang='lat' dir='ltr'><strong>epulas</strong></span> <span class='ocrx_word' id='word_1_395' title='bbox 271 2765 511 2840; x_wconf 79' lang='lat' dir='ltr'><strong>discumbentium,</strong></span> <span class='ocrx_word' id='word_1_396' title='bbox 525 2769 644 2825; x_wconf 85' lang='lat' dir='ltr'><strong>cucurrit</strong></span> <span class='ocrx_word' id='word_1_397' title='bbox 668 2771 702 2825; x_wconf 89' lang='lat' dir='ltr'><strong>ad</strong></span> <span class='ocrx_word' id='word_1_398' title='bbox 718 2770 803 2842; x_wconf 89' lang='lat' dir='ltr'><strong>pedes</strong></span> <span class='ocrx_word' id='word_1_399' title='bbox 822 2772 897 2842; x_wconf 78' lang='lat' dir='ltr'><strong>lesu,</strong></span> <span class='ocrx_word' id='word_1_400' title='bbox 952 2784 1016 2828; x_wconf 84' lang='lat' dir='ltr'><strong>esso</strong></span> <span class='ocrx_word' id='word_1_401' title='bbox 1028 2768 1133 2828; x_wconf 72' lang='lat' dir='ltr'><strong>arens.</strong></span> <span class='ocrx_word' id='word_1_402' title='bbox 1158 2768 1235 2824; x_wconf 70' lang='lat' dir='ltr'><strong>leus</strong></span> <span class='ocrx_word' id='word_1_403' title='bbox 1248 2765 1399 2822; x_wconf 89' lang='lat' dir='ltr'><strong>tuahcrtus</strong></span> <span class='ocrx_word' id='word_1_404' title='bbox 1413 2778 1489 2820; x_wconf 89' lang='lat' dir='ltr'><strong>meus</strong></span> <span class='ocrx_word' id='word_1_405' title='bbox 1504 2770 1555 2819; x_wconf 89' lang='lat' dir='ltr'><strong>est.</strong></span> <span class='ocrx_word' id='word_1_406' title='bbox 1569 2762 1642 2820; x_wconf 88' lang='lat' dir='ltr'><strong>Beue</strong></span> <span class='ocrx_word' id='word_1_407' title='bbox 1654 2759 1750 2818; x_wconf 83' lang='lat' dir='ltr'><strong>existi·</strong></span> 
     </span>
     <span class='ocr_line' id='line_1_30' title="bbox 100 2849 1750 2931; baseline 0.001 -25"><span class='ocrx_word' id='word_1_408' title='bbox 100 2849 256 2907; x_wconf 88' lang='lat' dir='ltr'><strong>etlundebat</strong></span> <span class='ocrx_word' id='word_1_409' title='bbox 280 2868 362 2925; x_wconf 90' lang='lat' dir='ltr'><strong>super</strong></span> <span class='ocrx_word' id='word_1_410' title='bbox 380 2869 427 2911; x_wconf 88' lang='lat' dir='ltr'><strong>eos</strong></span> <span class='ocrx_word' id='word_1_411' title='bbox 454 2863 589 2913; x_wconf 87' lang='lat' dir='ltr'><strong>torrentes</strong></span> <span class='ocrx_word' id='word_1_412' title='bbox 618 2857 803 2931; x_wconf 75' lang='lat' dir='ltr'><strong>lacrymarum</strong></span> <span class='ocrx_word' id='word_1_413' title='bbox 827 2876 835 2916; x_wconf 74' lang='grc' dir='ltr'><strong><em>ε</em></strong></span> <span class='ocrx_word' id='word_1_414' title='bbox 864 2859 898 2917; x_wconf 94' lang='lat' dir='ltr'><strong>ad</strong></span> <span class='ocrx_word' id='word_1_415' title='bbox 953 2862 1031 2916; x_wconf 87' lang='lat' dir='ltr'><strong>musti</strong></span> <span class='ocrx_word' id='word_1_416' title='bbox 1059 2857 1122 2931; x_wconf 88' lang='lat' dir='ltr'><strong>quia</strong></span> <span class='ocrx_word' id='word_1_417' title='bbox 1149 2855 1310 2914; x_wconf 87' lang='lat' dir='ltr'><strong>hortulanus</strong></span> <span class='ocrx_word' id='word_1_418' title='bbox 1331 2870 1401 2911; x_wconf 90' lang='lat' dir='ltr'><strong>sum.</strong></span> <span class='ocrx_word' id='word_1_419' title='bbox 1430 2851 1569 2909; x_wconf 67' lang='lat' dir='ltr'><strong>&amp;enudus</strong></span> <span class='ocrx_word' id='word_1_420' title='bbox 1590 2851 1677 2907; x_wconf 86' lang='lat' dir='ltr'><strong>lldam</strong></span> <span class='ocrx_word' id='word_1_421' title='bbox 1697 2865 1750 2925; x_wconf 86' lang='lat' dir='ltr'><strong>ego</strong></span> 
     </span>
     <span class='ocr_line' id='line_1_31' title="bbox 99 2934 1751 3021; baseline 0.001 -27"><span class='ocrx_word' id='word_1_422' title='bbox 99 2939 215 2997; x_wconf 84' lang='lat' dir='ltr'><strong>lavanda</strong></span> <span class='ocrx_word' id='word_1_423' title='bbox 228 2941 339 2997; x_wconf 86' lang='lat' dir='ltr'><strong>Domini</strong></span> <span class='ocrx_word' id='word_1_424' title='bbox 354 2942 396 2999; x_wconf 90' lang='lat' dir='ltr'><strong>sui</strong></span> <span class='ocrx_word' id='word_1_425' title='bbox 409 2943 535 3016; x_wconf 83' lang='lat' dir='ltr'><strong>vestigia,</strong></span> <span class='ocrx_word' id='word_1_426' title='bbox 553 2960 608 3003; x_wconf 91' lang='lat' dir='ltr'><strong>non</strong></span> <span class='ocrx_word' id='word_1_427' title='bbox 633 2946 701 3004; x_wconf 88' lang='lat' dir='ltr'><strong>alias</strong></span> <span class='ocrx_word' id='word_1_428' title='bbox 724 2964 804 3021; x_wconf 88' lang='lat' dir='ltr'><strong>quarn</strong></span> <span class='ocrx_word' id='word_1_429' title='bbox 833 2964 898 3007; x_wconf 89' lang='lat' dir='ltr'><strong>ocu·</strong></span> <span class='ocrx_word' id='word_1_430' title='bbox 912 2934 935 3014; x_wconf 66' lang='grc' dir='ltr'>ὓ</span> <span class='ocrx_word' id='word_1_431' title='bbox 951 2964 1022 3020; x_wconf 91' lang='lat' dir='ltr'><strong>sum,</strong></span> <span class='ocrx_word' id='word_1_432' title='bbox 1046 2959 1145 3018; x_wconf 86' lang='lat' dir='ltr'><strong>operor</strong></span> <span class='ocrx_word' id='word_1_433' title='bbox 1166 2951 1193 3002; x_wconf 91' lang='lat' dir='ltr'><strong>ct</strong></span> <span class='ocrx_word' id='word_1_434' title='bbox 1212 2941 1337 3002; x_wconf 89' lang='lat' dir='ltr'><strong>custodio</strong></span> <span class='ocrx_word' id='word_1_435' title='bbox 1357 2941 1510 3012; x_wconf 86' lang='lat' dir='ltr'><strong>paradisum</strong></span> <span class='ocrx_word' id='word_1_436' title='bbox 1539 2943 1639 2997; x_wconf 70' lang='lat' dir='ltr'><strong>meum.</strong></span> <span class='ocrx_word' id='word_1_437' title='bbox 1659 2938 1751 2996; x_wconf 82' lang='lat' dir='ltr'><strong>Fletus</strong></span> 
     </span>
     <span class='ocr_line' id='line_1_32' title="bbox 96 3027 1750 3110; baseline 0 -27"><span class='ocrx_word' id='word_1_438' title='bbox 96 3027 188 3085; x_wconf 88' lang='lat' dir='ltr'><strong>lorum</strong></span> <span class='ocrx_word' id='word_1_439' title='bbox 204 3045 314 3087; x_wconf 91' lang='lat' dir='ltr'><strong>sucrum</strong></span> <span class='ocrx_word' id='word_1_440' title='bbox 328 3031 416 3089; x_wconf 91' lang='lat' dir='ltr'><strong>undas</strong></span> <span class='ocrx_word' id='word_1_441' title='bbox 430 3034 531 3100; x_wconf 89' lang='lat' dir='ltr'><strong>attulit,</strong></span> <span class='ocrx_word' id='word_1_442' title='bbox 545 3034 652 3107; x_wconf 87' lang='lat' dir='ltr'><strong>capillis</strong></span> <span class='ocrx_word' id='word_1_443' title='bbox 666 3036 723 3094; x_wconf 88' lang='lat' dir='ltr'><strong>suis</strong></span> <span class='ocrx_word' id='word_1_444' title='bbox 736 3052 787 3110; x_wconf 91' lang='lat' dir='ltr'><strong>pro</strong></span> <span class='ocrx_word' id='word_1_445' title='bbox 805 3037 896 3096; x_wconf 87' lang='lat' dir='ltr'><strong>linteis</strong></span> <span class='ocrx_word' id='word_1_446' title='bbox 950 3045 1021 3108; x_wconf 88' lang='lat' dir='ltr'><strong>tuus,</strong></span> <span class='ocrx_word' id='word_1_447' title='bbox 1038 3035 1125 3110; x_wconf 91' lang='lat' dir='ltr'><strong>pietas</strong></span> <span class='ocrx_word' id='word_1_448' title='bbox 1142 3043 1201 3101; x_wconf 89' lang='lat' dir='ltr'><strong>tua,</strong></span> <span class='ocrx_word' id='word_1_449' title='bbox 1211 3032 1377 3091; x_wconf 89' lang='lat' dir='ltr'><strong>desiderium</strong></span> <span class='ocrx_word' id='word_1_450' title='bbox 1391 3037 1478 3097; x_wconf 88' lang='lat' dir='ltr'><strong>tuum,</strong></span> <span class='ocrx_word' id='word_1_451' title='bbox 1499 3044 1569 3102; x_wconf 89' lang='lat' dir='ltr'><strong>opus</strong></span> <span class='ocrx_word' id='word_1_452' title='bbox 1582 3044 1674 3085; x_wconf 90' lang='lat' dir='ltr'><strong>meum</strong></span> <span class='ocrx_word' id='word_1_453' title='bbox 1689 3035 1750 3084; x_wconf 84' lang='lat' dir='ltr'><strong>est:</strong></span> 
     </span>
     <span class='ocr_line' id='line_1_33' title="bbox 93 3117 1750 3192; baseline 0.001 -19"><span class='ocrx_word' id='word_1_454' title='bbox 93 3133 151 3174; x_wconf 87' lang='lat' dir='ltr'><strong>use</strong></span> <span class='ocrx_word' id='word_1_455' title='bbox 163 3126 214 3176; x_wconf 86' lang='lat' dir='ltr'><strong>ast.</strong></span> <span class='ocrx_word' id='word_1_456' title='bbox 239 3117 308 3175; x_wconf 84' lang='lat' dir='ltr'><strong>Tum</strong></span> <span class='ocrx_word' id='word_1_457' title='bbox 323 3135 388 3176; x_wconf 84' lang='lat' dir='ltr'><strong>uero</strong></span> <span class='ocrx_word' id='word_1_458' title='bbox 411 3120 457 3178; x_wconf 94' lang='lat' dir='ltr'><strong>ubi</strong></span> <span class='ocrx_word' id='word_1_459' title='bbox 475 3121 587 3181; x_wconf 85' lang='lat' dir='ltr'><strong>atleetus</strong></span> <span class='ocrx_word' id='word_1_460' title='bbox 601 3125 790 3185; x_wconf 84' lang='lat' dir='ltr'><strong>vehementior</strong></span> <span class='ocrx_word' id='word_1_461' title='bbox 803 3127 896 3185; x_wconf 91' lang='lat' dir='ltr'><strong>incan-</strong></span> <span class='ocrx_word' id='word_1_462' title='bbox 949 3127 1033 3184; x_wconf 88' lang='lat' dir='ltr'><strong>babes</strong></span> <span class='ocrx_word' id='word_1_463' title='bbox 1047 3141 1090 3182; x_wconf 90' lang='lat' dir='ltr'><strong>me</strong></span> <span class='ocrx_word' id='word_1_464' title='bbox 1104 3124 1175 3182; x_wconf 90' lang='lat' dir='ltr'><strong>intra</strong></span> <span class='ocrx_word' id='word_1_465' title='bbox 1188 3132 1214 3180; x_wconf 88' lang='lat' dir='ltr'><strong>ts</strong></span> <span class='ocrx_word' id='word_1_466' title='bbox 1227 3132 1255 3181; x_wconf 91' lang='lat' dir='ltr'><strong>et</strong></span> <span class='ocrx_word' id='word_1_467' title='bbox 1267 3122 1368 3191; x_wconf 90' lang='lat' dir='ltr'><strong>nescis,</strong></span> <span class='ocrx_word' id='word_1_468' title='bbox 1384 3119 1447 3178; x_wconf 90' lang='lat' dir='ltr'><strong>ideb</strong></span> <span class='ocrx_word' id='word_1_469' title='bbox 1466 3119 1538 3177; x_wconf 88' lang='lat' dir='ltr'><strong>toras</strong></span> <span class='ocrx_word' id='word_1_470' title='bbox 1551 3118 1660 3192; x_wconf 83' lang='lat' dir='ltr'><strong>quaeris.</strong></span> <span class='ocrx_word' id='word_1_471' title='bbox 1679 3117 1750 3175; x_wconf 80' lang='lat' dir='ltr'><strong>Eoos</strong></span> 
     </span>
     <span class='ocr_line' id='line_1_34' title="bbox 94 3205 1750 3288; baseline -0.001 -24"><span class='ocrx_word' id='word_1_472' title='bbox 94 3207 168 3274; x_wconf 91' lang='lat' dir='ltr'><strong>duit,</strong></span> <span class='ocrx_word' id='word_1_473' title='bbox 196 3215 224 3264; x_wconf 91' lang='lat' dir='ltr'><strong>et</strong></span> <span class='ocrx_word' id='word_1_474' title='bbox 236 3209 310 3265; x_wconf 83' lang='lat' dir='ltr'><strong>velut</strong></span> <span class='ocrx_word' id='word_1_475' title='bbox 324 3211 405 3266; x_wconf 90' lang='lat' dir='ltr'><strong>carbo</strong></span> <span class='ocrx_word' id='word_1_476' title='bbox 431 3210 612 3284; x_wconf 81' lang='lat' dir='ltr'><strong>lacrymarum</strong></span> <span class='ocrx_word' id='word_1_477' title='bbox 637 3214 734 3272; x_wconf 91' lang='lat' dir='ltr'><strong>umbra</strong></span> <span class='ocrx_word' id='word_1_478' title='bbox 756 3232 896 3288; x_wconf 89' lang='lat' dir='ltr'><strong>respersus</strong></span> <span class='ocrx_word' id='word_1_479' title='bbox 949 3225 976 3273; x_wconf 92' lang='lat' dir='ltr'><strong>et</strong></span> <span class='ocrx_word' id='word_1_480' title='bbox 991 3214 1055 3272; x_wconf 89' lang='lat' dir='ltr'><strong>toris</strong></span> <span class='ocrx_word' id='word_1_481' title='bbox 1068 3215 1216 3286; x_wconf 89' lang='lat' dir='ltr'><strong>apparebo,</strong></span> <span class='ocrx_word' id='word_1_482' title='bbox 1239 3219 1270 3270; x_wconf 90' lang='lat' dir='ltr'><strong>ut</strong></span> <span class='ocrx_word' id='word_1_483' title='bbox 1293 3219 1320 3268; x_wconf 88' lang='lat' dir='ltr'><strong>te</strong></span> <span class='ocrx_word' id='word_1_484' title='bbox 1339 3211 1412 3267; x_wconf 89' lang='lat' dir='ltr'><strong>intus</strong></span> <span class='ocrx_word' id='word_1_485' title='bbox 1433 3208 1572 3275; x_wconf 90' lang='lat' dir='ltr'><strong>reducam,</strong></span> <span class='ocrx_word' id='word_1_486' title='bbox 1588 3217 1615 3265; x_wconf 89' lang='lat' dir='ltr'><strong>et</strong></span> <span class='ocrx_word' id='word_1_487' title='bbox 1629 3205 1750 3263; x_wconf 80' lang='lat' dir='ltr'><strong>invenias</strong></span> 
     </span>
     <span class='ocr_line' id='line_1_35' title="bbox 99 3295 1748 3379; baseline -0.002 -26"><span class='ocrx_word' id='word_1_488' title='bbox 99 3295 198 3353; x_wconf 84' lang='lat' dir='ltr'><strong>lortius</strong></span> <span class='ocrx_word' id='word_1_489' title='bbox 212 3297 320 3366; x_wconf 84' lang='lat' dir='ltr'><strong>exarsit,</strong></span> <span class='ocrx_word' id='word_1_490' title='bbox 337 3297 441 3356; x_wconf 85' lang='lat' dir='ltr'><strong>rideres</strong></span> <span class='ocrx_word' id='word_1_491' title='bbox 455 3300 490 3356; x_wconf 89' lang='lat' dir='ltr'><strong>ab</strong></span> <span class='ocrx_word' id='word_1_492' title='bbox 503 3300 548 3358; x_wconf 90' lang='lat' dir='ltr'><strong>illa</strong></span> <span class='ocrx_word' id='word_1_493' title='bbox 561 3301 673 3359; x_wconf 82' lang='lat' dir='ltr'><strong>sociatis</strong></span> <span class='ocrx_word' id='word_1_494' title='bbox 699 3303 895 3379; x_wconf 82' lang='lat' dir='ltr'><strong>restigttsere-</strong></span> <span class='ocrx_word' id='word_1_495' title='bbox 948 3303 1021 3360; x_wconf 86' lang='lat' dir='ltr'><strong>intus</strong></span> <span class='ocrx_word' id='word_1_496' title='bbox 1034 3319 1116 3376; x_wconf 90' lang='lat' dir='ltr'><strong>quem</strong></span> <span class='ocrx_word' id='word_1_497' title='bbox 1132 3301 1197 3358; x_wconf 88' lang='lat' dir='ltr'><strong>loris</strong></span> <span class='ocrx_word' id='word_1_498' title='bbox 1210 3299 1320 3373; x_wconf 76' lang='lat' dir='ltr'><strong>queris.</strong></span> <span class='ocrx_word' id='word_1_499' title='bbox 1341 3301 1440 3367; x_wconf 66' lang='lat' dir='ltr'><strong>Uario,</strong></span> <span class='ocrx_word' id='word_1_500' title='bbox 1457 3297 1520 3354; x_wconf 85' lang='lat' dir='ltr'><strong>nori</strong></span> <span class='ocrx_word' id='word_1_501' title='bbox 1539 3303 1566 3352; x_wconf 92' lang='lat' dir='ltr'><strong>te</strong></span> <span class='ocrx_word' id='word_1_502' title='bbox 1579 3312 1611 3353; x_wconf 84' lang='lat' dir='ltr'><strong>ex</strong></span> <span class='ocrx_word' id='word_1_503' title='bbox 1624 3295 1748 3365; x_wconf 89' lang='lat' dir='ltr'><strong>nomine,</strong></span> 
     </span>
     <span class='ocr_line' id='line_1_36' title="bbox 98 3382 1749 3466; baseline -0.001 -25"><span class='ocrx_word' id='word_1_504' title='bbox 98 3384 218 3441; x_wconf 85' lang='lat' dir='ltr'><strong>berrima</strong></span> <span class='ocrx_word' id='word_1_505' title='bbox 240 3394 268 3442; x_wconf 91' lang='lat' dir='ltr'><strong>et</strong></span> <span class='ocrx_word' id='word_1_506' title='bbox 280 3385 441 3443; x_wconf 89' lang='lat' dir='ltr'><strong>insatiabilia</strong></span> <span class='ocrx_word' id='word_1_507' title='bbox 456 3390 550 3446; x_wconf 89' lang='lat' dir='ltr'><strong>oscula</strong></span> <span class='ocrx_word' id='word_1_508' title='bbox 576 3389 662 3466; x_wconf 86' lang='lat' dir='ltr'><strong>intigi,</strong></span> <span class='ocrx_word' id='word_1_509' title='bbox 678 3393 786 3449; x_wconf 87' lang='lat' dir='ltr'><strong>videres</strong></span> <span class='ocrx_word' id='word_1_510' title='bbox 800 3393 896 3452; x_wconf 81' lang='lat' dir='ltr'><strong>eltusas</strong></span> <span class='ocrx_word' id='word_1_511' title='bbox 947 3391 1022 3447; x_wconf 89' lang='lat' dir='ltr'><strong>disce</strong></span> <span class='ocrx_word' id='word_1_512' title='bbox 1041 3407 1084 3448; x_wconf 90' lang='lat' dir='ltr'><strong>me</strong></span> <span class='ocrx_word' id='word_1_513' title='bbox 1103 3402 1268 3464; x_wconf 89' lang='lat' dir='ltr'><strong>cognoscere</strong></span> <span class='ocrx_word' id='word_1_514' title='bbox 1289 3402 1322 3444; x_wconf 84' lang='lat' dir='ltr'><strong>ex</strong></span> <span class='ocrx_word' id='word_1_515' title='bbox 1341 3386 1406 3443; x_wconf 86' lang='lat' dir='ltr'><strong>tide.</strong></span> <span class='ocrx_word' id='word_1_516' title='bbox 1434 3383 1570 3448; x_wconf 73' lang='lat' dir='ltr'><strong>anoloni,</strong></span> <span class='ocrx_word' id='word_1_517' title='bbox 1593 3382 1619 3439; x_wconf 95' lang='lat' dir='ltr'><strong>id</strong></span> <span class='ocrx_word' id='word_1_518' title='bbox 1634 3391 1676 3441; x_wconf 89' lang='lat' dir='ltr'><strong>est</strong></span> <span class='ocrx_word' id='word_1_519' title='bbox 1690 3384 1749 3440; x_wconf 65' lang='lat' dir='ltr'><strong>ltu*</strong></span> 
     </span>
     <span class='ocr_line' id='line_1_37' title="bbox 98 3470 1749 3554; baseline 0.001 -26"><span class='ocrx_word' id='word_1_520' title='bbox 98 3473 234 3532; x_wconf 86' lang='lat' dir='ltr'><strong>unctionis</strong></span> <span class='ocrx_word' id='word_1_521' title='bbox 258 3476 390 3535; x_wconf 83' lang='lat' dir='ltr'><strong>suavitate</strong></span> <span class='ocrx_word' id='word_1_522' title='bbox 414 3484 495 3533; x_wconf 88' lang='lat' dir='ltr'><strong>totam</strong></span> <span class='ocrx_word' id='word_1_523' title='bbox 522 3478 633 3536; x_wconf 91' lang='lat' dir='ltr'><strong>domum</strong></span> <span class='ocrx_word' id='word_1_524' title='bbox 662 3481 804 3552; x_wconf 85' lang='lat' dir='ltr'><strong>compleri.</strong></span> <span class='ocrx_word' id='word_1_525' title='bbox 825 3482 897 3553; x_wconf 84' lang='lat' dir='ltr'><strong>Quid</strong></span> <span class='ocrx_word' id='word_1_526' title='bbox 948 3480 1045 3554; x_wconf 74' lang='lat' dir='ltr'><strong>pistor.</strong></span> <span class='ocrx_word' id='word_1_527' title='bbox 1065 3478 1146 3550; x_wconf 84' lang='lat' dir='ltr'><strong>Quctl</strong></span> <span class='ocrx_word' id='word_1_528' title='bbox 1160 3485 1201 3534; x_wconf 91' lang='lat' dir='ltr'><strong>est</strong></span> <span class='ocrx_word' id='word_1_529' title='bbox 1214 3475 1322 3534; x_wconf 86' lang='lat' dir='ltr'><strong>dicore:</strong></span> <span class='ocrx_word' id='word_1_530' title='bbox 1342 3477 1418 3531; x_wconf 86' lang='lat' dir='ltr'><strong>Doce</strong></span> <span class='ocrx_word' id='word_1_531' title='bbox 1433 3489 1476 3530; x_wconf 93' lang='lat' dir='ltr'><strong>me</strong></span> <span class='ocrx_word' id='word_1_532' title='bbox 1489 3487 1614 3546; x_wconf 70' lang='lat' dir='ltr'><strong>quaerere</strong></span> <span class='ocrx_word' id='word_1_533' title='bbox 1628 3480 1664 3538; x_wconf 90' lang='lat' dir='ltr'><strong>te,</strong></span> <span class='ocrx_word' id='word_1_534' title='bbox 1679 3470 1749 3529; x_wconf 89' lang='lat' dir='ltr'><strong>doce</strong></span> 
     </span>
     <span class='ocr_line' id='line_1_38' title="bbox 97 3557 1749 3644; baseline -0.003 -25"><span class='ocrx_word' id='word_1_535' title='bbox 97 3563 182 3636; x_wconf 85' lang='lat' dir='ltr'><strong>igitur</strong></span> <span class='ocrx_word' id='word_1_536' title='bbox 194 3564 241 3621; x_wconf 91' lang='lat' dir='ltr'><strong>illa</strong></span> <span class='ocrx_word' id='word_1_537' title='bbox 266 3565 318 3621; x_wconf 92' lang='lat' dir='ltr'><strong>uisi</strong></span> <span class='ocrx_word' id='word_1_538' title='bbox 338 3565 368 3621; x_wconf 91' lang='lat' dir='ltr'><strong>in</strong></span> <span class='ocrx_word' id='word_1_539' title='bbox 390 3566 555 3625; x_wconf 85' lang='lat' dir='ltr'><strong>torrentibus</strong></span> <span class='ocrx_word' id='word_1_540' title='bbox 569 3568 681 3625; x_wconf 81' lang='lat' dir='ltr'><strong>vallium</strong></span> <span class='ocrx_word' id='word_1_541' title='bbox 696 3569 895 3644; x_wconf 79' lang='lat' dir='ltr'><strong>requiescebat,</strong></span> <span class='ocrx_word' id='word_1_542' title='bbox 946 3583 993 3624; x_wconf 90' lang='lat' dir='ltr'><strong>me</strong></span> <span class='ocrx_word' id='word_1_543' title='bbox 1007 3574 1120 3642; x_wconf 85' lang='lat' dir='ltr'><strong>tangere</strong></span> <span class='ocrx_word' id='word_1_544' title='bbox 1133 3573 1320 3638; x_wconf 89' lang='lat' dir='ltr'><strong>tsetungere.</strong></span> <span class='ocrx_word' id='word_1_545' title='bbox 1336 3563 1411 3631; x_wconf 84' lang='lat' dir='ltr'><strong>Noti,</strong></span> <span class='ocrx_word' id='word_1_546' title='bbox 1428 3562 1475 3629; x_wconf 92' lang='lat' dir='ltr'><strong>ait,</strong></span> <span class='ocrx_word' id='word_1_547' title='bbox 1490 3576 1536 3618; x_wconf 87' lang='lat' dir='ltr'><strong>me</strong></span> <span class='ocrx_word' id='word_1_548' title='bbox 1550 3563 1667 3633; x_wconf 81' lang='lat' dir='ltr'><strong>tempere</strong></span> <span class='ocrx_word' id='word_1_549' title='bbox 1678 3557 1749 3616; x_wconf 88' lang='lat' dir='ltr'><strong>sicut</strong></span> 
     </span>
     <span class='ocr_line' id='line_1_39' title="bbox 97 3648 1748 3729; baseline -0.002 -21"><span class='ocrx_word' id='word_1_550' title='bbox 97 3652 132 3708; x_wconf 91' lang='lat' dir='ltr'><strong>de</strong></span> <span class='ocrx_word' id='word_1_551' title='bbox 146 3669 199 3724; x_wconf 89' lang='lat' dir='ltr'><strong>qua</strong></span> <span class='ocrx_word' id='word_1_552' title='bbox 213 3663 253 3712; x_wconf 89' lang='lat' dir='ltr'><strong>tot</strong></span> <span class='ocrx_word' id='word_1_553' title='bbox 267 3664 294 3712; x_wconf 89' lang='lat' dir='ltr'><strong>ct</strong></span> <span class='ocrx_word' id='word_1_554' title='bbox 308 3654 374 3711; x_wconf 88' lang='lat' dir='ltr'><strong>tanti</strong></span> <span class='ocrx_word' id='word_1_555' title='bbox 389 3657 484 3729; x_wconf 81' lang='lat' dir='ltr'><strong>gratiss</strong></span> <span class='ocrx_word' id='word_1_556' title='bbox 493 3665 628 3715; x_wconf 82' lang='lat' dir='ltr'><strong>torrentes</strong></span> <span class='ocrx_word' id='word_1_557' title='bbox 642 3657 897 3718; x_wconf 80' lang='lat' dir='ltr'><strong>effluebantlUude</strong></span> <span class='ocrx_word' id='word_1_558' title='bbox 948 3658 1096 3725; x_wconf 89' lang='lat' dir='ltr'><strong>bominem,</strong></span> <span class='ocrx_word' id='word_1_559' title='bbox 1116 3670 1168 3713; x_wconf 90' lang='lat' dir='ltr'><strong>nec</strong></span> <span class='ocrx_word' id='word_1_560' title='bbox 1191 3654 1262 3712; x_wconf 84' lang='lat' dir='ltr'><strong>sicut</strong></span> <span class='ocrx_word' id='word_1_561' title='bbox 1281 3651 1357 3725; x_wconf 89' lang='lat' dir='ltr'><strong>prius</strong></span> <span class='ocrx_word' id='word_1_562' title='bbox 1384 3651 1496 3725; x_wconf 71' lang='lat' dir='ltr'><strong>tetigisti</strong></span> <span class='ocrx_word' id='word_1_563' title='bbox 1510 3657 1539 3707; x_wconf 88' lang='lat' dir='ltr'><strong>et</strong></span> <span class='ocrx_word' id='word_1_564' title='bbox 1556 3648 1657 3708; x_wconf 77' lang='lat' dir='ltr'><strong>unxisti</strong></span> <span class='ocrx_word' id='word_1_565' title='bbox 1671 3661 1748 3704; x_wconf 91' lang='lat' dir='ltr'><strong>mor·</strong></span> 
     </span>
     <span class='ocr_line' id='line_1_40' title="bbox 96 3737 1747 3819; baseline -0.002 -22"><span class='ocrx_word' id='word_1_566' title='bbox 96 3742 179 3798; x_wconf 89' lang='lat' dir='ltr'><strong>etiam</strong></span> <span class='ocrx_word' id='word_1_567' title='bbox 192 3743 311 3800; x_wconf 82' lang='lat' dir='ltr'><strong>dimissis</strong></span> <span class='ocrx_word' id='word_1_568' title='bbox 331 3744 356 3799; x_wconf 87' lang='lat' dir='ltr'><strong>ei</strong></span> <span class='ocrx_word' id='word_1_569' title='bbox 380 3744 499 3817; x_wconf 85' lang='lat' dir='ltr'><strong>peccatis</strong></span> <span class='ocrx_word' id='word_1_570' title='bbox 523 3747 627 3814; x_wconf 90' lang='lat' dir='ltr'><strong>multis,</strong></span> <span class='ocrx_word' id='word_1_571' title='bbox 643 3746 706 3819; x_wconf 90' lang='lat' dir='ltr'><strong>quia</strong></span> <span class='ocrx_word' id='word_1_572' title='bbox 721 3746 838 3805; x_wconf 91' lang='lat' dir='ltr'><strong>multum</strong></span> <span class='ocrx_word' id='word_1_573' title='bbox 852 3748 895 3805; x_wconf 91' lang='lat' dir='ltr'><strong>di·</strong></span> <span class='ocrx_word' id='word_1_574' title='bbox 948 3746 1040 3804; x_wconf 90' lang='lat' dir='ltr'><strong>talem.</strong></span> <span class='ocrx_word' id='word_1_575' title='bbox 1058 3746 1188 3806; x_wconf 82' lang='lat' dir='ltr'><strong>Necdum</strong></span> <span class='ocrx_word' id='word_1_576' title='bbox 1215 3743 1329 3803; x_wconf 82' lang='lat' dir='ltr'><strong>ascendi</strong></span> <span class='ocrx_word' id='word_1_577' title='bbox 1350 3741 1387 3799; x_wconf 88' lang='lat' dir='ltr'><strong>nd</strong></span> <span class='ocrx_word' id='word_1_578' title='bbox 1408 3745 1524 3800; x_wconf 85' lang='lat' dir='ltr'><strong>Patrem</strong></span> <span class='ocrx_word' id='word_1_579' title='bbox 1541 3737 1747 3812; x_wconf 69' lang='lat' dir='ltr'><strong>msaonos.</strong></span> 
     </span>
     <span class='ocr_line' id='line_1_41' title="bbox 96 3827 1747 3908; baseline -0.002 -22"><span class='ocrx_word' id='word_1_580' title='bbox 96 3830 209 3898; x_wconf 89' lang='lat' dir='ltr'><strong>texerat,</strong></span> <span class='ocrx_word' id='word_1_581' title='bbox 224 3836 280 3903; x_wconf 87' lang='lat' dir='ltr'><strong>jam</strong></span> <span class='ocrx_word' id='word_1_582' title='bbox 294 3833 501 3892; x_wconf 88' lang='lat' dir='ltr'><strong>sicutcolumba</strong></span> <span class='ocrx_word' id='word_1_583' title='bbox 520 3851 582 3908; x_wconf 79' lang='lat' dir='ltr'><strong>que</strong></span> <span class='ocrx_word' id='word_1_584' title='bbox 596 3835 664 3893; x_wconf 87' lang='lat' dir='ltr'><strong>lacte</strong></span> <span class='ocrx_word' id='word_1_585' title='bbox 682 3842 724 3892; x_wconf 90' lang='lat' dir='ltr'><strong>est</strong></span> <span class='ocrx_word' id='word_1_586' title='bbox 740 3836 804 3906; x_wconf 92' lang='lat' dir='ltr'><strong>lota,</strong></span> <span class='ocrx_word' id='word_1_587' title='bbox 819 3837 893 3894; x_wconf 91' lang='lat' dir='ltr'><strong>resi·</strong></span> <span class='ocrx_word' id='word_1_588' title='bbox 948 3851 1001 3903; x_wconf 84' lang='lat' dir='ltr'><strong>xx,</strong></span> <span class='ocrx_word' id='word_1_589' title='bbox 1017 3836 1114 3907; x_wconf 80' lang='lat' dir='ltr'><strong>t·tt);</strong></span> <span class='ocrx_word' id='word_1_590' title='bbox 1130 3833 1250 3890; x_wconf 91' lang='lat' dir='ltr'><strong>noudum</strong></span> <span class='ocrx_word' id='word_1_591' title='bbox 1265 3830 1403 3888; x_wconf 83' lang='lat' dir='ltr'><strong>credidisti</strong></span> <span class='ocrx_word' id='word_1_592' title='bbox 1415 3845 1459 3887; x_wconf 90' lang='lat' dir='ltr'><strong>me</strong></span> <span class='ocrx_word' id='word_1_593' title='bbox 1478 3829 1550 3886; x_wconf 87' lang='lat' dir='ltr'><strong>Patri</strong></span> <span class='ocrx_word' id='word_1_594' title='bbox 1571 3827 1747 3901; x_wconf 73' lang='lat' dir='ltr'><strong>coequalem,</strong></span> 
     </span>
     <span class='ocr_line' id='line_1_42' title="bbox 94 3914 1746 3998; baseline -0.004 -21"><span class='ocrx_word' id='word_1_595' title='bbox 94 3921 179 3977; x_wconf 91' lang='lat' dir='ltr'><strong>debat</strong></span> <span class='ocrx_word' id='word_1_596' title='bbox 192 3920 226 3975; x_wconf 88' lang='lat' dir='ltr'><strong>ad</strong></span> <span class='ocrx_word' id='word_1_597' title='bbox 241 3921 324 3989; x_wconf 86' lang='lat' dir='ltr'><strong>pedes</strong></span> <span class='ocrx_word' id='word_1_598' title='bbox 338 3923 401 3978; x_wconf 82' lang='lat' dir='ltr'><strong>lesu</strong></span> <span class='ocrx_word' id='word_1_599' title='bbox 414 3925 492 3995; x_wconf 83' lang='lat' dir='ltr'><strong>juata</strong></span> <span class='ocrx_word' id='word_1_600' title='bbox 506 3924 607 3982; x_wconf 89' lang='lat' dir='ltr'><strong>liuenta</strong></span> <span class='ocrx_word' id='word_1_601' title='bbox 634 3924 803 3998; x_wconf 89' lang='lat' dir='ltr'><strong>plenissima,</strong></span> <span class='ocrx_word' id='word_1_602' title='bbox 832 3942 895 3984; x_wconf 89' lang='lat' dir='ltr'><strong>eum</strong></span> <span class='ocrx_word' id='word_1_603' title='bbox 948 3930 1115 3981; x_wconf 77' lang='lat' dir='ltr'><strong>coaeternum</strong></span> <span class='ocrx_word' id='word_1_604' title='bbox 1134 3926 1162 3980; x_wconf 87' lang='lat' dir='ltr'><strong>et</strong></span> <span class='ocrx_word' id='word_1_605' title='bbox 1175 3919 1438 3978; x_wconf 87' lang='lat' dir='ltr'><strong>consubstantialem.</strong></span> <span class='ocrx_word' id='word_1_606' title='bbox 1463 3916 1523 3975; x_wconf 80' lang='lat' dir='ltr'><strong>llos·</strong></span> <span class='ocrx_word' id='word_1_607' title='bbox 1544 3915 1629 3991; x_wconf 88' lang='lat' dir='ltr'><strong>igitur</strong></span> <span class='ocrx_word' id='word_1_608' title='bbox 1655 3914 1746 3987; x_wconf 90' lang='lat' dir='ltr'><strong>crede,</strong></span> 
     </span>
     <span class='ocr_line' id='line_1_43' title="bbox 92 4005 1745 4089; baseline -0.001 -25"><span class='ocrx_word' id='word_1_609' title='bbox 92 4008 208 4080; x_wconf 85' lang='lat' dir='ltr'><strong>quidem</strong></span> <span class='ocrx_word' id='word_1_610' title='bbox 224 4023 301 4066; x_wconf 89' lang='lat' dir='ltr'><strong>soror</strong></span> <span class='ocrx_word' id='word_1_611' title='bbox 313 4012 374 4082; x_wconf 88' lang='lat' dir='ltr'><strong>ejus</strong></span> <span class='ocrx_word' id='word_1_612' title='bbox 396 4013 499 4069; x_wconf 78' lang='lat' dir='ltr'><strong>Martha</strong></span> <span class='ocrx_word' id='word_1_613' title='bbox 514 4017 653 4086; x_wconf 85' lang='lat' dir='ltr'><strong>satageret</strong></span> <span class='ocrx_word' id='word_1_614' title='bbox 666 4014 739 4072; x_wconf 86' lang='lat' dir='ltr'><strong>circa</strong></span> <span class='ocrx_word' id='word_1_615' title='bbox 766 4014 896 4089; x_wconf 74' lang='lat' dir='ltr'><strong>frequens</strong></span> <span class='ocrx_word' id='word_1_616' title='bbox 948 4020 977 4069; x_wconf 89' lang='lat' dir='ltr'><strong>et</strong></span> <span class='ocrx_word' id='word_1_617' title='bbox 996 4012 1107 4089; x_wconf 73' lang='lat' dir='ltr'><strong>tetigisti</strong></span> <span class='ocrx_word' id='word_1_618' title='bbox 1129 4027 1183 4069; x_wconf 87' lang='lat' dir='ltr'><strong>me.</strong></span> <span class='ocrx_word' id='word_1_619' title='bbox 1204 4010 1348 4069; x_wconf 82' lang='lat' dir='ltr'><strong>Hominem</strong></span> <span class='ocrx_word' id='word_1_620' title='bbox 1367 4009 1454 4077; x_wconf 86' lang='lat' dir='ltr'><strong>rides,</strong></span> <span class='ocrx_word' id='word_1_621' title='bbox 1479 4007 1541 4065; x_wconf 87' lang='lat' dir='ltr'><strong>ideo</strong></span> <span class='ocrx_word' id='word_1_622' title='bbox 1562 4021 1618 4065; x_wconf 89' lang='lat' dir='ltr'><strong>uon</strong></span> <span class='ocrx_word' id='word_1_623' title='bbox 1638 4005 1745 4064; x_wconf 89' lang='lat' dir='ltr'><strong>credis:</strong></span> 
     </span>
     <span class='ocr_line' id='line_1_44' title="bbox 95 4094 1746 4177; baseline -0.001 -23"><span class='ocrx_word' id='word_1_624' title='bbox 95 4096 288 4154; x_wconf 89' lang='lat' dir='ltr'><strong>ministerium.</strong></span> <span class='ocrx_word' id='word_1_625' title='bbox 315 4098 387 4169; x_wconf 92' lang='lat' dir='ltr'><strong>Quid</strong></span> <span class='ocrx_word' id='word_1_626' title='bbox 407 4116 553 4159; x_wconf 89' lang='lat' dir='ltr'><strong>memorem</strong></span> <span class='ocrx_word' id='word_1_627' title='bbox 573 4102 607 4158; x_wconf 88' lang='lat' dir='ltr'><strong>da</strong></span> <span class='ocrx_word' id='word_1_628' title='bbox 631 4104 780 4176; x_wconf 79' lang='lat' dir='ltr'><strong>sepulture</strong></span> <span class='ocrx_word' id='word_1_629' title='bbox 802 4104 892 4164; x_wconf 82' lang='lat' dir='ltr'><strong>cilicio</strong></span> <span class='ocrx_word' id='word_1_630' title='bbox 947 4103 1020 4177; x_wconf 92' lang='lat' dir='ltr'><strong>quod</strong></span> <span class='ocrx_word' id='word_1_631' title='bbox 1044 4103 1117 4161; x_wconf 90' lang='lat' dir='ltr'><strong>enim</strong></span> <span class='ocrx_word' id='word_1_632' title='bbox 1143 4101 1250 4160; x_wconf 88' lang='lat' dir='ltr'><strong>ridetur</strong></span> <span class='ocrx_word' id='word_1_633' title='bbox 1263 4115 1318 4158; x_wconf 91' lang='lat' dir='ltr'><strong>nou</strong></span> <span class='ocrx_word' id='word_1_634' title='bbox 1332 4099 1461 4157; x_wconf 90' lang='lat' dir='ltr'><strong>creditur.</strong></span> <span class='ocrx_word' id='word_1_635' title='bbox 1482 4099 1569 4155; x_wconf 87' lang='lat' dir='ltr'><strong>Deum</strong></span> <span class='ocrx_word' id='word_1_636' title='bbox 1582 4110 1637 4153; x_wconf 90' lang='lat' dir='ltr'><strong>nou</strong></span> <span class='ocrx_word' id='word_1_637' title='bbox 1650 4094 1746 4163; x_wconf 82' lang='lat' dir='ltr'><strong>rides3</strong></span> 
     </span>
     <span class='ocr_line' id='line_1_45' title="bbox 95 4182 1749 4275; baseline -0.002 -31"><span class='ocrx_word' id='word_1_638' title='bbox 95 4182 170 4260; x_wconf 91' lang='lat' dir='ltr'><strong>quod</strong></span> <span class='ocrx_word' id='word_1_639' title='bbox 191 4185 335 4260; x_wconf 78' lang='lat' dir='ltr'><strong>proeveuit,</strong></span> <span class='ocrx_word' id='word_1_640' title='bbox 348 4188 382 4245; x_wconf 93' lang='lat' dir='ltr'><strong>de</strong></span> <span class='ocrx_word' id='word_1_641' title='bbox 400 4190 515 4260; x_wconf 86' lang='lat' dir='ltr'><strong>pedibus</strong></span> <span class='ocrx_word' id='word_1_642' title='bbox 529 4191 724 4249; x_wconf 74' lang='lat' dir='ltr'><strong>aseendens&#39;ad</strong></span> <span class='ocrx_word' id='word_1_643' title='bbox 738 4195 893 4252; x_wconf 81' lang='lat' dir='ltr'><strong>unctionem</strong></span> <span class='ocrx_word' id='word_1_644' title='bbox 908 4195 933 4275; x_wconf 71' lang='lat' dir='ltr'>n</span> <span class='ocrx_word' id='word_1_645' title='bbox 948 4191 1030 4249; x_wconf 90' lang='lat' dir='ltr'><strong>crede</strong></span> <span class='ocrx_word' id='word_1_646' title='bbox 1043 4197 1071 4246; x_wconf 91' lang='lat' dir='ltr'><strong>et</strong></span> <span class='ocrx_word' id='word_1_647' title='bbox 1084 4190 1206 4248; x_wconf 84' lang='lat' dir='ltr'><strong>ridebis:</strong></span> <span class='ocrx_word' id='word_1_648' title='bbox 1227 4189 1364 4248; x_wconf 90' lang='lat' dir='ltr'><strong>credendo</strong></span> <span class='ocrx_word' id='word_1_649' title='bbox 1386 4204 1431 4246; x_wconf 92' lang='lat' dir='ltr'><strong>me</strong></span> <span class='ocrx_word' id='word_1_650' title='bbox 1453 4197 1558 4259; x_wconf 91' lang='lat' dir='ltr'><strong>tanges,</strong></span> <span class='ocrx_word' id='word_1_651' title='bbox 1575 4184 1687 4243; x_wconf 74' lang='lat' dir='ltr'><strong>montet</strong></span> <span class='ocrx_word' id='word_1_652' title='bbox 1702 4184 1749 4242; x_wconf 88' lang='lat' dir='ltr'><strong>illa</strong></span> 
     </span>
     <span class='ocr_line' id='line_1_46' title="bbox 96 4272 1749 4354; baseline -0.002 -21"><span class='ocrx_word' id='word_1_653' title='bbox 96 4276 201 4348; x_wconf 87' lang='lat' dir='ltr'><strong>eapitis,</strong></span> <span class='ocrx_word' id='word_1_654' title='bbox 217 4292 278 4333; x_wconf 88' lang='lat' dir='ltr'><strong>cum</strong></span> <span class='ocrx_word' id='word_1_655' title='bbox 292 4277 320 4333; x_wconf 93' lang='lat' dir='ltr'><strong>in</strong></span> <span class='ocrx_word' id='word_1_656' title='bbox 335 4293 394 4334; x_wconf 86' lang='lat' dir='ltr'><strong>eam</strong></span> <span class='ocrx_word' id='word_1_657' title='bbox 418 4277 546 4336; x_wconf 81' lang='lat' dir='ltr'><strong>fremeret</strong></span> <span class='ocrx_word' id='word_1_658' title='bbox 558 4277 629 4336; x_wconf 88' lang='lat' dir='ltr'><strong>illud</strong></span> <span class='ocrx_word' id='word_1_659' title='bbox 657 4282 777 4338; x_wconf 81' lang='lat' dir='ltr'><strong>avaritiae</strong></span> <span class='ocrx_word' id='word_1_660' title='bbox 795 4283 892 4354; x_wconf 87' lang='lat' dir='ltr'><strong>sepul·</strong></span> <span class='ocrx_word' id='word_1_661' title='bbox 944 4279 1045 4337; x_wconf 90' lang='lat' dir='ltr'><strong>mulier</strong></span> <span class='ocrx_word' id='word_1_662' title='bbox 1063 4295 1124 4352; x_wconf 81' lang='lat' dir='ltr'><strong>quan</strong></span> <span class='ocrx_word' id='word_1_663' title='bbox 1138 4277 1291 4336; x_wconf 79' lang='lat' dir='ltr'><strong>vestimenti</strong></span> <span class='ocrx_word' id='word_1_664' title='bbox 1309 4277 1365 4335; x_wconf 88' lang='lat' dir='ltr'><strong>mei</strong></span> <span class='ocrx_word' id='word_1_665' title='bbox 1378 4274 1513 4333; x_wconf 81' lang='lat' dir='ltr'><strong>umbriam</strong></span> <span class='ocrx_word' id='word_1_666' title='bbox 1528 4272 1627 4348; x_wconf 87' lang='lat' dir='ltr'><strong>tetigit,</strong></span> <span class='ocrx_word' id='word_1_667' title='bbox 1645 4280 1674 4330; x_wconf 88' lang='lat' dir='ltr'><strong>et</strong></span> <span class='ocrx_word' id='word_1_668' title='bbox 1686 4287 1749 4331; x_wconf 86' lang='lat' dir='ltr'><strong>eon·</strong></span> 
     </span>
     <span class='ocr_line' id='line_1_47' title="bbox 95 4361 1746 4439; baseline -0.003 -16"><span class='ocrx_word' id='word_1_669' title='bbox 95 4381 172 4423; x_wconf 90' lang='lat' dir='ltr'><strong>crum</strong></span> <span class='ocrx_word' id='word_1_670' title='bbox 191 4364 290 4437; x_wconf 84' lang='lat' dir='ltr'><strong>latens,</strong></span> <span class='ocrx_word' id='word_1_671' title='bbox 304 4367 416 4424; x_wconf 89' lang='lat' dir='ltr'><strong>odorem</strong></span> <span class='ocrx_word' id='word_1_672' title='bbox 440 4367 547 4439; x_wconf 91' lang='lat' dir='ltr'><strong>pietatis</strong></span> <span class='ocrx_word' id='word_1_673' title='bbox 570 4368 640 4424; x_wconf 89' lang='lat' dir='ltr'><strong>terre</strong></span> <span class='ocrx_word' id='word_1_674' title='bbox 655 4383 710 4426; x_wconf 89' lang='lat' dir='ltr'><strong>nou</strong></span> <span class='ocrx_word' id='word_1_675' title='bbox 736 4368 895 4427; x_wconf 71' lang='lat' dir='ltr'><strong>ausonensi</strong></span> <span class='ocrx_word' id='word_1_676' title='bbox 948 4368 1037 4426; x_wconf 84' lang='lat' dir='ltr'><strong>testim</strong></span> <span class='ocrx_word' id='word_1_677' title='bbox 1052 4376 1146 4426; x_wconf 85' lang='lat' dir='ltr'><strong>sanata</strong></span> <span class='ocrx_word' id='word_1_678' title='bbox 1159 4372 1210 4425; x_wconf 82' lang='lat' dir='ltr'><strong>est</strong></span> <span class='ocrx_word' id='word_1_679' title='bbox 1226 4367 1338 4439; x_wconf 73' lang='lat' dir='ltr'><strong>Quare?</strong></span> <span class='ocrx_word' id='word_1_680' title='bbox 1353 4365 1423 4436; x_wconf 85' lang='lat' dir='ltr'><strong>Quia</strong></span> <span class='ocrx_word' id='word_1_681' title='bbox 1435 4364 1490 4422; x_wconf 84' lang='lat' dir='ltr'><strong>tide</strong></span> <span class='ocrx_word' id='word_1_682' title='bbox 1515 4378 1566 4420; x_wconf 91' lang='lat' dir='ltr'><strong>sua</strong></span> <span class='ocrx_word' id='word_1_683' title='bbox 1587 4361 1676 4432; x_wconf 84' lang='lat' dir='ltr'><strong>tetigit</strong></span> <span class='ocrx_word' id='word_1_684' title='bbox 1693 4377 1746 4421; x_wconf 86' lang='lat' dir='ltr'><strong>me.</strong></span> 
     </span>
     <span class='ocr_line' id='line_1_48' title="bbox 92 4448 1746 4530; baseline 0.001 -19"><span class='ocrx_word' id='word_1_685' title='bbox 92 4451 155 4511; x_wconf 87' lang='lat' dir='ltr'><strong>Non</strong></span> <span class='ocrx_word' id='word_1_686' title='bbox 174 4455 260 4527; x_wconf 90' lang='lat' dir='ltr'><strong>potuit</strong></span> <span class='ocrx_word' id='word_1_687' title='bbox 273 4471 350 4512; x_wconf 87' lang='lat' dir='ltr'><strong>amor</strong></span> <span class='ocrx_word' id='word_1_688' title='bbox 364 4464 455 4513; x_wconf 90' lang='lat' dir='ltr'><strong>tantus</strong></span> <span class='ocrx_word' id='word_1_689' title='bbox 469 4457 576 4514; x_wconf 87' lang='lat' dir='ltr'><strong>cbristo</strong></span> <span class='ocrx_word' id='word_1_690' title='bbox 591 4456 672 4515; x_wconf 89' lang='lat' dir='ltr'><strong>etism</strong></span> <span class='ocrx_word' id='word_1_691' title='bbox 686 4457 820 4515; x_wconf 87' lang='lat' dir='ltr'><strong>moriente</strong></span> <span class='ocrx_word' id='word_1_692' title='bbox 836 4474 893 4517; x_wconf 90' lang='lat' dir='ltr'><strong>mo-</strong></span> <span class='ocrx_word' id='word_1_693' title='bbox 946 4456 1002 4514; x_wconf 83' lang='lat' dir='ltr'><strong>Hae</strong></span> <span class='ocrx_word' id='word_1_694' title='bbox 1018 4470 1099 4512; x_wconf 89' lang='lat' dir='ltr'><strong>mauu</strong></span> <span class='ocrx_word' id='word_1_695' title='bbox 1114 4464 1195 4530; x_wconf 88' lang='lat' dir='ltr'><strong>tange</strong></span> <span class='ocrx_word' id='word_1_696' title='bbox 1213 4470 1267 4522; x_wconf 92' lang='lat' dir='ltr'><strong>me,</strong></span> <span class='ocrx_word' id='word_1_697' title='bbox 1283 4455 1326 4512; x_wconf 85' lang='lat' dir='ltr'><strong>bis</strong></span> <span class='ocrx_word' id='word_1_698' title='bbox 1340 4450 1647 4526; x_wconf 65' lang='lat' dir='ltr'><strong>mammarumque</strong></span> <span class='ocrx_word' id='word_1_699' title='bbox 1664 4448 1746 4523; x_wconf 81' lang='lat' dir='ltr'><strong>pcdi-</strong></span> 
     </span>
     <span class='ocr_line' id='line_1_49' title="bbox 93 4538 1747 4618; baseline -0.003 -19"><span class='ocrx_word' id='word_1_700' title='bbox 93 4541 119 4599; x_wconf 88' lang='lat' dir='ltr'><strong>ri</strong></span> <span class='ocrx_word' id='word_1_701' title='bbox 132 4558 139 4595; x_wconf 92' lang='lat'><strong>:</strong></span> <span class='ocrx_word' id='word_1_702' title='bbox 152 4543 318 4616; x_wconf 76' lang='lat' dir='ltr'><strong>fugientibus</strong></span> <span class='ocrx_word' id='word_1_703' title='bbox 326 4552 353 4602; x_wconf 87' lang='lat' dir='ltr'><strong>et</strong></span> <span class='ocrx_word' id='word_1_704' title='bbox 367 4545 512 4603; x_wconf 89' lang='lat' dir='ltr'><strong>latentibus</strong></span> <span class='ocrx_word' id='word_1_705' title='bbox 522 4545 598 4614; x_wconf 82' lang='lat' dir='ltr'><strong>uiris,</strong></span> <span class='ocrx_word' id='word_1_706' title='bbox 615 4547 669 4604; x_wconf 87' lang='lat' dir='ltr'><strong>hcc</strong></span> <span class='ocrx_word' id='word_1_707' title='bbox 687 4555 730 4604; x_wconf 88' lang='lat' dir='ltr'><strong>est</strong></span> <span class='ocrx_word' id='word_1_708' title='bbox 743 4547 892 4618; x_wconf 82' lang='lat' dir='ltr'><strong>Apostolis,</strong></span> <span class='ocrx_word' id='word_1_709' title='bbox 945 4545 998 4603; x_wconf 88' lang='lat' dir='ltr'><strong>bus</strong></span> <span class='ocrx_word' id='word_1_710' title='bbox 1011 4543 1111 4602; x_wconf 83' lang='lat' dir='ltr'><strong>teatina</strong></span> <span class='ocrx_word' id='word_1_711' title='bbox 1124 4558 1236 4601; x_wconf 79' lang='lat' dir='ltr'><strong>emmas</strong></span> <span class='ocrx_word' id='word_1_712' title='bbox 1250 4544 1283 4600; x_wconf 88' lang='lat' dir='ltr'><strong>sd</strong></span> <span class='ocrx_word' id='word_1_713' title='bbox 1296 4558 1350 4610; x_wconf 91' lang='lat' dir='ltr'><strong>me,</strong></span> <span class='ocrx_word' id='word_1_714' title='bbox 1366 4557 1418 4598; x_wconf 89' lang='lat' dir='ltr'><strong>nee</strong></span> <span class='ocrx_word' id='word_1_715' title='bbox 1432 4543 1515 4613; x_wconf 84' lang='lat' dir='ltr'><strong>longe</strong></span> <span class='ocrx_word' id='word_1_716' title='bbox 1528 4547 1582 4596; x_wconf 91' lang='lat' dir='ltr'><strong>ate</strong></span> <span class='ocrx_word' id='word_1_717' title='bbox 1592 4553 1663 4597; x_wconf 91' lang='lat' dir='ltr'><strong>aum.</strong></span> <span class='ocrx_word' id='word_1_718' title='bbox 1672 4538 1747 4596; x_wconf 86' lang='lat' dir='ltr'><strong>Deus</strong></span> 
     </span>
     <span class='ocr_line' id='line_1_50' title="bbox 95 4629 1746 4709; baseline -0.003 -21"><span class='ocrx_word' id='word_1_719' title='bbox 95 4632 191 4689; x_wconf 91' lang='lat' dir='ltr'><strong>mulier</strong></span> <span class='ocrx_word' id='word_1_720' title='bbox 219 4634 397 4707; x_wconf 88' lang='lat' dir='ltr'><strong>imperterrita</strong></span> <span class='ocrx_word' id='word_1_721' title='bbox 423 4635 510 4694; x_wconf 89' lang='lat' dir='ltr'><strong>stabat</strong></span> <span class='ocrx_word' id='word_1_722' title='bbox 545 4636 581 4692; x_wconf 90' lang='lat' dir='ltr'><strong>ad</strong></span> <span class='ocrx_word' id='word_1_723' title='bbox 603 4643 808 4693; x_wconf 88' lang='lat' dir='ltr'><strong>monumentum</strong></span> <span class='ocrx_word' id='word_1_724' title='bbox 830 4632 894 4709; x_wconf 74' lang='lat' dir='ltr'><strong>plc&#39;·</strong></span> <span class='ocrx_word' id='word_1_725' title='bbox 946 4633 1017 4691; x_wconf 90' lang='lat' dir='ltr'><strong>enim</strong></span> <span class='ocrx_word' id='word_1_726' title='bbox 1032 4632 1253 4706; x_wconf 87' lang='lat' dir='ltr'><strong>appropinquans</strong></span> <span class='ocrx_word' id='word_1_727' title='bbox 1265 4648 1318 4706; x_wconf 90' lang='lat' dir='ltr'><strong>ego</strong></span> <span class='ocrx_word' id='word_1_728' title='bbox 1332 4646 1404 4700; x_wconf 92' lang='lat' dir='ltr'><strong>sum,</strong></span> <span class='ocrx_word' id='word_1_729' title='bbox 1424 4631 1538 4688; x_wconf 82' lang='lat' dir='ltr'><strong>verbum</strong></span> <span class='ocrx_word' id='word_1_730' title='bbox 1551 4629 1578 4686; x_wconf 88' lang='lat' dir='ltr'><strong>iu</strong></span> <span class='ocrx_word' id='word_1_731' title='bbox 1593 4643 1642 4686; x_wconf 91' lang='lat' dir='ltr'><strong>ore</strong></span> <span class='ocrx_word' id='word_1_732' title='bbox 1656 4637 1703 4686; x_wconf 90' lang='lat' dir='ltr'><strong>tuo</strong></span> <span class='ocrx_word' id='word_1_733' title='bbox 1718 4635 1746 4684; x_wconf 88' lang='lat' dir='ltr'><strong>et</strong></span> 
     </span>
     <span class='ocr_line' id='line_1_51' title="bbox 95 4716 1744 4798; baseline -0.004 -19"><span class='ocrx_word' id='word_1_734' title='bbox 95 4737 172 4789; x_wconf 87' lang='lat' dir='ltr'><strong>rsns;</strong></span> <span class='ocrx_word' id='word_1_735' title='bbox 187 4738 240 4780; x_wconf 90' lang='lat' dir='ltr'><strong>non</strong></span> <span class='ocrx_word' id='word_1_736' title='bbox 258 4724 374 4781; x_wconf 89' lang='lat' dir='ltr'><strong>babebat</strong></span> <span class='ocrx_word' id='word_1_737' title='bbox 396 4726 496 4793; x_wconf 82' lang='lat' dir='ltr'><strong>vivum,</strong></span> <span class='ocrx_word' id='word_1_738' title='bbox 523 4733 550 4783; x_wconf 90' lang='lat' dir='ltr'><strong>et</strong></span> <span class='ocrx_word' id='word_1_739' title='bbox 570 4732 627 4782; x_wconf 81' lang='lat' dir='ltr'><strong>tote</strong></span> <span class='ocrx_word' id='word_1_740' title='bbox 652 4739 735 4798; x_wconf 89' lang='lat' dir='ltr'><strong>super</strong></span> <span class='ocrx_word' id='word_1_741' title='bbox 757 4733 894 4782; x_wconf 89' lang='lat' dir='ltr'><strong>mortuum</strong></span> <span class='ocrx_word' id='word_1_742' title='bbox 940 4723 974 4779; x_wconf 85' lang='lat' dir='ltr'><strong>&#39;in</strong></span> <span class='ocrx_word' id='word_1_743' title='bbox 997 4722 1080 4780; x_wconf 88' lang='lat' dir='ltr'><strong>corde</strong></span> <span class='ocrx_word' id='word_1_744' title='bbox 1094 4730 1140 4780; x_wconf 90' lang='lat' dir='ltr'><strong>tuo</strong></span> <span class='ocrx_word' id='word_1_745' title='bbox 1154 4736 1226 4779; x_wconf 92' lang='lat' dir='ltr'><strong>sum.</strong></span> <span class='ocrx_word' id='word_1_746' title='bbox 1241 4720 1312 4792; x_wconf 88' lang='lat' dir='ltr'><strong>Quid</strong></span> <span class='ocrx_word' id='word_1_747' title='bbox 1341 4719 1523 4795; x_wconf 91' lang='lat' dir='ltr'><strong>propinquius</strong></span> <span class='ocrx_word' id='word_1_748' title='bbox 1546 4716 1744 4792; x_wconf 85' lang='lat' dir='ltr'><strong>hominiquam</strong></span> 
     </span>
     <span class='ocr_line' id='line_1_52' title="bbox 94 4806 1743 4883; baseline -0.001 -20"><span class='ocrx_word' id='word_1_749' title='bbox 94 4807 215 4865; x_wconf 89' lang='lat' dir='ltr'><strong>ardebat.</strong></span> <span class='ocrx_word' id='word_1_750' title='bbox 232 4811 336 4883; x_wconf 85' lang='lat' dir='ltr'><strong>Corpus</strong></span> <span class='ocrx_word' id='word_1_751' title='bbox 346 4818 405 4868; x_wconf 90' lang='lat' dir='ltr'><strong>erat</strong></span> <span class='ocrx_word' id='word_1_752' title='bbox 418 4812 564 4879; x_wconf 89' lang='lat' dir='ltr'><strong>sublatum,</strong></span> <span class='ocrx_word' id='word_1_753' title='bbox 581 4815 786 4870; x_wconf 89' lang='lat' dir='ltr'><strong>amonumsnto</strong></span> <span class='ocrx_word' id='word_1_754' title='bbox 811 4827 893 4870; x_wconf 91' lang='lat' dir='ltr'><strong>rece-</strong></span> <span class='ocrx_word' id='word_1_755' title='bbox 945 4825 992 4870; x_wconf 92' lang='lat' dir='ltr'><strong>cor</strong></span> <span class='ocrx_word' id='word_1_756' title='bbox 1006 4812 1109 4869; x_wconf 78' lang='lat' dir='ltr'><strong>suum?</strong></span> <span class='ocrx_word' id='word_1_757' title='bbox 1122 4810 1181 4868; x_wconf 90' lang='lat' dir='ltr'><strong>Illic</strong></span> <span class='ocrx_word' id='word_1_758' title='bbox 1204 4809 1278 4868; x_wconf 91' lang='lat' dir='ltr'><strong>intus</strong></span> <span class='ocrx_word' id='word_1_759' title='bbox 1295 4808 1428 4879; x_wconf 78' lang='lat' dir='ltr'><strong>iuvenior,</strong></span> <span class='ocrx_word' id='word_1_760' title='bbox 1444 4825 1461 4866; x_wconf 92' lang='lat' dir='ltr'><strong>a</strong></span> <span class='ocrx_word' id='word_1_761' title='bbox 1475 4809 1682 4883; x_wconf 89' lang='lat' dir='ltr'><strong>quibuscunque</strong></span> <span class='ocrx_word' id='word_1_762' title='bbox 1696 4806 1743 4862; x_wconf 88' lang='lat' dir='ltr'><strong>iu·</strong></span> 
     </span>
     <span class='ocr_line' id='line_1_53' title="bbox 94 4897 1745 4977; baseline -0.001 -25"><span class='ocrx_word' id='word_1_763' title='bbox 94 4897 160 4953; x_wconf 77' lang='lat' dir='ltr'><strong>dere</strong></span> <span class='ocrx_word' id='word_1_764' title='bbox 175 4914 230 4954; x_wconf 87' lang='lat' dir='ltr'><strong>non</strong></span> <span class='ocrx_word' id='word_1_765' title='bbox 254 4900 371 4959; x_wconf 87' lang='lat' dir='ltr'><strong>valebat.</strong></span> <span class='ocrx_word' id='word_1_766' title='bbox 387 4901 447 4972; x_wconf 92' lang='lat' dir='ltr'><strong>Quo</strong></span> <span class='ocrx_word' id='word_1_767' title='bbox 462 4901 524 4973; x_wconf 87' lang='lat' dir='ltr'><strong>plus</strong></span> <span class='ocrx_word' id='word_1_768' title='bbox 551 4902 585 4959; x_wconf 89' lang='lat' dir='ltr'><strong>de</strong></span> <span class='ocrx_word' id='word_1_769' title='bbox 614 4902 740 4959; x_wconf 91' lang='lat' dir='ltr'><strong>manibus</strong></span> <span class='ocrx_word' id='word_1_770' title='bbox 764 4912 792 4960; x_wconf 91' lang='lat' dir='ltr'><strong>et</strong></span> <span class='ocrx_word' id='word_1_771' title='bbox 806 4902 894 4960; x_wconf 84' lang='lat' dir='ltr'><strong>oeulis</strong></span> <span class='ocrx_word' id='word_1_772' title='bbox 945 4904 1054 4963; x_wconf 83' lang='lat' dir='ltr'><strong>senior:</strong></span> <span class='ocrx_word' id='word_1_773' title='bbox 1080 4919 1142 4960; x_wconf 91' lang='lat' dir='ltr'><strong>nam</strong></span> <span class='ocrx_word' id='word_1_774' title='bbox 1156 4918 1217 4977; x_wconf 77' lang='lat' dir='ltr'><strong>qun</strong></span> <span class='ocrx_word' id='word_1_775' title='bbox 1236 4901 1304 4960; x_wconf 86' lang='lat' dir='ltr'><strong>toris</strong></span> <span class='ocrx_word' id='word_1_776' title='bbox 1327 4909 1398 4970; x_wconf 90' lang='lat' dir='ltr'><strong>sunt,</strong></span> <span class='ocrx_word' id='word_1_777' title='bbox 1414 4901 1548 4958; x_wconf 85' lang='lat' dir='ltr'><strong>videntur.</strong></span> <span class='ocrx_word' id='word_1_778' title='bbox 1569 4898 1660 4971; x_wconf 87' lang='lat' dir='ltr'><strong>Opera</strong></span> <span class='ocrx_word' id='word_1_779' title='bbox 1681 4910 1745 4952; x_wconf 91' lang='lat' dir='ltr'><strong>mea</strong></span> 
     </span>
     <span class='ocr_line' id='line_1_54' title="bbox 93 4987 1742 5066; baseline -0.002 -23"><span class='ocrx_word' id='word_1_780' title='bbox 93 4987 273 5059; x_wconf 77' lang='lat' dir='ltr'><strong>auferebatur,</strong></span> <span class='ocrx_word' id='word_1_781' title='bbox 290 5005 323 5048; x_wconf 89' lang='lat' dir='ltr'><strong>eo</strong></span> <span class='ocrx_word' id='word_1_782' title='bbox 337 4990 477 5049; x_wconf 89' lang='lat' dir='ltr'><strong>ardentius</strong></span> <span class='ocrx_word' id='word_1_783' title='bbox 502 4990 609 5049; x_wconf 88' lang='lat' dir='ltr'><strong>animus</strong></span> <span class='ocrx_word' id='word_1_784' title='bbox 633 4992 852 5066; x_wconf 89' lang='lat' dir='ltr'><strong>insequebatur:</strong></span> <span class='ocrx_word' id='word_1_785' title='bbox 868 4993 891 5050; x_wconf 90' lang='lat' dir='ltr'><strong>si</strong></span> <span class='ocrx_word' id='word_1_786' title='bbox 943 4992 1055 5066; x_wconf 87' lang='lat' dir='ltr'><strong>quidem</strong></span> <span class='ocrx_word' id='word_1_787' title='bbox 1068 4999 1142 5062; x_wconf 91' lang='lat' dir='ltr'><strong>sunt,</strong></span> <span class='ocrx_word' id='word_1_788' title='bbox 1160 4993 1209 5050; x_wconf 90' lang='lat' dir='ltr'><strong>sed</strong></span> <span class='ocrx_word' id='word_1_789' title='bbox 1224 4991 1379 5050; x_wconf 88' lang='lat' dir='ltr'><strong>transitoria</strong></span> <span class='ocrx_word' id='word_1_790' title='bbox 1391 4999 1463 5058; x_wconf 91' lang='lat' dir='ltr'><strong>sunt,</strong></span> <span class='ocrx_word' id='word_1_791' title='bbox 1478 4989 1526 5047; x_wconf 90' lang='lat' dir='ltr'><strong>sed</strong></span> <span class='ocrx_word' id='word_1_792' title='bbox 1543 4988 1646 5046; x_wconf 89' lang='lat' dir='ltr'><strong>caduca</strong></span> <span class='ocrx_word' id='word_1_793' title='bbox 1659 4992 1742 5041; x_wconf 86' lang='lat' dir='ltr'><strong>sunt:</strong></span> 
     </span>
     <span class='ocr_line' id='line_1_55' title="bbox 95 5073 1742 5155; baseline -0.003 -24"><span class='ocrx_word' id='word_1_794' title='bbox 95 5076 155 5132; x_wconf 85' lang='lat' dir='ltr'><strong>fleri</strong></span> <span class='ocrx_word' id='word_1_795' title='bbox 170 5088 261 5149; x_wconf 90' lang='lat' dir='ltr'><strong>posset</strong></span> <span class='ocrx_word' id='word_1_796' title='bbox 287 5094 338 5152; x_wconf 92' lang='lat' dir='ltr'><strong>pro</strong></span> <span class='ocrx_word' id='word_1_797' title='bbox 365 5080 525 5138; x_wconf 88' lang='lat' dir='ltr'><strong>redimendo</strong></span> <span class='ocrx_word' id='word_1_798' title='bbox 539 5095 663 5152; x_wconf 87' lang='lat' dir='ltr'><strong>corpore,</strong></span> <span class='ocrx_word' id='word_1_799' title='bbox 681 5082 837 5155; x_wconf 84' lang='lat' dir='ltr'><strong>sepulcrum</strong></span> <span class='ocrx_word' id='word_1_800' title='bbox 852 5082 891 5141; x_wconf 89' lang='lat' dir='ltr'><strong>la·</strong></span> <span class='ocrx_word' id='word_1_801' title='bbox 944 5095 996 5154; x_wconf 91' lang='lat' dir='ltr'><strong>ego</strong></span> <span class='ocrx_word' id='word_1_802' title='bbox 1010 5088 1100 5139; x_wconf 87' lang='lat' dir='ltr'><strong>autem</strong></span> <span class='ocrx_word' id='word_1_803' title='bbox 1113 5079 1210 5138; x_wconf 84' lang='lat' dir='ltr'><strong>borum</strong></span> <span class='ocrx_word' id='word_1_804' title='bbox 1223 5080 1321 5138; x_wconf 84' lang='lat' dir='ltr'><strong>artilex</strong></span> <span class='ocrx_word' id='word_1_805' title='bbox 1335 5078 1363 5135; x_wconf 92' lang='lat' dir='ltr'><strong>in</strong></span> <span class='ocrx_word' id='word_1_806' title='bbox 1377 5076 1564 5136; x_wconf 89' lang='lat' dir='ltr'><strong>secretissimis</strong></span> <span class='ocrx_word' id='word_1_807' title='bbox 1579 5082 1605 5131; x_wconf 91' lang='lat' dir='ltr'><strong>et</strong></span> <span class='ocrx_word' id='word_1_808' title='bbox 1618 5073 1648 5128; x_wconf 92' lang='lat' dir='ltr'><strong>iu</strong></span> <span class='ocrx_word' id='word_1_809' title='bbox 1660 5086 1742 5128; x_wconf 91' lang='lat' dir='ltr'><strong>mun·</strong></span> 
     </span>
     <span class='ocr_line' id='line_1_56' title="bbox 94 5167 1351 5243; baseline -0.001 -19"><span class='ocrx_word' id='word_1_810' title='bbox 94 5167 195 5237; x_wconf 78' lang='lat' dir='ltr'><strong>crymis</strong></span> <span class='ocrx_word' id='word_1_811' title='bbox 210 5168 386 5239; x_wconf 88' lang='lat' dir='ltr'><strong>implevisset.</strong></span> <span class='ocrx_word' id='word_1_812' title='bbox 408 5169 519 5238; x_wconf 82' lang='lat' dir='ltr'><strong>Stabat,</strong></span> <span class='ocrx_word' id='word_1_813' title='bbox 535 5168 631 5242; x_wconf 90' lang='lat' dir='ltr'><strong>inquit,</strong></span> <span class='ocrx_word' id='word_1_814' title='bbox 655 5172 788 5243; x_wconf 79' lang='lat' dir='ltr'><strong>plorares,-</strong></span> <span class='ocrx_word' id='word_1_815' title='bbox 804 5170 831 5229; x_wconf 89' lang='lat' dir='ltr'><strong>id</strong></span> <span class='ocrx_word' id='word_1_816' title='bbox 846 5188 891 5231; x_wconf 89' lang='lat' dir='ltr'><strong>so-</strong></span> <span class='ocrx_word' id='word_1_817' title='bbox 941 5168 1059 5228; x_wconf 84' lang='lat' dir='ltr'><strong>dissitnis</strong></span> <span class='ocrx_word' id='word_1_818' title='bbox 1076 5169 1206 5227; x_wconf 89' lang='lat' dir='ltr'><strong>cordibus</strong></span> <span class='ocrx_word' id='word_1_819' title='bbox 1218 5167 1351 5225; x_wconf 87' lang='lat' dir='ltr'><strong>inhabito.</strong></span> 
     </span>
     <span class='ocr_line' id='line_1_57' title="bbox 93 5253 1450 5328; baseline -0.003 -14"><span class='ocrx_word' id='word_1_820' title='bbox 93 5259 150 5314; x_wconf 92' lang='lat' dir='ltr'><strong>lum</strong></span> <span class='ocrx_word' id='word_1_821' title='bbox 165 5257 191 5312; x_wconf 88' lang='lat' dir='ltr'><strong>ei</strong></span> <span class='ocrx_word' id='word_1_822' title='bbox 203 5257 237 5313; x_wconf 90' lang='lat' dir='ltr'><strong>de</strong></span> <span class='ocrx_word' id='word_1_823' title='bbox 254 5268 279 5314; x_wconf 90' lang='lat' dir='ltr'><strong>te</strong></span> <span class='ocrx_word' id='word_1_824' title='bbox 293 5257 442 5315; x_wconf 88' lang='lat' dir='ltr'><strong>residebat.</strong></span> <span class='ocrx_word' id='word_1_825' title='bbox 458 5258 566 5328; x_wconf 87' lang='lat' dir='ltr'><strong>Corpus</strong></span> <span class='ocrx_word' id='word_1_826' title='bbox 593 5265 650 5314; x_wconf 87' lang='lat' dir='ltr'><strong>erat</strong></span> <span class='ocrx_word' id='word_1_827' title='bbox 677 5259 826 5328; x_wconf 87' lang='lat' dir='ltr'><strong>sublatum,</strong></span> <span class='ocrx_word' id='word_1_828' title='bbox 842 5261 889 5318; x_wconf 89' lang='lat' dir='ltr'><strong>sed</strong></span> <span class='ocrx_word' id='word_1_829' title='bbox 1238 5255 1352 5314; x_wconf 74' lang='lat' dir='ltr'><strong>caput</strong></span> <span class='ocrx_word' id='word_1_830' title='bbox 1373 5253 1450 5311; x_wconf 79' lang='lat' dir='ltr'><strong>xvi.</strong></span> 
     </span>
     <span class='ocr_line' id='line_1_58' title="bbox 92 5339 1739 5422; baseline 0 -23"><span class='ocrx_word' id='word_1_831' title='bbox 92 5345 155 5417; x_wconf 89' lang='lat' dir='ltr'><strong>quis</strong></span> <span class='ocrx_word' id='word_1_832' title='bbox 170 5344 273 5404; x_wconf 90' lang='lat' dir='ltr'><strong>aulerat</strong></span> <span class='ocrx_word' id='word_1_833' title='bbox 286 5346 312 5403; x_wconf 95' lang='lat' dir='ltr'><strong>ei</strong></span> <span class='ocrx_word' id='word_1_834' title='bbox 330 5347 462 5416; x_wconf 89' lang='lat' dir='ltr'><strong>ploratum</strong></span> <span class='ocrx_word' id='word_1_835' title='bbox 476 5347 491 5401; x_wconf 70' lang='grc' dir='ltr'><strong>ι</strong></span> <span class='ocrx_word' id='word_1_836' title='bbox 504 5346 627 5419; x_wconf 84' lang='lat' dir='ltr'><strong>Indulge,</strong></span> <span class='ocrx_word' id='word_1_837' title='bbox 643 5346 762 5416; x_wconf 87' lang='lat' dir='ltr'><strong>domiue,</strong></span> <span class='ocrx_word' id='word_1_838' title='bbox 778 5345 889 5422; x_wconf 76' lang='lat' dir='ltr'><strong>indulge</strong></span> <span class='ocrx_word' id='word_1_839' title='bbox 941 5348 993 5408; x_wconf 84' lang='lat' dir='ltr'><strong>Pio</strong></span> <span class='ocrx_word' id='word_1_840' title='bbox 1009 5350 1047 5408; x_wconf 86' lang='lat' dir='ltr'><strong>od</strong></span> <span class='ocrx_word' id='word_1_841' title='bbox 1064 5350 1208 5408; x_wconf 75' lang='lat' dir='ltr'><strong>Christum</strong></span> <span class='ocrx_word' id='word_1_842' title='bbox 1220 5346 1360 5420; x_wconf 84' lang='lat' dir='ltr'><strong>aspiratio</strong></span> <span class='ocrx_word' id='word_1_843' title='bbox 1373 5345 1410 5400; x_wconf 84' lang='lat' dir='ltr'><strong>cd</strong></span> <span class='ocrx_word' id='word_1_844' title='bbox 1423 5339 1590 5404; x_wconf 78' lang='lat' dir='ltr'><strong>obtinendos</strong></span> <span class='ocrx_word' id='word_1_845' title='bbox 1603 5341 1739 5399; x_wconf 78' lang='lat' dir='ltr'><strong>virtutes.</strong></span> 
     </span>
     <span class='ocr_line' id='line_1_59' title="bbox 92 5430 1756 5510; baseline -0.002 -20"><span class='ocrx_word' id='word_1_846' title='bbox 92 5435 156 5492; x_wconf 86' lang='lat' dir='ltr'><strong>totis</strong></span> <span class='ocrx_word' id='word_1_847' title='bbox 169 5436 293 5502; x_wconf 90' lang='lat' dir='ltr'><strong>habenis,</strong></span> <span class='ocrx_word' id='word_1_848' title='bbox 309 5446 336 5494; x_wconf 90' lang='lat' dir='ltr'><strong>et</strong></span> <span class='ocrx_word' id='word_1_849' title='bbox 349 5435 497 5506; x_wconf 79' lang='lat' dir='ltr'><strong>estundere,</strong></span> <span class='ocrx_word' id='word_1_850' title='bbox 521 5450 686 5507; x_wconf 90' lang='lat' dir='ltr'><strong>procurrens</strong></span> <span class='ocrx_word' id='word_1_851' title='bbox 698 5437 733 5492; x_wconf 89' lang='lat' dir='ltr'><strong>ad</strong></span> <span class='ocrx_word' id='word_1_852' title='bbox 760 5435 886 5510; x_wconf 83' lang='lat' dir='ltr'><strong>inlatiga-</strong></span> <span class='ocrx_word' id='word_1_853' title='bbox 975 5439 1103 5497; x_wconf 57' lang='lat' dir='ltr'><strong>bullata</strong></span> <span class='ocrx_word' id='word_1_854' title='bbox 1117 5435 1231 5502; x_wconf 85' lang='lat' dir='ltr'><strong>esttibi,</strong></span> <span class='ocrx_word' id='word_1_855' title='bbox 1248 5433 1360 5494; x_wconf 83' lang='lat' dir='ltr'><strong>Domine</strong></span> <span class='ocrx_word' id='word_1_856' title='bbox 1372 5433 1448 5500; x_wconf 83' lang='lat' dir='ltr'><strong>lesu,</strong></span> <span class='ocrx_word' id='word_1_857' title='bbox 1469 5430 1557 5490; x_wconf 90' lang='lat' dir='ltr'><strong>omnis</strong></span> <span class='ocrx_word' id='word_1_858' title='bbox 1576 5436 1695 5504; x_wconf 86' lang='lat' dir='ltr'><strong>potestas</strong></span> <span class='ocrx_word' id='word_1_859' title='bbox 1711 5430 1756 5485; x_wconf 91' lang='lat' dir='ltr'><strong>in·</strong></span> 
     </span>
     <span class='ocr_line' id='line_1_60' title="bbox 93 5518 1739 5601; baseline -0.004 -21"><span class='ocrx_word' id='word_1_860' title='bbox 93 5523 164 5581; x_wconf 88' lang='lat' dir='ltr'><strong>biles</strong></span> <span class='ocrx_word' id='word_1_861' title='bbox 177 5525 322 5598; x_wconf 85' lang='lat' dir='ltr'><strong>lacrymas,</strong></span> <span class='ocrx_word' id='word_1_862' title='bbox 338 5528 423 5583; x_wconf 86' lang='lat' dir='ltr'><strong>donec</strong></span> <span class='ocrx_word' id='word_1_863' title='bbox 452 5524 600 5595; x_wconf 85' lang='lat' dir='ltr'><strong>sublatum,</strong></span> <span class='ocrx_word' id='word_1_864' title='bbox 619 5524 675 5583; x_wconf 89' lang='lat' dir='ltr'><strong>irno</strong></span> <span class='ocrx_word' id='word_1_865' title='bbox 698 5533 885 5601; x_wconf 89' lang='lat' dir='ltr'><strong>resurgentem</strong></span> <span class='ocrx_word' id='word_1_866' title='bbox 938 5529 1009 5584; x_wconf 84' lang='lat' dir='ltr'><strong>cralo</strong></span> <span class='ocrx_word' id='word_1_867' title='bbox 1024 5536 1051 5584; x_wconf 92' lang='lat' dir='ltr'><strong>et</strong></span> <span class='ocrx_word' id='word_1_868' title='bbox 1069 5525 1096 5582; x_wconf 89' lang='lat' dir='ltr'><strong>in</strong></span> <span class='ocrx_word' id='word_1_869' title='bbox 1111 5533 1193 5592; x_wconf 85' lang='lat' dir='ltr'><strong>terra,</strong></span> <span class='ocrx_word' id='word_1_870' title='bbox 1221 5540 1268 5583; x_wconf 86' lang='lat' dir='ltr'><strong>rex</strong></span> <span class='ocrx_word' id='word_1_871' title='bbox 1300 5538 1408 5599; x_wconf 87' lang='lat' dir='ltr'><strong>magne,</strong></span> <span class='ocrx_word' id='word_1_872' title='bbox 1433 5536 1481 5579; x_wconf 85' lang='lat' dir='ltr'><strong>rex</strong></span> <span class='ocrx_word' id='word_1_873' title='bbox 1504 5519 1647 5586; x_wconf 88' lang='lat' dir='ltr'><strong>rirtutnm,</strong></span> <span class='ocrx_word' id='word_1_874' title='bbox 1675 5518 1739 5592; x_wconf 90' lang='lat' dir='ltr'><strong>quia</strong></span> 
     </span>
    </p>
   </div>
   <div class='ocr_carea' id='block_1_3' title="bbox 0 0 1858 5962">
    <p class='ocr_par' dir='ltr' id='par_1_3' title="bbox 0 0 1858 5962">
     <span class='ocr_line' id='line_1_61' title="bbox 0 0 1858 5962; baseline 0 3"><span class='ocrx_word' id='word_1_875' title='bbox 0 0 1858 5962; x_wconf 95' lang='lat' dir='ltr'><strong> </strong></span> 
     </span>
    </p>
   </div>
  </div>
 </body>
</html>
