3706 5962
154 181 208 240 979
706 180 742 240 ΙΝ
759 180 859 241 thath
877 180 901 242 tl
920 180 1096 241 Pascflttts
1114 181 1232 243 SERllO.
1751 182 1806 243 980

153 304 488 378 sentumportatfflorcl,
499 307 547 364 lib.
559 324 650 375 xxxv,
662 323 722 380 cap.
735 311 794 377 llll:
810 330 821 359 ι
839 315 868 362 ιιι
878 308 950 364 uude
965 322 988 402 Α
1005 323 1086 379 super
1096 307 1329 366 omnesdivitias‘l
1345 309 1438 364 Nonne
1449 323 1499 364 nos
1513 316 1576 365 tunc
1587 307 1704 364 docebat
1715 310 1805 366 unctio

153 397 226 454 ferre
242 396 343 468 aliquid
365 397 466 466 debuit,
492 398 554 453 inde
575 397 692 454 deterius
721 404 858 469 sequatur.
880 398 949 453 Vera
1006 396 1105 453 Christi
1135 399 1167 453 de
1196 397 1322 453 omnibus
1351 396 1506 453 medullatas
1534 397 1707 455 intendendo
1728 399 1805 455 nobis

155 500 222 562 ergo
236 487 375 542 humilitas
388 487 473 558 aperit
486 488 589 553 oculas,
616 488 680 541 dum
699 486 812 543 virtutes
826 494 949 554 emtores,
1004 485 1237 543 deliciasillonno
1256 485 1554 544 cornostrnmcrdcns
1583 490 1648 543 crat
1662 487 1696 542 in
1723 488 1801 545 rachis

155 590 203 649 per
227 593 294 648 quas
309 585 387 632 rento
408 576 544 645 superbiae
571 585 676 646 poterat
700 575 839 644 excecari,
855 574 953 647 frangit

157 673 186 724 et
198 665 344 735 diminuit,
361 673 388 720 et
398 666 479 719 homo
497 680 525 720 se
541 682 572 720 ex
597 680 626 720 se
641 663 708 720 nihil
727 681 787 722 esse
801 666 951 738 cognoscit.

156 758 192 813 Ει
210 754 318 828 quando
338 753 399 824 quis
422 754 553 809 decrescit
568 753 595 807 in
619 754 792 826 despectione
813 754 864 820 sui,
881 757 954 809 tauto

1006 573 1040 630 dc
1055 576 1130 643 leste,
1146 576 1213 631 duan
1229 575 1391 648 loqueretur
1405 576 1484 632 aeoliis
1498 578 1528 632 in
1543 575 1616 631 ein?

1041 667 1085 721 25.
1104 667 1138 721 lit
1146 670 1291 736 serpentes
1299 665 1395 721 eodem
1406 664 1475 721 horn
1488 667 1592 722 reuersi
1607 665 1808 723 suntinimi-

1007 754 1105 825 sctem,
1121 759 1150 810 ct
1172 755 1344 823 irenenernnt
1359 760 1537 827 conprcpctoa
1551 754 1699 821 resederim,
1714 762 1744 813 et
1763 772 1808 813 eos

158 841 390 917 ampliusprohcit
417 843 443 897 in
467 841 653 916 cognitionem
675 844 736 898 Dei.
766 845 801 900 Ut
828 857 956 913 ergoeo-
1005 843 1806 918 quie-omipsiserontdr'ccntcs:Quintum-esitiiominna

159 937 304 1007 gnoscatur
319 929 450 985 Dominus
464 931 490 984 iu
508 930 639 988 fractione
650 933 737 1003 panis,
754 932 857 1002 frangat
874 935 954 987 homo

72 1033 74 1036 ’
159 1021 182 1077 si
195 1035 263 1092 quae
277 1019 359 1074 habet
374 1017 400 1073 in
414 1035 443 1074 se
456 1019 581 1089 virtutes,
598 1019 703 1093 frangat
719 1023 844 1093 proprias
859 1021 956 1077 volen-

159 1119 228 1167 tates
243 1108 352 1163 imitans
367 1107 441 1163 illum
457 1109 502 1182 qui
518 1124 568 1180 pro
582 1110 660 1165 nobis
674 1108 760 1167 iactus
772 1118 812 1167 est
826 1110 956 1166 obediens

158 1199 291 1271 usquead
305 1205 420 1253 mortem
438 1198 537 1256 crucis.
554 1201 588 1255 lit
607 1201 665 1272 ipsc
679 1200 798 1256 euanuit
810 1200 844 1255 ab
868 1202 956 1258 oculis

160 1287 348 1349 corumblis
363 1287 421 1344 resi
438 1288 506 1344 Cum
521 1287 616 1361 incipit
630 1288 761 1362 magister
775 1288 955 1346 cordidnlce-

161 1392 249 1444 scere,
263 1374 418 1448 tunciugit,
435 1383 464 1432 ιιι
474 1377 508 1432 de
522 1376 647 1433 absentia
662 1394 711 1433 sua
722 1376 859 1435 iaciatnos
869 1378 957 1435 dulci·

162 1477 203 1525 ter
215 1467 318 1522 dolere.
336 1466 413 1521 Tales
429 1473 492 1521 sunt
520 1465 620 1522 amoris
634 1466 746 1533 deliciae,
772 1467 843 1523 oculi
856 1469 957 1524 amoris

1007 936 1109 998 vernet
1119 934 1254 1005 apperuit
1268 933 1385 990 Simoni.
1395 932 1466 998 Non,
1474 933 1730 1004 incongrueeedem
1742 936 1807 989 hora

1008 1021 1260 1095 dicuntursurgere,
1273 1021 1396 1093 quianon
1405 1021 1494 1076 nisiad
1504 1022 1807 1088 horam,necadhoram

1008 1110 1118 1183 quidem
1126 1125 1186 1166 esse
1196 1116 1310 1182 possunt
1319 1110 1346 1165 iu
1357 1110 1447 1165 anima
1458 1111 1521 1166 tales
1531 1110 1653 1182 deliciaess:
1664 1112 1720 1168 cito
1727 1118 1809 1168 trans·

1010 1209 1085 1266 eunt,
1102 1199 1200 1255 abeam
1213 1209 1383 1255 evanescunt.
1395 1199 1457 1255 Ideo
1468 1198 1583 1270 fugiunt,
1600 1210 1632 1256 ut
1645 1214 1741 1256 eorum
1756 1202 1809 1272 ple

1009 1287 1806 1361 nitudinem,quaedebeturlol.habeturlinpatrie,iernen·

1011 1379 1229 1449 tiusappetamus
1246 1397 1251 1434 :
1263 1378 1612 1434 ideoauimumalliciuntet
1623 1377 1801 1446 inflammant,

1012 1474 1041 1521 ut
1055 1481 1214 1537 surgamus3
1240 1479 1293 1521 non
1308 1477 1336 1521 ut
1358 1465 1385 1520 in
1402 1467 1510 1523 iericho
1536 1465 1749 1523 descendamus.
1770 1469 1807 1522 lbi

160 1558 250 1630 ipsum
266 1554 369 1611 iaciunt
380 1555 497 1611 avolare.
513 1557 597 1627 Foqe,
613 1554 714 1613 dilecte
728 1556 779 1621 mi,
796 1560 824 1612 ct
840 1557 955 1614 assini·
1012 1556 1169 1612 insidiantur
1185 1565 1213 1611 ιιι
1229 1555 1345 1626 spolient
1364 1555 1407 1612 vel
1421 1567 1515 1612 necent
1531 1555 1742 1614 descendentes.
1757 1557 1807 1613 Sed

161 1650 221 1705 lore
242 1661 361 1717 coprem,
374 1644 547 1718 hinnuloque
567 1659 722 1711 serenorum,
742 1662 827 1718 super
844 1651 950 1703 moirtes
973 1626 994 1704 Β
1010 1643 1094 1702 nobili
1107 1646 1221 1719 quadam
1237 1643 1361 1715 superbia
1375 1645 1517 1716 deaptare
1531 1644 1614 1702 debet
1628 1647 1689 1703 haec
1700 1653 1806 1718 tempo·

162 1734 457 1804 oromatum(Ccntic.
474 1736 545 1801 mli
560 1744 587 1790 et
599 1749 657 1800 vrri,
675 1733 730 1806 tt).
743 1735 867 1791 Ascende
877 1752 959 1806 super

162 1823 318 1889 Cherubim,
344 1834 371 1880 et
385 1822 494 1879 ambula
507 1838 591 1893 super
609 1838 711 1895 pennas
725 1831 877 1882 ventorum.
894 1825 958 1880 Esto

163 1921 253 1969 tamen
268 1910 364 1968 similis
375 1925 480 1981 capreae
495 1910 661 1984 hinnuloque
675 1928 828 1980 cervorum,
843 1922 872 1968 ut
892 1930 959 1969 ocu·

163 2003 206 2058 lus
220 1999 373 2057 dilectionis
396 2004 449 2055 tuae
459 2014 513 2055 non
527 2007 632 2055 avertas
647 2016 662 2054 a
682 2002 759 2056 uobis
775 2018 782 2056 :
804 2002 864 2079 etsi,
878 2018 893 2056 a
908 2019 958 2058 no·

163 2089 226 2146 stris
248 2099 275 2146 te
300 2089 446 2154 subtrahis,
470 2090 519 2163 qui
548 2089 659 2146 humilia
679 2091 804 2162 respicis,
831 2097 858 2147 et
878 2092 961 2147 altae

161 2180 245 2252 longe
260 2177 412 2249 cognoscis.

198 2271 278 2326 alst
293 2267 431 2324 dicerunt
447 2267 612 2326 adinvicem
631 2287 640 2323 :
657 2270 754 2327 Nonne
768 2285 817 2326 cor
832 2277 960 2327 arostrnm

162 2358 332 2418 crdcnserct
342 2360 373 2415 in
383 2357 462 2414 erodis
470 2356 584 2423 deiero,
593 2358 828 2431 interloqueretur
839 2359 916 2416 aredis
927 2361 960 2415 in

162 2451 221 2515 oio,
237 2451 265 2506 et
278 2446 404 2521 operiret
418 2447 497 2506 nolis
508 2448 672 2520 Scripturas
687 2452 698 2503 t
712 2446 838 2504 clausula
849 2447 961 2502 istanon

163 2544 206 2593 est
215 2535 385 2609 exponenda,
400 2534 447 2590 sed
463 2535 630 2591 ruminanda.
647 2534 761 2605 Quoties
771 2536 799 2592 in
814 2536 962 2592 nobismet·

163 2625 231 2699 ipsis
247 2623 387 2682 marcescit
400 2623 490 2680 anima
505 2633 606 2695 nostra,
633 2632 658 2680 et
680 2624 818 2695 possident
842 2641 891 2680 nos
906 2623 963 2679 dies

164 2713 328 2779 afflictionis,
344 2713 449 2785 quoties
471 2711 557 2766 taediis
579 2712 623 2767 rel
639 2711 811 2767 tentationum
836 2715 961 2768 vulnera·

165 2823 227 2863 mur
255 2806 377 2881 sagittis;
406 2805 440 2860 ad
464 2806 624 2861 memoriam
647 2820 803 2861 revocemus
829 2805 893 2876 quid
917 2806 965 2860 ali·

1012 1735 1088 1803 ralla,
1105 1750 1165 1806 quae
1180 1734 1320 1790 mutabilia
1330 1743 1392 1790 suut
1406 1735 1474 1789 sicut
1488 1733 1559 1801 luna,
1577 1734 1671 1790 anima
1687 1736 1806 1791 erehen-

1013 1824 1062 1878 bus
1077 1823 1181 1878 deliciis
1195 1831 1314 1878 assueta.
1324 1821 1471 1894 surgentes
1485 1822 1567 1895 igitur
1581 1821 1678 1879 Oratio
1695 1837 1722 1880 et
1732 1824 1807 1880 lledi·

1013 1913 1077 1968 latio
1106 1918 1274 1967 revertuntur
1293 1910 1319 1965 in
1337 1912 1495 1976 decimalem,
1518 1928 1579 1967 cum
1599 1925 1663 1982 post
1679 1913 1807 1982 spiritua·

1013 2001 1078 2057 lium
1097 2000 1253 2056 deliciarum
1268 1999 1441 2056 reiectionem
1457 1999 1530 2073 pacis
1545 2000 1648 2056 intimae
1668 2002 1806 2074 possident

1013 2089 1140 2162 quietem.
1156 2088 1285 2145 Undecim
1304 2088 1349 2144 isti
1371 2089 1417 2161 qui
1445 2089 1473 2144 in
1487 2090 1638 2145 Jerusalem
1662 2101 1726 2145 sunt
1740 2106 1805 2147 con-

1015 2179 1130 2253 gregati,
1149 2179 1220 2235 dona
1234 2178 1399 2250 septiformis
1411 2179 1538 2252 Spiritus,
1560 2188 1723 2250 etquattuor
1745 2181 1808 2251 pria

1015 2269 1116 2338 cipales
1129 2267 1242 2324 virtutes
1264 2275 1376 2338 possunt
1400 2267 1525 2341 intelligi.
1552 2267 1594 2322 llli
1615 2269 1664 2339 qui
1688 2286 1749 2324 cnm
1772 2270 1808 2325 eis

1016 2367 1088 2424 sunt,
1118 2355 1195 2422 fides,
1219 2371 1293 2427 spes,
1322 2357 1438 2413 charitas
1458 2365 1484 2411 et
1513 2355 1736 2426 siquaibisunt
1763 2358 1809 2412 alia

1014 2447 1159 2518 gratiarum
1188 2446 1259 2502 dona
1285 2443 1338 2501 dici
1367 2451 1489 2517 possunt.
1519 2445 1716 2519 Congregalos
1744 2447 1805 2502 istos

1015 2534 1103 2591 oratio
1116 2546 1143 2590 et
1157 2532 1296 2590 meditatio
1312 2534 1460 2602 inveniunt,
1478 2548 1531 2589 non
1546 2546 1784 2609 congregaverunt
1800 2555 1805 2588 :

1016 2622 1079 2695 quia
1106 2623 1155 2679 etsi
1178 2638 1322 2694 proposse
1342 2630 1434 2679 nostro
1463 2621 1635 2679 intendamus
1666 2624 1808 2680 virtutihus

1016 2711 1223 2785 congregandis,
1253 2711 1318 2766 nihil
1349 2711 1408 2767 sine
1432 2713 1511 2767 Patre
1542 2711 1677 2766 luminum
1710 2728 1808 2785 possu-

1016 2817 1088 2869 mus,
1118 2801 1164 2873 qui
1193 2809 1220 2857 et
1248 2800 1315 2859 velle
1330 2811 1355 2857 et
1382 2800 1511 2872 perficere
1534 2799 1562 2856 in
1578 2802 1658 2857 nobis
1673 2811 1810 2872 operatur.

165 2895 274 2967 quando
288 2894 315 2949 in
329 2895 451 2952 oratione
468 2892 642 2959 senserimus,
656 2893 722 2966 quid
736 2893 762 2948 in
786 2892 959 2950 meditatione
975 2903 997 2983 Β
1013 2892 1075 2946 lstis
1102 2890 1165 2945 dnm
1200 2890 1286 2946 oratio
1311 2898 1338 2944 et
1364 2890 1501 2945 meditatio
1524 2891 1740 2964 conjunguntur,
1774 2892 1812 2945 di-

166 2982 375 3058 gustaverimus,
390 2982 506 3053 qualiter
533 2983 641 3040 locutus
656 2981 690 3037 sit
718 2983 795 3038 nobis
815 2981 959 3053 Dominus,

167 3085 230 3127 oum
240 3071 344 3127 scilicet
358 3070 608 3142 transmigraremus
621 3071 648 3127 in
663 3069 774 3127 delicias
796 3070 961 3140 contempla·

166 3158 256 3215 tionis.
265 3155 350 3216 667
360 3160 456 3217 Nonne
464 3150 827 3218 cor'nostrnmnrdenscrot
842 3161 873 3215 in
884 3159 963 3215 nohis

167 3250 201 3306 dc
219 3248 444 3307 tesnaoduteis
478 3250 567 3318 ardor,
593 3250 679 3305 dulcis
707 3250 844 3320 splendor,
879 3248 963 3303 dulcis

168 3336 257 3394 amor!
273 3338 362 3393 Ardor
376 3336 544 3407 confortans,
565 3333 693 3409 splendor
708 3337 875 3405 illuminans,
887 3352 963 3392 amor

166 3424 314 3481 inebrians.
335 3423 421 3492 Quam
446 3424 559 3481 dulciter
582 3427 670 3496 ardes,
696 3443 775 3498 quam
802 3425 963 3481 mirabiliter

167 3514 302 3585 splendes,
321 3529 401 3585 quam
414 3512 577 3569 sufficienter
598 3522 681 3571 totum
706 3530 753 3572 cor
778 3515 895 3571 hominis
912 3517 963 3567 hu-

168 3603 242 3674 plesl
260 3600 327 3669 Quis
343 3603 442 3671 poterit
452 3602 573 3660 habitare
587 3605 620 3659 de
635 3603 713 3660 nobis
724 3620 785 3660 cum
802 3604 867 3678 igne
877 3604 963 3659 devo-

168 3696 253 3756 rante,
269 3704 329 3746 cum
346 3689 489 3746 ardoribus
499 3690 671 3762 sempiternis
687 3693 764 3762 (lani.
782 3707 887 3759 xxxin,
905 3691 962 3762 tt),

167 3792 229 3834 cum
241 3776 298 3846 jam
312 3778 426 3833 nouerit
440 3777 514 3850 ignis
538 3778 566 3831 iu
583 3777 658 3845 Sion,
674 3779 720 3834 sed
737 3782 855 3834 ‹nminus
874 3779 900 3834 in
914 3780 963 3835 le-

170 3865 298 3934 rusalem,
323 3863 350 3919 in
370 3866 561 3939 splendoribus
585 3867 760 3925 aeternitatis?
784 3869 859 3923 Tunc
883 3867 963 3924 etiam

169 3951 373 4010 recordabimur
387 3954 421 4009 de
440 3956 491 4010 hoc
504 3969 587 4025 parto
603 3955 720 4025 igniculo
739 3972 819 4028 quem
832 3957 964 4015 sentimus

170 4044 199 4098 iu
217 4040 338 4099 convalle
349 4041 516 4114 plorationis,
532 4043 700 4099 cantabimus
714 4052 741 4100 et
758 4045 918 4116 psallemus,
939 4055 965 4103 et

170 4130 292 4189 dicemus
308 4130 482 4190 adinvicem:
495 4133 966 4193 Nonneccrnostromcrdcnserct

1016 2987 1078 3035 cunt
1090 2981 1159 3052 qnia
1181 2981 1308 3036 surrent
1332 2981 1687 3052 disseminationem
1711 2980 1816 3037 antanti

1017 3068 1188 3124 conscientiae
1216 3067 1332 3123 insibilat
1358 3068 1486 3142 gaudium
1505 3067 1708 3124 resurrectionis
1724 3067 1815 3126 domi-

1017 3158 1097 3213 nicar.

1052 3248 1096 3300 ao.
1124 3244 1177 3300 Sed
1190 3244 1256 3318 quid
1271 3245 1328 3301 vult
1350 3246 1401 3301 sibi
1429 3246 1504 3316 quod
1519 3244 1657 3309 subditur,
1680 3249 1816 3320 apperuit

1017 3334 1150 3392 Simoni?
1163 3334 1258 3392 Videte
1273 3350 1307 3391 ne
1318 3332 1386 3392 iorte
1401 3342 1511 3407 propter
1524 3351 1575 3391 nos
1589 3335 1696 3391 dietum
1713 3336 1758 3406 sit,
1774 3336 1815 3411 qni

1006 3420 1169 3492 'specialiter
1183 3419 1231 3476 filii
1245 3435 1338 3476 sumus
1352 3421 1522 3487 obedieutiae,
1538 3420 1586 3493 qui
1605 3422 1780 3493 sapientibus
1792 3430 1816 3479 et

1017 3507 1207 3580 insipientibus
1233 3510 1367 3567 debitores
1391 3526 1493 3578 sumus,
1508 3511 1569 3567 sine
1599 3512 1815 3569 contradictione

1017 3599 1103 3664 vocis,
1120 3597 1178 3655 sine
1195 3613 1309 3655 rancore
1323 3599 1541 3656 murmurationis
1559 3598 1686 3656 obedire.
1724 3600 1815 3657 Fidelis

1017 3701 1117 3754 sermo,
1132 3692 1160 3741 et
1170 3685 1242 3742 omni
1258 3687 1413 3759 acceptione
1427 3687 1538 3759 diguus,
1565 3703 1705 3761 magnum
1723 3688 1815 3745 laetitie

1018 3775 1152 3831 cumulum
1177 3775 1325 3845 parturiens
1356 3775 1554 3848 obedientibus,
1593 3776 1663 3848 quia
1691 3778 1816 3834 Dominis

1018 3865 1142 3938 apparuit
1168 3864 1283 3933 Simoni,
1311 3875 1337 3923 et
1351 3866 1402 3941 ipsi
1420 3866 1473 3924 soli
1492 3868 1602 3939 speciali
1641 3867 1814 3943 praerogabis

1018 3970 1074 4027 proe
1089 3955 1223 4013 omnibns.
1240 3957 1263 4014 0
1278 3958 1300 4013 si
1319 3957 1423 4015 devotae
1430 3958 1526 4014 mentis
1540 3960 1679 4014 memoria
1700 3949 1814 4016 resolva-

1019 4059 1090 4112 mus,
1111 4061 1191 4117 quam
1208 4047 1291 4103 dulcis
1310 4048 1344 4103 sit
1354 4047 1412 4117 ejus
1428 4045 1557 4117 apparitio
1578 4047 1749 4105 obedieutiae
1763 4046 1813 4103 liliis

1021 4134 1048 4188 iu
1063 4133 1111 4190 illo
1135 4149 1220 4204 agone
1237 4135 1361 4203 terribili,
1373 4143 1399 4192 et
1411 4135 1439 4192 in
1452 4135 1498 4191 illa
1512 4135 1577 4191 hora
1594 4136 1765 4204 miserabili,
1778 4136 1813 4192 ubi

169 4225 201 4281 in
216 4222 294 4282 rtobis
305 4221 338 4279 de
348 4222 430 4279 lesu?
440 4220 506 4277 Cum
517 4222 569 4277 sub
579 4230 734 4294 paupertate
745 4223 908 4296 degeremus
919 4224 966 4279 mi·
981 4203 1005 4281 ὓ
1021 4223 1125 4292 cogitur
1139 4222 1228 4278 anima
1241 4239 1256 4277 a
1270 4239 1383 4294 corpore
1399 4222 1534 4294 separari!
1552 4224 1616 4279 Non
1634 4225 1814 4296 praesumimus

168 4311 231 4370 litiae
245 4309 386 4384 regularis,
402 4318 429 4364 et
439 4319 570 4367 staremus
580 4312 614 4366 ad
629 4312 799 4382 psallendum
814 4313 840 4368 in
856 4325 964 4370 noctur·

170 4402 213 4459 nis
227 4400 338 4474 vigiliis,
354 4407 380 4455 et
389 4398 567 4474 postvigilias
581 4402 734 4458 absconditi
745 4402 965 4460 incumberemus

169 4488 338 4548 orationibus
351 4488 407 4544 illis
423 4487 583 4544 beatissimis
599 4491 757 4558 intervallis,
773 4507 852 4563 quam
867 4508 966 4565 magua

168 4586 299 4638 tuncerat
318 4578 345 4635 in
368 4578 496 4636 cordibus
516 4580 616 4635 uostris
636 4581 778 4638 multitudo
801 4581 962 4638 dulcedinis!

170 4669 268 4726 Nonne
291 4682 336 4725 cor
355 4672 485 4724 nostrum
499 4669 598 4725 ardens
609 4676 671 4727 eret
685 4673 715 4727 in
728 4671 806 4728 nohis
824 4672 857 4729 dc
881 4672 966 4729 lesu?

168 4757 267 4814 Nonne
283 4771 335 4814 nox
356 4765 414 4812 erat
428 4756 591 4813 illuminatio
617 4758 643 4811 iu
671 4758 794 4815 deliciis?
809 4762 905 4817 Nonne
919 4777 967 4818 eor

168 4849 299 4905 nostrum
315 4855 377 4902 tuuc
390 4847 492 4904 ordene
503 4851 565 4903 eret
575 4847 605 4902 in
622 4847 711 4920 anobis,
727 4863 787 4903 cum
808 4849 835 4904 in
846 4849 965 4906 claustro

168 4935 321 4994 residentes
339 4934 530 4990 meditaremur
556 4934 583 4988 in
605 4934 720 5002 silentio,
737 4938 845 5008 quando
860 4948 964 4995 secreto

167 5026 240 5082 Deus
259 5030 317 5082 erat
331 5022 359 5078 in
373 5022 546 5080 tabernaculo
566 5030 669 5089 nostro,
683 5040 744 5080 cum
760 5042 840 5097 super
859 5029 966 5084 Jerusa-

167 5113 221 5171 lem
242 5127 288 5170 cor
303 5114 470 5181 ascenderet,
489 5120 515 5168 et
539 5111 721 5185 cogitaremus
741 5114 835 5184 patriae
859 5116 965 5187 gaudia

168 5218 229 5260 cum
243 5213 391 5262 concentus
407 5201 468 5258 cceh
484 5209 620 5259 resonaret
631 5200 659 5258 in
668 5202 855 5259 conscientia?
869 5206 966 5262 Nortiae

168 5308 217 5348 cor
231 5298 360 5350 nostrum
368 5293 470 5351 ordene
480 5298 544 5350 eret
556 5295 588 5350 in
596 5293 673 5351 nobis
683 5292 716 5348 dc
730 5293 795 5350 lesu
807 5291 889 5348 icum
903 5293 968 5348 divi·

169 5394 264 5436 narum
281 5381 485 5454 Scripturarum
500 5376 643 5438 dulcedine
668 5387 774 5438 nostras
791 5378 965 5438 reticeremus

169 5462 282 5537 immo,
298 5470 508 5530 invenientesin
536 5470 589 5528 illis
608 5469 745 5528 mirabiles
772 5469 964 5527 delectationes

1019 4327 1079 4384 quae
1093 4312 1226 4368 nescimus
1241 4328 1362 4368 asserere
1380 4332 1387 4368 ε
1403 4328 1548 4385 possumus
1563 4321 1656 4369 tamen
1684 4317 1741 4387 piis
1756 4317 1812 4371 imu-

1019 4400 1201 4473 ginationibus
1228 4402 1280 4457 tale
1304 4401 1402 4474 aliquid
1425 4402 1555 4475 cogitare.
1585 4403 1672 4460 Forte
1687 4403 1813 4477 aliquibts

1019 4497 1082 4546 tunc
1096 4497 1208 4563 apparet
1229 4489 1351 4547 Christus
1377 4507 1438 4547 cum
1461 4489 1562 4550 vexillo
1590 4489 1772 4564 obedientiae,
1795 4500 1813 4545 et

1019 4578 1151 4636 ineflabili
1165 4579 1346 4635 exsultatione
1369 4579 1501 4636 exhilaret
1528 4578 1692 4637 obedientis
1707 4580 1812 4639 minin

1019 4668 1047 4722 in
1061 4667 1108 4723 illa
1122 4668 1305 4735 tribulatione,
1320 4669 1402 4725 ethis
1426 4676 1517 4741 potest
1540 4670 1811 4728 sermocinationibus

1019 4757 1155 4814 consolari
1171 4775 1178 4815 :
1195 4759 1234 4814 Ne
1245 4757 1348 4830 timeas,
1370 4757 1408 4813 tili
1422 4754 1607 4828 obedieutiae,
1622 4774 1661 4816 ne
1678 4761 1774 4818 timess
1785 4760 1814 4814 iu

1020 4846 1090 4903 tueri
1103 4862 1199 4903 manus
1211 4856 1324 4921 propter
1332 4847 1514 4905 obedientiam
1529 4848 1604 4905 cruci
1619 4847 1725 4909 affixas
1738 4871 1746 4910 ε
1757 4864 1813 4906 cm·

1019 4934 1203 5007 siderapedes
1217 4937 1354 5006 expositos
1364 4936 1457 4994 fixuris
1468 4938 1619 5008 clavorum,
1637 4946 1670 4995 et
1684 4939 1758 4997 latus
1770 4938 1815 4993 hr-

1023 5041 1070 5082 cea
1085 5024 1250 5094 perforatum
1271 5043 1278 5083 :
1294 5026 1401 5082 attende
1419 5026 1492 5098 quod
1507 5032 1620 5099 propter
1635 5027 1813 5087 obedientias

1023 5120 1144 5169 mortuus
1160 5106 1248 5169 sum:
1270 5125 1296 5169 et
1323 5115 1344 5169 si
1361 5124 1473 5187 propter
1500 5113 1686 5189 fragilitatem
1701 5119 1813 5176 humana

1021 5202 1183 5260 conditionis
1206 5203 1359 5260 obedientia
1381 5210 1427 5260 tua
1448 5204 1484 5260 sit
1500 5203 1590 5260 minus
1604 5205 1718 5280 aliquid
1732 5206 1812 5280 perte

1020 5300 1092 5347 etum
1103 5292 1214 5359 habens,
1231 5293 1294 5349 volo
1309 5301 1337 5349 ut
1352 5293 1493 5365 plenitudo
1507 5309 1573 5349 meae
1592 5294 1765 5354 obedientie
1784 5296 1813 5349 sit

1020 5389 1073 5439 tuae
1089 5382 1178 5439 minus
1202 5380 1361 5439 sufficientis
1388 5382 1551 5440 obedientiae
1578 5385 1813 5457 supplementum.
1849 5438 1851 5443 .

1017 5471 1089 5544 Quid
1103 5471 1131 5528 in
1145 5470 1193 5528 illa
1220 5472 1286 5530 bora
1299 5478 1388 5546 potest
1411 5487 1473 5532 esse
1487 5473 1599 5532 suerius
1617 5475 1670 5533 tuli
1694 5474 1813 5536 console
