3706 5962
92 228 162 288 tout
631 218 740 279 SRRMO
759 216 800 276 tit
819 215 847 273 S.
870 213 1015 276 ltttotto
1034 217 1190 283 MYRRNSI.
1672 206 1743 276 {058

92 358 157 420 atat,
172 348 244 423 quod
266 347 309 404 ille
326 361 447 402 summus
471 345 618 416 Imperator
641 341 794 417 negotiator
816 356 892 397 meua
907 354 931 433 g
949 357 1011 398 esse
1023 343 1202 400 convincaris.
1225 343 1336 399 Nullum
1351 341 1425 398 anim
1441 340 1637 397 inexorabilius
1646 353 1742 411 persa·

93 440 180 497 factus
194 445 244 504 est,
255 447 281 492 et
295 435 434 511 nogotium
450 449 541 490 meum
556 433 615 489 siue
628 432 748 505 otioegit
771 430 891 503 quandiu
950 428 1048 500 quitur
1064 429 1222 497 multitudo,
1239 445 1320 501 quam
1331 429 1406 485 illum
1422 425 1469 499 qui
1489 427 1542 484 sibi
1561 424 1743 482 multitudiuis

94 528 145 586 fnit
159 529 185 582 in
199 528 289 599 terris,
304 534 333 581 et
347 524 527 596 pretiosarum
547 523 677 578 mercium
692 519 811 577 sarcinas
826 534 892 592 por·
949 528 1057 590 arrogat
1072 519 1267 590 principatum.
1283 518 1369 590 lunge
1390 515 1435 572 bis
1449 516 1538 572 tribus
1554 516 1703 586 potentiam
1717 519 1745 570 et

96 628 155 672 tans
177 622 210 672 ad
230 618 345 680 Patrem,
370 613 424 686 ipsi
448 611 534 670 vultui
556 612 614 680 Dei,
635 610 744 682 etquid
770 610 846 676 emit,
868 614 894 662 et
948 607 1129 678 voluptatem,
1149 623 1210 680 quae
1227 607 1286 678 ipsa
1312 605 1387 661 teoni
1404 613 1433 660 et
1457 603 1646 674 perfunctorio
1674 617 1744 675 gau-

95 705 160 778 quid
174 704 297 770 redemit,
307 712 335 759 et
346 701 416 758 uude
430 701 553 767 redemit,
570 699 698 756 ostendit.
712 700 753 753 Tu
768 712 834 770 ergo
849 695 896 750 illo
949 695 993 750 dio
1010 697 1167 767 repleamur
1183 703 1210 751 et
1223 694 1402 766 ridebiaquia
1415 692 1494 764 copia
1514 707 1616 764 pauper
1626 697 1680 761 est,
1690 693 1745 746 bo·

97 793 249 866 negotioso,
263 792 367 848 otiosus
396 806 458 846 esse
482 789 612 861 disponis,
636 796 663 846 et
685 788 732 844 illo
759 785 896 841 laborante
949 798 1000 839 nor
1016 783 1137 851 humilis,
1153 783 1218 839 vilis
1236 783 1336 856 gratia,
1355 781 1479 853 potentia
1492 780 1602 846 debilia,
1618 787 1646 836 et
1664 780 1743 835 labo·

99 885 239 954 quiescere
254 881 267 937 i
282 881 343 954 lpse
352 881 425 936 venit
438 879 571 952 negotiari
594 878 622 933 in
636 875 777 950 regionem
792 873 895 946 longia·
950 871 1175 943 tioaavoluptas:
1193 881 1233 943 ut,
1246 872 1324 941 juxta
1334 870 1509 943 Apostolum,
1525 867 1746 926 umnemiutelle·

98 987 194 1043 quam;
211 980 237 1025 et
253 977 281 1024 ιιι
295 968 330 1022 ad
345 967 471 1041 regiones
486 966 623 1039 proximas
634 963 772 1020 ambulare
781 968 897 1019 acuunt·
949 969 1021 1016 etum
1037 963 1063 1016 iu
1079 961 1178 1017 Christi
1196 959 1358 1032 obsequium
1367 961 1524 1033 redigamus
1539 961 1577 1029 ill
1591 959 1652 1015 dor.
1663 973 1695 1025 x,
1706 959 1744 1028 tt).

99 1057 375 1128 ntslbggredereet
389 1056 534 1126 ingredere
549 1053 690 1128 regionem
705 1049 898 1106 dissimilitudo
949 1048 1051 1121 lielega
1080 1050 1224 1105 maximum
1246 1048 1321 1103 illum
1351 1049 1497 1103 latinorum
1523 1047 1746 1119 pbilosophorum

100 1148 152 1215 nis,
171 1145 298 1202 videlicet
317 1145 447 1199 muudum
472 1142 556 1199 istum
571 1160 578 1207 ;
594 1152 622 1198 et
645 1142 705 1198 vide
728 1155 810 1211 quam
839 1138 896 1193 fre·
951 1138 1114 1211 (Senecam),
1127 1146 1154 1194 et
1169 1138 1196 1194 in
1212 1137 1285 1193 illius
1298 1137 1391 1195 verbis
1404 1152 1495 1195 meam
1502 1136 1623 1208 iuvenies
1636 1141 1746 1190 seuten-

100 1241 215 1307 qnentes
230 1235 266 1289 ibi
281 1233 419 1300 nundina,
437 1239 546 1302 quautae
568 1230 606 1285 ibi
630 1231 783 1302 germinent
804 1234 831 1285 at
853 1241 897 1282 re-
951 1227 1027 1282 tiam.
1048 1228 1197 1284 contemne
1212 1226 1298 1299 igitur
1320 1227 1377 1281 baec
1397 1225 1489 1282 omnia
1510 1221 1746 1296 contemptibilia-3

99 1323 251 1398 germinent
264 1322 406 1378 vanitates.
431 1322 549 1377 Prorsus
573 1317 809 1384 dissimilitudinis,
834 1315 897 1388 quia
951 1326 978 1375 et
1003 1318 1037 1374 de
1052 1319 1094 1373 bis
1109 1316 1289 1374 omnibusfae
1303 1316 1438 1374 sarcinam
1458 1325 1541 1388 mam,
1562 1318 1747 1387 contemptum

98 1413 241 1486 regionem
271 1409 463 1480 similitudinis,
488 1409 536 1465 ubi
558 1408 593 1462 ad
620 1406 825 1464 similitudinem
847 1403 897 1460 Dei
951 1407 1055 1464 muudi.

100 1500 163 1556 facti
185 1514 289 1565 sumus,
315 1497 437 1553 amisisse
463 1512 514 1553 uos
537 1503 652 1553 constat.
682 1494 819 1567 Numquid
843 1507 897 1549 non
990 1499 1017 1555 tt.
1030 1497 1153 1554 Decnraa
1162 1494 1249 1570 igitur
1261 1495 1313 1550 bac
1328 1494 1450 1567 ragione,
1460 1501 1498 1566 et,
1513 1492 1589 1566 quod
1600 1489 1748 1564 pretiosius

100 1603 202 1662 magno
215 1586 405 1644 dissimilitudo
429 1586 464 1641 de
487 1585 613 1655 paradiso
643 1584 675 1638 nd
700 1581 845 1649 infernum,
864 1581 899 1638 de
953 1593 1006 1653 est,
1021 1586 1083 1642 inde
1097 1584 1229 1653 sublatus,
1247 1583 1331 1639 transi
1351 1583 1384 1638 ad
1399 1582 1630 1654 secundamque
1643 1587 1686 1637 ast
1703 1594 1747 1652 pa·

100 1677 196 1748 3113610
207 1676 241 1730 ad
254 1676 418 1745 tumulum.
435 1673 588 1730 (1θῦ80θά
603 1669 773 1728 ἅὶῦῧῡίιῑωῗ
915 1632 1058 1732 nratliaus
1083 1674 1245 1732 claustralis.
1268 1674 1339 1730 Vere
1362 1671 1510 1730 claustrum
1534 1678 1576 1726 est
1597 1670 1747 1742 paradisus.

137 1767 163 1820 d.
180 1764 255 1821 Vade
270 1779 318 1835 per
338 1763 463 1820 forenses
487 1761 628 1829 tumultus,
644 1767 671 1815 et
684 1758 748 1815 binc
768 1757 835 1814 inde
847 1757 897 1814 de·
954 1763 1088 1835 llieprata
1101 1763 1220 1821 virentia
1232 1761 1447 1834 seripturarum,
1466 1757 1651 1831 praeterfluens
1664 1757 1750 1828 lacry-

101 1863 234 1918 certantes
247 1852 446 1925 circumspice,
462 1858 490 1906 et
504 1856 637 1923 quantum
646 1847 756 1921 colligo,
768 1846 796 1901 iu
814 1847 900 1902 tribus
953 1868 1059 1909 mnium
1075 1851 1230 1916 undecimi,
1254 1866 1336 1922 quum
1357 1850 1391 1905 ne
1420 1846 1579 1922 purissimis
1608 1845 1752 1903 affectibus

102 1942 194 2000 causis
208 1949 286 1999 meat
296 1941 385 1996 omms
399 1941 523 2012 voluptas
538 1956 546 1997 ε
564 1937 610 1994 alii
622 1936 732 2008 divitiis,
749 1935 794 1991 atii
808 1935 898 1992 bono·
953 1958 1030 1999 unci·
1044 1942 1089 2000 itte
1107 1940 1225 1998 coetestis
1237 1939 1349 2013 eliquat.
1366 1939 1416 1996 llic
1436 1945 1499 1995 aunt
1512 1938 1624 1994 arborea
1642 1935 1751 1992 erectis·

101 2031 187 2094 tibba,
212 2028 255 2083 al'ti
284 2029 377 2102 gloriae
410 2027 572 2083 innituntur.
601 2022 692 2081 Curtia
720 2024 753 2079 ad
784 2022 899 2093 ludium,
954 2031 1040 2097 sime,
1054 2030 1132 2087 chuni
1145 2038 1310 2098 sanctorum,
1327 2026 1455 2098 nullaque
1467 2036 1510 2083 est
1526 2039 1589 2097 quae
1604 2039 1659 2080 non
1669 2022 1752 2078 multa

102 2117 268 2188 AEthiopiam
279 2115 388 2183 circuis,
405 2114 505 2170 transit
527 2112 621 2181 maria,
649 2122 678 2169 et
699 2112 781 2168 alium
806 2111 900 2168 orbem
954 2119 1074 2192 gaudeat
1088 2118 1335 2189 fructpsubertate.
1349 2115 1398 2171 lito
1410 2113 1632 2171 estaublimisilla
1644 2127 1750 2177 mensa,

103 2208 152 2264 tibi
167 2206 257 2277 aperis
276 2204 439 2276 navigando,
468 2212 498 2258 ut
512 2200 622 2258 divitias
637 2216 802 2274 congreges.
817 2200 902 2274 Fugis
954 2208 981 2263 in
997 2224 1051 2279 qun
1066 2207 1139 2262 Deus
1161 2213 1203 2262 est
1232 2213 1259 2260 et
1281 2204 1376 2259 cibans
1396 2212 1422 2259 et
1445 2202 1536 2271 eibus3
1561 2212 1708 2257 munerans
1725 2206 1753 2256 et

102 2295 229 2367 patriam,
259 2293 372 2366 ign0rts
399 2289 479 2358 filim.
508 2288 643 2347 divelleris
671 2290 705 2345 ab
744 2302 839 2356 '1¹⁰¹'02
876 2294 902 2343 ⁰²
952 2312 1066 2365 >munna
1077 2294 1196 2352 offerens
1204 2301 1232 2350 et
1242 2292 1375 2357 oblatum,
1387 2290 1536 2349 convivans
1545 2299 1573 2346 et
1586 2287 1751 2346 convivium.

104 2383 228 2441 omnium
243 2379 470 2438 necessitudinum
486 2377 595 2447 Oblitus,
610 2377 710 2451 (luaeliS
725 2385 755 2432 ¹1²
768 2375 901 2449 acquiras,
956 2385 1006 2441 iliu
1020 2393 1141 2459 aggestu
1156 2393 1220 2439 aunt
1237 2379 1441 2453 Omnipoteutis
1464 2379 1585 2436 divitia:
1605 2377 1650 2433 bie
1663 2376 1754 2432 refusa

104 2471 220 2544 acquiris
234 2478 264 2526 ut
278 2470 388 2543 perdas,
412 2469 502 2541 perdis
517 2474 547 2523 ul
561 2467 666 2524 doleas.
681 2466 813 2522 abscondis
826 2479 902 2520 moll·
955 2480 998 2530 eut
1011 2472 1101 2545 gloria
1119 2471 1300 2543 Angelorum,
1317 2471 1435 2526 Putasne
1448 2466 1536 2525 millu!
1550 2467 1670 2523 hicme
1679 2480 1754 2521 nun.

107 2569 148 2617 tes
162 2561 224 2615 nive
245 2559 384 2624 obsessos,
417 2567 444 2614 et
457 2557 612 2614 horribilem
627 2570 721 2612 eurum
735 2553 902 2610 altitudinem
955 2561 1044 2632 (tiniec¹
1071 2568 1099 2616 er
1118 2559 1196 2617 uticii
1226 2559 1291 2616 itinn
1312 2558 1359 2629 qui
1374 2557 1499 2615 hubitant
1521 2555 1604 2614 uniue
1623 2554 1707 2611 moris
1725 2553 1754 2608 in

106 2657 237 2721 tunquam
253 2649 332 2720 platta
346 2662 459 2721 quaeque
488 2646 667 2718 perambulas.
693 2644 797 2701 Facient
812 2640 903 2713 abyssi
956 2647 1062 2705 domo?
1086 2648 1184 2707 Videtis
1197 2648 1270 2704 hund
1283 2648 1367 2704 sactis
1382 2645 1546 2702 lectionibus
1558 2645 1753 2708 intendentem,

106 2738 214 2795 latentis
227 2752 281 2795 non
298 2743 419 2808 reputas,
434 2736 570 2793 latronum
582 2733 698 2809 gladios,
713 2741 741 2790 et
755 2733 814 2791 vias
837 2730 903 2786 iusi·
957 2736 1032 2792 iilum
1050 2736 1254 2794 incumbentem
1270 2734 1436 2793 emtionibus
1452 2751 1460 2790 :
1476 2735 1550 2791 hune
1564 2748 1614 2807 nnc
1634 2731 1693 2788 auia
1703 2747 1754 2788 et-

106 2829 209 2884 diatum
224 2826 300 2899 quasi
314 2827 408 2897 planas
432 2824 591 2898 pertransis,
607 2822 762 2894 oblitusque
780 2819 904 2877 humaui·
958 2826 1082 2882 cccsibun
1097 2827 1304 2899 lacrymantem,
1321 2824 1397 2879 iilum
1422 2824 1449 2878 in
1463 2823 1512 2879 Dei
1526 2822 1653 2879 lendibus
1666 2819 1756 2878 exaul-

110 2918 170 2972 tatis
186 2929 238 2971 tuae
255 2931 326 2983 ,uec
339 2913 524 2970 fulminantem
539 2912 601 2968 eoeli
615 2911 725 2980 faciem,
750 2927 800 2967 nec
824 2918 904 2965 aestus
919 2913 941 2991 c
956 2921 1076 2972 tantem:
1094 2916 1164 2971 buno
1182 2913 1351 2991 vigilantem,
1370 2913 1538 2982 jejunantem
1551 2909 1643 2968 illum:
1660 2907 1764 2977 etofti·¹

109 3006 148 3061 rel
162 3003 261 3077 frigora
285 3003 376 3077 magni
399 3003 515 3074 pendis:
542 3001 717 3073 thesaurizas,
742 3006 770 3056 et
793 3000 903 3073 ignoras
959 3005 1002 3059 eio
1020 3003 1129 3074 pietatis
1145 3003 1198 3060 sibi
1213 3003 1331 3060 invicem
1345 3000 1574 3058 invidere.Nucte
1588 3007 1758 3069 consurgunt

109 3093 152 3150 eui
167 3107 320 3166 congreges
334 3107 376 3147 ea.
392 3093 449 3148 Nec
462 3093 538 3148 deest
547 3092 706 3162 pierumque
720 3081 839 3162 poteniia
852 3087 905 3144 for·
959 3092 994 3148 ad
1008 3092 1194 3149 confitendum
1208 3091 1242 3160 ei,
1256 3106 1373 3163 vespere
1388 3099 1416 3147 et
1431 3104 1513 3146 mane
1527 3096 1555 3147 et
1567 3088 1682 3145 meridie
1695 3102 1758 3143 uar-

109 3181 195 3252 tioris,
210 3182 256 3253 qui
277 3182 384 3237 detecta
405 3180 491 3237 fronte
513 3179 601 3251 capiat
623 3179 667 3235 vel
689 3180 785 3251 rapiat,
806 3185 833 3234 et
851 3192 905 3233 una
959 3189 1021 3237 rant
1050 3189 1076 3238 et
1105 3180 1249 3237 annuntiat
1280 3180 1389 3237 laudem
1423 3180 1509 3250 ejus:
1537 3187 1563 3235 et
1586 3176 1675 3235 omnis
1696 3175 1758 3231 illc-

108 3271 179 3326 bora
198 3285 343 3342 pauperem
357 3276 383 3323 et
404 3267 534 3324 humilem
551 3280 576 3322 te
591 3266 680 3336 facist,
698 3282 779 3338 quem
795 3265 904 3322 divitem
960 3284 1021 3323 rum
1045 3268 1177 3326 sedulitas
1201 3269 1228 3324 iu
1262 3268 1357 3324 orbem
1385 3264 1470 3323 divini
1498 3271 1602 3321 rotatur
1624 3261 1756 3337 obsequii.

109 3367 137 3416 et
151 3358 293 3414 sublimem
308 3357 389 3431 longa
408 3365 473 3412 aetas
487 3363 656 3428 provexerat.
676 3354 739 3410 Filii
753 3353 903 3421 bominum,
960 3355 1045 3412 Curre
1069 3372 1136 3429 ergo
1160 3370 1209 3428 per
1238 3344 1343 3427 omues,
1359 3369 1438 3410 curre
1462 3353 1661 3426 persingulas,
1683 3351 1758 3408 etde

112 3462 253 3520 usquequo
268 3446 344 3520 gravi
358 3444 463 3501 corde?
478 3443 575 3516 utquid
587 3443 698 3517 diligitis
712 3443 865 3512 vanitatem,
880 3450 909 3497 et
960 3443 1104 3502 universis
1116 3452 1143 3502 et
1161 3443 1275 3519 siugulis
1284 3444 1328 3499 fac
1342 3441 1476 3498 sarcinam
1490 3452 1573 3509 tuam,
1588 3442 1701 3498 formam
1715 3440 1757 3498 vi-

108 3536 231 3610 quaeritis
244 3533 413 3590 mendacium
426 3531 537 3603 i(Psal.
555 3547 595 3598 tv,
613 3529 909 3601 claudicaturum
960 3532 1053 3592 vendi.

108 3628 143 3682 de
158 3625 316 3681 bonoribus.
333 3623 435 3679 Ducem
452 3629 476 3677 te
488 3619 656 3678 constituere
669 3637 677 3692 3
688 3626 716 3675 et
731 3619 794 3674 data
807 3617 909 3675 esttibi
1001 3624 1028 3686 ti.
1045 3621 1149 3678 Relicto
1164 3636 1231 3694 ergo
1246 3621 1357 3691 mundo,
1369 3628 1397 3677 et
1409 3618 1493 3678 modo
1505 3617 1613 3675 vivendi
1622 3630 1760 3689 suscepto,

109 3715 266 3770 facultasut
283 3711 424 3783 misertis,
449 3717 476 3766 et
498 3709 614 3782 amplios
632 3724 686 3766 uon
704 3708 839 3780 quiescas.
860 3707 911 3763 Cu·
964 3709 1050 3767 transi
1069 3711 1102 3767 ad
1121 3711 1238 3783 tertiam,
1259 3726 1322 3783 quae
1336 3719 1378 3768 eat
1393 3709 1470 3784 regio
1482 3708 1653 3781 expiationis.
1669 3710 1696 3765 ln
1711 3711 1761 3765 bae

110 3804 226 3860 mutatur
254 3801 367 3858 matema
386 3799 610 3867 sollicitudinum,
635 3809 661 3857 et
689 3799 759 3854 inter
777 3811 911 3853 erumnas
963 3799 1099 3876 benignus
1126 3800 1205 3856 Pater
1235 3801 1369 3859 examinat
1397 3798 1467 3856 lilios
1489 3797 1674 3875 mbiginosos,
1693 3797 1761 3853 sieut

110 3907 157 3948 eor
181 3892 271 3963 ipsum
290 3890 446 3957 exedentes,
470 3905 585 3947 necesse
606 3897 647 3944 est
674 3888 777 3947 vultum
797 3885 910 3942 iuduere
964 3890 1134 3949 examinatur
1151 3895 1308 3964 argentum
1323 3889 1561 3969 ducitpgriguem
1579 3896 1607 3945 et
1619 3903 1716 3960 aquam
1732 3899 1762 3944 ut

110 3980 281 4057 gaudiorum.
293 3979 436 4049 Nunquam
451 3979 478 4033 in
493 3979 596 4036 bonore
611 3977 669 4034 siue
683 3978 786 4045 dolore,
803 3975 831 4031 in
845 3989 912 4047 prae·
964 3981 1063 4038 edurat
1077 3978 1104 4034 iu
1121 3979 1302 4052 refrigerium.
1318 3979 1390 4036 Trite
1403 3986 1466 4036 sunt
1478 3978 1666 4038 distinctiones
1687 3978 1761 4036 luco

111 4069 209 4125 latione
224 4068 282 4124 siue
297 4066 461 4132 turbatione,
489 4067 516 4122 in
543 4067 706 4125 sublimitate
719 4066 778 4123 sine
791 4064 911 4125 vanitate
926 4083 950 4162 n
966 4086 1037 4140 rum,
1063 4084 1130 4142 quaa
1153 4083 1202 4140 pro
1227 4067 1383 4126 diversitate
1407 4067 1564 4125 maritorum
1588 4066 1687 4124 animae
1708 4083 1764 4125 aor-

109 4156 173 4231 quis
186 4171 245 4212 esse
264 4162 369 4228 petest.
384 4155 484 4224 Miseri,
505 4156 581 4224 juxta
606 4155 796 4228 philosophum
826 4151 912 4211 m
968 4159 1080 4219 tiuntur.
1096 4159 1138 4216 Ad
1152 4157 1255 4216 coelum
1278 4172 1394 4229 namque
1411 4157 1498 4213 statim
1514 4156 1630 4226 evolant,
1643 4156 1689 4230 qui
1712 4158 1763 4212 do·

111 4246 263 4303 mercedem
292 4242 461 4299 miseriarum
477 4259 609 4311 amamus,
634 4254 662 4300 et
683 4243 758 4316 ipsas
781 4259 911 4301 exsecra·

109 4351 178 4390 mur.
206 4334 312 4407 Regum
330 4331 409 4387 uobis
432 4331 537 4386 animos
560 4330 706 4401 induimus,
724 4337 752 4386 et
779 4329 910 4402 quidquid

110 4424 190 4479 uobis
213 4439 246 4477 et
274 4422 413 4478 voluntate
435 4436 488 4477 non
516 4421 671 4491 respondet,
708 4418 796 4474 atatim
812 4425 911 4487 veuocat

111 4512 178 4567 iram
195 4530 202 4566 :
218 4527 267 4568 nec
281 4509 433 4566 communis
441 4508 606 4581 recogitatur
624 4507 785 4563 humanitas.
801 4506 835 4563 Et
846 4512 910 4561 tuuc

110 4610 151 4658 est
170 4600 268 4657 vermis
281 4599 412 4657 arrodens
439 4599 486 4674 qui
511 4596 705 4655 conscientiam
725 4595 828 4672 iugiter
850 4601 907 4651 tor·

111 4699 200 4764 queat,
221 4692 300 4747 timor
314 4689 440 4763 potentiae
456 4689 617 4762 superioris.
629 4686 692 4743 llaec
706 4694 748 4743 est
759 4684 907 4756 iustissima

113 4797 167 4854 lex,
184 4783 213 4836 ut
229 4779 268 4836 aic
286 4780 362 4836 rivas
380 4795 441 4836 oum
459 4778 594 4847 inferiore,
621 4775 848 4850 quamadmodum
864 4789 911 4831 sn·

111 4872 244 4943 periorem
259 4868 299 4927 vis
322 4869 411 4927 virere
431 4878 530 4926 tecum.
557 4865 629 4923 dudi
657 4873 685 4922 et
707 4864 742 4920 de
769 4863 866 4938 gloria.
882 4864 912 4920 Si

110 4962 212 5034 quaeris
227 4959 351 5032 gloriam,
366 4957 492 5015 omnibus
507 4956 616 5015 iuvidiae
642 4954 746 5012 semina
760 4954 911 5029 prebuisti.

110 5050 219 5104 Inflatus
238 5064 279 5113 es,
304 5049 331 5103 et
346 5046 518 5104 ventilatorio
539 5044 638 5117 plenus
652 5044 747 5115 spiritu
762 5043 914 5118 disrumpe·

969 4247 1071 4305 micilio
1086 4247 1209 4318 corporis
1223 4246 1265 4302 usi
1275 4252 1341 4302 sunt
1354 4252 1487 4316 tauquam
1496 4259 1613 4312 earcere,
1629 4244 1675 4315 qui
1685 4242 1767 4302 deite-

967 4345 1054 4393 catam
1081 4351 1233 4407 puramque
1258 4333 1434 4389 substantiam
1471 4332 1613 4402 utriusque
1647 4332 1765 4390 bominis

968 4431 1159 4481 servaverunt.
1168 4422 1190 4477 E
1200 4420 1346 4489 contrario,
1358 4421 1405 4492 qni
1415 4420 1538 4477 feceruut
1550 4420 1679 4492 usquead
1688 4436 1764 4478 mor·

969 4520 1026 4568 tem
1039 4527 1101 4585 quae
1116 4510 1198 4582 digua
1213 4517 1278 4565 sunt
1297 4517 1395 4576 morte,
1412 4507 1479 4565 locis
1496 4508 1690 4582 gehennalibus
1707 4509 1766 4567 siue

967 4598 1159 4656 misericordia
1187 4598 1361 4670 deputantur.
1390 4594 1442 4666 Qut
1471 4611 1537 4653 varo
1552 4605 1678 4654 neutmm
1691 4607 1765 4672 suut,

968 4689 1018 4746 sed
1032 4697 1097 4746 snut
1114 4688 1185 4745 iuter
1199 4693 1363 4759 utrumque;
1375 4685 1554 4759 quimortalia
1568 4687 1678 4760 quidam
1691 4704 1766 4748 cotu-

969 4779 1111 4848 miseruut,
1125 4778 1172 4834 aad
1191 4777 1264 4834 cirta
1284 4787 1398 4833 motteut
1414 4775 1766 4851 poenitueruut,·poeniteu-

970 4868 1033 4924 tiam
1048 4883 1102 4924 uon
1117 4868 1268 4939 explentes,
1279 4864 1387 4938 indigni
1405 4872 1435 4923 ut
1453 4866 1547 4922 statim
1561 4867 1706 4939 gaudeant,
1716 4882 1767 4926 uae

970 4958 1045 5031 digni
1064 4965 1215 5028 utaemper
1228 4957 1351 5026 ardeant,
1361 4955 1423 5012 ioca
1432 4955 1744 5029 purgatoriasortiuntur
1757 4974 1765 5012 ι

970 5048 997 5104 in
1011 5046 1111 5120 quibus
1127 5045 1306 5121 flagellantur,
1325 5044 1375 5100 sed
1389 5060 1444 5101 nou
1457 5045 1491 5101 ad
1504 5045 1688 5117 insipientiam
1701 5044 1765 5118 sibi,

110 5137 156 5205 ris,
172 5153 222 5194 nec
236 5135 352 5192 attendis
366 5135 437 5206 quod
453 5142 479 5190 te
494 5142 651 5208 sequautur,
666 5135 715 5191 sed
729 5140 794 5206 quot
809 5148 912 5207 praece-
967 5145 998 5196 ut
1016 5137 1115 5195 extorti
1143 5133 1381 5193 transferanturad
1391 5149 1517 5208 reguum.
1533 5135 1586 5191 Pru
1608 5133 1652 5191 ltia
1667 5134 1714 5208 qui
1736 5135 1764 5191 iu

108 5227 184 5283 dant.
200 5224 441 5298 Conglomerautur
473 5238 568 5281 amnes
582 5225 615 5281 ad
645 5222 839 5282 detrabendum
853 5222 912 5291 tibi,
970 5227 1040 5287 eoelc
1051 5234 1115 5284 suut
1129 5240 1184 5291 non
1206 5232 1247 5282 est
1261 5223 1417 5295 orandum
1432 5223 1496 5295 quia
1509 5238 1568 5292 eoa,
1582 5238 1636 5280 non
1655 5238 1704 5296 pro
1724 5223 1765 5282 ala

109 5314 146 5371 ad
170 5312 384 5370 maledicendum
407 5311 514 5385 linguas
535 5321 633 5370 acuunt
653 5329 661 5383 3
681 5321 710 5368 et
722 5310 911 5385 argutissimus
968 5331 1054 5374 :orara
1068 5316 1212 5372 debemus.
1228 5313 1282 5371 Prc
1297 5311 1340 5368 bis
1353 5311 1437 5385 quiin
1458 5310 1639 5369 inferuoaunt
1656 5326 1766 5386 anapau-

109 5421 149 5474 es,
167 5406 190 5460 si
205 5404 246 5458 vel
260 5418 369 5458 uranum
386 5402 428 5460 vel
443 5401 566 5474 linguam
580 5401 734 5460 invidorum
746 5399 836 5474 possis
849 5415 909 5459 eva·
968 5405 1063 5462 denda
1076 5410 1139 5460 sunt
1153 5414 1269 5475 praees3
1284 5399 1383 5474 quibua
1396 5401 1486 5459 clausa
1500 5409 1541 5458 est
1555 5401 1639 5472 ianua
1656 5400 1764 5460 miseri-

112 5493 273 5552 derelicta
292 5492 363 5551 uude
393 5491 531 5565 gloriosus
556 5508 616 5550 esse
643 5490 761 5558 volebas,
776 5489 908 5563 inglorius
964 5495 1075 5560 cordia,
1089 5501 1116 5551 et
1142 5492 1226 5550 tutius
1240 5507 1302 5564 apes
1321 5490 1469 5549 interclusa
1496 5491 1601 5548 salutis.
1629 5490 1682 5552 Pto
1709 5490 1763 5549 illia
