3706 5962
70 146 72 150 ’
159 178 213 241 rna
690 174 880 240 rotmarus
899 176 941 239 oa
961 174 1066 239 srarn
1085 172 1272 239 vmruruir.
1397 140 1399 145 ’
1763 170 1811 232 aar

156 300 378 375 impenetrabilis,
398 316 452 374 quo
471 302 638 378 protegimur
661 300 855 374 spiritualiter;
884 306 945 377 gla·
964 318 988 398 Α
1005 301 1171 359 laudandum
1186 309 1212 355 te
1228 314 1288 355 esta
1308 297 1426 367 dixeris,
1454 295 1597 366 culpabilis
1624 295 1746 354 eftectus
1771 312 1810 366 es,

159 393 221 448 dius
236 389 393 449 indeficiens
408 407 441 446 ex
460 398 574 465 utraque
599 400 678 464 parte
700 391 801 449 feriens
816 413 822 450 :
840 395 903 466 quia
917 403 944 451 et
1006 390 1113 447 etiamsi
1139 389 1313 446 incrasante
1342 385 1508 453 laudabilis;
1533 386 1555 440 si
1584 402 1651 440 vero
1680 386 1808 442 inutilem

159 482 275 539 exterior
301 479 441 536 humilitas
468 480 618 538 exteriores
649 480 774 538 inimicos
806 483 953 540 salubriter
1008 496 1069 536 csse
1096 487 1123 536 te
1149 475 1264 546 talearis,
1282 476 1368 532 lactus
1396 490 1427 530 es
1448 473 1530 540 utilis,
1553 473 1576 529 si
1603 474 1697 532 fueras
1726 475 1811 533 etiarn

160 572 275 644 percutit
293 580 322 625 ut
346 569 504 642 poeniteant,
522 579 549 627 et
570 571 683 626 interior
709 570 845 628 humilitas
870 572 957 631 589

159 659 312 718 invisibiles
327 658 451 715 inimicos
465 658 572 716 lortiter
586 662 712 732 percutit,
736 670 767 716 ut
781 661 847 716 nihil
871 663 956 730 proli-

160 750 242 816 ciant,
255 750 310 805 imo
321 757 351 804 ut
362 747 498 803 deficiant.
515 748 592 806 Unde
607 759 633 805 et
648 760 719 805 recte
742 750 881 806 humilitas
895 766 957 807 cor-

160 839 203 895 dis
217 852 312 893 murus
325 836 424 893 dicitur
446 846 542 894 contra
563 837 709 894 invisibilia
734 845 911 904 tentamentar
929 848 957 896 ct

161 927 298 984 humilitas
324 925 463 996 corporis,
493 927 663 983 antemurale
690 934 786 982 contm
819 928 955 985 citeriora

161 1013 363 1085 impedimenta.
391 1012 496 1068 Dicitur
518 1014 599 1069 etiam
621 1014 760 1070 humilitas
789 1017 870 1071 turris
896 1016 954 1072 ior-

161 1100 282 1157 titudinis
294 1116 312 1155 a
325 1099 394 1156 facie
417 1100 535 1173 inimici3
561 1103 625 1175 quia
649 1103 881 1174 quemadmodum
895 1113 955 1160 tur-

162 1191 199 1245 ris
212 1189 241 1245 in
259 1188 350 1260 alique
364 1189 470 1246 civitate
492 1199 534 1247 est
556 1192 729 1263 pulchritudo
754 1199 781 1247 et
799 1193 955 1248 munimen-

162 1290 218 1334 tum
233 1280 359 1346 civitatis,
385 1280 424 1334 sic
450 1279 587 1337 lirimilitas
608 1289 649 1336 est
673 1280 841 1352 pulchritudo
856 1289 884 1338 et
897 1298 957 1338 rnn-

161 1367 311 1424 nimentum
326 1368 426 1424 cordis.

197 1460 225 1513 6.
239 1458 288 1513 Est
303 1456 385 1513 ctiam
407 1456 509 1513 inutilis
531 1458 679 1528 humilitas,
703 1474 754 1530 qua
775 1459 857 1516 bomo
879 1468 905 1514 ot
919 1459 955 1515 ab

161 1561 244 1619 opere
270 1563 301 1604 se
320 1546 441 1612 retrahit,
462 1555 490 1602 et
512 1548 564 1602 sub
588 1546 695 1603 silentio
718 1548 870 1614 abscondit,
892 1549 956 1620 quia

161 1640 237 1692 timet
251 1635 390 1707 vilescere,
407 1636 429 1691 si
444 1635 512 1692 torta
527 1635 579 1692 sibi
594 1636 737 1705 objicietur
751 1637 779 1692 id
795 1640 866 1693 uude
890 1652 956 1693 con·

161 1724 272 1780 scicntia
288 1724 391 1779 metuit.
407 1724 453 1779 Est
470 1732 497 1780 et
511 1723 563 1778 alia
578 1723 716 1780 humilitus
732 1740 786 1780 non
809 1725 955 1793 aedificans,

161 1812 209 1866 sud
224 1813 377 1876 destruens,
398 1826 459 1866 cunr
483 1810 585 1882 aliquis
610 1815 668 1869 loco
691 1813 733 1868 vel
760 1821 880 1885 tempore
903 1829 956 1870 non

162 1914 282 1972 congruo
295 1899 374 1956 dictis
387 1899 430 1954 vel
445 1898 522 1955 lactis
546 1899 725 1956 immoderate
740 1916 770 1955 se
785 1900 888 1970 dejicit,
905 1901 957 1957 illis

162 1989 243 2043 otiam
256 1987 418 2059 quandoque
446 1986 612 2044 intuentihus
637 1988 683 2060 qui
704 1988 799 2045 lexiter
818 1990 955 2045 scandali-

161 2083 267 2132 zantur.
300 2076 346 2131 list
373 2084 400 2132 et
422 2075 558 2132 humilitas
586 2075 709 2131 simulata
744 2077 955 2148 hypocritarum,

161 2164 207 2236 qui
229 2163 347 2235 speciem
368 2164 528 2221 humilitatis
554 2168 723 2235 praetendunt
747 2165 776 2221 in
797 2167 901 2232 babitu,
922 2168 956 2224 de

161 2255 257 2310 eadem
280 2253 370 2325 specie
393 2263 501 2309 ostensa
520 2253 727 2325 superbientes;
742 2266 768 2310 et
792 2271 853 2310 cum
869 2257 894 2310 in
910 2271 957 2312 oc-

161 2344 233 2400 culto
253 2342 344 2400 cordis
364 2343 528 2414 superbiant,
550 2351 612 2398 ante
634 2344 728 2399 oculos
753 2345 889 2400 hominum
904 2360 956 2401 vo-

161 2432 220 2489 lunt
233 2431 317 2489 videri
332 2431 460 2503 humiles,
475 2432 569 2488 dolose
583 2441 704 2505 agentes,
729 2433 955 2504 quomadmodum

160 2521 265 2577 aurifex
286 2522 406 2593 dolosus,
430 2520 453 2576 si
479 2521 610 2576 annulum
624 2530 784 2594 argenteum
797 2523 956 2579 deauratum

160 2611 260 2666 vendat
274 2625 322 2681 pro
335 2611 435 2665 annulo
449 2624 542 2665 nureo.

195 2701 222 2753 7.
247 2698 399 2754 Notandum
424 2709 512 2754 autem
536 2704 577 2754 est
600 2698 665 2769 quia
688 2699 822 2754 humilitas
845 2699 952 2757 aliaest

160 2785 283 2857 simplex,
310 2801 360 2841 nec
380 2787 507 2841 laudibus
530 2786 670 2841 homiuum
694 2787 826 2854 afiartam
843 2787 897 2844 alia
914 2795 956 2843 est

161 2971 219 3020 rata
237 2970 296 3029 est;
325 2963 374 3018 alia
395 2963 605 3019 abhominibus
634 2967 773 3029 honorata,
794 2981 846 3021 nec
869 2976 956 3023 umen

161 3050 306 3108 virtutibus
320 3049 414 3106 ditata.
439 3050 486 3106 llle
502 3050 654 3123 simplicem
670 3053 769 3109 dicitur
792 3054 893 3109 habere
907 3056 959 3109 hu·

161 3139 312 3204 militatem,
341 3139 387 3212 qui
407 3155 458 3195 nec
485 3138 560 3195 vitiis
590 3139 723 3212 subjacet,
751 3157 800 3197 nec
829 3142 957 3198 virtutum

160 3231 238 3300 copia
265 3228 375 3285 lulcitur
408 3228 478 3284 unde
512 3228 654 3301 superbiat
684 3245 733 3285 uec
759 3231 787 3285 in
821 3230 864 3285 bis
897 3248 957 3300 quae

160 3318 299 3391 praevalet,
323 3318 402 3374 alicui
415 3333 445 3374 se
459 3316 578 3389 praten.
604 3318 671 3374 Cum
687 3335 749 3376 vero
772 3319 909 3375 humilitas
922 3322 957 3376 ab

160 3407 316 3464 homiuibus
344 3409 385 3462 vel
413 3408 571 3474 honoratur,
595 3407 638 3463 vel
658 3407 817 3480 despicitur,
838 3407 958 3482 graviter

159 3496 355 3568 impugnatum
376 3497 438 3568 quie
463 3503 490 3552 et
512 3494 572 3550 laus
602 3497 728 3562 huruuua,
752 3496 877 3567 quamvis
902 3512 956 3552 uon

159 3593 314 3658 quaeratur,
334 3596 425 3641 tamen
452 3585 541 3640 oblata
569 3585 703 3652 delectat;
728 3593 755 3640 at
781 3585 954 3657 vituperium,

159 3672 284 3745 quamvis
297 3688 358 3728 curn
371 3674 406 3728 de
422 3681 464 3729 est
473 3673 636 3746 quandoque
649 3688 705 3730 non
719 3674 856 3743 timeatur,
869 3683 957 3732 tannen

160 3775 223 3816 cum
237 3761 312 3817 adest
325 3760 449 3816 vulnerat
463 3760 657 3831 improvidum.

195 3851 223 3903 8.
244 3849 465 3904 Praetereundum
479 3854 569 3903 autem
584 3864 640 3905 nou
653 3848 768 3918 aestimo,
784 3851 856 3921 quod
873 3852 958 3908 humi·

160 3935 244 3992 litatis
257 3935 343 3991 virtus
366 3935 427 3991 idco
441 3935 511 3992 inter
526 3936 595 3991 alias
610 3937 720 3994 virtutes
734 3938 831 3993 eximia
846 3939 955 4009 dicitur,

159 4024 222 4095 quia
236 4024 306 4080 hanc
320 4022 347 4078 in
363 4040 392 4079 se
406 4023 503 4080 unicus
515 4024 566 4080 Dei
589 4024 673 4081 Filius
686 4026 720 4080 ad
739 4029 893 4098 exemplum
908 4043 957 4085 uo-

159 4111 202 4167 his
216 4112 332 4170 mmime
355 4111 487 4178 exhibuit,
501 4120 528 4169 et
543 4129 591 4184 per
611 4114 682 4170 hanc
703 4114 832 4172 virtutem
858 4131 955 4174 omnes

161 4202 251 4276 laquei
265 4203 436 4258 multiformis
450 4201 596 4274 proditoris
609 4201 788 4261 declinantur.
803 4203 869 4259 Cum
885 4205 956 4261 enim

159 4293 296 4349 adonius
319 4306 416 4349 omues
429 4290 530 4347 inimici
553 4292 662 4362 laqueos
683 4301 776 4349 contra
799 4308 828 4349 se
855 4294 958 4352 videret

162 4392 298 4446 extensos,
312 4388 339 4437 et
353 4379 512 4439 admirando
540 4393 675 4454 quaereret
690 4381 753 4453 quis
771 4396 819 4439 eoa
842 4383 957 4439 evadere

164 4477 266 4538 posset,
291 4468 381 4525 diuina
405 4486 471 4526 voco
492 4486 652 4542 rirsponsum
678 4480 719 4526 est
741 4470 767 4526 ei
789 4473 829 4527 sic
843 4487 850 4526 :
865 4492 877 4523 a
893 4472 958 4528 Sola

162 4558 311 4616 humilitas.
331 4579 343 4610 s
361 4560 422 4628 (th
440 4559 570 4632 Quisquis
592 4567 683 4617 numm
698 4576 738 4626 es,
761 4559 808 4633 qui
832 4563 890 4618 siue
905 4562 959 4617 vir·

161 4655 218 4704 tute
239 4645 397 4702 humilitatis
420 4647 534 4703 virtutes
548 4664 708 4722 congregas,
719 4650 758 4706 sic
769 4665 799 4705 es
812 4658 842 4706 ut
855 4649 898 4707 ille
912 4650 958 4722 qui

160 4734 302 4806 puta-erem
317 4734 438 4791 invento
454 4746 553 4806 portat.
570 4736 598 4791 si
612 4745 703 4792 autern
718 4739 759 4793 vis
773 4739 888 4795 sublime
903 4739 958 4796 vir-

162 4821 228 4879 tutis
251 4824 404 4888 ostendere,
426 4823 483 4879 noli
505 4823 621 4880 sublime
646 4840 749 4895 sapere,
766 4834 794 4879 et
807 4837 870 4882 tunc
885 4826 958 4883 illnd

161 4912 234 4985 quod
250 4910 352 4984 egeris,
369 4927 429 4968 esse
443 4912 607 4968 monstrabis
629 4912 770 4970 excelsius.
786 4915 847 4970 Noli
868 4926 893 4972 te
909 4934 958 4986 pu·

160 5008 217 5058 tare
245 5000 394 5074 quidquam
422 5000 519 5057 iecisse
536 5016 598 5057 cum
623 5001 726 5067 leceris,
755 5012 782 5057 et
801 5004 959 5073 plenissime

1010 577 1071 624 aare
1086 565 1238 640 mnnita.

1044 715 1071 768 9.
1087 711 1199 780 Propter
1222 705 1295 781 quod
1319 704 1505 762 necessarium
1520 711 1560 762 est
1573 704 1606 759 ad
1621 703 1811 765 bumilitatem

1009 796 1230 864 conservandam,
1247 795 1269 852 si
1284 794 1371 862 adest,
1387 795 1429 850 vel
1446 795 1480 849 ad
1507 809 1566 848 cam
1593 793 1812 868 adipiscendam,

1009 892 1031 945 si
1051 889 1137 954 deest,
1152 894 1182 942 ut
1196 885 1340 955 diligenter
1363 867 1586 940 consideres'non
1599 883 1673 938 hona
1690 889 1746 950 tna,
1758 885 1809 940 sed

1008 979 1078 1033 mala
1099 979 1154 1032 tam
1181 974 1285 1032 occulta
1310 989 1391 1046 quam
1421 972 1542 1045 publica;
1571 974 1698 1028 attendas
1727 973 1809 1029 etiam

1008 1067 1121 1124 aliorum
1136 1080 1190 1122 non
1204 1063 1275 1120 mela
1294 1063 1342 1120 sed
1365 1063 1436 1118 bona
1450 1078 1458 1115 τ
1472 1069 1498 1116 et
1522 1061 1545 1116 si
1566 1061 1734 1136 quandoque
1756 1078 1809 1120 ooo

1008 1165 1137 1228 apparent
1151 1153 1179 1209 in
1194 1152 1313 1223 publico,
1331 1151 1445 1207 tortasse
1460 1149 1582 1208 latentia
1596 1150 1718 1223 occulto,
1732 1153 1807 1224 qnod

1010 1243 1083 1316 pium
1099 1253 1141 1300 est
1167 1238 1303 1313 suspicari.
1320 1239 1365 1296 Sic
1379 1238 1409 1295 fit
1433 1238 1543 1307 utiliter,
1574 1246 1601 1294 ut
1631 1239 1807 1310 temetipsum

1009 1330 1197 1401 deprimendo,
1225 1330 1306 1385 alium
1329 1327 1435 1385 exaltes
1464 1328 1534 1383 sicut
1580 1326 1738 1383 econtrario
1761 1344 1809 1383 su-

1010 1421 1194 1494 perbusbona
1216 1434 1265 1474 sua
1288 1417 1462 1485 attendendo,
1482 1416 1504 1471 si
1533 1431 1586 1488 qua
1600 1425 1675 1488 sunt,
1696 1424 1725 1471 et
1752 1431 1807 1471 nou

1010 1509 1079 1566 mala
1093 1525 1153 1580 quae
1175 1507 1346 1576 multarunt,
1371 1504 1531 1563 attendendo
1554 1503 1633 1560 etiam
1650 1501 1724 1558 mala
1738 1501 1806 1558 alio·

972 1609 1069 1686 nrum
1084 1606 1111 1655 et
1139 1614 1190 1656 non
1217 1598 1295 1664 bona,
1310 1603 1336 1650 et
1355 1593 1425 1652 alios
1442 1593 1579 1667 deprimit,
1603 1602 1630 1651 et
1655 1608 1688 1651 se
1715 1591 1807 1663 ipsum

1012 1687 1120 1743 exaltat.
1134 1686 1210 1744 Unde
1225 1683 1378 1740 necessaria
1389 1682 1470 1740 nobis
1493 1692 1534 1739 cst
1549 1680 1673 1754 quaedam
1688 1688 1807 1752 prater-

1010 1776 1107 1830 itarum
1123 1774 1225 1832 oblivio
1244 1773 1385 1843 virtutum,
1397 1774 1471 1845 quod
1486 1771 1526 1828 sio
1545 1769 1679 1844 intelligo,
1695 1776 1725 1824 ut
1744 1784 1810 1824 nnn

1010 1879 1089 1938 quam
1130 1862 1245 1935 alicujus
1282 1861 1387 1918 virtutis
1421 1860 1638 1916 meminerimus.
1667 1857 1809 1916 Virtutum

1010 1966 1127 2023 namque
1140 1951 1268 2007 memoria
1283 1950 1315 2005 ad
1331 1949 1484 2021 simplicem
1512 1949 1622 2004 laudem
1645 1945 1700 2003 Dei
1714 1945 1808 2013 relata,

1010 2056 1062 2095 non
1084 2040 1171 2097 solum
1191 2038 1411 2111 reprehensibilis
1426 2054 1479 2095 non
1508 2045 1559 2106 est,
1587 2037 1637 2093 sed
1666 2034 1810 2092 laudabilis

1010 2139 1061 2187 est.
1077 2129 1269 2185 Verumtamen
1283 2128 1353 2184 bona
1374 2137 1420 2184 tua
1441 2128 1505 2183 dum
1520 2125 1547 2182 in
1573 2126 1716 2183 hominum
1730 2123 1805 2180 noti-

1010 2219 1075 2274 tiam
1099 2218 1250 2290 frequenter
1274 2218 1418 2289 prodeunt,
1443 2232 1507 2274 cave
1531 2231 1566 2271 ne
1595 2216 1660 2287 quis
1677 2212 1750 2271 iorte
1776 2230 1808 2271 aa

1008 2307 1117 2380 diripiet
1133 2325 1139 2364 :
1156 2306 1228 2378 quod
1242 2306 1395 2362 Pheristrns
1409 2319 1506 2377 passus
1515 2311 1558 2360 est
1571 2303 1600 2359 iu
1613 2303 1719 2376 lingum,
1735 2303 1807 2358 boot

1009 2412 1057 2452 sua
1071 2394 1273 2462 circumferens,
1293 2394 1365 2450 unde
1379 2409 1410 2450 ea
1429 2402 1456 2450 et
1481 2392 1604 2450 diabolus
1620 2392 1722 2464 rapuit.
1739 2389 1806 2448 Aliis

1009 2485 1081 2541 cuim
1099 2483 1286 2556 exprobrando
1302 2482 1514 2547 Deumlaudare,
1531 2492 1640 2539 nonest
1657 2478 1804 2554 gratiarnm

1010 2575 1089 2641 actio,
1106 2574 1153 2631 sed
1169 2573 1226 2629 sola
1240 2572 1369 2629 virtutum
1383 2573 1534 2629 evacuatio.

1046 2719 1089 2771 lo.
1105 2715 1253 2772 Careamus
1268 2715 1349 2788 igitur
1366 2713 1400 2768 du
1420 2710 1622 2785 nobismetipsis
1643 2711 1741 2769 dicere
1760 2710 1809 2767 ali-

1009 2804 1072 2877 quid
1088 2802 1223 2876 qlorios03
1239 2804 1292 2860 hoc
1304 2803 1375 2858 enirn
1391 2817 1452 2868 uos,
1473 2810 1500 2859 at
1518 2804 1574 2859 Deo
1590 2810 1617 2857 et
1645 2799 1806 2858 bominibus

161 2873 301 2930 virtutibus
324 2875 417 2940 ditata,
440 2890 491 2930 nec
517 2882 605 2930 tumen
634 2877 667 2931 ab
692 2876 1121 2968 bomiriibushono·00dqb510,
1150 2892 1210 2949 [aeq
1243 2909 1250 2950 :
1276 2891 1378 2949 idcirc„
1405 2900 1506 2962 quanm
1535 2890 1622 2964 magi,
1655 2888 1803 2946 fecerim„

1012 2982 1093 3048 bona,
1121 2990 1193 3038 muto
1219 2982 1254 3036 de
1281 2980 1360 3037 nobis
1385 2980 1490 3036 minore
1526 2980 1657 3037 dicamus.
1692 2979 1809 3050 Quando

1012 3071 1086 3126 enim
1100 3078 1191 3126 sancta
1204 3069 1298 3142 aliqua
1312 3068 1468 3136 fecerimus,
1484 3067 1573 3126 ΜΟ
1587 3070 1719 3125 habemus
1738 3083 1808 3140 pro·

1011 3158 1056 3215 cul
1075 3157 1155 3213 dubio
1170 3157 1256 3212 Deum
1270 3157 1421 3214 debitorem
1438 3161 1567 3228 :quando
1586 3172 1652 3212 vero
1674 3155 1743 3212 nibil
1760 3170 1809 3212 uos

1010 3243 1172 3301 arbitramur
1185 3256 1311 3316 operatos
1333 3243 1449 3316 amplius
1462 3246 1543 3300 etiam
1562 3259 1700 3300 meremur
1712 3244 1749 3302 de
1764 3242 1809 3300 tali

1010 3331 1118 3401 aflectu,
1134 3349 1216 3404 quam
1235 3344 1343 3405 propter
1356 3349 1439 3404 opera
1452 3349 1500 3389 sua
1528 3349 1589 3404 quae
1617 3332 1745 3390 lecimus.
1773 3334 1812 3389 tu

1010 3420 1138 3478 virtutum
1154 3425 1276 3478 omnium
1305 3422 1399 3478 merite
1413 3423 1516 3478 bonum
1548 3421 1709 3477 humilitatis
1730 3437 1810 3478 orsu·

1011 3518 1096 3580 perat.
1111 3508 1177 3578 Quae
1192 3511 1215 3566 si
1230 3527 1283 3567 nou
1300 3512 1380 3578 adsit,
1394 3526 1444 3568 uec
1458 3510 1510 3567 illae
1525 3520 1649 3580 poterunt
1671 3525 1736 3568 esse
1749 3510 1809 3567 lau-

1010 3598 1137 3656 dabiles:
1167 3600 1239 3671 qnod
1268 3601 1291 3656 si
1318 3600 1390 3656 adsit
1422 3600 1572 3666 humilitas,
1612 3601 1696 3658 etiam
1723 3599 1808 3655 virtri-

1011 3694 1052 3743 tes
1069 3686 1130 3745 aliae
1143 3704 1206 3745 curn
1225 3690 1284 3762 ipsa
1299 3690 1449 3745 humilitate
1469 3687 1621 3759 proliciunt.
1646 3687 1730 3758 Quod
1749 3701 1808 3745 nte-

1009 3775 1062 3833 lius
1082 3777 1262 3844 ostendimus,
1281 3777 1304 3834 si
1323 3779 1433 3835 Petrum
1454 3776 1579 3848 exempla
1603 3776 1807 3851 subjungimus.

1047 3939 1090 3993 ll.
1106 3936 1234 3993 Centurio
1257 3938 1372 3996 Domino
1391 3954 1439 3995 cor
1452 3954 1529 3994 suum
1556 3936 1702 3993 humilians
1717 3940 1807 3994 dixit:

1010 4027 1071 4084 Non
1079 4042 1145 4083 snm
1155 4026 1255 4099 dipem
1265 4033 1298 4084 ut
1307 4027 1457 4085 tratrcssub
1467 4031 1575 4085 tectum
1588 4043 1684 4085 meum
1693 4028 1807 4097 (natat.

1011 4129 1072 4180 vui,
1087 4114 1114 4185 8)
1131 4133 1138 4182 ;
1156 4123 1183 4171 et
1197 4123 1340 4186 propterea
1365 4118 1466 4190 diguus
1494 4116 1608 4172 eit'ectus
1628 4123 1680 4172 est.
1710 4115 1758 4173 Src
1784 4126 1810 4172 et

1012 4204 1108 4259 Paulus
1117 4203 1172 4259 ait:
1191 4207 1244 4277 Epo
1253 4221 1315 4260 turn
1326 4207 1463 4262 nutrimur
1472 4206 1675 4277 apostotorum,
1690 4209 1744 4278 qai
1752 4222 1809 4263 non

1011 4310 1074 4351 sum
1084 4292 1185 4366 diceus
1202 4297 1295 4350 noceri
1310 4296 1457 4366 Apostolus
1471 4295 1494 4365 (l
1521 4295 1572 4351 Cor
1585 4311 1619 4350 xv
1647 4296 1687 4362 ⁹);
1709 4304 1737 4350 et
1749 4294 1809 4351 ideo

1011 4392 1072 4438 aute
1085 4385 1171 4438 Duum
1195 4391 1223 4438 et
1252 4383 1374 4439 honines
1399 4399 1514 4455 magnus
1542 4383 1669 4439 inventus
1697 4393 1750 4441 est.
1772 4385 1808 4439 lta

1012 4471 1091 4527 etiam
1114 4472 1208 4526 mulier
1227 4488 1287 4545 quar
1310 4488 1339 4526 sc
1372 4471 1404 4526 ad
1433 4474 1518 4543 pedes
1545 4470 1654 4528 Douriiui
1669 4471 1810 4528 humiliter

1012 4559 1157 4624 inclinavit,
1182 4561 1381 4631 postmoduma
1405 4562 1464 4616 Deo
1488 4562 1630 4617 sublimata
1654 4568 1709 4627 est,
1726 4569 1758 4618 ut
1782 4568 1808 4617 et

1012 4648 1136 4719 adcsput
1163 4649 1271 4706 Domini
1285 4649 1440 4721 ungendum
1463 4649 1658 4710 admitteretur,
1684 4660 1713 4705 et
1742 4649 1809 4706 siem

1012 4737 1220 4795 resurrectionis
1233 4738 1341 4793 Domini
1358 4737 1497 4811 Apostolis
1520 4737 1682 4809 praenuntia,
1700 4753 1734 4796 ac
1760 4754 1809 4811 per

1013 4827 1065 4881 hoc
1079 4826 1272 4897 Apostolorum
1291 4826 1426 4897 apostola.
1439 4829 1484 4883 Sic
1496 4834 1523 4882 et
1537 4827 1622 4884 David
1637 4827 1703 4880 dum
1728 4829 1809 4882 salta·

1012 4926 1053 4970 ret
1066 4914 1153 4970 nudus
1171 4928 1263 4969 coram
1276 4914 1386 4972 Domini
1405 4930 1477 4985 arca,
1501 4923 1529 4971 et
1557 4923 1809 4972 conternuererura

1014 5003 1110 5059 llicbol
1136 5001 1192 5058 lilia
1209 5003 1284 5070 Saul,
1308 5004 1428 5072 speciem
1457 5003 1618 5061 nuntians
1638 5004 1810 5076 praetendens

160 5098 258 5147 cuncta
290 5088 386 5146 iecisti.
415 5089 476 5145 Noli
509 5099 616 5144 tuorum
648 5105 823 5162 cormmpere
854 5092 956 5150 fructus
1012 5091 1040 5148 in
1069 5091 1170 5158 liebitu,
1197 5091 1321 5150 virtutem
1349 5092 1505 5151 humilitatis
1528 5093 1638 5149 retinuit
1661 5093 1689 5148 iu
1714 5093 1806 5159 corde,

161 5179 295 5240 laborum.
315 5177 377 5235 Noli
393 5194 502 5236 cursum
532 5179 652 5235 iuinaue
680 5178 808 5252 dirigere,
836 5197 870 5236 ue
898 5189 960 5250 post
1011 5198 1092 5254 quam
1106 5188 1134 5238 ct
1149 5182 1231 5238 verbo
1251 5181 1409 5239 humilitatis
1434 5181 1513 5240 nohis
1526 5182 1661 5238 intimavit
1675 5183 1743 5239 durn
1766 5182 1809 5240 di·

163 5268 238 5324 mille
255 5269 385 5326 circuitus
408 5269 557 5326 mercedem
588 5268 688 5326 laboris
701 5269 861 5329 amitussi
887 5269 959 5327 enim
1012 5278 1098 5329 cerei:
1116 5269 1225 5328 ludum
1236 5274 1264 5327 et
1274 5271 1357 5328 citior
1366 5273 1435 5341 fiunt
1449 5272 1513 5344 plut
1528 5287 1612 5344 quom
1624 5272 1723 5341 scotres
1738 5289 1809 5336 utre,

1012 5375 1112 5434 eroque
1126 5357 1243 5421 humitis
1258 5361 1291 5416 in
1300 5360 1389 5418 oculta
1399 5360 1470 5418 nmis
1483 5360 1524 5430 (ll
1536 5359 1707 5433 tlepvnttl.
1716 5360 1773 5418 Sed
1787 5360 1812 5415 in

198 5443 256 5513 (tq
270 5445 298 5498 ln
314 5444 384 5501 llitis
396 5445 516 5501 l'atrum.
1012 5450 1064 5508 hoc
1078 5447 1215 5507 humilitas
1228 5449 1299 5521 eius,
1314 5447 1412 5510 eximia
1427 5447 1563 5522 apparuit,
1577 5447 1652 5522 quod
1665 5456 1813 5521 cumeani
