3706 5962
60 194 113 255 28f

709 204 897 271 abacturus
915 208 1068 268 bSfo'ffGl.

1665 208 1727 270 aaa

58 319 323 418 obtineam-habere
337 321 861 400 vestimentumdiscipliuae,vestimen·
877 349 901 426 Α
916 334 1017 390 reddor
1038 341 1066 390 et
1083 333 1215 390 insolens.
1229 331 1353 403 Denique
1377 331 1444 386 nihil
1467 333 1564 389 melius
1586 333 1714 404 arbitror,

58 422 115 465 tum
131 417 279 465 exterioris
302 412 517 468 conversationis
532 423 558 470 et
578 417 770 487 observantiae,
786 439 861 479 corn·
916 439 998 494 qnam
1015 421 1123 476 humilis
1137 420 1287 475 mutatione
1301 420 1355 475 loci
1370 420 1505 475 irruentes
1518 420 1655 478 declinare
1672 424 1714 478 in·

59 500 181 572 positum
196 498 300 553 babere
315 498 453 556 bominem
473 504 645 573 exteriorem,
660 525 715 580 quo
730 519 860 584 tanquam

58 588 223 645 vestimento
247 594 308 642 utor
323 587 350 643 in
375 591 448 645 omni
467 600 530 648 actu
553 603 580 649 ct
603 606 683 667 gestu
700 617 706 654 :
723 615 786 654 nam
810 617 861 657 nec

59 675 121 732 mibi
144 675 225 742 satis,
250 676 336 732 mirfto
365 677 455 735 minus
479 681 540 736 aliis
563 683 640 738 satis.
664 685 798 761 Exiguum
818 698 860 746 est

59 765 128 838 quod
143 765 174 820 in
190 781 236 821 me
258 766 476 834 commendatur,
497 772 603 841 maiora
620 778 772 846 expetenda
786 789 858 834 sunt.

60 854 156 907 Parum
178 857 221 906 est
243 857 272 905 ιιι
285 849 344 921 ipsc
369 868 452 908 sanus
472 854 534 924 sim,
554 857 606 912 nisi
629 866 656 914 et
670 858 737 916 alios
760 877 859 918 sanare

58 939 172 1012 possim.
186 939 332 1009 Propterea
341 940 424 998 dicit:
438 944 532 1002 Nolite
541 948 715 1005 constituere
723 966 766 1006 me
773 951 861 1023 prt'u·

57 1029 302 1102 operimentum
312 1029 480 1094 metiemur
490 1033 521 1087 ιιι
531 1033 679 1094 domorueu
689 1055 747 1094 uorr
757 1045 800 1096 est
808 1057 861 1113 pc·

57 1119 100 1174 uis
115 1134 209 1190 neque
224 1118 437 1176 uestimentum.
454 1121 513 1178 ffou
527 1140 590 1180 aum
608 1140 655 1198 epo
669 1127 794 1186 medicus
810 1151 819 1186 .·
833 1138 860 1186 et

57 1207 104 1262 iste
119 1206 199 1271 dicit,
216 1205 297 1262 Solus
319 1224 373 1278 ego
391 1209 523 1269 medicus.
540 1213 663 1286 Denique
686 1232 859 1290 quocumque

57 1295 255 1366 circumspicit,
281 1302 327 1350 aut
349 1297 494 1368 imperitia,
514 1311 560 1357 aut
574 1302 727 1375 impuritas,
744 1316 791 1362 aul
809 1307 859 1364 do-

57 1384 107 1449 lus,
124 1392 176 1439 aut
199 1382 305 1438 desidia
326 1386 455 1457 occurrit,
473 1396 501 1443 ut
524 1390 599 1447 solus
612 1391 648 1447 sit
672 1393 718 1464 qui
738 1396 859 1466 prudens

58 1473 90 1527 sit
103 1480 131 1528 et
156 1471 247 1528 fidelis
261 1488 372 1539 servus;
389 1482 417 1530 et
439 1475 501 1532 ideo
518 1477 547 1533 in
561 1480 725 1552 cogitatione
749 1499 798 1539 sua
814 1485 859 1539 di·

57 1570 108 1617 cat.
135 1560 229 1616 Nolite
252 1561 335 1616 alium
352 1564 518 1622 constituere
540 1567 705 1640 principem,
730 1588 764 1626 ne
788 1572 858 1629 forte

913 513 1008 582 jurias,
1024 521 1052 568 et
1065 512 1166 568 intrare
1186 524 1317 566 cavernas
1336 517 1476 579 petrarum
1494 525 1509 563 a
1529 508 1598 565 facie
1617 510 1714 567 formi-

914 601 985 657 dinis
999 602 1091 672 hujus.

951 696 977 746 2.
990 691 1038 746 Vas
1051 690 1256 763 praegnantibus
1267 695 1295 744 et
1310 685 1505 744 nutrientibusl
1518 686 1546 740 in
1562 686 1603 741 liis
1618 687 1716 745 diebus

914 778 1076 851 praesertim.
1086 779 1169 834 lleata
1183 778 1262 848 plane
1278 777 1437 848 uberaquae
1453 790 1507 830 oon
1521 774 1689 831 lactaverunt
1705 795 1712 831 :

914 868 960 940 qni
974 867 1047 924 enim
1061 867 1138 922 lactis
1152 866 1257 941 indiget
1271 864 1410 931 alimento,
1422 863 1551 936 parvulus
1566 872 1623 931 est,
1639 865 1714 920 etad

914 955 1104 1027 perferendam
1118 954 1236 1027 inopiam
1252 962 1279 1010 et
1298 952 1419 1025 rapinam
1438 953 1572 1008 bonorum
1588 951 1713 1007 imbecil-

915 1045 969 1100 lem
983 1043 1103 1099 animum
1118 1043 1200 1116 gerit.
1211 1043 1291 1099 Tales
1304 1049 1368 1098 sunt
1382 1056 1431 1113 pro
1447 1041 1546 1114 quibus
1559 1041 1714 1098 exercenda

913 1141 977 1188 sunt
1000 1134 1099 1208 jurgia,
1121 1132 1250 1188 sectanda
1278 1130 1402 1195 concilia,
1423 1129 1550 1200 palpandi
1580 1136 1713 1195 rectores,

914 1221 1063 1294 repellendi
1084 1230 1217 1292 raptores,
1234 1218 1376 1276 refellendi
1398 1219 1544 1294 litigantes,
1561 1217 1713 1275 redimendi

912 1311 1074 1382 judicantes,
1102 1310 1291 1367 conformandi
1323 1308 1422 1364 secum
1457 1307 1503 1381 qui
1536 1323 1597 1362 cum
1631 1306 1713 1364 Paulo

913 1400 1143 1457 conversabantur
1158 1399 1185 1454 in
1200 1399 1281 1455 coelo.
1296 1398 1382 1454 Fuere
1402 1406 1527 1468 tempora
1542 1396 1652 1470 quando
1666 1413 1713 1454 su·

912 1505 980 1560 gere
998 1489 1153 1545 solebamus
1169 1488 1211 1544 lac
1228 1486 1362 1561 gentium,
1378 1494 1406 1541 et
1421 1483 1539 1540 mamilla
1558 1501 1656 1553 regum
1669 1485 1712 1540 la-

912 1578 994 1644 ctari,
1010 1588 1038 1634 et
1051 1592 1117 1633 ecee
1130 1578 1186 1647 jam
1202 1583 1328 1647 repetunt
1342 1575 1486 1640 instanter,
1503 1573 1576 1646 quod
1591 1587 1640 1628 nos
1654 1572 1712 1627 for·

57 1652 135 1705 detur
148 1665 224 1722 puer
237 1649 378 1723 princeps,
398 1660 425 1708 et
437 1653 586 1711 effeminati
599 1658 784 1717 dominentur.
800 1662 858 1717 Hu-
874 1667 896 1743 Β
912 1665 983 1720 sitan
997 1666 1077 1736 paulo
1090 1664 1315 1734 intemperantius
1331 1662 1463 1717 suximus.
1481 1661 1536 1716 Sed
1555 1661 1620 1715 dum
1635 1659 1712 1714 arida

58 1737 178 1807 jusmodi
201 1754 256 1795 non
282 1738 403 1813 indigent
424 1745 602 1812 persuasione
625 1763 707 1820 qnam
726 1750 856 1820 postulas.

58 1827 189 1896 Quamvis
219 1828 295 1884 enim
322 1830 456 1901 superiori
483 1833 571 1905 gradu
591 1851 645 1892 non
673 1837 857 1910 delectantur,

58 1917 181 1972 laborum
206 1933 237 1972 se
261 1925 350 1974 ιιιιιιιι
369 1918 452 1975 lucris
475 1922 608 1991 solantur,
624 1927 722 1997 quietis
740 1936 767 1984 et
781 1930 856 2000 pacis

59 2005 157 2061 affectu
173 2006 265 2062 labori
279 2007 420 2079 resultant,
434 2011 484 2066 sed
498 2012 551 2066 alia
565 2029 597 2068 ex
617 2023 694 2085 parte
709 2016 743 2071 ad
756 2018 856 2073 uberes

60 2109 171 2164 operum
185 2093 292 2151 fructus
313 2097 458 2153 exsultant.
475 2101 638 2159 Currentem
662 2104 704 2160 bic
724 2121 778 2178 ego
793 2123 855 2162 ser-

60 2197 164 2238 monem
184 2185 328 2251 contraho,
345 2185 409 2257 quia
424 2195 452 2242 tu
465 2187 522 2259 jam
538 2190 572 2244 ad
587 2191 639 2246 alia
657 2194 784 2264 traheris,
800 2194 855 2251 imo

61 2270 182 2340 forsitan,
198 2281 229 2327 ιιι
242 2271 301 2330 fieri
316 2274 395 2343 solet,
412 2292 462 2347 per
476 2278 555 2348 plura
569 2279 739 2339 distraheris.

254 2394 364 2436 aaran
391 2396 460 2438 PARS
486 2400 656 2443 ratumne.

63 2488 94 2541 ιιι
199 2486 856 2571 ιοιιιιιιιιιιιιιιιιιιιιιινιιιιιιιιιιιοιιιιιιιιιιρνιι-

118 2561 222 2640 teratu
236 2558 355 2626 ιιιοιιιιι,
372 2564 402 2615 et
413 2578 589 2632 perseuerare
596 2564 698 2633 jubet:
714 2568 796 2638 prius
808 2573 855 2624 tu·

93 2644 157 2685 mou
175 2628 365 2698 defficuttutcs
379 2635 408 2686 et
422 2648 508 2690 ortuo
520 2636 701 2705 praelationis
723 2640 853 2710 expauit.

95 2719 119 2769 l.
148 2716 283 2772 Sermone
312 2720 450 2789 praeterito
476 2721 595 2777 studium
623 2725 758 2796 gessimus
785 2744 856 2797 prar-

65 2812 234 2874 sumpluosos
249 2804 329 2861 simul
345 2815 373 2861 et
394 2809 554 2865 ambitiosos
571 2813 719 2883 reprimere
736 2833 743 2869 ι
760 2815 786 2869 in
804 2817 857 2871 boc

66 2900 159 2961 autern,
177 2893 238 2963 plns
250 2894 324 2964 iusto
342 2895 520 2952 meticulosos
534 2899 665 2958 animare.
682 2903 755 2959 Bone
771 2905 855 2975 Deus,

911 1755 1100 1811 vehementius
1131 1754 1218 1809 ubera
1255 1757 1391 1824 premunt,
1420 1765 1483 1805 curn
1522 1747 1712 1820 temporalium

910 1842 980 1898 lacte
994 1841 1165 1897 subditorum
1179 1839 1290 1897 eliciunt
1304 1838 1477 1912 sanguinem,
1494 1852 1549 1893 non
1563 1837 1635 1891 lruuc
1653 1852 1713 1891 san-

909 1931 1021 2003 guinem
1042 1930 1141 1996 caruis,
1157 1929 1207 1985 sed
1230 1928 1305 1984 illurn
1325 1927 1424 1982 animae
1444 1924 1621 1998 sanguinem,
1637 1923 1712 1979 illum

909 2019 1019 2075 vitalem
1032 2025 1061 2073 et
1082 2017 1252 2082 interiorem,
1269 2016 1316 2088 qui
1335 2013 1520 2085 spiritualibus
1537 2011 1622 2067 animi
1635 2010 1713 2067 venis

897 2093 1063 2172 includitur,
1079 2106 1153 2161 ιιιιιιιι
1177 2105 1211 2161 ιιι
1235 2119 1290 2175 quo
1308 2104 1451 2176 propbeta,
1467 2099 1598 2168 beaute,
1613 2102 1712 2156 anieno

909 2211 982 2266 mcc,
993 2197 1126 2260 Dumium·
1137 2199 1165 2251 et
1180 2196 1348 2265 omniaque
1359 2192 1494 2247 iutrome
1508 2193 1588 2254 aunt,
1600 2188 1711 2244 numiui

908 2287 1006 2341 sancto
1020 2273 1081 2353 ejus
1102 2281 1190 2351 (Paul.
1206 2295 1264 2345 cru,
1283 2283 1308 2348 ll
1326 2297 1333 2334 :
1356 2277 1443 2345 illurn,
1457 2277 1579 2348 inquam,
1597 2274 1711 2348 sangni-

909 2387 971 2426 nem
986 2371 1068 2425 nimia
1081 2369 1229 2425 absorbent
1244 2377 1271 2424 et
1285 2366 1399 2423 ebibunt
1413 2365 1617 2438 inquietatione.
1635 2365 1709 2419 fleu!

908 2458 1046 2532 quomodo
1071 2475 1163 2515 rerum
1186 2455 1308 2513 omnium
1330 2453 1489 2511 vicissitudo
1512 2454 1568 2507 estl
1585 2453 1614 2506 ιιι
1639 2449 1710 2507 bello

909 2563 961 2620 pax
976 2548 1066 2614 uobis,
1081 2547 1109 2601 in
1125 2561 1191 2617 pace
1206 2543 1321 2600 bellum.
1337 2545 1366 2597 ln
1384 2558 1451 2613 pace
1465 2540 1619 2595 amaritudo
1633 2554 1710 2592 arna·

910 2637 1031 2704 rissima3
1046 2635 1095 2693 sed
1111 2635 1190 2690 nobis
1205 2633 1251 2706 qui
1265 2631 1379 2705 obligati
1392 2646 1487 2686 sumus
1502 2629 1594 2684 mundi
1610 2627 1644 2682 ad
1660 2644 1710 2682 ne-

909 2726 992 2799 gotia,
1010 2741 1079 2798 quos
1093 2723 1220 2796 Egyptia
1235 2722 1281 2776 illa
1297 2719 1464 2794 prelationis
1477 2716 1614 2773 involutos
1628 2715 1710 2788 pallio

910 2822 995 2882 tenet,
1019 2819 1047 2870 et
1069 2811 1230 2885 providendi
1246 2809 1354 2866 caeteris
1380 2806 1543 2864 necessitate
1565 2804 1708 2866 astrictos3

910 2903 956 2974 qni
975 2900 1106 2958 animales
1125 2902 1213 2956 adhuc
1232 2915 1334 2963 sumus,
1352 2896 1476 2969 qualibus
1495 2894 1614 2966 loquitur
1633 2896 1707 2965 Apo·

67 2980 122 3050 qnid
147 2982 283 3054 intervalli
303 2982 385 3041 185
401 2984 473 3040 iutcr
496 2988 568 3044 bunc
583 2996 610 3043 et
631 2989 706 3046 illum
729 2993 853 3050 obvenit!
872 2980 894 3059 B
910 2991 994 3047 stolus
1016 3009 1023 3045 ι
1050 2992 1145 3048 Oruuis
1166 2992 1265 3045 auimo
1286 2986 1471 3060 potestatibus
1495 2983 1706 3040 sublimioribus

68 3076 176 3140 quantus
193 3070 365 3127 saecularium
381 3073 490 3130 irruens
506 3077 586 3133 turbo
599 3078 796 3136 calumniarum
811 3096 857 3137 ca·
910 3079 1024 3137 subdito
1047 3082 1085 3136 stt
1110 3080 1200 3148 (doru.
1217 3093 1274 3142 xrrr,
1292 3075 1329 3147 ι).
1349 3075 1402 3144 Qui
1423 3079 1520 3130 cutem
1543 3071 1705 3145 spiritualis

69 3159 159 3214 lamnm
174 3160 296 3216 excussit
310 3162 442 3234 adigitis,
459 3164 617 3238 pariterque
633 3183 742 3224 manum
758 3179 785 3226 et
799 3171 856 3226 ani·
910 3174 962 3234 est,
978 3169 1037 3241 ipse
1052 3166 1192 3240 dijudicat
1208 3165 1316 3231 omuto,
1327 3168 1355 3222 ιι
1370 3180 1387 3217 o
1402 3163 1514 3221 nemine
1529 3161 1707 3232 dijudicetur

71 3263 133 3302 num
148 3247 233 3320 longe
248 3249 365 3321 abripuit
384 3265 401 3303 a
417 3251 544 3308 material
563 3254 629 3309 Veni
645 3272 707 3312 vere
720 3257 749 3312 iu
762 3257 856 3315 altitu·
911 3258 936 3328 (ι
950 3259 1012 3315 Cor.
1027 3273 1059 3322 tr,
1075 3260 1131 3328 15).

72 3335 151 3390 dinem
174 3337 269 3406 maris,
285 3345 312 3393 et
336 3346 485 3411 tempestas
508 3341 635 3399 demersit
660 3362 713 3401 me.
730 3346 854 3414 Quando,
947 3349 973 3402 3.
990 3345 1044 3400 Sed
1065 3360 1195 3417 quorsum
1217 3342 1288 3398 ista?
1303 3341 1345 3397 bn
1369 3350 1399 3396 ut
1419 3338 1552 3411 AEgyptire
1575 3338 1603 3392 in
1623 3352 1705 3392 manu

10 3456 13 3499 l
73 3425 132 3480 bone
150 3427 226 3496 teau,
250 3427 353 3483 salvum
383 3445 427 3485 me
450 3428 567 3485 faciesa
590 3439 749 3504 tempestate
774 3454 781 3489 :
807 3437 858 3492 etsi
911 3432 1030 3504 suseepti
1052 3432 1172 3486 muneris
1190 3429 1297 3500 pallium
1319 3427 1475 3498 relinquas?
1490 3423 1648 3494 Relinquas,
1663 3426 1705 3476 ιιι-

10 3524 13 3537 ·
74 3513 212 3570 nonduma
236 3524 409 3588 tempestate,
425 3518 553 3575 ειιιιιιιιι
574 3522 685 3591 spiritus
712 3523 856 3594 pusillani-
911 3538 1004 3593 quam,
1019 3531 1047 3575 ιι
1071 3518 1192 3590 refugias
1214 3533 1275 3572 curn
1298 3515 1398 3584 Josepb
1422 3511 1499 3584 quasi
1522 3509 1704 3583 periculosum

74 3599 289 3661 nitatetcreseit
304 3612 331 3660 ιι
340 3605 518 3663 increbrescit
529 3608 649 3681 undique
662 3618 819 3683 terripestas,
830 3623 857 3670 ιι
912 3609 989 3678 (Gen.
1004 3623 1107 3673 xxxix,
1123 3607 1179 3678 ιι);
1191 3605 1234 3662 ιιι
1245 3620 1306 3660 cunr
1316 3602 1402 3658 David
1417 3601 1538 3673 deponas
1552 3597 1629 3672 quasi
1638 3613 1705 3654 one—

73 3705 115 3762 ego
124 3690 222 3763 pusillo
237 3710 296 3748 snm
312 3694 418 3764 spiritu,
435 3702 462 3750 et
477 3705 592 3767 augusto
606 3698 697 3754 animo
709 3717 715 3752 :
729 3716 780 3758 nec
794 3719 857 3772 pos·
912 3712 1002 3754 rosum
1026 3697 1064 3768 (ιι
1083 3698 1149 3767 fleg.
1163 3710 1207 3766 vr,
1223 3694 1332 3763 ιιιιι).
1346 3689 1471 3763 Denique
1495 3696 1525 3744 ut
1546 3687 1705 3760 frequenter

72 3794 121 3834 sum
134 3782 271 3837 turbinum
290 3783 416 3852 impetus,
433 3793 461 3839 et
480 3793 621 3843 ventorum
641 3788 743 3844 rabiem
763 3791 854 3846 medi·
909 3786 1053 3858 expeditus
1072 3799 1134 3840 sese
1152 3783 1232 3838 daret
1252 3782 1282 3836 in
1302 3780 1410 3844 saltum,
1426 3785 1524 3834 exutus
1546 3783 1574 3833 ιι
1588 3775 1706 3832 nudatus

72 3868 188 3925 rationum
211 3885 277 3925 aura
292 3872 478 3943 tranquillare.
497 3873 558 3929 Non
582 3890 694 3945 possum
713 3876 741 3930 in
765 3879 856 3935 cordis
909 3883 953 3930 est
966 3889 1019 3947 quo
1035 3873 1178 3947 tegebatur
1192 3870 1283 3944 pallio.
1296 3867 1403 3926 Sufficit
1416 3865 1488 3924 enirn
1503 3866 1610 3937 corpori
1627 3863 1707 3937 pigri-

10 3956 12 3965 '
70 3957 114 4013 mei
135 3969 243 4014 cratere
267 3958 424 4016 forensibus
447 3961 540 4033 litigiis
559 3963 724 4034 spiritualem
741 3966 855 4023 miseere
909 3963 945 4017 tia
959 3979 1019 4028 sua,
1036 3971 1064 4018 et
1085 3960 1151 4016 illud
1171 3960 1283 4032 propria
1305 3957 1371 4015 satis
1390 3955 1580 4029 ponderositas
1598 3960 1705 4029 gravat.

10 4072 12 4085 ι
69 4043 186 4103 butam.
205 4050 431 4120 Coaequatctum
444 4055 486 4105 est
501 4056 638 4120 stratum,
653 4053 722 4109 sicut
737 4055 775 4108 ait
789 4072 854 4126 pro·
909 4051 1035 4125 Nunquid
1055 4049 1174 4120 suscepti
1189 4048 1312 4105 muneris
1330 4057 1358 4104 te
1379 4063 1487 4120 qnoque
1501 4043 1634 4103 velamine
1649 4059 1704 4099 nu·

68 4135 233 4202 pheretrum
244 4136 607 4212 otterdectdat,etpcllium
617 4140 855 4218 breueutrumque
909 4140 975 4195 dare
993 4139 1074 4197 volo?
1088 4141 1124 4195 lt
1138 4138 1166 4193 id
1180 4146 1277 4195 contra
1292 4136 1469 4210 propositum.
1486 4134 1649 4204 Suseeptum
1664 4137 1707 4187 est

67 4224 341 4298 operireuoupotcst
361 4228 616 4300 (lassavitque).
637 4230 854 4290 Sanctnstaeob
909 4229 982 4284 enim
1005 4229 1169 4299 persuadere
1193 4227 1241 4282 tibi
1264 4242 1299 4282 ne
1324 4242 1393 4281 onus
1419 4223 1533 4293 abjicias
1557 4219 1704 4293 pastorale,

66 4309 159 4365 ιιιιιιιιι
182 4328 297 4368 uxorum
324 4315 445 4369 mutabat
468 4316 618 4388 aurplerrus,
645 4326 673 4373 ιι
699 4321 745 4391 qui
773 4322 854 4376 simul
870 4292 893 4369 n
909 4317 982 4387 quod
1003 4323 1030 4371 et
1050 4316 1101 4371 rite
1120 4313 1236 4382 subiisti,
1250 4321 1278 4369 et
1296 4312 1400 4368 ratione
1421 4310 1565 4369 commoda
1587 4307 1703 4364 admini-

65 4408 200 4473 utramque
225 4409 317 4458 tenere
331 4418 387 4457 nou
403 4410 519 4473 poterat,
535 4404 569 4458 ab
584 4406 664 4460 unius
685 4408 810 4464 thalamis
825 4410 853 4464 ιιι
908 4411 977 4460 stras
994 4420 1000 4458 :
1017 4420 1079 4461 uam
1101 4419 1164 4459 cum
1188 4402 1216 4457 id
1238 4418 1334 4473 parum
1353 4417 1387 4456 ex
1410 4409 1473 4456 voto
1492 4398 1656 4469 susceperis,
1671 4396 1703 4451 li·

63 4487 167 4544 alterius
179 4490 241 4560 jura
260 4489 370 4547 difficile
385 4491 531 4558 transibat;
548 4492 612 4549 felix
624 4511 673 4551 suo
689 4498 767 4567 plane
781 4498 854 4567 judi·
908 4494 976 4549 bens
994 4507 1105 4564 semper
1117 4489 1246 4554 amoliris,
1262 4489 1305 4545 vel
1320 4488 1434 4560 periculi
1448 4495 1532 4554 metu,
1547 4486 1589 4543 vel
1604 4484 1704 4557 quietis

63 4576 109 4641 cio,
124 4578 147 4632 si
168 4578 253 4635 solius
266 4579 393 4635 Rachelis
415 4588 487 4636 totus
501 4581 527 4637 in
550 4584 749 4654 possessionem
768 4586 852 4643 cede·
907 4584 1030 4639 obtentu.
1048 4579 1203 4637 Verendum
1217 4586 1308 4632 aulem
1323 4584 1382 4632 crat
1395 4575 1435 4632 sic
1450 4575 1561 4641 affecto,
1576 4591 1621 4642 ne,
1637 4573 1703 4629 dum

62 4667 108 4720 ret
137 4666 246 4723 Poterat
272 4668 429 4724 occalluisse
457 4670 564 4726 animm
591 4679 683 4727 noster
716 4672 853 4746 frequenti
907 4673 1026 4748 quodam
1045 4685 1123 4725 mens
1141 4668 1169 4722 in
1188 4663 1307 4739 pendulo
1321 4665 1443 4734 fluctuat,
1460 4663 1486 4718 iu
1505 4662 1702 4719 administran-

62 4754 136 4807 tritus
155 4755 267 4827 injuria,
291 4764 318 4811 ct
342 4774 392 4813 usu
415 4757 474 4830 ipso
499 4768 593 4815 contra
617 4760 732 4817 adversa
758 4763 852 4820 durior
906 4763 949 4819 dis
963 4759 1064 4833 aliquid
1082 4757 1197 4829 obrepat
1212 4753 1336 4810 ineuriae.
1352 4753 1405 4810 Sed
1421 4754 1561 4828 quomodo
1576 4752 1624 4809 tibi
1638 4769 1702 4825 per·

60 4841 143 4897 reddi.
156 4843 188 4900 lit
201 4843 313 4915 quidem
331 4843 492 4917 frequenter
515 4848 539 4902 ei
554 4848 640 4904 callus
654 4851 807 4920 obducitur,
823 4863 850 4909 et
906 4849 1023 4908 suadere
1036 4846 1165 4912 conabor,
1183 4843 1256 4917 quod
1268 4843 1326 4914 jam
1341 4842 1407 4899 mibi
1427 4842 1484 4898 fere
1500 4841 1633 4899 dissuasit
1648 4841 1702 4897 Sed

58 4931 244 5003 ingruentibus
258 4932 373 4989 duratur
388 4934 551 4992 adversistl
567 4939 672 5010 quoties
689 4940 793 4996 lirmurn
809 4959 851 4998 me
906 4941 987 5014 louge
1008 4934 1146 4992 dissimilis
1166 4933 1244 4991 ratio,
1260 4932 1384 5006 Denique
1406 4931 1549 5003 imperitus
1566 4945 1618 5004 ego
1633 4929 1701 4985 arti·

56 5030 149 5092 reputo
163 5023 199 5077 ad
213 5022 309 5077 mundi
327 5023 509 5093 perferendos
525 5027 658 5086 turbines!
677 5045 727 5084 rrec
740 5039 782 5085 est
795 5031 850 5099 jam
906 5030 949 5082 fex
964 5027 991 5081 in
1006 5022 1107 5080 difficili
1128 5023 1216 5079 habeo
1235 5021 1334 5077 sudare
1350 5020 1476 5087 materia;
1494 5020 1541 5075 tibi
1556 5020 1590 5075 ad
1608 5025 1701 5086 votum

54 5112 125 5183 quod
149 5110 313 5168 delitescere
327 5113 423 5178 velim;
442 5123 470 5169 et
492 5115 561 5171 sicut
578 5117 715 5184 scribitur,
730 5120 850 5176 abscon·
905 5122 1069 5174 concurrunt
1083 5111 1183 5178 omnia,
1199 5118 1226 5166 et
1240 5126 1272 5166 ex
1288 5109 1424 5165 sententia
1440 5108 1617 5180 respondent.

52 5203 116 5258 ‹lere
131 5218 175 5258 me
188 5218 205 5256 a
219 5211 312 5272 vento,
323 5211 351 5259 et
366 5221 380 5258 a
395 5211 555 5276 tempestate
570 5206 660 5263 celare
675 5209 740 5276 (fac.
757 5226 849 5275 saxu,
942 5209 968 5262 t.
985 5201 1162 5259 Dissimulare
1182 5213 1238 5254 non
1255 5205 1334 5269 potes
1357 5196 1431 5269 quod
1453 5212 1545 5252 rerum
1564 5194 1702 5250 evidentia

52 5296 87 5363 t).
103 5295 140 5345 At
154 5293 178 5347 si
203 5293 312 5364 quando
332 5293 403 5348 iuter
427 5293 520 5348 molles
544 5294 669 5351 ftacbelis
692 5313 769 5352 mens
791 5299 849 5354 len·
906 5296 1014 5353 clamat.
1042 5287 1126 5346 186
1150 5286 1290 5342 Exteriore
1313 5285 1336 5340 si
1361 5285 1501 5357 respicias,
1516 5295 1544 5341 01
1559 5283 1659 5356 afflbht
1675 5293 1703 5341 θῑ

50 5379 124 5436 tescit
140 5379 297 5452 amplexus,
322 5381 428 5436 solitam
453 5382 544 5436 statim
562 5384 685 5438 remittor
704 5385 730 5438 in
746 5385 849 5440 teneri·
907 5391 963 5438 tuta
978 5387 1041 5436 sunt
1058 5396 1063 5431 :
1081 5374 1152 5431 nulla
1175 5381 1202 5428 te
1219 5373 1245 5427 in
1270 5372 1323 5427 illis
1341 5379 1462 5429 coarctat
1481 5372 1588 5444 inopia;
1603 5373 1652 5429 sed
1667 5389 1702 5432 ne

48 5468 183 5534 tudinem,
213 5474 242 5524 et
268 5467 304 5524 ad
330 5467 516 5526 sufferentiam
545 5471 747 5530 tribulationum
775 5473 849 5529 rudis
904 5469 1007 5542 injuria
1025 5464 1134 5542 quidem
1153 5460 1297 5536 inquietat.
1312 5460 1400 5519 Locus
1421 5470 1545 5519 secretus
1565 5470 1593 5520 et
1606 5462 1700 5522 eonsi-
