3706 5962
110 110 157 172 tlt
381 111 389 127 '
676 166 679 170 .
724 115 757 175 tlt
774 112 913 176 astuta
930 111 1041 180 iiiito
1059 118 1152 180 xttl.

108 235 231 295 etimne
249 244 345 305 emta,
360 237 454 296 dilecti
476 238 590 297 libarius
608 246 700 312 captat
722 255 821 313 sponsa
833 240 911 297 lavo·
930 254 954 333 fl

108 341 176 381 rern.
192 325 398 400 imaginatione
418 326 496 401 quasi
515 327 651 385 velamine
675 335 783 385 tenetur
803 328 912 397 intelle·

109 422 176 477 ctus,
188 430 226 470 ne
240 413 381 471 sinceram
397 416 598 493 contempletur
610 416 763 474 veritatem.
775 417 913 473 lionorum

108 510 133 558 et
155 502 329 578 dignitatum
353 505 471 562 allectus
485 505 641 563 obvolvitur
663 505 755 577 pallio,
771 522 806 561 ne
828 505 913 562 libere

106 578 206 666 pergat
225 591 256 648 in
281 608 316 648 ea
330 610 393 666 quae
416 593 467 650 Dei
481 601 555 650 sunt.
576 594 735 652 Sollicitudo
758 611 869 652 omnem
885 594 912 649 in

106 679 199 736 anima
213 679 339 738 lmtitiam
358 681 510 748 obnubilat,
526 683 686 757 imaginatio
706 685 844 750 obscurat,
859 684 912 739 bo·

105 784 155 825 nor
168 776 275 827 tentat.
291 772 323 826 ln
337 771 428 843 primo
444 773 574 838 tenebrae,
586 771 613 828 in
630 774 751 830 seeundo
764 773 910 841 illecebrae,

95 859 130 915 in
143 857 233 915 tertio
247 857 338 916 labor.
354 861 385 914 ln
404 860 492 932 primo
504 861 607 935 caligo,
623 861 650 917 in
670 847 792 918 secundo
806 861 911 932 cupidi-

104 956 154 1011 tas,
166 946 198 1002 in
208 947 292 1005 tertio
301 965 378 1006 cura.
394 949 528 1007 ratartm
539 950 664 1022 pallium
678 967 773 1007 murm
783 951 911 1008 custodes

104 1051 271 1093 marorum.
282 1036 349 1093 Boni
363 1038 508 1093 custodes:
525 1038 597 1095 bene
611 1045 711 1095 norunt
726 1039 769 1095 cui
783 1055 910 1095 curarum

103 1125 308 1197 impedimenta
331 1127 436 1194 tollant,
461 1143 543 1199 quam
562 1139 714 1186 exonerent
738 1129 867 1198 animam,
883 1138 910 1185 et

104 1213 139 1268 m
156 1197 426 1272 mrrmnuum'eum
440 1216 540 1273 aiteio
559 1234 608 1273 suo
624 1219 740 1275 redeant
754 1218 909 1290 expeditam

104 1301 139 1357 ad
155 1303 353 1360 delectandum
369 1314 397 1360 et
410 1305 446 1360 ad
460 1306 647 1378 querendum.
664 1308 733 1362 Nam
752 1306 910 1380 frequenter

104 1391 236 1459 elabitur,
252 1408 305 1449 nec
320 1394 406 1466 quaeri
417 1403 508 1466 potest
521 1395 573 1449 nisi
588 1396 715 1467 expedito
730 1396 840 1454 aflectu.
855 1399 908 1453 No·

103 1489 168 1536 mnt
183 1497 256 1555 ergo
274 1481 339 1539 boni
353 1484 482 1540 custodes
496 1484 541 1541 cui
559 1493 674 1557 parcant
687 1487 722 1542 ab
737 1486 867 1542 oneribus
880 1494 908 1544 et

1714 124 1768 187 242

1206 276 1283 335 168
1301 276 1417 336 stulto
1435 278 1529 336 XLVI.

968 393 1074 464 Adjaro
1087 410 1143 459 vos,
1152 395 1221 461 filice
1230 395 1430 458 ler·usclem,si
1440 396 1608 454 inveneritis
1618 399 1753 458 dilectum

967 447 1766 544 clanculietiseipuioomorelonpueo,etoldoctm.&l

1003 600 1029 651 l.
1049 596 1124 653 Ordo
1145 597 1320 654 conveniens.
1346 598 1410 652 Post
1431 597 1651 656 exhortationem
1673 600 1767 658 docto·

967 701 1038 751 rum,
1052 686 1205 740 orationum
1221 701 1237 740 a
1257 685 1395 741 sodalibus
1414 685 1544 759 suffragia
1559 687 1665 744 videtur
1685 703 1765 764 roga·

966 791 1012 838 re3
1024 789 1076 830 nec
1085 773 1243 847 simpliciter
1253 790 1362 847 rogare.
1374 775 1424 831 sed
1434 791 1496 831 cum
1507 776 1706 833 obsecrationis
1716 780 1766 836 ob-

965 863 1127 920 testatione:
1140 863 1315 935 Adjurovcs,
1328 865 1398 933 tiliae
1412 864 1765 931 vermescentium

966 952 1005 1007 tis
1014 951 1157 1019 dilectum,
1171 958 1203 1009 ut
1217 953 1401 1010 annuntietis
1409 953 1436 1010 ei
1446 956 1514 1026 prtia
1523 971 1619 1013 amoro
1634 956 1764 1029 toppum,

964 1039 1106 1110 adiuratio
1128 1041 1328 1097 vehementiam
1342 1041 1473 1112 precandi
1489 1041 1654 1100 manifestat.
1674 1037 1757 1100 Anxi‘

964 1136 1026 1185 vota
1041 1129 1098 1185 suis
1112 1129 1235 1186 nesciunt
1250 1145 1311 1185 esse
1321 1136 1448 1186 contenta
1459 1131 1563 1186 meritis
1574 1149 1580 1185 :
1593 1131 1655 1188 ideo
1665 1132 1760 1190 abenas

964 1216 1053 1288 precis
1070 1219 1229 1274 mendicant
1253 1218 1394 1293 suffragia.
1420 1219 1542 1276 Perfecta
1563 1219 1701 1277 humilitas
1726 1221 1762 1279 de

964 1305 1068 1361 meritis
1091 1322 1200 1379 semper
1218 1307 1313 1363 alienis
1335 1309 1484 1378 praesumit.
1509 1310 1614 1381 Adjaro
1636 1327 1693 1380 uos,
1718 1311 1759 1366 iu·

963 1394 1030 1466 quit,
1040 1396 1109 1465 pilia
1120 1397 1287 1467 Jerusalem,
1295 1396 1321 1452 si
1332 1397 1501 1454 inveneritis
1511 1396 1657 1455 dilectum.
1665 1399 1750 1455 Condi

963 1483 1000 1538 tio
1014 1483 1065 1539 ista
1079 1499 1133 1541 non
1148 1484 1297 1540 dubitantis
1311 1492 1361 1550 est,
1380 1484 1430 1540 sed
1454 1493 1700 1557 temperamentum
1716 1502 1760 1542 ro-

102 1570 249 1626 setionum
271 1571 405 1650 angustiis
425 1573 620 1646 molestiisque,
646 1584 675 1629 ut
704 1575 857 1647 expeditius
880 1575 908 1631 in
924 1591 946 1669 Β
962 1573 1052 1643 gantis
1073 1588 1128 1629 :ac
1141 1573 1164 1628 si
1177 1573 1259 1642 dicat,
1275 1574 1301 1629 ai
1316 1573 1503 1639 inveneritis5
1519 1575 1571 1630 hoc
1585 1582 1626 1631 est
1640 1590 1702 1631 cum
1717 1574 1758 1631 in·

101 1674 255 1715 occursum
277 1660 489 1734 amplexumque
512 1673 659 1735 properent
674 1663 761 1729 verbi,
782 1664 826 1721 cui
846 1664 903 1737 pal·
962 1661 1112 1716 veneritis:
1130 1660 1348 1717 conditionaliter
1372 1661 1519 1733 suspendo,
1536 1677 1590 1718 non
1615 1663 1758 1735 ambigens

102 1746 171 1803 linm
189 1749 415 1820 persuasionibus
427 1750 553 1806 aulerant
564 1751 630 1811 suis.
648 1752 722 1810 Exai
740 1769 793 1820 mc,
808 1753 905 1826 inquit,
962 1749 996 1804 de
1012 1748 1167 1807 inventione
1181 1759 1281 1815 vestra,
1297 1749 1347 1805 sed
1361 1749 1451 1823 magis
1464 1751 1610 1806 consulens
1624 1767 1758 1808 verecun-

105 1838 208 1895 taeter
222 1853 286 1894 meo
303 1841 399 1910 (cant.
416 1856 444 1905 v,
461 1842 497 1913 3).
961 1837 1023 1894 diae.
1047 1839 1116 1894 Nam
1139 1839 1190 1893 sub
1212 1837 1368 1894 conditione
1387 1838 1498 1909 ancipiti
1521 1840 1581 1895 baec
1603 1839 1681 1896 vobis
1705 1840 1759 1897 dici

139 1927 168 1979 8.
184 1925 243 1981 lioc
256 1927 367 1998 quidem
381 1927 409 1982 in
423 1928 614 1994 anterioribus,
627 1946 700 1986 nunc
714 1937 805 1987 autem
820 1930 904 1986 dicit:
960 1928 1157 1999 temperantius
1170 1927 1278 1996 auditis,
1296 1943 1379 2001 quam
1393 1927 1415 1981 si
1431 1927 1535 1984 dicatur
1550 1927 1674 2000 precise,
1690 1928 1759 1985 Cum

110 2013 249 2072 memet
256 2016 381 2088 pultium
389 2034 492 2075 meum.
506 2018 593 2074 Nudae
606 2027 634 2075 et
644 2036 719 2090 purae
734 2036 763 2074 sc
778 2019 906 2092 simplici·
961 2014 1127 2072 inveneritis.
1138 2016 1199 2073 Nou
1213 2025 1324 2072 veretur
1337 2031 1372 2072 ne
1381 2017 1569 2088 suspensivam
1585 2016 1757 2091 rogationem

104 2102 169 2157 tatis
184 2102 341 2168 innotescit,
357 2112 385 2160 et
398 2104 488 2163 libero
502 2105 602 2163 allecta
617 2107 643 2161 in
659 2107 761 2163 amoris
777 2109 904 2182 negotiis,
960 2103 994 2159 ad
1017 2104 1145 2174 injuriam
1169 2107 1278 2160 trabant
1295 2119 1301 2157 τ
1322 2105 1396 2161 novit
1420 2106 1616 2162 verecundiam
1639 2105 1756 2162 filiarum

110 2191 248 2249 ruenni
260 2192 386 2266 pdtium
404 2209 510 2262 meum,
527 2195 645 2267 quodam
660 2195 741 2252 modo
756 2196 879 2253 dicentes
897 2213 903 2252 ε

105 2277 177 2346 Quid
191 2280 349 2352 compedita
362 2280 436 2338 curis
449 2283 548 2354 quaems
561 2283 711 2341 dilectum?
724 2284 791 2357 quid
804 2285 863 2341 istis
878 2294 904 2342 tc

105 2368 248 2426 convolvis
257 2367 411 2426 molestiis?
423 2371 451 2425 Si
461 2387 515 2427 non
523 2373 634 2445 penitus
644 2372 758 2446 deponis
773 2373 903 2446 officium,

105 2471 155 2512 cur
182 2472 239 2514 non
263 2457 461 2516 sollicitudines
481 2461 516 2516 ad
539 2462 634 2518 horam
654 2461 750 2518 saltem
774 2463 905 2534 seponis?

104 2546 167 2601 Non
181 2545 368 2604 &incamus
381 2548 488 2617 studiis,
504 2550 553 2607 sed
568 2549 703 2606 instantiae
718 2549 842 2606 volumus
856 2551 903 2608 de·

71 2661 78 2669 ·
105 2634 206 2690 trabas.
223 2634 287 2693 Noli
301 2635 471 2692 nimietatem
486 2647 606 2710 quastus
625 2638 797 2695 necessitatis
818 2640 903 2697 verbo

959 2193 1121 2258 Jerusalem,
1141 2194 1215 2251 novit
1229 2194 1359 2250 humilem
1378 2193 1513 2265 spiritum,
1530 2202 1558 2250 et
1580 2194 1654 2268 quod
1676 2205 1756 2252 tene-

960 2297 1021 2336 rum
1034 2282 1167 2354 pudorem
1187 2284 1249 2355 plus
1271 2283 1384 2338 laederet
1397 2282 1511 2354 praecisa
1526 2282 1658 2352 definitio,
1673 2300 1756 2356 quam

959 2386 1090 2441 suspensa
1106 2370 1235 2426 conditio.
1261 2371 1300 2435 Si,
1322 2370 1419 2442 inquit,
1436 2373 1613 2428 inueneritis.
1634 2372 1715 2442 Dico,
1730 2373 1755 2427 ai

959 2459 1139 2522 inveneritis,
1158 2473 1211 2514 non
1226 2459 1298 2524 dico,
1314 2461 1393 2513 Cum·
1404 2458 1571 2514 inveneritis.
1588 2458 1657 2515 lllud
1680 2460 1753 2524 dico,

958 2547 1007 2602 sed
1027 2548 1098 2603 istud
1123 2548 1255 2620 intelligo.
1272 2547 1313 2602 De
1337 2563 1397 2603 meo
1423 2547 1524 2603 ellectu
1547 2547 1680 2604 dubitatio
1704 2548 1755 2603 ista

958 2651 1011 2692 non
1027 2637 1126 2709 prodit,
1143 2636 1192 2692 sed
1213 2635 1324 2691 allectui
1340 2644 1430 2693 vestro
1445 2644 1472 2692 et
1486 2636 1644 2692 humillime
1658 2637 1754 2692 existi—

103 2729 267 2793 praeteiere.
283 2723 355 2794 Quid
375 2725 476 2782 bonum
491 2725 519 2781 in
535 2735 561 2783 te
575 2726 643 2782 sinis
657 2726 796 2801 ingenium
813 2736 901 2785 terre-
958 2726 1068 2782 motioni
1082 2725 1117 2781 de
1134 2725 1212 2781 vobis
1227 2724 1292 2796 ipsis
1308 2740 1412 2780 morem
1426 2739 1504 2796 gero.
1523 2725 1553 2781 Si
1574 2723 1753 2797 inueneritis,

104 2810 146 2866 nis
166 2810 267 2868 obruit
290 2813 356 2886 quid
380 2813 440 2870 illos
461 2806 598 2871 aemularis
616 2815 673 2888 qui,
699 2816 726 2870 in
755 2817 903 2873 bonoribus
958 2815 1139 2871 bocestcum
1154 2813 1326 2883 inveneritis,
1342 2814 1590 2880 mementotemei,
1605 2829 1667 2869 cum
1683 2814 1754 2870 bene

104 2899 192 2971 positi,
205 2901 341 2972 jumentis
354 2911 557 2976 comparantur,
579 2905 695 2960 terrenis
712 2905 827 2973 inhiant,
845 2914 901 2962 ter·
957 2904 1035 2960 vobis
1048 2903 1148 2960 luerit:
1166 2911 1230 2958 tunc
1244 2909 1411 2958 mementote
1426 2902 1489 2969 mei,
1500 2910 1529 2957 ut
1543 2901 1709 2977 suggeratis,
1725 2911 1754 2959 ut

105 3002 169 3043 rena
179 2989 324 3057 mandunt,
340 2991 430 3047 studio
446 2991 593 3063 ruminant,
610 3001 706 3050 vorant
721 2994 833 3061 aiieotu,
850 3011 902 3067 po·
957 2991 1123 3049 annuntietis
1137 2992 1247 3048 dilecto.
1264 2992 1327 3047 Non
1341 2995 1450 3065 oportet
1464 2991 1492 3047 ia
1502 2992 1584 3062 hujus
1594 2990 1646 3049 loci
1661 2991 1753 3064 dispu-

102 3085 203 3132 nantur
216 3077 248 3132 in
263 3078 381 3149 sublimi,
404 3081 453 3137 sed
476 3081 632 3137 volutantur
647 3082 673 3137 in
688 3082 770 3139 limo?
784 3084 846 3140 Noli
861 3101 900 3139 ae-
956 3082 1057 3138 tatione
1067 3081 1168 3137 morari
1182 3095 1188 3134 :
1200 3080 1235 3136 ad
1251 3095 1340 3136 mores
1352 3087 1469 3148 vestros,
1484 3080 1652 3148 iratres,vos
1664 3080 1752 3137 mitto.

105 3165 199 3222 molari
223 3167 252 3221 in
274 3166 334 3224 istis
356 3169 578 3237 vehementibus3
604 3186 655 3227 nec
679 3171 809 3227 zelaveris
831 3174 902 3229 banc
991 3177 1017 3230 2.
1033 3170 1154 3227 llecolite
1182 3168 1300 3241 qualiter
1328 3169 1361 3223 ab
1390 3168 1518 3237 invicem,
1548 3184 1631 3241 quam
1659 3168 1753 3226 humili

104 3252 237 3312 acimaas
249 3257 430 3329 iniquitatem.
447 3260 488 3313 lln
504 3275 558 3314 non
574 3259 701 3332 iniquitas
716 3269 743 3315 ct
755 3261 899 3333 inaequali·
954 3259 1065 3323 aflectu,
1081 3262 1183 3330 quanta
1204 3266 1327 3313 votorum
1345 3256 1482 3321 instantia,
1508 3264 1534 3312 et
1556 3273 1620 3313 curn
1638 3259 1751 3329 adjura-

104 3351 143 3396 tas
156 3343 253 3410 multa,
273 3345 309 3400 ad
329 3345 482 3402 transitoria
501 3347 637 3403 intonsum
656 3349 816 3421 impendere
839 3351 898 3406 aui·
954 3345 1038 3414 tione,
1058 3345 1211 3402 orationum
1226 3344 1388 3402 mendicatis
1401 3344 1498 3400 solatia
1513 3360 1519 3397 :
1536 3360 1589 3400 non
1605 3345 1678 3416 quod
1693 3362 1751 3401 om·

104 3447 183 3498 mum,
199 3433 237 3488 ad
250 3441 357 3490 aterna
369 3435 530 3492 remissum?
545 3435 616 3505 Quid
632 3438 704 3510 quod
720 3452 775 3493 non
791 3455 900 3510 semper
953 3450 1002 3491 nes
1024 3433 1162 3490 auderetis
1185 3438 1277 3505 petere
1301 3432 1418 3486 nuntiari
1442 3433 1477 3487 de
1499 3431 1577 3487 vobis
1599 3432 1672 3503 quod
1692 3433 1752 3488 sitis

103 3518 246 3577 latendum
262 3523 399 3596 negotiis?
413 3523 483 3594 Quid
503 3525 574 3597 quod
595 3524 705 3599 quidam
720 3526 771 3580 sub
786 3526 898 3583 obtentu
953 3539 1045 3580 amore
1058 3523 1234 3595 languentes3
1249 3520 1333 3576 alium
1347 3520 1439 3577 soletis
1453 3519 1570 3576 invicem
1588 3519 1749 3594 languorem

103 3609 280 3679 mandente
297 3613 477 3679 necessitatis,
493 3622 521 3668 et
538 3617 573 3670 ab
588 3630 672 3687 opere
686 3630 825 3684 manuum,
841 3624 868 3672 et
882 3633 897 3672 a
953 3613 1106 3686 deplorare,
1122 3625 1176 3666 non
1196 3609 1306 3683 gloriari
1320 3609 1355 3665 de
1370 3609 1434 3665 isto.
1449 3607 1518 3665 Etsi
1535 3616 1624 3682 potest
1637 3609 1698 3682 quis
1713 3610 1748 3664 ad

102 3697 281 3756 meditatione
294 3715 328 3757 ac
348 3701 438 3757 studio
460 3703 613 3758 somtandae
627 3703 748 3759 veritatis
768 3716 897 3762 excusant
951 3704 1047 3758 horam
1064 3699 1186 3775 gloriari,
1205 3714 1260 3755 non
1279 3698 1388 3771 expedit
1411 3696 1531 3770 quidem,
1558 3713 1593 3755 ne
1607 3697 1677 3754 lorte
1698 3698 1749 3753 im-

101 3801 146 3851 ως
168 3788 233 3861 plns
247 3789 315 3844 dant
337 3791 515 3863 negotiationi
530 3806 613 3865 quam
631 3791 730 3864 quieti;
746 3793 806 3865 plus
821 3810 896 3850 scur-
951 3791 1080 3848 missione
1095 3789 1183 3844 inanis
1200 3788 1296 3862 glorie
1314 3787 1401 3861 gloria
1418 3796 1510 3842 vestra
1532 3787 1598 3842 nihil
1620 3787 1663 3842 sit.
1680 3786 1749 3843 Sunt

102 3873 189 3932 tilitati
204 3877 355 3933 verborum
378 3894 462 3951 quam
483 3880 630 3951 Scriptura
645 3896 731 3938 sacrae
745 3881 894 3949 collationi;
950 3887 1043 3935 tamen
1066 3877 1197 3944 nonnulli,
1222 3876 1268 3949 qui
1292 3884 1319 3932 et
1341 3874 1556 3933 conversationis
1584 3875 1694 3943 indicio,
1720 3885 1749 3933 et

100 3963 157 4033 plm
169 3964 229 4021 otio
242 3981 326 4041 quam
339 3967 436 4039 operi?
452 3968 576 4024 Fretmm
589 3968 714 4026 cilicinas
726 3970 896 4028 circumeunt
950 3969 1005 4025 oris
1029 3967 1129 4035 officio,
1150 3965 1233 4023 divini
1252 3965 1280 4022 in
1301 3981 1331 4022 se
1346 3966 1509 4039 languorem
1528 3965 1629 4021 amoris
1651 3966 1746 4023 occul-

101 4052 228 4123 stabas,
236 4053 335 4121 otiose,
346 4056 462 4124 curiose,
474 4058 601 4114 verbose.
612 4058 673 4115 Noli
684 4058 805 4115 aemulari
819 4059 846 4114 in
856 4061 895 4117 sic
949 4069 1008 4115 tare
1026 4073 1080 4113 non
1101 4064 1225 4129 possunt.
1252 4056 1392 4126 Concepta
1413 4063 1478 4112 vote
1499 4068 1554 4109 non
1575 4061 1667 4125 potest
1690 4070 1745 4110 non

101 4141 311 4215 mgotiantibns,
337 4144 432 4200 necin
457 4145 498 4202 sia
519 4145 677 4201 otiantibus.
695 4147 767 4214 Otia,
783 4149 825 4204 vel
842 4150 894 4204 ob-
948 4146 1094 4219 aliquando
1118 4145 1234 4201 amantis
1258 4159 1289 4200 os
1310 4142 1456 4216 parturire:
1480 4143 1551 4196 Nam
1573 4142 1608 4197 ad
1631 4140 1745 4198 aliomm

100 4228 158 4294 lata,
174 4230 220 4288 vel
243 4239 351 4304 putata,
366 4232 394 4288 in
408 4250 487 4289 usum
501 4235 611 4299 amoris,
628 4235 654 4289 in
678 4236 818 4308 sapientise
832 4255 893 4295 me-
950 4235 1164 4294 consolationem
1181 4233 1297 4291 verbum
1315 4231 1433 4289 latenter
1453 4229 1528 4287 elicit
1543 4230 1654 4303 spiritus
1675 4230 1745 4288 inte·

99 4317 268 4387 ditationem,
285 4321 312 4375 in
326 4320 419 4377 dilecti
432 4321 475 4378 vel
490 4324 629 4395 quaerendi
647 4324 776 4390 studium,
793 4327 835 4381 vel
852 4327 894 4382 in·
949 4325 1022 4381 riora
1039 4323 1155 4396 replens,
1176 4320 1272 4377 inlusae
1291 4320 1385 4393 gratiae
1404 4319 1511 4393 copiam
1529 4327 1643 4375 eructat.
1662 4320 1746 4376 Deni-

99 4407 167 4462 ranti
191 4407 366 4481 eomplexum
391 4421 446 4467 tota
470 4421 607 4468 converte.
634 4413 679 4468 llis
697 4421 725 4469 et
740 4415 893 4485 hujusmodi
948 4430 1002 4486 que
1017 4413 1086 4469 etin
1101 4408 1228 4467 hocloco
1243 4422 1413 4481 sponsanon
1426 4407 1554 4479 loquitur,
1566 4406 1615 4463 sed
1630 4406 1745 4480 Spiritus

99 4494 276 4553 lenimentis
289 4497 410 4555 tulerunt
425 4499 536 4571 pallium
553 4517 645 4557 meum
657 4502 785 4557 custodes
798 4519 893 4560 muro-
947 4502 1049 4575 estqui
1068 4499 1186 4572 loquitur
1200 4498 1228 4551 in
1242 4497 1298 4551 illa.
1318 4496 1346 4550 ln
1361 4494 1551 4550 collationibus
1564 4494 1667 4551 sanctis
1681 4511 1744 4551 sus-

99 4598 164 4639 sum.
178 4586 317 4643 custodes
330 4587 374 4643 isti
392 4596 455 4643 sunt
470 4589 504 4644 dc
519 4589 619 4660 quibus
634 4589 671 4644 ait
683 4590 766 4645 lsaias
783 4606 789 4645 :
806 4593 895 4664 Super
947 4591 1025 4664 piria,
1042 4587 1179 4661 singultus
1192 4586 1226 4641 de
1242 4583 1304 4638 imis
1318 4584 1486 4656 prodeuntes
1500 4583 1668 4655 precordiis,
1680 4601 1744 4643 cre-

99 4686 191 4730 mares
201 4675 361 4732 imaum
371 4678 500 4735 custodes
510 4679 661 4748 constitui,
671 4683 731 4736 toto
740 4680 784 4736 dic
794 4686 823 4737 at
833 4687 894 4738 toto
947 4679 990 4735 bri
998 4677 1126 4752 gemitus,
1142 4690 1233 4731 nonne
1247 4680 1311 4728 suut
1330 4673 1457 4747 quasdam
1471 4673 1655 4732 eructationes
1668 4674 1746 4749 spiri-

99 4765 176 4820 scere
189 4779 249 4820 non
270 4763 406 4821 tacebunt
420 4767 488 4839 (leo.
504 4782 572 4835 axrr,
588 4767 626 4838 6).
648 4768 702 4824 Sed
718 4784 768 4825 nos
780 4769 837 4840 jam
849 4769 893 4827 bia
947 4777 990 4825 tus
1004 4775 1032 4823 et
1049 4773 1189 4837 concepta
1207 4761 1323 4838 gratiael
1336 4761 1447 4818 Talibus
1470 4762 1577 4820 indiciis
1600 4779 1691 4822 nonne
1714 4781 1744 4821 se

98 4854 253 4919 intumum
270 4859 410 4920 meamus
423 4870 440 4909 a
455 4870 582 4913 sermone
607 4858 667 4922 lroo,
689 4857 842 4914 orationum
866 4867 894 4914 et
946 4856 1037 4933 prodit
1049 4855 1167 4928 languor
1180 4852 1299 4908 amoris?
1313 4852 1374 4908 Non
1388 4859 1429 4908 est
1446 4853 1599 4909 occultatus
1617 4853 1742 4927 languor,

95 4934 204 4995 laudum
232 4940 327 4996 debita
354 4942 503 5013 solventes,
528 4960 576 5000 ore
600 4944 745 5018 aliquando
774 4947 890 5014 tacituri,
946 4946 1056 5020 quando
1078 4942 1196 5018 gemitus
1214 4957 1269 4998 non
1294 4948 1336 4997 est
1358 4941 1543 4997 absconditus.
1560 4942 1619 5013 lpse
1634 4957 1664 4997 se
1678 4955 1745 5011 pro·

95 5027 184 5084 animo
196 5043 311 5102 semper
325 5045 355 5086 re
367 5031 473 5088 tdentes
493 5032 627 5089 solemnia
645 5033 755 5091 laudum
776 5036 892 5093 Domino
946 5035 986 5091 dit
1007 5035 1134 5106 languor,
1155 5048 1218 5087 cum
1235 5033 1294 5087 baec
1313 5028 1439 5102 producit
1460 5029 1578 5086 indicia:
1585 5028 1657 5098 Quid
1675 5043 1743 5103 ergo

93 5114 153 5173 lesu
169 5116 229 5192 regi
244 5126 273 5174 et
286 5135 388 5189 sponso
410 5121 516 5177 coelesti
530 5138 580 5195 por
599 5121 704 5179 infinita
719 5125 818 5181 saecula
841 5143 892 5182 see·
945 5131 1075 5198 percepta
1090 5121 1187 5194 signa?
1203 5134 1295 5175 nonne
1313 5117 1462 5191 quamdam
1477 5115 1665 5173 admirationis
1679 5117 1744 5175 vina

93 5206 225 5263 talorum.
240 5208 341 5264 Arnen.
946 5214 1056 5279 hahent,
1082 5220 1110 5266 ut
1128 5207 1236 5280 eosqui
1260 5208 1317 5262 haec
1335 5205 1553 5277 deprehendunt,
1569 5206 1603 5260 ad
1623 5222 1743 5282 congra-

945 5300 1083 5359 tulationis
1114 5303 1291 5371 permoveant
1324 5292 1473 5350 allectum?
1505 5293 1619 5351 Etiamsi
1651 5313 1743 5354 sermo

944 5392 1031 5458 sileat,
1060 5384 1275 5445 conversationis
1302 5383 1354 5457 piae
1382 5383 1512 5441 sanctitas
1541 5394 1630 5463 rogat.
1661 5387 1742 5445 Com-
