3706 5962
95 209 167 270 tato
647 208 745 270 attan
762 209 806 270 bit
824 209 914 273 nono
927 206 1013 271 BENE
1032 203 1181 267 lwttltnl.
1684 206 1748 270 lton

94 336 304 396 mucorem
333 334 447 400 mortis,
477 332 522 390 ltu
543 350 594 407 per
614 337 765 409 justitium
792 339 891 396 christi
906 352 930 431 g
943 337 1055 393 oendcm
1069 334 1322 407 etnpporobomtte
1334 334 1438 405 {eciem
1453 336 1567 392 Domini
1581 337 1673 406 (Paul.
1691 351 1749 404 nst,

94 440 192 486 omnes
215 423 344 484 bomioes
361 426 393 480 ist
406 423 643 494 justificationes
665 425 734 482 oiloe
755 426 846 498 (Rom.
861 442 889 495 ι,
949 426 988 494 3).
1003 423 1072 480 llere
1095 422 1186 479 anima
1201 431 1246 478 tua
1259 423 1346 479 Deum
1362 422 1419 478 sitit
1433 424 1457 479 si
1471 437 1533 480 enm
1556 427 1751 496 superomnia

97 519 143 583 lt,
159 513 215 588 l8).
231 515 265 570 Et
275 513 374 570 iterum
387 526 394 566 ι
405 511 672 568 Sicutinobedientia
682 514 762 586 primi
778 515 896 587 parentis
950 514 1047 587 diligit.
1064 512 1132 569 Vere
1146 510 1235 568 anima
1249 522 1294 568 tua
1308 511 1395 568 Deum
1409 511 1472 577 sitit,
1488 511 1512 569 si
1531 528 1581 585 pro
1596 528 1694 570 amore
1717 515 1751 570 il-

97 603 239 680 generevit
266 609 391 667 mortem,
407 603 443 657 ita
462 600 616 657 obedientia
635 603 736 659 Christi
758 604 897 677 genemvit
951 601 1002 659 lius
1020 600 1134 670 despicit
1152 600 1243 658 omnia
1262 608 1377 657 tertona.
1397 601 1467 657 Vere
1490 600 1580 657 anima
1599 608 1648 658 tna
1667 602 1753 659 Deum

99 693 181 752 sitam
195 693 223 764 (l
244 692 307 749 dor.
331 706 380 757 xv,
399 692 456 760 22).
480 689 573 761 lgitur,
589 705 668 748 soror
682 691 788 759 dilecta,
802 693 825 748 si
847 708 897 765 pro
951 691 1019 760 sitit,
1033 691 1055 747 si
1070 706 1133 747 eam
1147 689 1175 745 in
1195 690 1305 746 dextera
1328 689 1416 747 Patris
1438 699 1597 761 regnantem
1618 692 1753 764 concupi-

100 782 207 841 Christo
221 778 307 837 fueris
328 779 457 835 obediens
480 777 534 834 tuis
553 778 683 852 prelatis,
707 797 769 838 cum
793 782 898 839 Christo
951 778 1011 836 scit.
1025 778 1113 834 Etiam
1138 776 1211 833 idem
1244 777 1373 848 propheta
1401 791 1451 833 nos
1474 776 1614 848 admonet,
1646 778 1753 843 dicens,

100 869 229 945 regnabis
242 869 269 923 in
279 867 366 925 coelis.
383 868 483 924 Contra
496 876 610 925 matrem
621 875 705 936 tuam,
713 870 742 925 id
756 878 799 927 est
812 873 898 928 abba·
955 868 1077 936 Quemne
1089 867 1240 926 Dominum
1250 870 1278 924 et
1289 866 1640 938 confortemini‘pnoerite
1649 869 1753 939 sociem

102 960 195 1018 lissam
208 956 252 1016 tel
266 956 436 1028 priorissam,
448 971 585 1028 nunquam
599 957 709 1014 verbum
724 960 900 1031 asperumdi·
953 959 1131 1029 ojtttscmper
1143 956 1231 1027 (Ptol.
1247 970 1304 1024 ott,
1320 954 1362 1026 l);
1378 954 1404 1009 id
1419 962 1461 1010 est
1478 954 1507 1010 in
1528 957 1715 1028 prosperitate
1728 968 1756 1013 et

102 1064 159 1106 cas.
176 1045 294 1104 Prtelatis
307 1046 361 1100 tuis
380 1059 518 1114 nunquam
538 1045 646 1102 rebellis
665 1046 775 1117 existas,
791 1064 900 1121 praepo·
953 1044 1131 1117 augustinia
1160 1052 1315 1116 paupertate
1337 1051 1364 1098 et
1389 1042 1563 1112 abundantia,
1580 1044 1608 1098 in
1638 1043 1758 1100 infirmi-

104 1136 163 1194 sitit
177 1136 228 1190 tuis
238 1134 266 1188 in
279 1131 353 1188 nulla
367 1147 448 1189 censa
465 1132 645 1190 contradicas.
661 1134 797 1192 venerare
811 1145 901 1193 antem
954 1141 1007 1191 tate
1020 1141 1047 1189 et
1065 1134 1093 1188 in
1106 1132 1227 1199 sanitate,
1242 1132 1270 1187 in
1288 1133 1427 1202 juventate
1441 1141 1468 1186 et
1484 1131 1512 1186 in
1525 1140 1687 1189 senectute.
1703 1134 1758 1190 De

105 1222 228 1280 homines
243 1219 362 1276 melioris
371 1219 502 1287 scientie,
513 1235 547 1277 ae
560 1221 679 1279 melioris
688 1223 902 1282 vitae.Venerare
955 1222 1052 1279 bsmns
1063 1222 1149 1278 Deum
1163 1236 1285 1294 quaerere
1299 1229 1356 1276 tota
1365 1229 1464 1287 mente,
1480 1228 1535 1276 tota
1548 1220 1716 1290 intentione,
1733 1231 1760 1279 nt

106 1325 324 1383 unumquemque
339 1308 479 1364 bominem
492 1325 542 1381 pro
557 1325 613 1366 sttae
632 1312 726 1368 merito
742 1313 900 1370 sanctitatis.
955 1312 991 1368 ab
1005 1326 1038 1368 eo
1051 1326 1201 1367 mereamur
1215 1309 1369 1368 confirmari
1383 1309 1411 1364 ln
1428 1317 1520 1366 sancta
1533 1312 1759 1376 conversatione,

103 1398 200 1470 Maiori
213 1396 312 1472 gradui
326 1397 503 1454 reverentiam
519 1397 606 1454 tribue
628 1407 836 1471 competentem.
853 1402 902 1458 Se·
955 1405 1022 1457 etat
1036 1398 1109 1456 illum
1123 1412 1275 1454 mereamur
1288 1396 1409 1453 invenire
1423 1412 1455 1452 ae
1476 1397 1569 1453 videro
1593 1397 1624 1453 in
1653 1399 1761 1455 eoelesti

105 1489 223 1547 cundum
245 1485 405 1560 dignitatem
420 1485 566 1558 unicuique
589 1488 691 1544 bomini
705 1488 794 1547 tribue
813 1490 901 1547 bono·
956 1504 1052 1562 regno.
1067 1487 1225 1544 Mandemus
1238 1501 1288 1543 nos
1307 1487 1342 1542 ab
1358 1485 1433 1542 omni
1452 1485 1645 1558 iniqnemento
1671 1488 1762 1543 carnis

106 1593 175 1635 rent.
191 1574 330 1646 Superiori
344 1575 441 1646 gratim
456 1574 588 1645 equalem
602 1583 628 1632 te
642 1592 696 1633 non
714 1579 834 1636 esibeas.
850 1580 901 1636 Se-
957 1592 989 1634 ac
1006 1574 1127 1648 spiritus,
1143 1574 1205 1645 qnia
1222 1588 1276 1630 non
1300 1573 1352 1629 nisi
1376 1581 1451 1630 casto
1472 1589 1589 1645 corpore
1610 1575 1650 1631 ad
1673 1577 1762 1632 coelcs

106 1664 229 1722 trionibus
247 1671 335 1734 presta
357 1662 551 1733 obedientiam,
565 1673 592 1720 et
615 1664 747 1722 famulare
766 1667 903 1724 humiliter
958 1673 1087 1738 poterunt
1104 1663 1238 1720 sublevari
1259 1664 1286 1717 in
1309 1661 1354 1719 die
1375 1661 1590 1733 resurrectionis,
1606 1678 1663 1720 nec
1683 1673 1764 1736 pete·

106 1752 229 1826 imperiis
252 1766 356 1807 eorum.
383 1750 455 1806 Cede
482 1752 634 1809 auctoritati
659 1755 801 1825 majorum,
827 1755 904 1813 defer
957 1763 1023 1810 runt
1048 1753 1142 1809 videre
1164 1750 1279 1826 gloriam
1296 1750 1395 1809 divine
1417 1747 1499 1808 8ss
1524 1751 1694 1823 majestatis,
1710 1753 1763 1810 niti

107 1842 190 1916 digna
203 1840 313 1897 servitia
327 1839 486 1910 majoribus.
508 1840 570 1897 Esto
591 1843 697 1899 cunctis
716 1844 846 1901 obediens
874 1844 903 1901 in
958 1843 996 1901 illi
1010 1841 1131 1914 quisunt
1145 1840 1249 1896 mundo
1263 1839 1356 1896 corde.

107 1931 186 1988 bonis
200 1927 352 2002 preceptio.
368 1926 389 1986 0
407 1943 509 2001 sponsa
531 1929 641 1999 christi,
657 1929 701 1988 ita'
716 1931 829 1990 obedias
852 1934 903 1990 bo·
993 1933 1039 1987 5⁸.
1059 1929 1142 1986 Soror
1157 1928 1266 1996 dilecta,
1282 1927 1450 1997 mihicrede,
1466 1927 1598 2000 quianon
1620 1928 1722 1986 oticsis
1736 1939 1765 1986 et

108 2019 185 2090 mini,
200 2025 231 2076 nt
244 2032 298 2075 non
311 2016 434 2075 oilendas
447 2017 612 2076 voluntatem
626 2019 687 2077 Dei.
700 2022 731 2078 ln
745 2022 826 2079 malm
839 2037 905 2095 ope·
958 2019 1117 2095 cogentibus
1132 2018 1240 2074 dabitur
1259 2032 1372 2092 regnum
1395 2015 1539 2086 celorum,
1554 2017 1604 2073 sed
1631 2032 1767 2089 queren-

107 2109 183 2166 ribns
197 2122 335 2178 nunquam
356 2106 395 2163 sis
417 2105 558 2164 obediens.
573 2108 636 2165 Non
661 2110 771 2169 obedias
792 2111 832 2168 illi
858 2111 906 2184 qui
960 2109 1042 2175 tibus,
1056 2116 1083 2165 et
1112 2105 1274 2179 petentibus,
1294 2113 1374 2177 atque
1401 2105 1587 2178 pulsantibus:
1621 2106 1667 2163 sic
1692 2107 1766 2163 enirn

108 2199 178 2255 male
200 2197 249 2254 tibi
270 2195 359 2253 iacere
385 2195 571 2254 mandaverit:
592 2198 692 2258 malum
716 2198 803 2257 lacere
827 2202 906 2271 jussa
958 2197 996 2254 ait
1009 2197 1261 2265 Dominns‚Pctilo,
1277 2199 1304 2251 et
1320 2195 1625 2267 accipietesqnoerite,
1637 2200 1669 2253 et
1684 2198 1766 2254 inne·

108 2302 164 2344 non
177 2285 344 2342 consentias.
363 2285 424 2341 Noli
436 2286 550 2343 obedire
570 2285 598 2341 in
619 2287 689 2344 malo
703 2288 828 2360 cuiqnam
852 2306 904 2360 po·
958 2288 1064 2344 aistis:
1075 2285 1199 2360 putante,
1213 2288 1242 2342 el
1256 2285 1404 2358 opert'elor
1423 2284 1495 2342 cobis
1510 2283 1630 2353 (natta.
1647 2288 1765 2352 vitei:

108 2373 208 2443 testati,
222 2372 328 2432 etiamsi
342 2388 422 2445 poena
435 2375 589 2446 compellat,
606 2375 630 2431 si
653 2376 786 2449 supplicia
812 2377 904 2433 immi·
958 2379 1025 2433 luc.
1041 2390 1085 2444 ιι,
1100 2376 1138 2444 9).
1154 2374 1274 2430 Pelenda
1288 2381 1330 2429 est
1344 2387 1411 2448 ergo
1422 2373 1506 2443 jenua
1527 2372 1609 2444 regni
1636 2373 1765 2444 orando,

108 2472 199 2532 neant,
214 2464 238 2519 si
265 2461 399 2519 tormenta
423 2470 576 2520 occurrant.
604 2463 701 2521 llelius
724 2475 766 2521 est
790 2476 904 2523 mortem
941 2463 1116 2539 quaerenda,
1129 2464 1199 2520 bene
1218 2461 1353 2528 vivendo:
1370 2461 1512 2532 pulsanda,
1529 2463 1556 2517 in
1575 2461 1628 2518 Dei
1654 2461 1768 2520 servitio

107 2552 173 2625 pati,
188 2568 268 2626 quam
283 2549 353 2609 mala
374 2552 453 2622 iussa
467 2551 594 2624 implere:
620 2551 717 2609 melius
739 2560 781 2611 est
799 2556 832 2610 ab
854 2555 904 2612 bo·
960 2554 1166 2626 perseverando.
1182 2552 1242 2606 Nou
1258 2550 1358 2607 scilicit
1376 2551 1447 2605 bona
1459 2549 1589 2620 incipere,
1606 2549 1664 2606 nisi
1685 2552 1767 2609 eliam

108 2644 182 2699 mine
195 2640 323 2714 jugulari,
338 2655 420 2715 qnam
434 2647 535 2699 emmo
545 2640 650 2711 jndicio
664 2642 795 2702 damnari.
811 2643 905 2716 Neque
959 2643 1073 2716 quisque
1095 2640 1204 2697 student
1225 2655 1257 2695 ea
1279 2655 1339 2711 qnae
1365 2639 1434 2694 bene
1453 2637 1599 2706 inchoavit,
1616 2636 1712 2712 nsque
1731 2640 1766 2696 sd

107 2731 181 2789 enim
194 2739 236 2787 est
253 2729 311 2788 sine
332 2729 420 2801 calpa,
435 2730 483 2802 qni
506 2738 536 2786 nt
553 2730 654 2786 malum
678 2729 756 2788 lieret
775 2732 903 2789 obedivit.
959 2730 1041 2788 finem
1055 2730 1117 2788 rite
1131 2730 1301 2802 perducere:
1318 2729 1383 2801 quia
1397 2727 1548 2783 meliusest
1562 2727 1634 2811 mam
1649 2729 1765 2799 justitiae

108 2821 203 2897 lgitur,
226 2834 305 2877 soror
331 2817 503 2891 venerabilis,
522 2829 581 2876 esto
604 2819 733 2876 obediens
760 2821 904 2894 usquead
961 2838 1014 2879 non
1035 2835 1212 2893 cognoscere,
1228 2833 1307 2892 quam
1324 2824 1383 2888 post
1404 2817 1585 2890 cognitionem
1610 2827 1765 2893 retrorsum

110 2917 235 2975 mortem,
249 2906 360 2965 etdabit
373 2906 421 2964 tibi
436 2907 510 2964 Deus
524 2922 652 2965 coronam
666 2907 737 2966 titae.
753 2912 850 2967 Amen.
925 2896 1081 2974 Benneerti
1098 2914 1105 2981 l
1110 2911 1136 2966 ll
1148 2912 1226 2967 Peto.
1243 2923 1274 2975 tt,
1288 2907 1345 2977 at).
1362 2906 1439 2964 Unde
1448 2906 1580 2963 Dominus
1595 2907 1624 2963 in
1642 2905 1766 2980 evange

305 2996 371 3053 XX.
384 3027 419 3040 -
435 3001 474 3056 De
490 3002 713 3073 perseverantio-
963 3001 1018 3058 lio:
1035 3001 1119 3058 liceto
1128 2998 1469 3057 mettensmonumsnom
1479 2997 1660 3062 morarum,
1672 2999 1703 3052 et
1718 3011 1766 3052 rc·

146 3088 180 3143 tt
204 3086 288 3142 Soror
311 3084 480 3151 charissima,
499 3087 562 3142 audi
585 3088 694 3143 beatum
715 3086 908 3159 Hieronymum
960 3090 1084 3163 spinione
1100 3091 1185 3156 retro,
1196 3089 1281 3159 opto:
1294 3089 1337 3142 est
1347 3101 1431 3156 regno
1445 3086 1497 3142 Dei
1506 3083 1578 3151 (inc.
1589 3085 1698 3153 armi).
1709 3084 1764 3157 lgi-

110 3173 262 3231 dicentem:
280 3192 294 3224 a
321 3174 381 3230 Non
409 3181 566 3244 quaeruntur
589 3174 615 3229 in
646 3173 806 3232 Christianis
833 3175 909 3232 initia
963 3187 1018 3244 tur,
1033 3192 1111 3233 soror
1124 3175 1295 3241 venerabilis,
1312 3189 1422 3229 necesse
1435 3183 1476 3230 est
1491 3180 1520 3228 ut
1532 3188 1578 3243 per
1590 3172 1762 3229 desideriam

110 3262 154 3321 tel
178 3260 300 3329 exordia,
322 3260 369 3319 sed
402 3258 463 3317 finis
495 3269 523 3318 et
553 3264 766 3333 perseverantia.
784 3282 796 3315 s
813 3264 910 3321 Paulus
962 3276 1071 3324 aeterne
1099 3263 1270 3320 beatitudinis
1298 3263 1437 3334 pulsemus
1458 3260 1580 3333 quotidie
1603 3276 1689 3320 auses
1712 3262 1763 3318 Dei

111 3351 250 3423 apostolus
264 3349 335 3405 male
354 3348 448 3421 coepit,
463 3351 512 3406 sed
534 3350 605 3408 bene
622 3348 722 3408 linivit:
739 3351 822 3408 ludas
844 3367 909 3411 vero
963 3352 1164 3426 omnipotentis,
1181 3366 1231 3407 nec
1245 3349 1401 3407 deficiamus
1420 3364 1436 3403 a
1455 3348 1535 3404 bonis
1560 3363 1624 3420 quae
1647 3349 1763 3420 incoepi·

112 3440 253 3498 scharioth
280 3440 351 3496 bsne
378 3439 471 3510 empit,
491 3441 540 3496 sed
562 3439 632 3498 male
654 3439 750 3496 linivit.
773 3441 910 3500 Laudatur
964 3459 1034 3511 mas,
1049 3441 1203 3515 priusquam
1233 3439 1279 3494 illo
1302 3437 1440 3509 aperiente
1462 3452 1617 3492 mereamur
1640 3437 1674 3493 de
1701 3452 1763 3494 esr-

111 3530 219 3588 initinm
244 3529 333 3596 lude,
359 3528 406 3586 sed
434 3526 495 3584 dnis
516 3530 578 3588 ritae
605 3526 680 3586 illins
702 3529 908 3589 condemnatur.
963 3546 1026 3590 cere
1040 3530 1136 3588 mortis
1155 3529 1238 3599 bajus
1249 3527 1329 3599 eripi,
1345 3533 1372 3582 et
1389 3525 1423 3581 ad
1443 3533 1547 3596 portam
1566 3525 1689 3583 coelestis
1713 3542 1762 3598 ps·

110 3618 188 3679 Unde
216 3619 310 3675 beatus
337 3615 504 3690 Gregorius:
537 3637 551 3669 a
581 3617 695 3675 Fructus
726 3618 791 3674 boni
818 3621 911 3691 operis
964 3617 1021 3676 trite
1040 3617 1192 3691 pertenire.
1206 3615 1292 3672 Soror
1309 3614 1337 3669 in
1352 3613 1461 3671 cbristo
1475 3613 1601 3670 amabilis
1617 3612 1696 3683 mibi,
1712 3615 1763 3671 bo·

111 3706 313 3782 perserermtia
335 3714 384 3763 est.
402 3707 537 3762 lncassum
564 3707 663 3762 bonum
688 3707 825 3780 agitanti
848 3716 910 3766 ante
965 3725 1030 3765 num
1043 3717 1084 3764 est
1098 3719 1268 3779 perseverare
1283 3706 1310 3760 in
1323 3702 1433 3760 servitio
1446 3701 1658 3775 llei3quoniam
1671 3705 1762 3776 quide

111 3797 257 3853 terminum
284 3793 345 3853 tite
371 3794 521 3851 deseretur.
540 3815 553 3846 s
569 3795 609 3851 De
631 3796 685 3852 boc
706 3794 787 3851 edam
814 3798 910 3855 beatus
965 3795 1127 3854 monasterio
1141 3795 1175 3851 nd
1189 3794 1318 3851 saeculnm
1332 3799 1511 3864 revertuntur,
1526 3793 1590 3864 plns
1605 3808 1688 3865 qnam
1700 3805 1759 3850 cnr-

112 3885 233 3944 lsitlorus
246 3885 300 3942 ait:
318 3905 330 3936 ι
347 3885 408 3940 Non
420 3885 524 3955 indicet
537 3885 609 3940 Ueus
623 3884 760 3940 hominem
780 3886 814 3943 de
836 3902 909 3958 prae·
964 3887 1050 3943 bones
1063 3885 1134 3958 nigri
1153 3883 1316 3942 efficiuntur.
1332 3880 1385 3951 Qui
1407 3882 1441 3938 de
1466 3883 1632 3956 monasterio
1655 3882 1689 3938 ad
1712 3898 1761 3939 sae-

113 3975 195 4030 terita
209 3974 273 4040 sita,
293 3973 341 4029 sed
358 3972 392 4027 de
407 3987 459 4028 suo
473 3972 537 4029 line.
555 3972 776 4046 »Unusquisque
794 3974 866 4031 eninr
879 3977 909 4035 in
963 3976 1055 4032 culum
1079 3974 1256 4040 descendunt,
1271 3971 1425 4029 eliciuntur
1443 3970 1515 4045 nigri
1538 3972 1609 4029 sicut
1632 3972 1763 4030 carbones

113 4062 155 4119 dic
184 4061 278 4117 mortis
301 4075 357 4117 sue
377 4059 577 4129 Justilleabitur,
596 4067 642 4116 aut
663 4061 906 4120 condemnabitur:
965 4061 1066 4135 lrigidi.
1077 4060 1191 4131 Quare?
1205 4059 1276 4130 Quia
1296 4075 1344 4133 per
1366 4066 1502 4131 torporem
1524 4059 1626 4115 mentis
1640 4061 1677 4116 ab
1702 4060 1764 4133 igne

113 4150 185 4207 unde
199 4148 331 4220 scriptum
344 4154 396 4219 est,
409 4149 457 4208 Ubi
474 4150 657 4218 einnonem,
673 4149 712 4206 t'bt'
727 4156 753 4209 te
761 4152 908 4224 judicabo.
926 4158 950 4236 υ
965 4151 1102 4208 charitatis
1115 4151 1167 4207 Dei
1182 4157 1246 4206 sunt
1265 4150 1362 4207 mortui
1377 4159 1404 4204 et
1417 4147 1551 4229 exstincti.
1567 4148 1649 4213 Unde
1668 4147 1765 4205 beatus

113 4238 201 4297 Etiam
215 4240 292 4296 beata
311 4237 471 4310 llagdalena
495 4238 557 4295 ideo
570 4238 704 4296 Christum
725 4251 910 4313 resurgentem
964 4240 1105 4297 lsldorns:
1124 4238 1261 4308 «Quinde
1275 4240 1346 4294 bona
1359 4237 1413 4295 vita
1426 4236 1459 4293 ad
1475 4236 1572 4292 malem
1589 4243 1765 4294 revertuntur

112 4329 199 4401 prima
212 4327 313 4384 meruit
326 4325 429 4396 nidere,
443 4326 506 4401 quia
524 4343 586 4384 eum
601 4329 765 4400 requirendo
784 4344 910 4401 persete-
962 4347 1012 4403 per
1029 4328 1204 4403 cupiditatem
1233 4327 1336 4393 mundi,
1365 4336 1426 4383 sunt
1448 4325 1642 4394 contenebrati,
1659 4335 1690 4382 et
1721 4326 1764 4382 ni·

113 4417 186 4475 ravit
197 4419 290 4488 (loon.
301 4414 365 4487 xx).
382 4415 459 4472 Unde
473 4414 555 4472 etiam
568 4413 597 4472 in
611 4415 730 4473 canticis
743 4417 909 4476 canticorum
963 4418 1074 4494 gredine
1102 4418 1230 4474 vitiorum
1253 4423 1317 4473 sunt
1331 4414 1424 4473 loedati
1443 4423 1470 4470 et
1492 4414 1600 4481 insonti,
1611 4422 1698 4485 atque
1721 4416 1766 4471 ln·

1 4551 2 4555 ,
112 4507 279 4566 diciturtlot
299 4505 479 4563 lectulomoo
500 4509 664 4579 pernoctet
684 4508 801 4579 quoesiot‘
827 4524 908 4580 quem
962 4522 1053 4565 cerne
1067 4506 1198 4564 claritatis
1223 4505 1272 4563 Dei
1292 4512 1355 4561 snnt
1376 4501 1507 4561 extranei.
1527 4500 1580 4572 Qui
1604 4503 1640 4559 de
1670 4518 1767 4560 mona·

113 4596 209 4668 diligit
223 4594 531 4666 scemmenstete.
546 4608 587 4663 tn,
604 4597 643 4665 l).
665 4595 763 4653 lloneo
777 4611 843 4669 ergo
871 4604 907 4664 te,
963 4595 1046 4653 sterio
1061 4595 1095 4651 ad
1118 4594 1247 4653 seculum
1268 4592 1416 4667 lugiunt,a
1437 4591 1568 4649 societate
1594 4590 1767 4664 Angelorum

115 4685 228 4740 honesta
241 4684 329 4756 virgo,
343 4690 373 4739 ut
386 4698 491 4756 quaeras
510 4683 634 4740 eumdem
657 4685 749 4742 lesum
772 4685 909 4744 Christum
963 4693 1133 4757 separantur,
1149 4689 1176 4739 et
1199 4680 1370 4740 daemonibus
1398 4680 1544 4738 sociantur.
1558 4676 1613 4748 Qui
1641 4689 1767 4737 uncum

113 4778 327 4846 sponsnmtuum
341 4771 370 4827 in
384 4771 481 4829 lectulo
493 4779 550 4840 tuo,
564 4771 637 4828 idest
649 4772 677 4828 in
692 4774 784 4848 requie
798 4775 907 4842 mentis,
963 4771 1202 4849 congregationem
1226 4771 1392 4843 relinquunt,
1420 4777 1446 4826 et
1473 4769 1508 4824 cd
1533 4768 1698 4825 secularem
1727 4769 1768 4825 si·

112 4872 195 4934 atque
221 4861 320 4934 quietae
347 4859 591 4933 contemplationis.
618 4860 669 4917 Per
698 4869 792 4919 noctes
816 4878 909 4935 qnaere
963 4873 1017 4921 tant
1043 4861 1254 4930 descendunt,a
1281 4859 1410 4917 socictate
1424 4859 1471 4916 Uei
1490 4860 1670 4930 elongantur,
1686 4867 1770 4933 stqae

115 4967 189 5021 anm,
205 4952 257 5007 boc
269 4957 323 5017 est,
337 4948 365 5004 in
379 4950 506 5018 bannita,
521 4950 555 5005 ad
569 4964 631 5005 eum
646 4950 816 5022 suspirando,
830 4968 910 5009 eum·
962 4949 1083 5008 dominio
1096 4949 1197 5005 diaboti
1210 4948 1425 5021 subjugantur.»

113 5056 167 5115 que
180 5039 373 5107 desiderando,
383 5044 413 5093 nt
426 5054 486 5094 enm
500 5036 618 5110 perlecta
637 5038 664 5094 in
680 5038 769 5095 lutura
788 5040 841 5097 vita
864 5041 909 5096 in·
999 5041 1046 5097 59.
1066 5038 1150 5095 Soror
1164 5036 1191 5092 in
1207 5036 1313 5094 Christo
1327 5035 1521 5104 amantissima,
1537 5033 1689 5092 considera
1705 5036 1770 5108 quid

112 5132 205 5187 tenire
219 5130 319 5201 possis,
333 5143 366 5185 ac
385 5126 478 5186 ridere
501 5136 656 5199 regnantem
685 5143 746 5184 eum
768 5127 795 5184 in
823 5129 910 5187 Patris
962 5127 1060 5186 iecisti.
1075 5126 1203 5198 Quotidie
1216 5127 1298 5184 reduc
1321 5124 1533 5183 admemoriam
1557 5125 1632 5181 unde
1653 5126 1770 5197 renni,

112 5219 196 5276 solio.
215 5218 279 5275 Sine
293 5216 490 5274 intermissione
504 5231 596 5291 quaere
609 5232 670 5272 enm
690 5218 759 5274 bene
782 5217 908 5285 vivendo,
963 5217 1034 5274 etad
1047 5216 1111 5291 qnid
1121 5218 1229 5287 venisti,
1238 5223 1266 5271 et
1281 5231 1366 5289 quare
1377 5215 1480 5272 venisti.
1495 5214 1536 5270 'l'u
1545 5219 1665 5286 propter
1679 5215 1772 5271 Deum

114 5315 145 5364 ut
158 5306 256 5365 faciem
270 5310 330 5377 ejus
343 5306 472 5364 merearis
485 5307 578 5364 videre
588 5307 615 5363 ln
629 5305 734 5364 celesti
749 5322 842 5381 regno.
858 5309 910 5366 lic
963 5306 1054 5363 omnia
1068 5320 1130 5377 qnte
1144 5305 1171 5360 in
1185 5305 1238 5361 boc
1253 5306 1353 5359 mrtndo
1368 5311 1432 5360 sunt
1456 5302 1587 5372 reliquisti
1612 5319 1647 5360 ae
1670 5304 1773 5375 despe-

115 5409 163 5470 go,
179 5396 278 5453 Christi
301 5404 456 5468 sponsant
476 5395 550 5453 dicae
564 5410 626 5454 cnm
649 5396 735 5454 David
756 5399 907 5468 propbeta:
962 5393 1036 5461 xisti,
1051 5402 1078 5450 et
1093 5408 1143 5465 pro
1158 5408 1248 5449 autore
1272 5390 1344 5447 illius
1367 5389 1558 5447 monasterium
1583 5391 1713 5464 elegisti.
1728 5393 1772 5450 Tn

111 5483 210 5547 sotott
220 5485 390 5545 animantes
403 5485 536 5547 odDeom
545 5487 661 5558 formos,
672 5486 782 5559 oioom,·
793 5486 903 5560 possm
961 5497 1074 5557 regnam
1084 5481 1212 5542 coeloram
1225 5480 1398 5554 comparasti,
1409 5488 1437 5538 et
1449 5487 1478 5538 te
1490 5479 1579 5552 ipsam
1593 5479 1623 5537 in
1639 5486 1771 5553 pretinm
