3706 5962
561 186 752 251 emunitus
771 191 815 252 bu
832 188 909 253 lusti
927 191 1105 255 subbullit
1509 262 1514 267 ,
1603 202 1660 268 860

76 327 118 369 um
138 312 219 386 illius,
234 328 289 371 uno
312 319 416 373 lautum
438 321 512 373 tactu
526 313 660 386 tumulas,
676 316 805 391 incipias·
821 333 845 413 fl
861 327 972 375 emaum
982 318 1091 391 respicit
1101 319 1381 393 peccatricem,quam
1390 324 1587 398 compatienter
1594 342 1658 387 sun·

78 400 197 474 querulis
219 404 332 462 voribus
349 407 467 462 clamare
479 420 542 463 cum
557 407 700 478 propheta,
720 409 804 478 Qun·-
861 407 998 464 otissimos
1008 407 1070 463 illua
1080 423 1164 479 penes
1175 408 1330 478 poenitentis
1344 408 1473 482 lacrymis
1483 415 1604 484 prebeat
1617 416 1657 474 ir-

76 493 285 565 vultumjtoum,
298 497 649 564 uultcmtuumdlomine,
661 502 805 572 requiram
858 496 988 568 rigaudm
999 502 1028 550 et
1046 496 1162 568 capillis,
1179 512 1250 569 quoa
1264 496 1318 554 sibi
1341 498 1472 557 hactenus
1488 503 1615 574 superbla
1629 515 1657 562 et

76 582 98 637 l.
116 597 197 649 xxvi,
214 585 256 654 s);
277 585 403 643 utillud:
424 586 489 654 Quia
502 585 576 644 milri
586 585 632 643 det
645 590 672 642 tc
682 593 805 659 fratrem
858 582 1164 651 lascivierindicavcrat,
1174 585 1366 659 detergendos,
1376 584 1602 661 sosianusque
1617 600 1656 649 tot

76 687 105 729 ιιι
117 676 262 744 sugentem
271 672 468 731 uberumctris
481 690 561 742 maoe,
571 679 605 732 ut
618 675 766 734 inveniam
777 681 804 736 tp
857 670 991 729 scelernm
998 671 1237 744 loeditutepollutis
1256 673 1371 731 dulciter
1386 676 1544 733 osculando.
1564 679 1655 736 Oscu-

76 766 113 816 ret
125 759 329 820 mosculerte?
347 762 473 832 (Contio.
490 778 553 831 vin,
567 764 607 835 l.)
627 764 717 822 veniet
730 775 804 824 certe
857 759 1065 832 lure,osculars‚
1081 763 1190 817 obruta
1203 762 1352 834 peccatrix,
1369 766 1453 834 pedes
1468 765 1653 836 dulcissimos,

76 847 99 903 in
122 848 232 905 odorem
246 860 445 922 unguentorum
467 857 496 906 et
517 859 677 919 aromatum,
710 852 804 925 alequa
855 847 1283 921 mitissimosspecicaisslmos,
1298 850 1493 926 quibuscaput
1519 859 1655 929 serpentis

76 944 118 994 stc
132 945 159 992 et
179 937 300 994 divinum
314 939 451 1010 quoddam
465 946 518 995 tuae
539 939 622 996 menti
645 940 803 1013 imprimens
855 939 1010 1005 conteritur,
1027 945 1089 995 ante
1099 954 1170 1011 quos
1183 941 1308 1013 antiquus
1323 941 1409 998 hostis
1421 942 1571 1016 egreditur,
1586 945 1651 1016 qui-

76 1026 142 1096 lum,
159 1028 251 1082 oninia
275 1027 379 1083 viscere
409 1039 454 1083 tus
478 1026 608 1084 ineflabili
632 1029 803 1099 iucunditate
855 1026 907 1083 bus
933 1026 1067 1085 calcantur
1101 1028 1176 1096 vitia,
1209 1029 1308 1102 quibus
1336 1030 1426 1087 omnis
1449 1032 1542 1089 mundi
1567 1034 1650 1105 hujus

76 1113 160 1183 undet,
176 1123 205 1171 ut
219 1118 332 1173 clamare
345 1116 592 1189 delectabilitate
602 1120 645 1176 est
657 1120 752 1190 prolia
769 1121 802 1175 in
854 1115 983 1172 sternitur
997 1115 1094 1188 gloria,
1109 1116 1206 1187 quibua
1228 1119 1408 1188 superborum
1435 1126 1464 1175 et
1492 1121 1651 1179 sublimium

76 1203 160 1260 stuia
174 1206 261 1273 (Paul.
276 1219 354 1274 xciv,
371 1204 409 1277 3).
419 1205 486 1261 Cum
512 1206 600 1277 legem
613 1213 641 1261 et
655 1207 802 1278 l‘ropbctus
854 1202 925 1259 coba
934 1204 1002 1258 mira
1020 1204 1118 1261 virtrrte
1137 1212 1307 1276 premuntur.
1335 1204 1474 1275 Osculum,
1487 1207 1608 1281 inquam,
1623 1219 1652 1267 et

76 1292 281 1360 ,animadverte
300 1293 462 1365 diligenter,
486 1303 515 1350 et
528 1295 651 1353 invenies
666 1296 715 1352 baa
728 1296 801 1366 ipsas
854 1291 979 1350 felicibus
1000 1291 1078 1349 labiis
1097 1293 1212 1349 allambe
1232 1293 1357 1368 vestigia,
1382 1311 1444 1366 que
1472 1296 1563 1354 nullus
1588 1308 1651 1370 post

78 1381 190 1439 ritiones
204 1389 232 1437 et
249 1383 491 1452 contemplationes
513 1384 650 1441 multoties
662 1384 692 1441 in
706 1384 802 1460 liguris
855 1384 882 1435 ῑθ
904 1368 1195 1452 Ρθωιῑθιθιιιῡῐιθᾶῑ,
1212 1383 1303 1438 nullus
1330 1383 1528 1454 quantumlibet
1557 1388 1651 1444 crimi-

76 1469 244 1542 nigmatibus
256 1470 419 1544 quibusdam
430 1470 593 1542 designatus.
854 1483 939 1525 nuans
952 1468 1077 1541 refugiat,
1093 1470 1182 1526 nullus
1211 1474 1374 1542 expavescat
1395 1471 1535 1545 indignus.
1564 1474 1652 1533 Oscu-

79 1598 87 1613 .
101 1558 172 1615 Sunt
192 1557 264 1613 enim
278 1560 362 1615 multa
376 1575 477 1633 genera
491 1561 753 1634 contemplationum
767 1579 798 1620 ac
853 1557 919 1623 lare,
937 1558 1127 1629 complectere,
1139 1560 1241 1630 stringe
1254 1568 1283 1616 et
1296 1560 1413 1634 Angelis
1435 1569 1463 1620 et
1482 1561 1649 1631 bominibus,

76 1646 185 1704 tualium
196 1646 345 1713 visionum,
360 1664 422 1720 quae
436 1655 526 1705 tamen
540 1650 642 1717 omnia,
659 1652 797 1725 utereris,
814 1610 986 1701 Badoranda
1000 1644 1123 1719 vestigio,
1139 1646 1272 1718 perfunde
1299 1649 1469 1719 prenitentias
1496 1659 1524 1707 et
1541 1652 1650 1710 conlas-

76 1736 154 1792 dDei
167 1738 323 1808 potentiam,
340 1738 382 1795 vel
404 1738 573 1810 sapientiam,
589 1740 798 1813 velbenignita·
853 1732 938 1789 donia
960 1743 1109 1807 unguento,
1125 1744 1155 1791 ut
1183 1743 1241 1792 tota
1267 1736 1365 1793 domus
1391 1737 1537 1810 impleatur
1566 1743 1650 1798 odora

76 1824 207 1897 pertinere
221 1836 380 1882 noscuntur.
395 1826 464 1881 Nam
478 1826 503 1880 si
517 1827 652 1900 cogitetur
665 1830 739 1887 Deris
753 1846 796 1887 re·
852 1820 994 1894 unguenti.
1014 1820 1069 1890 ΨΒ,
1085 1837 1125 1880 lae
1139 1821 1198 1888 fibi,
1214 1823 1384 1893 ⁰Ph³li⁸802
1398 1826 1441 1881 ⁰1¹5
1456 1832 1499 1882 ⁰⁸1
1513 1827 1583 1885 0d01'
1596 1828 1649 1886 isle

75 1915 196 1972 omniurn
212 1929 304 1981 cansa,
320 1914 500 1987 quorumdam
523 1924 553 1972 ιιι
575 1917 639 1985 sint,
663 1933 796 1990 quorum·
851 1911 920 1966 odor
932 1910 1029 1968 mortis
1038 1912 1066 1967 in
1080 1921 1214 1981 mortem3
1228 1912 1276 1982 qui
1292 1912 1372 1970 times
1395 1912 1494 1972 alienis
1517 1916 1647 1975 maculari

90 2007 180 2056 autom
198 2011 229 2057 ut
253 2002 407 2071 rationales,
423 2003 582 2073 superbos
601 2004 741 2076 sapientie
756 2022 799 2062 cs-
851 1997 980 2071 peccetis,
995 2013 1058 2055 0¹¹¹ss
1071 2007 1098 2055 20
1117 2002 1207 2056 imno?
1221 2000 1348 2072 proprius
1362 2000 1481 2058 deterius
1495 2001 1650 2077 foedlueque

76 2106 85 2145 ι
113 2088 168 2143 sint
194 2088 396 2162 multorumque
409 2100 439 2147 ut
466 2091 536 2146 bene
562 2090 617 2149 tint
642 2110 650 2150 z
679 2093 798 2165 primum
851 2087 1040 2145 commaculet
1055 2089 1154 2146 Nescis
1167 2105 1341 2162 quumsuave
1360 2091 1651 2151 redoleetmlsericor-

92 2177 228 2249 potentiae,
250 2177 364 2233 alterum
391 2177 541 2250 sapientiae,
568 2178 693 2236 ultimum
710 2182 796 2239 ascri.
851 2176 903 2231 dire
930 2174 1052 2234 contessa
1079 2177 1186 2233 miserm
1214 2179 1374 2248 peccatricis
1401 2180 1483 2250 huius
1510 2182 1647 2239 miserius

85 2265 209 2323 bonitati.
235 2264 368 2323 Potentiae
382 2266 483 2339 quippe
501 2278 552 2338 est,
566 2269 642 2340 quod
664 2269 724 2327 aine
737 2270 797 2343 ipso
851 2280 933 2336 quam
942 2264 1023 2322 dulce
1036 2265 1123 2338 sapiet
1145 2265 1240 2338 pietati
1254 2265 1391 2326 consessio
1417 2269 1542 2340 peccati:
1566 2285 1647 2343 quem

98 2361 221 2412 creatura
244 2354 377 2412 subsistit.
394 2353 549 2426 Sapientis,
574 2356 647 2427 quod
661 2357 720 2414 sine
736 2358 797 2430 ipso
851 2360 957 2426 gratum
972 2352 1010 2408 sit
1035 2353 1076 2410 illi
1089 2353 1263 2423 sacrificium,
1283 2355 1373 2411 cordis
1391 2357 1537 2414 contritio:
1565 2374 1646 2430 quarn

76 2488 78 2495 ,
103 2442 228 2500 doctrina
250 2443 368 2501 instruit.
388 2443 532 2512 nouitatis,
558 2447 631 2518 quod
656 2446 715 2503 sins
736 2449 797 2520 ipso
850 2439 904 2497 cito
925 2447 1067 2497 consumat
1089 2451 1231 2514 peccatum
1256 2442 1355 2499 ardena
1378 2442 1496 2500 dilectio.
1525 2444 1649 2517 Denique

76 2547 104 2588 us
122 2533 160 2588 rci
176 2548 240 2588 usus
258 2533 376 2604 expedit.
393 2534 476 2605 Apud
505 2533 597 2604 ipsum
624 2550 718 2592 secura
732 2545 797 2594 suut
851 2526 970 2586 dimitto
983 2534 1054 2587 sunl
1067 2531 1094 2587 ci
1107 2535 1228 2602 peccota
1249 2530 1355 2602 multu,
1377 2535 1514 2606 quonium
1536 2533 1643 2601 discit

77 2633 106 2689 a,
122 2634 186 2676 cnm
199 2619 265 2675 nihil
276 2620 312 2675 ait
324 2635 379 2693 quo
392 2620 454 2689 ejus
468 2621 575 2677 turbari
589 2624 678 2696 possit
695 2632 796 2696 poten-
851 2616 979 2677 multam
993 2616 1072 2690 (buc.
1088 2635 1140 2676 vn.
1153 2618 1257 2693 bibl).

76 2707 167 2780 nipao
181 2716 255 2766 certa
270 2719 334 2765 sunt
349 2709 451 2777 omnia,
466 2711 548 2781 cuius
563 2727 618 2767 non
634 2718 724 2783 potest
737 2710 796 2769 lalli
885 2710 932 2765 ιι.
946 2707 1056 2766 Gratias
1069 2707 1128 2781 tibi,
1150 2725 1167 2765 o
1190 2708 1343 2767 beatissima
1368 2711 1527 2782 peccatrix:
1556 2719 1649 2771 osten·

76 2797 140 2853 alim
155 2796 197 2853 Ex
212 2796 272 2868 ipso
294 2805 367 2854 recta
380 2805 444 2853 suut
466 2799 557 2855 omnia
569 2799 649 2870 cujus
671 2808 796 2858 naturam
849 2795 912 2867 disti
925 2798 1028 2854 mundo
1041 2805 1129 2855 tutum
1144 2797 1212 2855 satis
1226 2798 1414 2869 peccatoribus
1433 2799 1525 2857 locum
1540 2816 1549 2857 t
1564 2803 1648 2875 pedes

76 2892 180 2959 ,potest
194 2885 341 2957 depravare
352 2886 461 2944 malitia.
477 2888 550 2960 lirgo
564 2890 593 2945 in
609 2905 700 2947 rernm
723 2906 799 2948 crea·
813 2882 836 2962 c
850 2885 951 2943 scilicet
963 2886 1038 2957 lesu,
1053 2887 1101 2959 qui
1115 2887 1252 2944 neminem
1265 2896 1407 2960 spernunt,
1429 2890 1566 2946 neminem
1580 2892 1649 2961 reji-

95 2975 312 3046 eomemplamur
327 2977 387 3046 ejus
400 2977 564 3047 potenciam
582 2976 611 3034 in
633 2977 731 3047 forma,
746 2996 793 3036 a.
845 2975 932 3042 ciunt,
947 2976 1085 3031 nemiuem
1105 2974 1249 3046 repellunt,
1265 2975 1417 3049 suscipiunt
1429 2992 1535 3051 omncs,
1551 2993 1648 3038 omues

76 3065 144 3135 ium;
160 3063 315 3132 bomtatem,
333 3065 360 3120 iu
379 3082 440 3123 usu.
456 3067 528 3123 Sane
541 3067 565 3123 al
578 3067 606 3123 in
634 3069 679 3125 bia
690 3086 752 3142 que
765 3070 794 3127 in
846 3063 998 3124 admittunt.
1013 3064 1053 3120 lbi
1065 3071 1137 3121 certe
1151 3063 1315 3136 AEtlriopissa
1325 3072 1412 3122 mutat
1423 3067 1523 3138 pellem
1540 3083 1616 3124 suam
1638 3089 1646 3126 z

76 3169 84 3210 ι
119 3153 211 3226 gessit,
240 3168 304 3209 eum
341 3153 516 3226 contemplari
544 3157 685 3227 malueris,
722 3160 795 3216 hunc
847 3152 884 3209 ibi
898 3153 999 3225 pardus
1014 3161 1100 3210 mutet
1113 3154 1272 3210 varietatem
1287 3170 1365 3211 suam
1382 3172 1391 3223 3
1406 3154 1445 3212 ibi
1473 3157 1549 3213 solua
1572 3157 1646 3214 Pha-

76 3243 233 3298 ntrlduanae
260 3243 327 3298 lucia
341 3240 514 3314 splendorem
527 3243 608 3302 facile
635 3245 793 3305 intueberis.
847 3243 944 3301 risaeus
957 3258 1011 3300 non
1025 3249 1167 3313 exspumat
1180 3243 1337 3316 superbiam
1352 3259 1440 3301 suam.
1468 3244 1542 3315 Quid
1576 3246 1645 3317 agis,

76 3338 181 3388 centem
203 3330 232 3387 in
251 3332 397 3404 praesepio,
413 3332 437 3389 si
454 3332 483 3387 iu
501 3333 617 3390 brachiis
631 3336 793 3407 rugientem,
847 3330 969 3388 uanima
982 3347 1052 3399 mea,
1067 3345 1084 3388 o
1098 3331 1198 3387 misera
1212 3347 1283 3401 mee,
1299 3345 1316 3387 o
1331 3332 1468 3402 peccatrix
1488 3348 1549 3389 mea
1565 3334 1571 3389 ι
1589 3336 1647 3392 ιιι-

76 3418 196 3477 udentem
210 3421 244 3476 ad
257 3422 355 3484 ubera,
370 3419 394 3476 si
407 3421 477 3476 inter
492 3419 570 3478 ulnas
584 3422 720 3481 Simeonis
731 3440 794 3495 pur·
848 3421 895 3476 bes
909 3428 983 3478 certe
1001 3419 1048 3475 ubi
1063 3428 1124 3476 tuas
1150 3419 1284 3491 lacrymas
1298 3420 1379 3485 libes,
1395 3420 1441 3477 ubi
1455 3420 1529 3479 foeda
1555 3424 1648 3479 oscula

76 3508 191 3567 noculis
213 3508 372 3566 illuminatae
395 3507 493 3565 mentis
512 3510 649 3581 aspexeris
664 3529 671 3567 ι
686 3510 794 3569 bonita-
849 3515 895 3565 tua
909 3508 995 3565 sacris
1008 3507 1109 3565 osculis
1123 3523 1225 3581 purges
1243 3507 1312 3580 3ubi
1326 3513 1412 3565 totum
1426 3516 1480 3564 tue
1494 3507 1647 3566 ullecbonis

78 3613 110 3655 ua
131 3613 216 3671 opera
231 3597 378 3654 admirare.
406 3597 437 3654 Si
451 3599 552 3655 vultum
582 3597 659 3654 illum
673 3599 794 3675 igneum,
848 3604 1015 3671 unguentum
1030 3611 1125 3655 secure
1139 3595 1299 3668 vinealiquo
1312 3601 1399 3653 tactu·
1412 3595 1456 3655 vel
1483 3606 1559 3654 motu
1586 3597 1647 3656 vitii

76 3686 137 3746 lum
150 3703 257 3761 quoque
270 3688 304 3744 de
320 3687 622 3761 resticulis„vocemque
637 3688 794 3758 terribilem,
849 3686 977 3743 tentantis
994 3684 1131 3744 effundas.
1155 3683 1226 3752 Quid
1253 3682 1407 3741 dissimulas
1419 3684 1434 3743 ‘l
1447 3684 1601 3756 Erumpite‚
1629 3699 1646 3742 o

76 3777 252 3835 scandentes
266 3785 294 3835 et
308 3784 432 3834 ementes
445 3776 473 3834 in
489 3777 591 3849 templo
605 3778 712 3844 terruit,
732 3778 796 3852 qni·
848 3774 943 3830 dulces
956 3774 1104 3846 lacrymre3
1121 3773 1256 3845 erumpite
1272 3790 1279 3831 :
1295 3788 1407 3831 cursum
1421 3781 1539 3830 vestrum
1553 3773 1647 3831 nullus

77 3867 156 3925 vertit
174 3868 316 3924 cetliedras
328 3865 572 3926 nummulariorum
587 3875 616 3924 ct
632 3884 670 3924 res
688 3865 795 3955 alludit,
848 3860 988 3934 impediat.
1005 3860 1316 3935 lligatesacratisaimas
1331 3859 1441 3933 plantus
1453 3859 1565 3917 Domini
1579 3860 1647 3927 mei,

76 3971 94 4011 ιι
107 3954 218 4025 iusuper
229 3955 417 4012 columbarum
432 3957 588 4014 venditores
611 3957 702 4027 ejecit,
730 3972 796 4014 cun-
848 3950 998 4009 Salvatoris
1011 3950 1076 4023 mei,
1092 3948 1258 4023 susceptoris
1268 3949 1334 4008 mei.
1360 3948 1428 4007 Nun
1451 3948 1557 4006 curosi
1586 3947 1648 4022 quia

76 4056 117 4097 ria
131 4040 253 4108 delectat,
270 4048 350 4097 untae
366 4044 472 4101 virtum
500 4046 651 4117 potentiam
676 4062 793 4119 expave-
846 4040 1236 4110 Phanaeusaubmarmure13
1252 4038 1435 4095 timentis
1463 4037 1577 4096 sadibm
1600 4053 1647 4094 tr-

77 4126 117 4183 m
142 4126 166 4182 ai
189 4127 338 4198 jucundum
356 4130 433 4186 ducis
445 4132 558 4189 insid'ns
585 4135 740 4192 Scribarum
766 4140 794 4192 et
849 4129 966 4187 cendum
978 4138 1087 4187 censeat
1103 4149 1110 4188 z
1127 4129 1151 4185 ai
1164 4126 1279 4185 fimbriae
1293 4142 1350 4183 sure
1368 4134 1444 4184 tactu
1456 4125 1647 4201 indignumju-

76 4230 190 4274 saeorum
226 4216 306 4274 toties
345 4218 537 4289 deprehensas,
566 4223 676 4279 callidas
698 4238 792 4281 corum
850 4219 920 4277 dicet
935 4238 944 4291 3
957 4220 1116 4289 subsannet,
1126 4216 1250 4286 irrideat,
1266 4222 1371 4273 avertat
1390 4215 1496 4281 oculos,
1512 4214 1648 4271 contineat

76 4306 161 4364 tiones
171 4306 381 4379 responsionum
391 4307 464 4364 illius
477 4308 622 4381 prudentie
630 4310 792 4385 conlutatas,
845 4324 948 4365 aureas
966 4306 1144 4369 nibilominus
1170 4305 1224 4363 tuis
1251 4303 1390 4360 inbrerebo
1418 4302 1549 4376 vestigiis,
1574 4302 1646 4358 bone

76 4408 99 4452 u
116 4402 207 4452 mente
244 4395 420 4468 perspicere;
449 4397 588 4468 sapientiae
619 4399 679 4469 eius
705 4400 793 4457 lucem
846 4396 1143 4470 lesu3meisatringam
1158 4393 1283 4449 manibus
1298 4409 1307 4460 l
1322 4407 1445 4463 premam
1457 4390 1551 4459 labiis,
1566 4403 1647 4445 neca

76 4502 92 4543 s
104 4486 221 4543 emicare
235 4486 395 4557 persenties.
412 4488 454 4543 lta
467 4502 575 4559 quoque
590 4487 716 4560 potentis
739 4488 790 4545 luit
842 4483 970 4557 lacrymis
979 4481 1190 4551 cessabo,velos
1203 4479 1286 4549 culis,
1297 4480 1385 4537 donec
1396 4480 1505 4535 audiam
1517 4495 1525 4534 ι
1537 4474 1647 4535 Dimis-

90 4573 195 4648 iugavit
217 4576 365 4642 demones,
392 4575 468 4649 qnod
481 4577 577 4633 turbas
610 4576 695 4650 pavit,
716 4577 789 4650 quod
842 4591 874 4632 su
889 4576 958 4631 sunt
972 4572 1001 4630 ei
1016 4572 1134 4645 peccota
1147 4567 1390 4641 malmundarium
1398 4564 1646 4625 ditemtmnttum.

76 4665 105 4720 rit
133 4665 225 4733 maria,
255 4665 327 4736 quod
351 4668 481 4723 Lazarum
506 4667 612 4724 vocavit
635 4668 670 4723 de
688 4683 789 4725 monn·
878 4666 923 4719 ιιι.
938 4660 988 4717 list
1006 4673 1073 4732 ergo
1086 4656 1144 4714 dics
1161 4657 1259 4730 prima,
1275 4672 1329 4729 qua
1343 4655 1433 4713 anima
1449 4656 1536 4714 Deum
1549 4653 1645 4711 sitiens

76 4761 145 4812 izet
158 4765 245 4811 temen
260 4770 315 4811 non
343 4757 456 4813 minoris
472 4757 611 4828 sapientise
626 4757 686 4824 luit,
713 4757 788 4830 quod
841 4751 870 4809 in
903 4749 1074 4822 speculativis
1100 4746 1302 4804 emunitatibus
1328 4745 1406 4819 qussi
1434 4746 1463 4802 iu
1496 4744 1644 4803 Jerusalem

77 4841 181 4917 incipes
195 4845 278 4915 hujus
292 4845 385 4900 mundi
400 4844 565 4916 fallerentur,
581 4849 650 4905 inter
673 4853 731 4903 naec
746 4846 788 4901 di·
841 4847 1036 4909 commoratur,
1062 4835 1162 4895 divinae
1188 4836 1318 4910 potentie
1348 4834 1550 4906 contemplatio.
1591 4832 1643 4890 Se-

76 4933 200 4990 mireoula
219 4933 357 4992 adiabolo
386 4953 416 4994 se
431 4935 530 4992 lentari
544 4935 683 5006 permisit;
713 4935 787 5009 quod
840 4931 938 4999 cunda,
951 4926 1091 5003 supientiae
1107 4927 1179 4983 illius
1206 4924 1362 4984 admiratio.
1388 4924 1489 4993 Tertia,
1515 4920 1644 4979 bonitatis

76 5036 157 5095 egens
170 5022 272 5089 esuriit,
300 5024 373 5096 quod
388 5024 417 5080 in
449 5024 511 5082 navi
544 5025 681 5093 dormivit,
713 5025 787 5097 quod
840 5031 868 5077 et
882 5018 1033 5078 dulcedinis
1046 5018 1138 5075 ausvis
1152 5015 1375 5090 pretiossimus
1396 5015 1512 5089 primam
1526 5011 1645 5085 pertinet

76 5126 99 5167 m
114 5111 264 5169 moriturus
279 5113 410 5170 escendit.
837 5110 968 5185 justitia:
987 5108 1022 5166 ud
1036 5107 1194 5175 secundam,
1210 5105 1327 5164 scientis
1343 5121 1350 5160 ι
1367 5102 1402 5160 ad
1430 5103 1535 5160 tardem
1562 5114 1640 5168 raro,

84 5200 186 5259 Verum
209 5202 273 5275 quia
288 5203 316 5257 in
328 5202 458 5259 bonitatis
472 5201 547 5259 illius
561 5202 736 5262 meditatione
750 5204 786 5260 li·
838 5198 1033 5259 misericordia.
1051 5195 1160 5253 lustitia
1170 5202 1263 5265 terret,
1280 5191 1393 5251 scientie
1424 5194 1514 5260 docet,
1533 5189 1642 5246 miseri-

76 5305 98 5346 u
110 5289 273 5359 immoraris,
284 5291 439 5365 ingredere,
454 5307 558 5364 quaeso,
572 5292 683 5350 domum
697 5291 787 5351 Simo·
838 5291 933 5350 cordia
944 5288 1030 5348 iuvet.
1045 5283 1181 5352 introibo,
1191 5283 1279 5356 inquit
1293 5281 1438 5354 propbeta,
1448 5283 1481 5338 in
1494 5281 1640 5354 potentior

76 5379 170 5436 carissi
183 5379 301 5437 :intuere
310 5380 437 5438 attentius
446 5396 525 5454 quum
533 5380 680 5454 pio,qnem
695 5381 784 5462 suevi,
838 5382 970 5451 Dumium
1002 5375 1131 5444 Domine,
1147 5369 1455 5445 memoraborjcrtttioe
1474 5376 1532 5427 trtoe
1552 5367 1640 5426 solius

94 5467 227 5544 iucundo,
255 5486 336 5546 quam
362 5468 489 5531 clementi
515 5469 591 5532 vultu
612 5469 690 5530 bumi
715 5484 784 5546 pro-
838 5460 1510 5548 (lactando).liccejustitla.lncertc,uitet
1524 5458 1639 5521 occulto
