3706 5962
62 191 125 253 idib

259 314 308 374 list
319 311 439 387 utrique.

180 402 277 473 ,Stella
289 402 382 469 mstis.
397 397 503 474 Regius
516 395 622 464 secun,

161 492 203 547 Tn
217 508 248 547 es
259 491 344 549 nster
357 488 430 546 illins
442 485 561 561 pannii,

159 578 246 649 Quem
261 578 377 636 odorent
387 575 483 634 bdelcs
496 573 601 649 populi,

88 715 94 725 .
159 669 274 742 Semper
287 679 384 723 omnes
400 668 429 722 et
441 679 548 736 semper
562 660 673 734 singuli,

264 756 299 814 Bt
311 754 421 827 ubique.

193 843 217 901 Ο
232 851 387 901 sanctornm
400 842 497 899 Sencte
511 836 656 905 mirabitis,

155 933 216 991 'roti
229 933 333 991 mundo
345 930 536 988 desiderabilis

132 1019 136 1029 '
157 1023 243 1080 Homo
256 1033 354 1095 potens
367 1022 395 1077 et
409 1019 483 1077 Deus
496 1016 606 1073 humilis
622 1031 629 1072 :

156 1113 215 1168 Non
230 1119 269 1168 cst
284 1109 332 1167 tibi
347 1107 464 1166 uenerit
483 1106 591 1175 similis,

260 1200 336 1256 Deus
349 1212 438 1254 meus.

189 1287 213 1346 0
226 1295 381 1345 sanctarum
394 1295 488 1343 sancte
496 1283 665 1355 dulcissime,

154 1377 217 1434 Sole
232 1383 304 1432 tento
319 1386 399 1448 pertn
412 1373 582 1450 dignissimo,

154 1466 189 1524 Ut
207 1465 241 1522 de
254 1474 300 1521 tut
313 1478 394 1522 come
407 1463 592 1534 mundissime,

152 1552 320 1611 Nascerotur
332 1552 459 1623 mejerus
468 1550 596 1621 maxims,

243 1641 329 1699 Homo
343 1641 426 1701 Dens.

187 1731 253 1788 iesu
272 1729 390 1799 Christe,
405 1728 466 1786 fons
479 1725 647 1794 indeficiens,

153 1818 226 1877 Fons
242 1819 360 1876 humens
372 1817 454 1876 corde
469 1815 605 1887 reficiens,

155 1907 193 1964 Te
206 1908 325 1983 suspiro,
341 1916 368 1966 tc
381 1906 471 1964 solum
486 1905 581 1964 sitiens
597 1918 604 1961 :

154 1995 235 2051 Scins
247 1996 302 2052 eris
313 1996 379 2053 mibi
394 1995 544 2062 sufficiens,

260 2083 311 2141 rut
324 2083 385 2140 Dei.

191 2172 275 2229 Meter
288 2170 397 2239 Christi,
413 2170 497 2229 decus
515 2169 676 2244 virgineum,

153 2259 292 2318 Tbrounm
306 2260 405 2318 sedens
417 2275 500 2331 super
515 2261 679 2317 oetbcrcnm:

153 2349 259 2406 Nomen
274 2356 352 2406 tunm
368 2363 466 2423 tepore
480 2348 618 2414 melleum,

156 2435 301 2510 iiqueitcit
314 2436 440 2495 enectum
455 2437 570 2494 terreum

242 2524 338 2583 Cordis
352 2526 418 2582 mci.

731 179 824 242 vtnn
841 178 998 244 sunnon.

860 318 884 397 i

1006 307 1086 369 solve
1099 312 1152 370 mei
1166 321 1259 372 rectus
1271 314 1391 374 debitum
1411 302 1414 307 ’

1006 397 1075 468 Quis
1093 403 1195 459 metum
1209 405 1343 477 protendo
1360 405 1496 476 meritum,

1112 491 1146 547 Et
1162 495 1295 563 protendi.

1040 576 1109 647 Tubi,
1127 580 1222 649 Meter,
1237 581 1281 639 iec
1292 583 1485 657 acceptabilem

1004 664 1158 724 Peccstoris
1169 670 1237 728 benc
1249 686 1345 729 vocem
1358 671 1486 734 flebilem.

927 756 930 763 '
1002 751 1094 812 Reddo
1108 757 1173 813 mihi
1186 759 1273 815 Deum
1286 758 1457 832 placabilem,

87 2647 92 2658 ·
190 2617 330 2673 Summum
344 2617 446 2673 bonnm
457 2615 566 2687 plenum
581 2612 734 2684 dulcedine,

156 2705 256 2763 Verum
266 2704 357 2762 lumen
371 2705 405 2762 de
417 2718 482 2762 sero
496 2702 608 2773 iumine,

154 2793 218 2852 Solo
231 2795 309 2865 cuitu
322 2792 415 2850 sudito
429 2791 551 2860 nomine,

155 2880 273 2942 Setietnr
289 2882 359 2939 miro
373 2880 538 2960 pinguedine

241 2971 297 3031 Cor
307 2971 455 3042 justorum.

191 3059 297 3118 Summi
311 3061 375 3117 boni
389 3057 610 3127 reclinatorium·

152 3148 244 3205 Dulcis
257 3150 313 3207 vini
330 3148 408 3204 dulce
420 3147 570 3218 cellerium,

153 3237 231 3308 Quod
246 3236 392 3294 indulcens'
400 3234 515 3292 dulcedo
529 3234 658 3303 dulcium,

153 3325 293 3399 Prtcelegit
310 3324 362 3383 sibi
376 3325 405 3380 in
418 3322 571 3398 proprium,

240 3416 300 3475 Rex
317 3415 461 3476 colorum.

188 3506 299 3564 Petrum
311 3507 392 3564 Pater
410 3506 540 3582 precelso
553 3505 670 3575 ceteris,

151 3595 300 3669 Repnrutor
314 3596 424 3654 hnmani
437 3597 547 3672 generis
563 3611 572 3652 t

152 3685 176 3744 0
193 3686 240 3759 qni
251 3702 360 3746 curnem
373 3702 424 3762 pro
438 3687 518 3744 nobis
530 3685 637 3744 miseris

150 3774 270 3835 Mulieris
283 3777 318 3836 de
331 3792 411 3834 cerne
424 3776 555 3850 pauperis

241 3865 432 3939 Assumpsisti.

186 3953 303 4010 Mettum
316 3957 403 4012 idstcr
416 3963 444 4012 et
461 3955 545 4029 Virgo
559 3953 707 4028 uirginum,

150 4042 289 4114 Apotbcctt
300 4044 395 4100 seiutis
407 4045 556 4115 bominum,

150 4129 184 4199 0,
200 4144 261 4203 qne
274 4131 376 4187 munde
387 4133 421 4189 dc
437 4148 517 4191 cerne
527 4134 683 4203 nominum,

152 4218 216 4279 Siue
229 4218 320 4276 comis
329 4218 446 4277 mixture
459 4220 593 4278 seminum

240 4307 406 4380 concepisti.

187 4395 271 4466 Audi,
286 4411 393 4470 precor,
409 4397 482 4471 oqui
497 4396 545 4455 dns
559 4397 692 4470 gretiam!

150 4488 303 4546 rocosum
316 4486 399 4557 buius
410 4484 560 4553 miseriem,

150 4577 186 4635 Et
199 4592 248 4650 per
262 4583 337 4634 tuem
346 4574 570 4643 misericordium,

150 4669 326 4727 peccatorum
341 4679 466 4722 meorum
479 4666 588 4723 sentem

238 4755 302 4813 stibi
317 4756 400 4813 dona.

183 4847 264 4916 Audi,
274 4860 372 4920 pronon
386 4860 403 4903 o
419 4844 500 4917 plens
512 4842 612 4918 gratie,

150 4934 303 4995 Peccatoris
315 4933 534 5007 hujusmodis,

151 5027 187 5082 Et
200 5038 251 5099 pro
265 5032 311 5082 tus
323 5023 509 5082 misericordie

151 5115 209 5172 Deo
221 5128 285 5171 meo
293 5128 338 5171 nte
351 5112 506 5181 reconcilia,

238 5200 323 5257 bister
336 5200 418 5259 bons.

183 5287 255 5363 nttt,
274 5288 366 5360 Peter,
377 5289 422 5347 fec
437 5288 633 5363 beneplacitum

151 5375 301 5438 escmtorts
314 5375 394 5435 istius
402 5376 547 5451 gemitum,

1003 840 1044 896 Ne
1058 857 1087 898 se
1102 852 1209 913 prestet
1224 845 1428 918 inexorabilem,

1109 930 1196 1000 Quem
1215 932 1328 994 oncant.

1037 1015 1181 1077 Ointuctae
1195 1020 1248 1077 riti
1263 1039 1414 1099 puerperus,

1002 1104 1072 1161 nudi
1087 1107 1210 1178 planctus
1221 1109 1317 1167 suimae
1332 1112 1449 1183 miserae,

1002 1192 1069 1263 Quoe
1082 1196 1184 1268 peccati
1196 1198 1292 1268 jacens
1305 1199 1333 1255 in
1354 1200 1475 1275 puluere,

1002 1283 1037 1341 Ut
1047 1283 1199 1355 jumentum
1212 1302 1241 1342 se
1254 1296 1469 1362 computrescere

1106 1374 1288 1433 Lumentetur.

1036 1458 1061 1518 0
1075 1460 1174 1519 intecta
1186 1463 1269 1536 Virgo
1283 1479 1424 1539 puerpers.

999 1548 1044 1606 nd
1056 1558 1083 1606 te
1097 1551 1195 1608 oismet
1209 1566 1288 1609 mens
1306 1570 1368 1611 mes
1383 1556 1491 1624 misere.

1001 1635 1069 1706 Quoe
1082 1638 1197 1696 nefande
1210 1655 1318 1714 sempor
1331 1643 1365 1699 ed
1380 1644 1482 1701 sceiere

1001 1727 1042 1782 Ab
1056 1733 1134 1784 aetste
1149 1744 1321 1805 nuncusque
1339 1739 1432 1790 tenere

1109 1815 1272 1879 Eiironetur.

1037 1903 1085 1960 Pie
1100 1904 1187 1977 Peter,
1203 1915 1339 1965 eruentem
1357 1910 1475 1984 corrige,

1002 1991 1075 2048 Pium
1089 2008 1199 2049 menum
1212 1994 1312 2052 iubenti
1324 1998 1444 2072 porrige,

1001 2079 1061 2136 iem
1078 2081 1114 2137 de
1130 2084 1186 2136 tuto
1200 2097 1243 2139 tne
1257 2082 1331 2140 ioecis
1345 2084 1432 2158 erige,

1003 2168 1072 2225 Etin
1086 2167 1156 2225 sium
1171 2179 1277 2226 tuorum
1291 2172 1377 2245 dirige

1108 2256 1307 2317 Mendetorum.

1038 2343 1085 2400 Pie
1098 2346 1193 2413 Meter,
1213 2353 1334 2405 orontem
1350 2348 1439 2419 visite,

1002 2431 1051 2489 Pio
1064 2433 1146 2491 corde
1159 2436 1194 2492 de
1209 2451 1252 2493 me
1271 2436 1402 2512 recogita,

1000 2520 1097 2579 Corum
1111 2524 1175 2580 iesu
1189 2525 1310 2597 benigno
1325 2526 1444 2598 clamito,

1001 2612 1036 2668 Ut
1049 2626 1172 2669 meorum
1186 2615 1304 2672 remittet
1316 2614 1408 2673 debite

1110 2700 1295 2761 Peccatorum.

1034 2791 1099 2848 Esto
1114 2792 1204 2864 nobis,
1219 2794 1307 2862 Peter,
1322 2793 1466 2867 propitius,

999 2877 1120 2950 Quorum
1139 2881 1220 2940 irster
1232 2897 1263 2941 es
1276 2891 1357 2956 etque
1367 2883 1482 2941 socius:

999 2971 1038 3027 Te
1051 2971 1202 3039 tendamus,
1218 2982 1243 3029 te
1256 2972 1453 3032 benedicimus.

998 3057 1150 3117 Adoremus
1163 3069 1245 3135 etque
1259 3061 1397 3135 dirigimus

1106 3149 1197 3207 flente
1212 3159 1278 3208 tots.

1034 3236 1100 3293 usto
1113 3238 1202 3307 nobis,
1217 3238 1313 3312 distet,
1327 3243 1453 3315 propitia,

998 3321 1121 3392 Quorum
1136 3340 1215 3384 soror
1228 3343 1259 3384 es
1269 3336 1351 3403 etque
1364 3336 1455 3393 socie:

1001 3411 1032 3468 In
1046 3419 1153 3471 tucrum
1167 3416 1278 3474 lendum
1292 3423 1447 3495 praecouiu,

998 3499 1087 3558 Corde
1099 3513 1191 3563 nostre
1207 3505 1252 3566 uc
1266 3510 1426 3584 colummis,

1102 3592 1144 3650 dc
1158 3594 1264 3654 devote.

1032 3677 1175 3740 Benedicto
1189 3682 1302 3744 Creator
1315 3692 1448 3763 omnium,

996 3768 1144 3829 benedices
1158 3782 1265 3832 montes
1278 3774 1412 3854 fidelium,

998 3857 1103 3916 Nomen
1118 3867 1194 3919 tuum
1206 3864 1432 3945 benedicentium,

998 3946 1093 4005 iiortis
1110 3957 1163 4008 tue
1176 3968 1225 4024 ner
1238 3955 1399 4016 beneficium

1089 4039 1163 4110 Quos
1177 4043 1294 4105 salvasti.

924 4137 929 4149 ·
1031 4127 1174 4188 Benedicti
1188 4142 1217 4190 tu
1231 4135 1260 4191 in
1275 4136 1434 4195 mulierinus

968 4265 971 4274 .
1000 4216 1116 4275 Benedic
1130 4227 1154 4276 te
1168 4221 1399 4295 benedicentibus,

998 4305 1147 4365 Benedictis
1161 4309 1214 4366 tuis
1226 4311 1362 4382 uberibus,

996 4396 1048 4466 Qui
1062 4396 1108 4453 dnt
1126 4414 1215 4455 escam
1229 4402 1419 4464 esurientibus.

1103 4487 1188 4558 Quem
1208 4490 1321 4550 iactesti.

1032 4577 1105 4634 Lens
1118 4587 1146 4635 ct
1160 4580 1248 4638 honor
1261 4581 1295 4637 sit
1309 4581 1360 4639 Dei
1376 4582 1452 4652 Fibo,

994 4663 1082 4735 Solus,
1097 4667 1183 4727 virtus
1197 4676 1224 4726 et
1236 4671 1398 4744 benedictin,

994 4753 1138 4814 Benedicta
1164 4759 1199 4816 sit
1212 4760 1374 4832 incursuum

996 4842 1069 4900 flore
1082 4843 1156 4905 iliius
1169 4851 1368 4910 etresurreotio
1482 4850 1496 4872 ⁰

1085 4932 1115 4988 in
1130 4944 1273 4996 oeternum.

1031 5019 1192 5083 Benedictus
1205 5030 1241 5085 sit
1258 5031 1338 5088 Peter
1347 5030 1482 5093 luminum

995 5106 1140 5166 &cebete
1153 5113 1188 5170 sit
1201 5114 1286 5190 Virgo
1301 5119 1449 5195 virgiuum,

996 5194 1142 5255 Benedicat
1154 5214 1203 5256 cor
1220 5218 1312 5263 meum
1324 5207 1483 5286 Dominum,

996 5284 1127 5360 suosque
1145 5286 1245 5348 tonum
1261 5280 1444 5366 concussit,

1086 5376 1295 5448 sempiternum.
1338 5384 1434 5442 Amen.
