3706 5962
60 88 152 169 ιω·
707 106 896 173 ruminus
917 109 1074 177 martur.
1606 98 1612 105 '
1664 120 1721 184 ass

58 235 171 293 intar'n
187 233 362 305 aemma
375 233 480 303 sibam,
494 236 556 308 sios
575 237 703 311 loquatur
717 236 863 303 beneficio,
882 252 906 330 Ι
922 253 992 296 nous
1004 242 1096 300 omnia
1107 247 1315 320 suaviterlsop.
1327 258 1391 307 mut.
1402 243 1442 316 t).
1456 243 1551 304 suus
1564 247 1599 304 od
1613 242 1699 307 tinem
1708 267 1716 305 ι

59 325 123 395 ejus
139 330 169 379 et
185 321 310 392 iudicia?
331 321 427 378 Nullus
448 322 492 380 hic
515 340 606 382 serruo
627 325 727 382 nimius
749 344 754 379 :
775 325 865 383 nullus
921 342 936 380 a
964 327 1018 385 lide
1040 331 1074 386 ad
1093 350 1181 406 spem,
1209 334 1346 409 attingens
1366 332 1442 405 quasi
1470 333 1533 405 νίας
1557 335 1718 408 disponens,

60 412 126 469 satis
138 412 255 469 multus.
272 413 418 482 booltotc,
433 411 519 486 inquit
538 413 690 487 Scriptura,
711 416 864 474 Dominum
920 417 997 487 quasi
1010 420 1075 477 rita.
1091 425 1144 496 dqo
1158 441 1231 493 sum,
1247 421 1343 496 inquil,
1359 423 1417 492 oio,
1436 425 1464 477 et
1478 423 1594 493 veritos,
1615 431 1643 481 et
1657 429 1719 483 otto

60 501 694 577 quonimupotasti53otojorestauimOEccli.
711 518 790 571 sunu,
807 503 863 573 33).
919 503 1013 573 (loon.
1035 525 1093 580 xiv,
1108 512 1147 581 6).
1170 512 1218 568 llia
1239 511 1390 576 deduceris,
1406 509 1507 566 ueritas
1526 511 1639 581 domus,
1664 514 1719 570 uita

60 593 143 648 Dives
166 606 237 649 sane
265 589 390 655 mateda,
413 590 493 647 dulce
521 592 673 665 negotium.
699 591 768 662 Quid
791 590 865 647 euim
920 593 1090 655 dulcescens.
1115 600 1178 658 llaec
1197 601 1270 658 euim
1292 607 1334 656 est
1352 599 1406 656 vitu
1430 608 1544 666 aeterua,
1567 608 1597 655 ut
1614 616 1719 676 cogno·

59 679 190 738 dulcius?
211 678 278 752 quid
310 679 362 735 bac
384 679 564 751 occupatione
586 680 783 756 gratiusque
807 680 866 737 solu
919 693 995 740 scam
1012 693 1040 742 te
1051 703 1146 744 verum
1167 691 1253 746 Deum
1268 690 1360 760 (loon.
1377 703 1442 755 uvir,
1458 688 1496 757 3).
1521 688 1721 761 cognitialiter

58 769 202 827 fruitionis
215 768 348 844 angelicae
369 777 397 825 et
417 768 514 825 luturae
533 769 748 827 conversationis
766 784 864 841 super·
919 772 1000 842 plena
1014 773 1174 837 dulcedinis.
1191 777 1363 851 teimptelu
1377 792 1422 834 mc
1436 777 1547 834 lotitia
1558 792 1625 836 cum
1637 780 1721 837 uoltu

58 859 148 915 induit
161 867 191 915 et
206 858 285 915 vestit
298 856 467 930 imaginum?
482 859 592 916 Bonum
615 864 667 925 ert,
685 858 774 930 inquit
793 855 865 912 Psal·
921 865 968 917 toa
984 883 993 919 :
1008 864 1212 925 delectationes
1225 869 1258 923 in
1277 866 1398 924 deutero
1413 871 1465 921 tuo
1482 881 1568 940 usquc
1582 866 1618 922 od
1631 869 1721 937 fissam

58 965 133 1019 mus,
143 949 277 1018 confiteri
285 947 412 1009 Domino,
424 948 581 1018 ctpsotlere
590 947 769 1013 nominituo,
781 946 866 1004 titia·
919 950 1005 1020 (Prot.
1026 970 1071 1020 xv,
1097 956 1153 1026 ll).
1177 959 1207 1012 ln
1228 957 1280 1012 boc
1303 955 1359 1012 line
1386 954 1564 1027 disponemur
1587 956 1717 1025 suaviter,

57 1034 866 1108 sioue.Quiudalectoatimeinfucturotsic,atinoperiboa
919 1040 1027 1111 quando
1055 1041 1112 1113 ipsa
1138 1043 1218 1100 luerit
1236 1044 1326 1101 omnia
1349 1044 1376 1098 in
1400 1043 1544 1111 omnibus;
1565 1044 1718 1118 delatisque

58 1141 203 1182 munuum
216 1130 335 1181 morum
344 1125 491 1181 exsultabo
506 1123 593 1194 (Psoi.
609 1139 667 1194 xci,
683 1129 710 1193 2,
728 1124 765 1195 t).
787 1123 867 1179 Sitit
918 1129 1044 1187 omnibns
1058 1133 1158 1189 veteris
1180 1133 1299 1190 bominis
1318 1132 1452 1205 reliquiis,
1476 1134 1607 1204 absorpta
1630 1133 1684 1189 orit
1705 1147 1723 1189 a

57 1213 191 1280 delectat,
220 1212 260 1268 sic
285 1211 405 1269 laetilicat
431 1212 636 1285 magnificentia
655 1221 711 1280 tua,
733 1211 863 1279 Domino,
918 1216 973 1274 vita
985 1219 1143 1287 mortalitas,
1164 1222 1292 1279 auirtute
1312 1220 1466 1287 iulirmitns,
1481 1237 1497 1277 a
1514 1222 1628 1279 veritam
1642 1220 1720 1279 mi.

58 1303 180 1360 mnus
198 1301 265 1373 quid
278 1300 380 1358 lacietl
394 1300 417 1356 si
436 1301 592 1373 complaces
610 1301 639 1356 iu
654 1301 782 1374 operibus
797 1300 863 1370 tuis,
919 1313 977 1376 [αις
994 1317 1022 1364 et
1035 1309 1152 1364 carnalis
1166 1309 1385 1383 concupiscentia
1403 1309 1438 1365 ab
1454 1310 1622 1366 abundantia
1635 1309 1719 1382 spiri-

58 1391 86 1446 in
97 1399 125 1447 ta
140 1389 202 1462 ipso
213 1389 304 1462 qualis
319 1389 398 1446 nobis
411 1388 488 1446 crisi
918 1394 993 1449 tuali.

93 1483 111 1536 2
140 1478 247 1535 Felices
269 1477 317 1552 qui
340 1477 369 1533 id
389 1477 534 1551 praelibare
557 1487 690 1550 possunt:
713 1493 810 1535 vacare
835 1485 864 1534 et
953 1485 980 1538 l.
1003 1482 1071 1553 Quae
1093 1484 1222 1558 quoniam
1240 1483 1291 1540 sibi
1306 1485 1372 1540 dum
1396 1485 1438 1542 bic
1452 1485 1551 1541 vivitur
1564 1483 1717 1541 adversan-

59 1569 155 1624 ridere
178 1582 259 1641 quarn
279 1567 371 1623 maris
386 1575 429 1623 est
446 1566 596 1623 Dominusl
622 1568 682 1624 Heu
701 1565 765 1624 mel
789 1568 863 1641 quod
879 1601 902 1680 Β
917 1581 970 1640 tur,
985 1574 1162 1647 pugnandum
1178 1582 1219 1632 est
1238 1574 1355 1639 sortiter,
1380 1583 1411 1631 ut
1431 1573 1718 1647 pausemus-lalioiter,

60 1674 114 1715 non
140 1658 169 1712 in
188 1657 241 1714 boc
253 1657 343 1728 ipsum
361 1656 448 1713 libere
470 1655 598 1713 labuntur
615 1664 740 1729 tempora
760 1675 767 1714 :
791 1655 862 1728 quod
918 1671 946 1719 et
959 1679 1051 1736 pugna
1066 1671 1189 1720 vertatur
1201 1663 1230 1718 iu
1244 1678 1353 1734 pacem,
1368 1662 1438 1720 sicut
1451 1662 1581 1734 scriptum
1604 1671 1647 1721 ost
1662 1680 1669 1718 ε
1687 1665 1718 1719 lon

60 1747 195 1803 distracto
208 1744 382 1801 mordacibus
392 1744 467 1802 curis
480 1743 582 1813 auimo,
598 1759 727 1801 corrosus
741 1745 863 1817 quodam
913 1766 985 1823 paee
994 1751 1157 1825 tnteipmm
1165 1752 1308 1810 mmmm
1317 1756 1346 1807 et
1355 1750 1622 1826 requiescumffml.
1631 1751 1717 1822 ιω).

60 1835 142 1894 modu
156 1845 187 1892 et
204 1834 361 1891 dimidiatus
378 1835 413 1890 ad
432 1842 488 1890 tam
506 1834 581 1906 pium
599 1834 703 1891 accedo
717 1843 864 1906 spectacu·
918 1839 1021 1897 Onera
1040 1856 1091 1913 por
1108 1850 1137 1898 et
1149 1841 1231 1915 plena
1253 1856 1316 1914 pau,
1334 1846 1410 1896 tanto
1424 1839 1512 1915 magis
1525 1854 1601 1906 vera,
1616 1847 1720 1913 quanto

59 1925 134 1980 lum:
158 1922 234 1998 quod
258 1923 368 1993 deeius
382 1922 499 1996 jugitate
516 1938 579 1978 cum
602 1925 735 1995 propheta
753 1922 863 1995 gloriari
918 1928 1005 1985 minus
1018 1930 1109 1998 varia3
1135 1936 1210 1987 tauto
1231 1929 1348 2002 plenior,
1377 1936 1479 2002 quanta
1498 1928 1663 2001 perennior!
1689 1929 1720 1986 ld

61 2010 216 2069 nonlicet:
234 2013 320 2085 Super
342 2013 484 2084 mammon
506 2012 620 2068 Domini
639 2029 685 2085 eqo
705 2028 769 2067 aum
783 2017 864 2068 stom
917 2019 1011 2091 ipsam
1025 2017 1210 2075 diversitatem
1224 2017 1354 2084 excludit,
1370 2032 1422 2090 pau
1437 2017 1641 2075 adversitatem.
1656 2019 1725 2076 'Noo-

63 2104 166 2174 iupiter
172 2117 228 2175 per
237 2099 373 2170 diem3et
382 2116 467 2173 super
475 2101 734 2157 custodiommaom
745 2115 864 2172 eperum
919 2105 1492 2179 taoorobsmtfruotro,nacqeuarobuntin
1501 2105 1720 2162 conturbatione

61 2197 140 2246 stone
149 2193 221 2251 totis
236 2189 365 2248 noctibus
379 2190 450 2259 (luo.
460 2204 521 2255 xxi,
533 2189 640 2258 8).Non
655 2188 693 2243 illi
707 2189 863 2245 invacuum
917 2195 983 2265 (lm.
1008 2210 1070 2260 cxv,
1095 2196 1150 2265 2³).
1168 2195 1347 2264 Quassatam
1373 2209 1379 2249 :
1399 2195 1461 2251 Non
1484 2192 1647 2250 labombum
1660 2193 1721 2250 sina

60 2279 222 2337 diffluebant
237 2285 372 2351 tempore
386 2278 442 2334 imo
456 2292 511 2334 11011
524 2277 746 2352 ipsevaqabatur
762 2277 865 2334 etvoli-
917 2285 1021 2349 lructu3
1037 2298 1090 2341 nec
1103 2286 1265 2340 laborabunt
1286 2284 1322 2340 ad
1345 2283 1474 2340 fructum.
1490 2283 1585 2340 Nullus
1604 2282 1648 2338 bic
1660 2283 1720 2338 sine

61 2368 135 2424 tabat
147 2381 214 2425 cum
226 2373 365 2438 tempore,
379 2366 427 2440 qui
441 2372 565 2438 tempora
582 2365 696 2441 religata
711 2366 823 2422 tenebat
835 2365 863 2420 iu
917 2371 1130 2440 laborelructus,
1141 2371 1200 2428 siue
1214 2370 1302 2427 fructu
1316 2372 1395 2427 labor
1411 2370 1551 2443 frequens.
1565 2370 1634 2427 Cum
1648 2385 1719 2442 opa-

60 2457 100 2513 ssti
111 2454 250 2522 custodit,
265 2455 310 2511 vel
327 2455 355 2509 in
375 2453 484 2511 Domini
498 2455 610 2527 specula
628 2454 674 2510 illa
693 2454 862 2526 expendens.
919 2470 993 2517 ratus
1007 2459 1091 2517 fueris
1103 2469 1213 2526 terram,
1231 2475 1284 2515 non
1297 2459 1373 2516 dabit
1388 2459 1492 2515 tructus
1504 2473 1570 2515 suos
1583 2460 1664 2528 (dan.
1680 2471 1722 2529 ur,-

62 2545 186 2601 Stlubr'!
196 2544 310 2617 quidem
324 2542 381 2609 illu.
401 2544 451 2600 sed
468 2543 520 2599 itit
534 2543 653 2600 suavior·
669 2542 794 2615 Denique
813 2542 864 2598 ad·
920 2549 974 2622 lt).
990 2549 1070 2606 blodo
1091 2548 1258 2621 parturimus
1278 2555 1306 2604 at
1329 2547 1474 2620 gemimus,
1497 2554 1563 2603 tuuc
1585 2547 1622 2604 de
1639 2555 1718 2618 partu

61 2635 221 2692 serteillam
239 2633 312 2704 nocti
326 2642 522 2705 comparatam,
535 2633 615 2688 istam
627 2632 693 2689 diei.
710 2631 865 2700 Quidanim
918 2637 1047 2713 gavisuri.
1067 2638 1128 2693 Non
1153 2637 1278 2695 meminit
1299 2651 1438 2708 pressura
1451 2635 1551 2692 mulier
1574 2649 1637 2692 eum
1651 2650 1720 2706 pue-

62 2722 865 2798 aittpostoluslNacratemreueletotocioqloriomllomi·
919 2743 978 2783 rum
992 2725 1279 2799 preparationem.
1304 2726 1368 2795 tlt:
1389 2722 1497 2797 peperit
1510 2724 1584 2780 enim
1613 2734 1724 2779 masau-¹

62 2816 92 2870 oi
103 2813 297 2888 rpmtoateu,
313 2812 347 2867 io
360 2813 487 2870 camdem
501 2813 657 2883 imcqioem
674 2813 865 2882 transformo-
918 2815 985 2880 lum,
999 2815 1027 2871 in
1038 2829 1092 2888 quo
1107 2815 1199 2887 imago
1211 2822 1252 2869 est
1264 2822 1291 2869 et
1306 2811 1392 2886 gloria
1406 2812 1467 2869 Dei.
1483 2811 1539 2867 Sed
1547 2810 1658 2884 quando
1672 2809 1723 2867 llot

62 2901 341 2959 mocurttoteio
354 2899 520 2957 claritatem
530 2900 643 2972 (licor.
656 2915 697 2969 ru,
713 2900 765 2967 18).
785 2898 864 2970 Opti·
919 2903 1001 2971 istud,
1016 2903 1127 2975 quando
1150 2900 1349 2973 adimplebitur
1371 2901 1445 2974 quod
1468 2898 1568 2973 legitur
1584 2916 1591 2954 r
1609 2898 1722 2958 δοίιιιιιι

63 3007 132 3048 mum
141 2986 865 3064 plaueimmaculatumsocustodire,neccoulormari
919 2986 1720 3065 eumappareeru,queaumttareaetmusqotoetdett·

63 3077 243 3138 buicsoeculo
258 3077 699 3151 :sedlongepraestantiusluturo
710 3075 864 3145 reserenari,
919 3097 982 3137 mea
1000 3080 1162 3137 remeasti
1176 3079 1275 3149 πιθα
1287 3082 1368 3137 toea.
1384 3094 1426 3143 ιιι,
1437 3080 1479 3142 a.)
1493 3077 1535 3133 ud
1550 3078 1620 3133 banc
1635 3075 1720 3133 visio·

63 3176 88 3224 et
100 3166 321 3225 transformaris
333 3166 456 3224 claritate
464 3167 493 3222 in
508 3166 671 3222 claritatem.
688 3165 755 3222 lluic
764 3179 866 3236 specu·
919 3186 984 3227 nem
997 3169 1086 3227 omnis
1100 3176 1225 3227 creatura
1238 3166 1402 3240 ingemiscit,
1417 3166 1544 3239 suspirat,
1559 3175 1586 3223 et
1602 3163 1721 3238 parturit

63 3256 155 3313 buoni
169 3256 285 3322 instare,
300 3271 383 3328 super
400 3253 541 3328 speculam
555 3253 663 3310 Domini
683 3260 757 3309 stare
771 3260 822 3320 est,
839 3259 867 3308 et
919 3275 1005 3331 usque
1019 3258 1109 3313 adhuc
1118 3258 1210 3329 (Rom.
1225 3272 1282 3323 νιιι,
1294 3256 1350 3326 il).
1367 3255 1429 3326 lpsa
1439 3263 1482 3311 est
1494 3268 1558 3310 vere
1569 3252 1718 3326 Sapientia,

64 3355 131 3402 stare
145 3345 398 3418 mentemstooa,
413 3340 866 3417 inqulbjuyt'tt’t'perditm-Quid
919 3347 1037 3403 divinam
1057 3361 1108 3402 uos
1132 3344 1250 3402 suaviter
1272 3342 1421 3414 disponens
1448 3342 1483 3396 ad
1505 3340 1663 3414 imaginem,
1688 3339 1719 3396 ln

63 3434 152 3510 argui
166 3449 224 3491 ncu
237 3441 301 3490 sunt
318 3433 456 3491 infirmata
470 3449 559 3505 genua
573 3440 629 3498 tua,
647 3430 792 3487 benedicte
804 3445 868 3502 pro·
920 3434 1010 3490 multis
1025 3448 1097 3489 nuno
1117 3431 1219 3501 vexati,
1243 3439 1309 3487 tunc
1322 3430 1351 3484 in
1373 3427 1478 3485 cunctis
1501 3427 1572 3484 bene
1587 3426 1725 3497 dispone·'

63 3527 157 3597 pheta,
173 3523 342 3595 aiugitate?
360 3537 416 3580 nou
434 3530 499 3579 suut
515 3521 681 3577 infirmatae
694 3518 820 3590 jejunio‘.l
835 3518 867 3573 lit
920 3540 980 3579 mur
1007 3521 1085 3595 (Sap.
1114 3536 1155 3587 ur,
1187 3520 1216 3592 b)
1250 3533 1332 3575 :non
1359 3533 1410 3590 per
1449 3516 1525 3574 vices
1553 3522 1718 3587 temporum,

64 3614 175 3686 quidem
189 3627 244 3668 nou
257 3612 403 3683 jeiunium,
420 3611 470 3668 sed
484 3610 576 3667 suavis
589 3617 632 3666 est
650 3607 738 3682 magis
747 3607 867 3679 epulatio
921 3627 975 3668 nou
1003 3627 1054 3684 per
1077 3609 1180 3684 gradus
1207 3607 1394 3681 profectuum
1422 3621 1477 3663 non
1500 3606 1536 3662 da
1565 3603 1665 3661 virtuto
1691 3604 1720 3661 io

64 3701 220 3773 hujusmodi
232 3700 393 3773 speculatio.
409 3700 533 3773 Denique
547 3700 595 3771 qui
606 3698 708 3754 habitat
729 3697 757 3752 in
772 3696 865 3754 excel·
919 3701 1058 3768 virtutem,
1087 3715 1139 3755 nee
1175 3698 1210 3755 de
1237 3697 1360 3754 claritate
1401 3695 1430 3752 iu
1470 3694 1634 3764 claritatem,
1670 3693 1721 3751 sod
1816 3692 1819 3697 ’

63 3806 99 3858 ⁵⁰.
110 3788 194 3863 Ρθῦίὅ
207 3789 235 3846 ei
247 3790 329 3846 datus
342 3797 394 3856 0⁸².
405 3805 484 3862 aqum
497 3789 558 3859 eius
572 3787 667 3843 fideles
680 3793 754 3844 sunl.
920 3790 999 3846 simul
1020 3798 1049 3846 at
1072 3788 1158 3845 semel
1180 3787 1208 3843 in
1235 3786 1309 3844 omni
1331 3785 1430 3842 uirtute
1449 3791 1477 3841 et
1501 3783 1576 3841 omni
1594 3780 1720 3840 veritato.

95 3883 124 3935 3.
137 3877 208 3945 Quis
221 3877 298 3934 dabit
311 3877 378 3933 milri
397 3892 503 3948 pennas
520 3876 589 3933 sieut
602 3874 748 3942 columboe,
767 3880 798 3929 ut
819 3887 867 3928 vo-
921 3882 963 3935 dn
977 3894 1032 3935 uon
1048 3880 1099 3934 boc
1112 3876 1202 3950 ipsum
1226 3875 1310 3932 lsaias
1322 3874 1411 3932 dicit:
1433 3875 1594 3947 dalmacio
1612 3875 1722 3946 portus·

63 3966 117 4023 lare
132 3965 241 4039 possim
254 3965 282 4020 in
308 3973 362 4020 tam
385 3965 469 4021 iidam
491 3973 519 4020 et
537 3963 681 4021 fecundam
709 3960 865 4028 stationem,
920 3969 1004 4035 stret,
1018 3966 1151 4041 peperit,·
1166 3970 1321 4039 autequam
1331 3963 1508 4037 portaverat,
1527 3960 1722 4035 paparum·

64 4056 107 4110 ubi
129 4054 245 4128 requies
268 4051 354 4112 188
366 4060 409 4111 est
431 4061 459 4110 et
472 4052 609 4109 refectio?
629 4052 717 4108 Rarus
730 4047 797 4104 mibi
820 4047 867 4102 illo
920 4056 1051 4115 mim?
1060 4055 1140 4128 (pat,
1152 4070 1224 4121 qm,
1235 4055 1277 4127 7),
1288 4052 1356 4125 Quae
1366 4059 1408 4110 est
1420 4051 1484 4120 isia,
1499 4056 1647 4125 quarunt·
1659 4064 1722 4106 eun

65 4158 205 4207 occasus,
228 4144 251 4199 si
274 4151 366 4200 umen
387 4143 466 4199 ullus.
484 4143 581 4208 Raros,
593 4142 761 4197 tedforloel
784 4138 867 4193 inler-
921 4145 1105 4210 festinatione,
1119 4144 1180 4200 sina
1198 4144 1271 4200 omni
1287 4142 1448 4215 litigatione
1469 4139 1600 4212 peperit?
1623 4137 1720 4209 Utique

66 4241 161 4305 ruptus
175 4231 279 4299 statim,
294 4239 322 4289 ot
330 4232 514 4297 sicutumbra‚
525 4248 586 4287 cum
600 4229 728 4299 declinat,
737 4227 863 4284 ablatus:
881 4226 904 4304 n
921 4234 989 4306 ipsa,
1003 4235 1038 4290 de
1061 4249 1115 4307 qm
1137 4231 1284 4304 loquimur,
1307 4227 1456 4301 Sapientia,
1479 4243 1542 4300 quae
1562 4225 1630 4283 dicit
1646 4240 1653 4280 :
1667 4227 1723 4298 Epo

64 4321 154 4378 donec
176 4321 279 4377 iterum
313 4321 477 4378 locustarum
495 4335 572 4377 more
596 4319 716 4376 subitum
744 4315 866 4374 excutiar
922 4313 1632 4396 materpptchroeattmtpnmtapntttonts(mett.
1645 4326 1719 4379 uro,

65 4411 227 4467 insultum.
251 4411 341 4468 Bonus
365 4410 476 4484 quidem
502 4411 597 4478 saltus,
619 4408 654 4465 de
678 4422 732 4481 quo
754 4407 823 4479 legis
837 4403 865 4459 in
920 4413 977 4479 ut).
993 4413 1023 4466 ιιι
1037 4412 1088 4466 hae
1099 4408 1279 4482 parturitione
1293 4407 1388 4462 meod
1397 4405 1510 4478 plenum
1525 4401 1721 4474 pariet,quau·

66 4500 193 4556 Μωθῑ
210 4500 367 4570 ΝΟΜῙΜ
381 4499 466 4566 milli.
481 4500 609 4564 Domine.
621 4500 709 4569 finem
717 4511 824 4560 meum,
839 4495 868 4548 tl
920 4501 955 4557 do
969 4498 1029 4556 siue
1044 4495 1201 4553 dillicultato
1224 4494 1253 4549 iu
1267 4493 1419 4550 eternitate
1434 4487 1576 4546 veritatem
1596 4494 1722 4544 contem·

66 4605 220 4647 summ
229 4589 342 4645 dierum
355 4604 483 4645 mmm
493 4588 555 4662 quis
567 4592 620 4644 est.
635 4585 760 4658 lienique
774 4590 802 4639 et
815 4598 866 4655 pro
920 4586 1068 4660 plubimur;
1089 4581 1214 4640 charitati
1236 4578 1511 4653 contemperabimur.
1535 4575 1633 4635 Filioll
1651 4574 1720 4644 moi,

67 4676 198 4744 lulittae,
219 4676 321 4747 idest,
344 4691 395 4750 pro
415 4675 593 4744 transiliente,
616 4674 659 4730 bio
683 4673 802 4745 psalmus
824 4670 867 4725 in·
920 4672 1264 4750 quesitarumpurturio,
1278 4670 1519 4740 maturaretur
1542 4667 1672 4724 Christos
1689 4666 1722 4721 itt

67 4767 194 4825 scribitur
214 4765 304 4837 (Paul.
325 4780 448 4832 xxxviii,
463 4770 491 4835 s,
517 4766 555 4833 l).
570 4764 746 4820 Transilierat
766 4769 867 4818 cuncta
919 4758 1590 4833 volmaiiraulustcutct.1v‚la).·ltrqo‚nune
1605 4752 1720 4828 parturit

66 4874 127 4930 quse
150 4863 305 4925 transeunt,
328 4854 364 4910 ad
386 4870 495 4928 eaquae
512 4863 574 4910 sunt
589 4862 616 4910 et
630 4861 753 4920 manent,
774 4858 866 4908 niente
920 4852 1075 4926 Apostolus,
1087 4850 1219 4922 tuncipse
1229 4849 1361 4906 Dominus
1370 4847 1466 4921 pariet.
1483 4847 1515 4905 Si
1527 4861 1587 4918 eqo,
1602 4843 1652 4917 qui
1664 4858 1725 4898 ιω-

65 4945 276 5021 transmigrans.
294 4946 430 5001 Numerus
443 4944 489 4999 ille
505 4943 564 4999 sine
580 4957 705 5007 numero,
725 4943 786 4998 linis
806 4942 867 5003 siue
922 4942 1198 5015 tarcoporeresocic,
1212 4941 1271 5014 ipse
1285 4955 1343 4997 noo
1354 4935 1545 5010 poriomlqoi
1557 4929 1722 5006 promtio-

65 5036 133 5104 ina;
158 5035 224 5093 linis
248 5034 386 5092 macrum
410 5032 607 5103 exterminans,
632 5030 786 5089 lelicitatem
811 5050 866 5091 non
921 5048 987 5090 uem
999 5030 1239 5113 proeotccoemis,
1261 5026 1371 5084 eteritis
1390 5042 1454 5090 ero,·
1473 5022 1545 5079 dicit
1560 5018 1725 5077 comtemt-

64 5127 227 5184 terminans.
252 5122 325 5182 Finis
345 5123 418 5181 cuiun
442 5123 513 5198 legis
528 5121 660 5189 Christus,
682 5121 718 5177 ad
735 5123 884 5195 justitiam·
921 5123 987 5195 (luo.
998 5136 1070 5187 uum,
1084 5119 1126 5192 9.)
1140 5120 1197 5176 luno
1211 5117 1312 5175 erimus
1325 5128 1422 5171 omnes
1434 5109 1567 5169 docibiles
1581 5107 1644 5175 bei,
1659 5118 1725 5166 oon·

64 5213 279 5274 omnierodanti
294 5215 388 5282 [llam.
404 5230 431 5278 x,
446 5212 490 5285 l);
506 5210 568 5268 linis
582 5210 656 5267 idem
670 5211 730 5283 ipss
748 5210 812 5267 fidei
832 5211 868 5267 ad
922 5212 1025 5268 lurmes
1038 5208 1075 5265 ei.
1720 5236 1723 5241 ·

65 5306 189 5363 morum
211 5303 287 5360 omni
316 5302 454 5361 cernenti.
475 5301 614 5374 Siquidem
638 5300 697 5371 ipsa
727 5299 869 5371 Sapientia
958 5303 984 5355 ὅ.
1000 5297 1123 5369 Denique
1146 5293 1175 5349 iu
1195 5294 1245 5348 luae
1263 5288 1453 5349 consonuitata
1474 5287 1510 5344 de
1534 5288 1596 5359 ejus
1616 5286 1723 5346 risione

64 5394 202 5470 Quos
223 5408 241 5449 a
263 5390 319 5450 lino
341 5407 429 5465 usque
448 5389 715 5456 ad‘llnanriortiter,
731 5387 873 5462 etdispo··
922 5395 995 5457 nata,
1024 5386 1053 5442 in
1076 5381 1164 5443 ¹1⁸5
1184 5378 1298 5456 prolem
1326 5391 1491 5436 renovamur
1510 5376 1687 5436 masculinam
1709 5389 1716 5437 t
