3706 5962
168 198 222 260 519
706 189 896 256 meruius
914 189 956 248 bh
973 188 1146 258 lutuuidlll
1163 195 1265 259 DOMO.
1759 197 1816 259 52⁰

172 339 234 381 cum
266 322 364 381 viderit
391 330 443 378 taur
472 322 599 394 spatiosis
620 319 733 377 saltibus
770 318 963 377 transilientem
977 329 1001 407 fl
1017 319 1641 395 appellmtnrapndicisetcasuislahiis,ruotu
1656 322 1814 380 inordinato

93 466 102 479 ,
171 429 248 470 suam
266 410 585 485 potentiam,potentinm
607 410 743 468 creatoris
766 411 819 478 eui,
833 409 965 467 subsistat
1018 411 1212 483 rempublicam
1226 411 1439 472 infestaverint?
1453 411 1532 467 Certe
1544 410 1815 479 abscindantur,oon

169 512 196 558 et
208 502 325 559 dimittat
339 501 397 556 aias
411 516 483 565 suas,
500 499 619 556 retinens
633 517 673 566 se,
689 505 716 555 et
730 499 841 555 habenis
860 498 965 557 duflum
1017 497 1098 568 ferro,
1112 501 1162 557 sed
1173 502 1292 573 jejuui03
1309 517 1364 559 non
1389 499 1602 565 detruncatione,
1624 499 1673 554 sed
1695 498 1814 556 mortiti-

167 589 377 661 comparationis
391 604 420 644 sc
438 588 471 643 ad
491 604 521 644 se
544 588 674 662 colligens
688 599 715 643 et
742 587 880 654 cohibens,
909 602 963 643 uon
1015 588 1133 646 catione.
1149 591 1273 659 litteram,
1282 590 1369 664 inquit
1378 588 1535 663 Apostolus,
1546 585 1750 646 abscindantur
1764 592 1813 662 qui

166 678 382 751 transgrediatur
398 677 526 733 terminos
553 692 628 732 suos.
650 676 695 732 Sic
708 676 779 731 enim
793 684 886 731 saneta
904 676 964 730 ani·
1016 679 1358 752 oascoatarbaatfdotat.
1369 678 1520 748 v,l2).llis
1527 675 1754 748 persuasionibus
1764 693 1814 736 cor

167 767 246 822 mulia
259 767 288 821 in
303 767 410 825 visione
423 765 586 833 Ezechielis,
613 781 677 821 cum
697 766 778 835 fieret
800 782 854 824 voe
880 780 964 837 super
1016 766 1187 837 effrenatum,
1203 769 1230 824 iu
1245 785 1366 841 praeceps
1380 783 1489 826 cursum
1499 781 1579 823 suum
1591 765 1709 837 rapiens,
1725 766 1813 823 teneri

162 848 963 927 firmamentumquodimminebatcapitiaorurn,stabaat
1016 865 1114 926 potest,
1126 868 1155 913 ut
1165 857 1281 914 sithona
1295 856 1469 915 conscientia.
1485 859 1559 912 Boua
1569 861 1619 924 est,
1636 855 1660 911 si
1675 855 1812 912 habeatiu

169 949 198 1000 et
212 945 416 1003 submittebant
426 944 558 1004 atossuas
568 944 684 1012 (Ezeclr.
695 959 715 1007 r,
728 943 784 1011 25).
795 939 872 1011 Quod
883 939 963 1010 plane
1014 946 1095 1002 corde
1109 946 1266 1016 puritatem,
1280 947 1309 1002 iu
1319 963 1366 1005 ore
1380 945 1572 1018 veritatem‚iu
1583 945 1689 1001 actione
1699 944 1812 1003 rectitu-

165 1034 253 1089 saucti
269 1033 378 1103 iaciunt,
395 1049 458 1089 cnm
482 1033 652 1104 perlustratis
675 1029 803 1102 operibus
824 1038 850 1084 ct
877 1026 960 1085 mira·
1013 1031 1114 1092 dinem.
1136 1037 1189 1092 Pro
1204 1035 1247 1091 his
1267 1052 1385 1109 namque
1399 1035 1546 1092 merebitur
1563 1032 1700 1089 Trinitatis
1721 1034 1808 1091 visio-

166 1120 265 1176 bilibus
279 1121 330 1176 Dei
345 1136 428 1193 super
438 1120 655 1193 intelligibilibus
675 1117 842 1175 absconditis
855 1124 960 1189 myste-
1013 1136 1086 1178 uem.
1100 1121 1121 1179 0
1135 1122 1214 1179 beata
1228 1122 1306 1189 visio,
1323 1123 1351 1179 in
1362 1139 1417 1198 qua
1430 1125 1471 1179 sic
1485 1121 1622 1178 Deuserit
1635 1128 1808 1193 pausatque

164 1208 226 1278 riis,
247 1207 314 1265 nihil
329 1224 359 1265 se
373 1209 442 1265 scire
457 1207 673 1281 deprehendunt,
688 1207 737 1261 sed
752 1213 888 1261 momento
902 1208 960 1260 sie·
1011 1209 1184 1281 perspicuus,
1200 1219 1230 1267 ut
1247 1210 1372 1270 videatur
1385 1229 1401 1268 a
1414 1210 1530 1284 siugulis
1544 1207 1622 1267 nobis
1640 1206 1670 1263 in
1691 1208 1809 1280 siugulis

165 1305 237 1353 terte
251 1297 342 1354 omnia
355 1312 437 1370 opera
449 1312 497 1352 sua
518 1295 683 1368 appendunt.
698 1294 775 1350 Tunc
788 1308 818 1348 se
832 1308 911 1350 noua
929 1308 959 1349 se
1013 1296 1094 1353 nobis
1105 1315 1111 1352 :
1124 1298 1393 1372 rideaturinseipso;
1403 1296 1636 1358 uideaturiucoelo
1647 1311 1731 1368 novo,
1741 1303 1768 1352 et
1781 1296 1809 1351 in

172 1387 275 1445 moueri
288 1402 336 1444 cor
350 1386 489 1458 intelligit;
504 1384 568 1457 quia
581 1401 630 1457 per
648 1399 677 1440 se
691 1382 829 1439 immobile
854 1397 957 1453 perma-
1012 1395 1082 1442 terra
1097 1401 1175 1455 nova,
1190 1394 1270 1460 atque
1284 1389 1311 1444 in
1326 1388 1399 1444 omni
1413 1404 1474 1461 quae
1488 1395 1552 1443 tuno
1564 1385 1645 1443 fuerit
1662 1381 1805 1442 creatural

164 1480 254 1540 neret,
263 1474 316 1529 nisi
330 1473 378 1546 qui
391 1473 482 1530 omnia
495 1481 594 1541 movet,
608 1472 674 1529 illud
686 1487 794 1544 quoque
813 1469 882 1526 iuter
896 1483 955 1527 om·
1308 1475 1421 1534 CAPUT
1434 1477 1497 1533 xv.

161 1563 206 1618 nia
235 1572 364 1619 moueret·
384 1564 533 1619 hlutuatnm
557 1561 640 1636 igitur
666 1579 682 1618 a
704 1561 763 1618 Deo
787 1573 955 1633 cognosceus
1143 1566 1181 1624 Dp
1196 1563 1267 1623 libro
1288 1566 1468 1624 conscientiae
1488 1563 1672 1622 emendanda.

161 1660 265 1708 motum
279 1667 372 1719 suum,
386 1653 441 1723 jam
456 1668 512 1708 non
526 1659 640 1723 usurpet
652 1658 683 1706 ut
696 1649 846 1721 proprium,
861 1648 909 1703 sed
927 1656 955 1706 ut
971 1659 994 1737 fl
1046 1657 1090 1710 2ι.
1107 1656 1231 1711 ilumana
1254 1654 1419 1712 conscientia
1440 1662 1482 1710 est
1500 1652 1609 1710 Domini
1623 1652 1712 1724 vinea,
1725 1665 1806 1722 quam

160 1739 370 1809 commodatum.
390 1741 432 1796 rid
453 1743 619 1797 voluntatem
641 1754 757 1810 namque
781 1737 955 1794 commodan-
1009 1744 1132 1802 excolere
1158 1743 1256 1802 debent
1283 1753 1454 1815 peccatorum
1469 1740 1615 1811 confessio,
1647 1746 1675 1797 et
1709 1753 1804 1797 eorum

161 1829 205 1896 tis,
223 1830 449 1886 commodatarius
472 1831 511 1886 uti
526 1828 606 1885 debet
622 1826 808 1885 commodato:
833 1826 954 1899 alioquin
1009 1832 1170 1904 satisfactio,
1206 1842 1233 1889 et
1274 1832 1404 1891 exhibitio
1447 1832 1581 1888 honorum
1618 1844 1742 1902 operum,
1778 1835 1806 1884 et

162 1920 264 1976 furtum
279 1918 342 1977 tacit
365 1920 393 1974 in
412 1935 442 1975 rc
455 1918 633 1976 commodate.
1008 1922 1132 1977 custodia
1159 1936 1263 1978 eorum.
1293 1920 1443 1991 Unicuique
1475 1927 1517 1975 est
1553 1918 1622 1973 liber
1656 1933 1707 1973 sua
1736 1931 1805 1972 cou-

408 2024 495 2082 pm
510 2024 622 2082 CAPUT
635 2024 710 2081 χιι,
1009 2009 1139 2066 scientia:
1180 2016 1207 2065 et
1238 2010 1277 2065 ad·
1307 2010 1382 2066 hunc
1415 2008 1513 2063 librum
1546 2004 1742 2063 obnubendum
1778 2010 1805 2061 et

161 2134 200 2191 De
214 2116 684 2205 admmitionibmdivinis,quim
700 2128 957 2187 subt-„demovetur
1008 2098 1207 2154 emendandum
1229 2113 1323 2154 omnes
1347 2097 1391 2151 alii
1420 2094 1519 2153 intenti
1543 2094 1804 2151 suut.Auimacum

195 2219 243 2260 00,-
257 2204 379 2261 gomma,
393 2204 430 2259 ag
443 2209 529 2261 gam
547 2203 684 2262 „emaum
697 2204 848 2268 creatum,
863 2205 890 2257 gp
910 2215 955 2256 re.
1009 2187 1043 2242 de
1056 2202 1170 2259 corpore
1190 2186 1357 2260 egredietur,
1382 2185 1486 2241 nullum
1513 2183 1593 2238 alium
1617 2188 1715 2254 praeter
1739 2196 1805 2237 con·

193 2279 276 2332 ctum
283 2276 330 2331 sai
342 2276 431 2347 ipsius
443 2276 580 2347 regimen.
1009 2274 1129 2331 scientim
1142 2290 1201 2331 suae
1222 2274 1320 2331 librum
1338 2287 1431 2329 secum
1456 2280 1564 2344 portare
1588 2267 1698 2342 poterit,
1722 2275 1805 2340 etque

197 2367 242 2420 22.
262 2362 331 2420 Cum
354 2363 436 2438 igitur
449 2370 476 2420 te
501 2361 615 2419 mouent
631 2360 715 2433 Deus,
729 2361 773 2420 vel
787 2360 889 2418 moveri
904 2375 953 2417 ro-
1009 2363 1036 2416 in
1051 2363 1098 2420 illo
1111 2371 1258 2434 cognoscet
1271 2377 1326 2435 quo
1340 2362 1437 2418 debeat
1450 2360 1502 2425 ire.
1517 2369 1543 2415 et
1561 2357 1626 2431 quid
1644 2357 1746 2414 debeat
1760 2370 1804 2413 m-

158 2451 341 2521 luerit,oeor
366 2453 523 2518 humanum,
549 2451 696 2510 movearis:
727 2449 806 2508 aliter
828 2465 881 2508 uon
895 2464 955 2503 mo·
1009 2450 1112 2522 cipere.
1127 2451 1167 2507 Ex
1182 2451 1226 2506 uis
1249 2466 1310 2522 quae
1331 2451 1524 2518 scriptaeruut
1546 2446 1574 2501 in
1600 2444 1678 2500 libris
1704 2443 1805 2501 uostris

159 2543 261 2610 rearis3
279 2541 405 2613 quianon
419 2549 492 2598 esset
506 2541 619 2611 moveri,
633 2541 681 2598 sed
698 2540 875 2598 commoveri.
902 2535 955 2594 Sed
1007 2538 1201 2609 judicabimur,
1218 2549 1246 2596 et
1258 2539 1320 2595 ideo
1334 2538 1415 2594 scribi
1428 2536 1528 2592 debent
1541 2534 1690 2591 meandum
1711 2546 1805 2589 exem-

159 2631 269 2700 quando
285 2638 313 2686 te
329 2637 420 2686 mouet
444 2629 538 2685 Densi
561 2628 628 2684 Cum
657 2628 793 2687 adorauet.
820 2627 956 2684 Admouet
1008 2627 1070 2699 piar
1086 2628 1146 2684 libri
1160 2629 1245 2686 vitae:
1272 2637 1299 2683 et
1323 2627 1346 2682 si
1368 2625 1407 2682 sic
1431 2624 1522 2696 scripti
1542 2633 1681 2687 nonsunt,
1707 2620 1802 2677 saltem

159 2718 300 2774 autemsic
316 2736 322 2772 ι
340 2718 414 2773 Vane
437 2717 590 2788 occuparis,
606 2733 623 2772 o
637 2730 684 2772 cor
706 2717 814 2787 sapiens
828 2724 855 2773 et
881 2716 954 2772 omui
1008 2717 1164 2791 corrigendi
1188 2726 1259 2773 sunt.
1280 2715 1457 2773 Conlermuus
1479 2714 1568 2784 itaque
1586 2711 1672 2768 libros
1694 2715 1803 2767 nostros

161 2807 340 2875 praerogatiua
353 2803 499 2871 excellens,
519 2803 548 2858 iu
570 2805 611 2859 hie
627 2820 687 2876 quae
701 2804 832 2861 vanitates
845 2803 951 2859 uanita-
1007 2821 1068 2862 cum
1088 2805 1157 2862 libro
1170 2805 1231 2862 vitae
1247 2819 1254 2860 :
1270 2814 1297 2860 et
1318 2802 1341 2858 si
1364 2803 1430 2873 quid
1453 2800 1530 2857 aliter
1552 2798 1706 2866 habuerint,
1720 2795 1803 2854 oorri·

164 2901 222 2947 tum
236 2899 309 2947 sunt.
324 2893 386 2949 Non
399 2901 425 2949 tc
440 2892 517 2948 dccet
530 2891 572 2947 his
586 2893 708 2959 subesse,
723 2892 952 2963 sedpraeesse.'le
1008 2903 1114 2968 gantur,
1144 2909 1178 2948 ue
1200 2895 1228 2948 iu
1251 2892 1295 2950 illa
1324 2891 1420 2947 ultima
1442 2890 1594 2959 collatione,
1617 2888 1640 2942 si
1666 2886 1800 2958 quidpiam

168 2979 360 3054 indigentiam,
376 2988 406 3038 ut
434 2980 529 3038 melius
548 2989 575 3037 et
597 2981 765 3038 commodius
779 2982 924 3038 subsistant
942 2998 951 3037 t
969 2933 991 3013 Β
1010 2985 1090 3041 aliter
1104 2982 1206 3040 inventi
1225 2982 1326 3038 fuerint
1342 2981 1481 3050 habentes,
1506 2978 1678 3048 abjiciantur.
1707 2973 1803 3031 Beatm

162 3078 189 3124 tu
205 3067 248 3123 hie
258 3083 347 3141 neque
360 3069 394 3125 ed
405 3068 594 3127 beatitudinem
610 3069 727 3142 indiges,
742 3085 829 3144 neque
849 3071 884 3124 ad
897 3068 952 3124 im·
1010 3072 1101 3140 homo,
1118 3073 1165 3144 qui
1189 3087 1219 3128 se
1240 3077 1330 3143 potest
1343 3083 1507 3141 cognoscere
1522 3077 1549 3121 et
1567 3064 1717 3136 despicere,
1738 3076 1802 3132 pro·

162 3156 363 3216 mortalitatem.
388 3157 520 3217 faucum
543 3158 651 3230 quidem
668 3160 792 3228 jumento
815 3165 862 3214 tuo
881 3173 952 3229 prae·
1009 3162 1072 3217 bare
1086 3167 1114 3216 et
1124 3160 1289 3232 improbare.
1302 3161 1369 3216 Nam
1380 3158 1427 3231 qui
1441 3155 1493 3215 sibi
1510 3153 1643 3229 displicet,
1662 3152 1722 3210 Deo
1741 3152 1801 3222 pls-

117 3257 120 3264 '
161 3246 357 3320 parentinum,
373 3246 419 3303 sed
434 3247 458 3303 si
481 3247 515 3304 ad
542 3261 697 3303 oreusuram
718 3254 868 3314 sumantur,
898 3261 953 3304 non
1007 3257 1073 3306 cet:
1099 3257 1127 3304 et
1148 3248 1196 3321 qni
1216 3246 1269 3304 sihi
1289 3248 1349 3303 tilis
1371 3254 1424 3315 est,
1447 3245 1505 3300 Deo
1527 3244 1625 3300 charus
1643 3238 1803 3296 estulntta

156 3335 190 3390 ad
213 3335 440 3408 superfluitatem.
464 3335 503 3392 Fa
528 3335 710 3408 superfluitate
729 3336 802 3392 enim
829 3336 952 3393 ciborum
1011 3345 1074 3392 suut
1088 3336 1206 3393 scientim
1230 3336 1382 3402 hominum,
1406 3332 1454 3389 sed
1478 3331 1552 3387 nulla
1574 3329 1734 3386 meliorest
1756 3325 1801 3381 illa

157 3426 322 3496 quandoque
335 3425 514 3481 intunduntur
531 3426 664 3496 jumenta,
686 3434 713 3480 et
726 3424 753 3481 in
782 3424 882 3482 ventris
906 3424 951 3479 ui·
1008 3442 1061 3498 qua
1074 3425 1215 3499 cognoscit
1232 3425 1314 3481 homo
1329 3423 1458 3494 seipsum.
1482 3419 1663 3489 Quamobrem
1691 3417 1801 3472 redeam

153 3513 236 3569 miam
249 3513 422 3571 effluxionem
445 3512 625 3581 resoluuntur,
644 3514 680 3568 ιιι
703 3522 734 3570 ιι
751 3528 784 3568 ex
806 3512 950 3570 refectione
1006 3516 1041 3571 ad
1066 3531 1116 3574 cor
1141 3530 1242 3583 meum,
1266 3520 1294 3570 et
1318 3511 1355 3568 ibi
1380 3517 1454 3568 stare
1482 3500 1646 3576 assuescam,
1665 3512 1695 3560 ut
1717 3512 1801 3561 totam

152 3601 293 3658 deficiant.
311 3601 357 3658 Sic
375 3616 476 3673 corpus
497 3609 583 3672 mum,
610 3600 769 3672 oprinceps
792 3608 820 3657 et
841 3600 950 3658 domine
1005 3604 1089 3662 uitam
1112 3620 1201 3662 meam
1220 3600 1308 3660 8⁴15
1329 3600 1434 3674 possim
1460 3598 1607 3666 discutere,
1621 3600 1648 3650 et
1667 3593 1801 3666 meipsum

155 3692 288 3760 corporis,
313 3689 338 3744 si
366 3692 473 3761 regulas
497 3688 665 3747 necessitatis
682 3690 837 3760 excesserit,
862 3701 889 3746 et
916 3690 949 3745 ad
1007 3709 1184 3768 cognoscere.
1205 3691 1305 3749 Omnes
1326 3691 1449 3746 miserias
1474 3703 1551 3743 meas
1573 3700 1663 3741 coram
1685 3681 1743 3739 Deo
1756 3680 1800 3738 ef-

156 3776 314 3834 barathrum
328 3775 551 3847 mnenpiscenda
564 3791 596 3832 os
615 3777 759 3848 aperuerit,
775 3779 861 3835 lacum
883 3795 948 3850 pcr-
1003 3782 1126 3847 tundam,
1142 3782 1165 3836 si
1179 3781 1249 3839 forte
1264 3780 1312 3835 illa
1326 3795 1374 3835 sua
1388 3792 1485 3849 magna
1500 3775 1586 3848 pietas
1604 3778 1711 3831 moveat
1724 3787 1798 3829 eum.

157 3865 273 3922 ditionis
287 3863 339 3920 sthi
367 3865 462 3923 effodit
486 3866 514 3921 in
532 3865 649 3937 hospitio
671 3865 859 3938 repertitium,
874 3879 902 3923 et
914 3866 948 3921 du
1005 3869 1162 3928 Confitebor
1170 3870 1195 3925 ei
1210 3876 1320 3940 peecata
1334 3883 1406 3932 mea,
1430 3865 1473 3921 cui
1495 3862 1587 3923 omnia
1600 3862 1673 3919 nuda
1695 3869 1760 3919 tutti
1773 3870 1800 3917 0²

163 3953 288 4009 remedio
302 3963 440 4023 comparat
453 3953 575 4020 uxilium,
591 3953 948 4028 devehiculonaufragium.
1013 3968 1115 4032 aperta,
1142 3974 1222 4030 quem
1245 3957 1339 4013 fallere
1360 3971 1414 4010 uon
1438 3968 1562 4027 possum,
1583 3949 1647 4025 quia
1667 3947 1800 4022 sapientia

161 4041 234 4109 Quid
247 4041 381 4111 proinde?
394 4042 562 4113 superfluum
578 4042 648 4100 tollit
661 4045 852 4103 necessarium.
866 4044 949 4102 hufer
1006 4058 1047 4107 est
1063 4069 1071 4122 3
1085 4063 1137 4105 nee
1146 4046 1277 4122 effugere,
1294 4046 1358 4117 quia
1372 4044 1472 4113 ubique
1484 4053 1534 4101 est.

150 4130 314 4201 superflua,
329 4143 356 4186 et
377 4129 444 4187 nudi
455 4130 570 4188 deerunt
596 4131 761 4199 necessaria·
775 4131 839 4203 quit
853 4133 886 4188 de
900 4150 947 4188 su·
1289 4134 1402 4192 CAPUT
1417 4132 1490 4191 Xlll.

165 4219 340 4290 superfluenti
354 4220 434 4292 copia
448 4219 558 4278 aliorum
572 4219 690 4277 nascitur
703 4219 783 4277 raldo
792 4235 866 4294 egra
878 4221 946 4278 alio·
963 4209 988 4288 ss
1002 4229 1138 4302 Deplorat
1147 4225 1228 4289 lauro
1237 4241 1333 4284 coram
1340 4225 1395 4280 Deo
1404 4219 1535 4278 miserias
1543 4214 1798 4292 saasaaqaietudi-

149 4333 209 4375 rum
221 4317 323 4388 iuopia.
1099 4332 1165 4375 aem
1179 4313 1282 4382 cordis,
1299 4318 1327 4370 et
1341 4311 1376 4368 ad
1390 4310 1468 4367 mata
1479 4308 1707 4382 propensionem.

196 4411 241 4464 23.
256 4407 344 4462 Tuum
358 4407 482 4462 estmale
496 4409 716 4481 actacorrigere:
745 4417 822 4466 tuum
848 4419 889 4468 est
914 4411 941 4466 in
1033 4411 1079 4466 25.
1106 4406 1180 4464 Audi
1210 4419 1287 4479 ergo,
1320 4401 1442 4475 piissime
1472 4400 1556 4467 Deus,
1595 4396 1793 4452 contessionem

150 4495 254 4564 ordine,
268 4498 297 4553 et
318 4494 409 4553 officio
423 4494 552 4552 familiam
575 4497 755 4554 membrorum
769 4500 900 4568 corporis,
916 4508 943 4555 et
999 4513 1088 4553 meam
1105 4514 1112 4566 ;
1129 4504 1155 4554 et
1175 4494 1278 4567 respice
1292 4493 1326 4548 ad
1344 4491 1469 4560 pietatem
1484 4496 1567 4551 tuam,
1581 4492 1608 4541 et
1623 4485 1666 4540 fac
1685 4498 1792 4540 mecum

149 4585 247 4640 animm
270 4593 390 4641 motuum
419 4583 582 4656 disponere:
602 4596 670 4653 tum,
696 4585 863 4659 singulorum
891 4603 941 4645 ne-
997 4588 1147 4645 secundum
1168 4581 1381 4642 miscricordiam
1396 4590 1478 4637 tuam.
1493 4576 1565 4635 sudi
1578 4589 1659 4648 quam
1671 4572 1793 4645 saepede

152 4673 232 4744 gotie
244 4673 394 4730 secundum
416 4674 624 4745 competentiam
651 4675 802 4747 assignare.
818 4676 879 4734 Non
909 4676 945 4734 sit
998 4675 1130 4733 memoria
1145 4689 1208 4731 mea
1229 4680 1256 4730 te
1279 4670 1382 4743 expulit
1395 4668 1503 4725 irruens
1518 4664 1595 4721 turba
1617 4662 1790 4733 plurimarum

155 4759 184 4815 in
199 4776 283 4833 reguo
301 4762 424 4833 corporis
436 4763 485 4832 tui,
501 4763 547 4834 qui
561 4763 635 4836 leges
649 4773 676 4820 et
688 4766 749 4833 iura
760 4765 943 4824 institutorum

160 4859 269 4906 tuorum
282 4849 392 4923 impune
404 4852 609 4924 praevaricatum
620 4867 675 4908 non
693 4852 797 4921 oculus,
813 4871 869 4912 nou
886 4873 943 4912 me-

158 4953 219 5007 nas,
234 4954 287 4996 nun
303 4955 361 5012 pes,
374 4955 428 4996 uon
442 4939 523 5003 auris,
535 4955 589 4996 non
603 4948 705 5012 guttur.
720 4940 792 5011 Quid
814 4945 886 5001 euim
907 4946 942 5000 de

149 5026 360 5102 ignobilioribus
379 5035 407 5085 et
423 5027 536 5101 plebeiis
563 5030 694 5085 membris
720 5030 831 5087 dicam?
850 5031 879 5088 Si
900 5035 943 5090 rel

153 5127 295 5178 attrectare
333 5117 510 5176 rebellionem
544 5118 776 5192 presumpserint,
808 5119 944 5193 lapidibus

158 5211 318 5279 obmantur,
332 5210 429 5280 jaculis
452 5209 664 5283 increpationum
691 5208 888 5278 confodiantur,
916 5224 942 5269 et

159 5300 284 5359 noverint
307 5316 397 5375 regem
425 5301 596 5359 Salomonem
621 5299 716 5357 sedere
739 5314 821 5370 super
842 5301 943 5358 mulam

150 5387 237 5459 regu,
247 5389 276 5444 id
290 5398 333 5444 est
346 5388 479 5448 rationem
492 5404 575 5460 super
593 5389 796 5446 sensualitatem
810 5390 943 5461 eorporis.

143 5474 501 5559 -Qufflssssffifflflifflr
519 5492 581 5550 (μ’
592 5476 685 5565 ‚Velm
703 5493 816 5554 W
834 5493 945 5553 mm

1002 4766 1205 4838 cogitationum,
1222 4777 1283 4834 quaa
1298 4759 1371 4818 uelut
1385 4756 1460 4830 plebs
1475 4757 1508 4811 ad
1530 4750 1639 4825 aliquod
1651 4759 1791 4821 spectacu-

1000 4857 1054 4911 lum
1071 4855 1161 4911 aolent
1183 4852 1293 4909 elfluere
1315 4851 1344 4905 in
1365 4863 1412 4904 cor
1425 4860 1529 4901 meum.
1551 4843 1622 4898 Dum
1646 4855 1728 4897 orare
1749 4837 1793 4895 vel

997 4953 1107 5000 cantare
1126 4943 1154 4997 in
1169 4938 1332 4996 monasterio
1346 4936 1417 5003 uolo,
1438 4932 1529 4991 nescio
1543 4927 1697 5002 cuiusmodi
1715 4925 1794 4984 stulta

975 5072 980 5079 -
1001 5030 1132 5108 cogitatio
1146 5044 1192 5087 eur
1205 5042 1296 5100 meum
1311 5027 1389 5098 rapit,
1405 5031 1433 5081 et
1454 5021 1528 5080 ducit
1541 5035 1590 5093 per
1604 5018 1713 5075 diverse
1723 5014 1793 5073 lom.

1002 5124 1123 5195 Cumque
1132 5118 1198 5175 illud
1212 5118 1300 5174 adme
1315 5128 1425 5181 revoco,
1440 5122 1530 5170 tenere
1544 5124 1598 5166 nou
1609 5121 1733 5181 possum,
1746 5101 1795 5161 sed

1009 5211 1081 5268 illico
1096 5208 1222 5277 elabitur,
1247 5216 1273 5264 et
1295 5207 1348 5262 huc
1371 5203 1487 5274 illucque
1510 5197 1682 5272 dispergitur,
1698 5200 1725 5251 et
1747 5207 1796 5266 per

1005 5303 1144 5358 innumera
1156 5296 1316 5356 effunditur.
1329 5293 1431 5350 idcirco
1445 5291 1540 5348 crebra
1554 5295 1721 5343 terrenarum
1744 5297 1794 5339 cu·

1002 5391 1147 5466 piditatum
1170 5387 1307 5454 illecebra,
1336 5391 1364 5441 ct
1389 5381 1537 5440 vanitatum
1560 5372 1657 5434 effusio
1684 5372 1721 5428 ita
1747 5385 1797 5428 cor

1008 5496 1105 5559 meum
1116 5483 1261 5555 occupant,
1275 5481 1305 5535 ut
1316 5472 1392 5547 quod
1403 5471 1488 5534 vitare
1499 5467 1636 5539 sudeam,
1651 5462 1706 5527 hoe
1721 5457 1797 5535 uoci·

1210 5716 1224 5753 4
