3706 5962
65 206 119 267 249
671 210 706 270 ΙΝ
724 208 862 270 Gle'lGd
880 206 985 270 staua
1003 208 1121 271 xcviii.
1669 210 1725 272 250

66 331 160 388 adtait.
184 331 246 388 lina
271 348 388 390 numero
416 335 444 390 in
471 342 587 409 utroque
614 339 656 393 est
687 337 813 410 qualitas,
842 344 870 394 et
886 353 910 434 g
925 338 1018 411 qualis
1036 341 1080 394 εει
1093 336 1212 394 dilectus
1227 340 1302 402 tuas,
1318 335 1495 408 quoniamsic
1504 336 1647 408 adjurasti
1656 337 1724 395 aas?

66 422 255 477 summanalia
278 423 402 494 qualitas,
419 424 472 481 imo
493 427 644 482 substantia
666 427 790 498 qualitas.
808 427 870 482 ldeo
924 426 1091 491 ludaeorum,
1115 425 1214 481 fratres
1235 423 1298 489 mei,
1325 422 1445 480 nondum
1470 430 1578 495 tempus
1600 425 1721 493 aduenit,

67 510 175 575 Filium,
192 511 282 583 qualis
303 520 345 568 est
369 514 456 580 Pater,
473 516 555 570 talem
578 531 650 582 esse,
665 524 707 571 est
730 515 757 571 id
781 516 869 588 ipsum
926 523 1048 572 nostrum
1062 523 1155 571 autern
1179 529 1290 585 semper
1302 519 1428 585 paratum
1453 519 1504 568 est.
1527 512 1594 570 ldeo
1615 514 1724 572 ominis

67 599 141 671 quud
155 599 237 656 Pater
251 608 369 657 estesse
387 600 480 660 188.
495 604 590 674 Qualis
604 606 685 661 Pater
698 612 749 674 est,
765 605 827 659 talis
842 612 870 660 ει
926 604 1030 662 friuolis
1044 609 1074 660 ει
1087 601 1458 671 iraudulentisaermonibus,
1468 600 1623 672 hujusmodi
1633 603 1722 659 admi·

66 689 173 769 Filius:
192 698 221 745 et
233 690 295 761 ipsa
308 691 426 764 qualitas
440 700 483 748 cst
497 701 621 765 uterquc,
636 693 871 750 consubstantialis
927 692 1072 760 rationum,
1088 692 1132 749 val
1146 691 1392 766 interrogationum
1410 689 1577 747 commercia
1592 690 1720 748 calabre-

66 785 109 832 est
123 777 176 846 illi,
193 785 222 834 et
236 779 334 835 eadem
350 787 392 835 est
406 796 469 837 com
483 780 530 837 illo
544 782 704 838 substantia.
715 782 871 838 Substantia
926 796 987 838 mus
1000 780 1029 837 in
1043 781 1223 838 conuentibus
1236 780 1348 838 nostris.

65 880 123 922 uon
138 873 246 922 tantun
260 868 411 925 subsistere
425 870 583 937 conferens,
599 871 648 927 scd
663 878 691 927 et
705 871 765 943 ipsa
779 870 871 927 subsi-
961 875 987 925 ιι.
1002 869 1111 927 Utinam
1128 885 1173 925 vos
1188 869 1259 925 talea
1273 868 1334 924 sitis
1348 867 1421 935 filiae,
1436 883 1501 941 quse
1513 867 1579 923 talia
1593 866 1722 940 dogmata

64 966 153 1023 stans,
171 958 277 1023 virens,
295 969 401 1030 patens,
417 961 583 1035 intelligens.
926 958 1088 1016 desideretis
1101 958 1212 1015 audiret
1229 957 1335 1013 utinam
1348 964 1376 1013 et
1395 971 1447 1029 ego
1467 956 1529 1012 talis
1543 955 1595 1012 dm
1608 972 1721 1030 speum,

100 1050 130 1102 a.
147 1046 240 1101 Talem
263 1047 397 1118 praedicas
421 1048 548 1106 dilectum
565 1058 639 1106 tuum
655 1068 688 1108 ea
703 1051 814 1119 dilecto,
831 1059 872 1106 ta·
926 1063 942 1101 a
962 1062 1016 1120 qua
1034 1045 1148 1103 valeatis
1170 1054 1273 1119 paratas
1292 1045 1356 1101 talia
1378 1045 1487 1118 patarei
1509 1045 1533 1102 Ο
1553 1046 1632 1102 beate
1655 1062 1722 1104 rere

63 1134 120 1189 lem
142 1133 251 1190 definis.
276 1135 305 1190 Si
325 1135 384 1192 lieri
407 1144 508 1209 potest,
524 1139 605 1209 bajus
618 1138 680 1196 lidei
697 1140 776 1197 nobis
789 1140 871 1196 ratio-
926 1142 1086 1207 materque
1099 1135 1213 1192 sibidici
1228 1135 1324 1191 audire
1339 1137 1514 1193 meretur:0
1526 1135 1722 1208 pulcherrima

64 1239 132 1278 nem
145 1223 279 1293 edissere,
294 1233 322 1280 et
346 1226 446 1282 suflicit
468 1227 558 1282 nobis.
575 1227 695 1284 Ostende
713 1228 793 1285 uobis
816 1229 871 1284 Pa·
925 1223 1344 1295 memoratissimum
1367 1223 1594 1296 pulchritudinem
1618 1229 1722 1280 tantam

67 1320 149 1378 trem,
165 1320 192 1367 et
207 1311 308 1370 sedicit
332 1314 422 1371 nobis.
436 1317 578 1380 Quomodo
597 1317 715 1374 sciemus
729 1318 816 1390 qualis
830 1325 872 1374 est
925 1314 1061 1386 integram
1080 1321 1180 1370 servet.
1198 1313 1391 1379 candidiores,
1407 1312 1505 1385 inquit,
1520 1312 1650 1370 Nazaraei
1659 1314 1720 1385 ejus

67 1398 184 1455 dilectus
207 1409 269 1456 tuus
292 1418 326 1457 ex
350 1402 459 1471 dilecto,
474 1404 496 1458 si
521 1419 575 1460 non
598 1405 696 1461 edoces
719 1405 807 1478 qualia
830 1413 872 1462 est
925 1402 1007 1460 aiae:
1022 1402 1172 1458 nitidiores
1184 1402 1484 1468 lacte‚ruiicuadiores
1494 1401 1575 1458 aiore
1586 1400 1724 1475 antiquo,

66 1487 196 1554 dilectus,
205 1505 239 1544 ex
253 1505 309 1560 quo
319 1491 381 1546 cst?
394 1491 448 1548 Sed
463 1508 518 1548 uon
532 1501 575 1548 εει
589 1493 641 1550 boc
656 1499 704 1557 aut
714 1495 795 1565 hujus
805 1503 873 1550 tem·
924 1491 1057 1564 romairo
1070 1490 1255 1564 pulchriores.
1272 1491 1426 1563 migrata
1439 1495 1576 1564 estsuper
1586 1492 1727 1548 carbones

65 1577 153 1649 poris,
170 1586 217 1633 aut
232 1579 313 1649 hujus
326 1581 486 1652 capacitatis
500 1590 600 1639 nostre
612 1601 619 1638 ε
631 1583 681 1640 sed
696 1582 795 1641 suflicit
810 1600 871 1642 cra-
924 1581 1012 1651 [αειει
1025 1596 1134 1638 eorum.
1150 1582 1247 1652 Magna
1262 1588 1339 1636 certe
1358 1578 1532 1649 collaudatio,
1547 1579 1596 1636 sed
1619 1578 1720 1636 mucra

65 1665 135 1722 dere
154 1666 220 1739 quia
243 1666 305 1723 talis
329 1679 370 1724 est
391 1671 480 1740 qualis
500 1680 541 1727 eat
566 1672 654 1728 Pater.
671 1671 801 1742 Quamuis
816 1689 871 1728 non
925 1667 1111 1724 commutatio.
1130 1668 1239 1724 Candor
1254 1667 1332 1737 niuis,
1347 1667 1425 1724 lactis
1447 1667 1531 1732 nitor,
1554 1667 1639 1724 rubor
1652 1667 1720 1723 cbo-

65 1753 222 1810 sullicimus
230 1757 464 1828 comprehendere
479 1776 540 1832 quae
553 1761 599 1815 illa
614 1761 871 1833 qualitatest,doce
887 1747 909 1825 Β
926 1757 971 1822 ria.
993 1757 1097 1828 puritas
1121 1764 1150 1814 el
1170 1756 1344 1828 pulchritudo
1367 1755 1499 1828 sapphiri,
1522 1753 1649 1811 carbonis
1670 1755 1721 1811 ob·

65 1841 157 1914 qualis
171 1845 321 1901 secundum
338 1846 531 1903 humanitatem
550 1857 602 1914 εει,
618 1849 765 1905 secuudum
789 1867 870 1923 quam
925 1845 1063 1902 ducuntur
1075 1845 1237 1918 nigredine.
1252 1848 1406 1919 maiqrata
1421 1848 1464 1901 εει
1488 1860 1574 1915 super
1588 1843 1722 1901 carbones

66 1930 186 1987 dilectus
198 1940 242 1988 εει
255 1949 288 1988 ει
307 1933 413 1992 dilecta.
430 1936 505 1993 Doce
528 1945 556 1993 et
579 1937 622 1993 dic
641 1938 729 2010 qualis
743 1946 785 1994 est
799 1938 871 1996 dile·
923 1934 1296 2004 saciescarum,ctaoasaat
1306 1931 1647 2006 semiaeternitatem
1656 1936 1721 1987 suut

65 2028 127 2076 ctus
136 2028 211 2076 tuus.
227 2021 352 2078 Delectat
366 2039 417 2080 uos
435 2026 471 2080 de
485 2025 545 2097 ipso
557 2028 612 2097 jam
627 2028 718 2083 audite
732 2028 871 2085 reaudire.
924 2021 1017 2096 utique
1032 2038 1082 2095 pro
1106 2022 1245 2079 Nazaraeis
1263 2021 1365 2097 cogniti
1382 2023 1440 2095 jam
1458 2020 1487 2077 in
1506 2021 1614 2093 plateis.
1628 2020 1721 2077 Silebo

65 2109 183 2181 Replica
202 2109 282 2166 uobis
301 2128 363 2183 quae
382 2113 417 2168 de
437 2113 535 2170 dilecto
551 2121 596 2170 tuo
611 2115 653 2171 vel
668 2116 741 2172 credi
757 2117 869 2183 debent,
924 2111 960 2168 de
973 2111 1043 2168 aliis.
1068 2111 1178 2168 Ordinis
1202 2111 1287 2168 nostri
1310 2111 1414 2168 cernite
1437 2111 1520 2177 ιίιοε,
1541 2125 1623 2182 quam
1637 2109 1722 2165 admi·

66 2197 109 2253 rel
122 2197 186 2269 capi
200 2197 301 2255 salem.
320 2199 439 2273 Utraque
453 2202 545 2258 andita
563 2219 614 2258 nos
628 2203 804 2260 uehementer
818 2205 870 2260 de·
925 2201 1010 2258 rabile
1025 2210 1083 2258 erat
1098 2216 1199 2258 nomen
1214 2217 1309 2257 corum
1324 2202 1351 2257 in
1365 2201 1493 2256 universa
1506 2208 1589 2257 terra.
1616 2201 1647 2255 ln
1669 2198 1722 2255 in'r·

66 2285 171 2342 lectam
186 2304 194 2338 t
211 2295 239 2342 ει
253 2304 316 2358 quae
331 2288 493 2361 incapabilia
513 2291 592 2346 nobis
615 2300 687 2361 sunt,
708 2308 759 2350 nos
778 2300 871 2348 tamen
925 2290 979 2354 tiis,
994 2290 1104 2362 quaudo
1119 2291 1162 2347 vix
1177 2299 1258 2347 erant
1272 2290 1322 2347 risi
1345 2290 1373 2345 in
1387 2289 1496 2362 plateis,
1511 2288 1604 2345 statim
1618 2288 1720 2360 cogniti
1778 2295 1785 2302 '

67 2373 180 2444 capiunt
202 2373 266 2439 itla;
283 2390 317 2432 eo
339 2376 400 2447 ipsc
422 2376 608 2434 admirationis
630 2387 658 2435 et
679 2379 781 2436 amoris
802 2389 871 2437 aestu
925 2395 975 2451 pro
989 2379 1140 2436 mutitatis
1152 2379 1231 2452 sigm
1245 2388 1325 2436 erant
1340 2378 1368 2434 in
1382 2378 1435 2434 eis.
1451 2378 1531 2434 Nunc
1541 2386 1633 2435 autem
1644 2377 1720 2434 nullo

66 2471 160 2534 captae·
180 2478 283 2532 sumus,
300 2480 362 2537 quae
380 2467 460 2522 tesia
474 2474 593 2539 ceptam,
608 2467 647 2524 sic
669 2476 817 2540 arreptam,
832 2469 871 2526 sic
924 2467 1065 2542 religionis
1077 2467 1245 2534 discrimine,
1257 2464 1718 2541 nulloprivilegioconrersationis,

66 2557 231 2606 εεειιιιιιιειιι
245 2551 378 2608 ιίιιειιιιιε.
395 2554 419 2610 0
438 2554 528 2626 qualis
546 2562 599 2622 εει,
615 2570 633 2611 o
651 2570 733 2628 quam
747 2557 871 2613 amabilis
923 2565 970 2611 aut
984 2555 1056 2612 nullo
1075 2564 1122 2611 aut
1140 2555 1275 2628 praetenui
1296 2554 1417 2610 distincti
1440 2561 1468 2610 ει
1491 2554 1593 2628 sigueu'
1616 2561 1679 2610 sunt
1702 2569 1721 2610 a

67 2646 109 2693 cst
132 2639 250 2695 dilectus
275 2639 355 2696 tunsi
382 2644 462 2713 cnjus
484 2643 511 2698 in
536 2652 563 2699 te
584 2660 694 2716 semper
708 2660 785 2700 arnor
799 2645 871 2717 capit
924 2644 1040 2701 caeteris.
1058 2644 1123 2701 ldeo
1146 2660 1200 2700 non
1228 2653 1292 2699 sunt
1321 2643 1423 2715 cogniti
1446 2642 1524 2715 qnasi
1546 2642 1667 2698 Nasaraei
1690 2643 1719 2698 in

68 2735 226 2799 ιιςιιιειιιε,
244 2729 291 2801 qui
316 2730 363 2785 tibi
386 2731 423 2785 sit
436 2747 545 2804 semper
567 2732 602 2790 de
617 2733 715 2790 dilecto
744 2733 869 2806 dilectus,
923 2733 1033 2806 plateis.
1052 2733 1218 2805 Frequentia
1232 2733 1385 2805 platearum
1398 2732 1540 2788 decolorat
1562 2733 1718 2800 Nazaraeos,

67 2815 123 2872 imo
139 2815 177 2872 de
193 2816 372 2875 dilectissimo
390 2836 501 2892 seraper
519 2820 644 2878 dilectior
664 2824 766 2893 :cujus
780 2830 807 2879 te
826 2823 870 2878 la·
925 2821 1007 2881 ΙΜ
1032 2829 1060 2879 ει
1083 2824 1259 2896 peregrinam
1272 2820 1395 2893 speciem
1409 2820 1522 2876 inducit.
1540 2822 1721 2878 roccarossa

67 2903 103 2959 cit
131 2920 212 2961 amor
243 2907 394 2978 pulchram,
416 2909 586 2981 experientia
613 2911 730 2980 avidam,
756 2911 871 2968 aviditas
924 2913 1001 2971 color
1014 2911 1290 2985 optimus3diapcrsl
1303 2915 1372 2968 saal
1393 2910 1498 2982 lapides
1512 2910 1673 2966 sanctuarii
1687 2911 1721 2966 ιἰι

68 2993 734 3071 maiam.a111iiestenimetallectusvotiviqucd
744 2999 871 3069 sicadjn·
924 3000 1019 3072 capita
1033 3002 1161 3059 amnium
1170 3000 1332 3072 platearum
1341 2999 1456 3069 (Tarsa.
1466 3013 1508 3070 rr,
1522 3000 1549 3067 7,
1560 3002 1587 3065 8,
1600 2997 1628 3068 ι)
1639 3012 1646 3052 :
1657 2997 1721 3055 ideo

67 3095 113 3137 ras
123 3097 185 3138 uos.
196 3084 295 3152 oraclis
305 3089 348 3142 est
357 3085 479 3142 dilectas
489 3092 555 3144 tuos
564 3104 601 3144 εε
615 3088 870 3161 dilecto,quoaiam
924 3105 981 3145 noa
994 3094 1064 3146 suat
1074 3090 1207 3160 aquitiia
1214 3089 1332 3160 plateis.
1349 3088 1411 3143 Nou
1421 3087 1580 3159 agnoscitur
1590 3087 1666 3144 ineis
1676 3101 1722 3141 na-

67 3169 266 3243 sicadjurasti
276 3175 444 3241 acleuam
454 3175 567 3247 pulcher
577 3178 681 3249 est,qni
691 3177 718 3232 in
731 3186 757 3233 te
767 3176 870 3233 foedum
885 3135 907 3213 c
923 3178 995 3235 tirus
1014 3178 1128 3243 candor,
1149 3190 1205 3232 nou
1227 3176 1311 3242 nitor,
1326 3191 1382 3232 non
1407 3177 1501 3244 rubor,
1518 3190 1573 3231 non
1597 3174 1721 3247 pulchri·

68 3259 135 3315 nibil
149 3275 215 3316 esse
230 3262 357 3330 sustinet,
373 3263 491 3337 ideoque
507 3271 533 3321 te
552 3265 762 3337 pulcherrimam
777 3265 871 3323 effecit
922 3264 998 3322 tudo.
1023 3265 1161 3338 Quidquid
1184 3264 1260 3320 euim
1288 3264 1339 3319 ista
1362 3263 1537 3335 significent,
1566 3263 1719 3334 pulchritu-

67 3349 235 3406 mulierum!
248 3365 330 3421 quam
345 3352 470 3408 amabilia
483 3360 512 3409 et
524 3354 672 3427 gratiosus,
683 3354 742 3410 sine
753 3369 808 3426 quo
817 3369 871 3412 nec
921 3354 1015 3410 dinem
1028 3368 1156 3426 maguam
1169 3353 1331 3424 depingunt.
1343 3351 1476 3407 ldeoaoa
1486 3355 1558 3409 suat
1568 3351 1679 3423 coquitt'
1689 3354 1721 3409 ιἰι

67 3437 867 3515 adhoramessesuanacapropterquamsicadjurasnosl
919 3445 1034 3515 plateis.
1061 3442 1091 3498 lii
1118 3441 1308 3496 Nazareorum
1332 3439 1440 3495 colores
1462 3446 1535 3504 sunt,
1562 3439 1591 3493 hi
1612 3454 1721 3509 sponsae

100 3530 131 3581 7.
147 3527 225 3598 Rogo
250 3544 308 3594 vos,
323 3527 386 3584 filiae
408 3529 568 3594 Jerusalem,
595 3528 656 3586 laliae
678 3531 758 3601 bujus
780 3538 869 3586 terre·
923 3531 1006 3586 etiam
1021 3539 1048 3587 et
1067 3529 1162 3602 spousi
1175 3535 1250 3583 sunt.
1266 3527 1335 3582 Nam
1355 3533 1384 3582 et
1403 3541 1506 3598 sponsa
1531 3526 1583 3581 hoc
1606 3526 1634 3581 in
1657 3526 1719 3583 loco

66 3617 133 3672 atris
153 3614 317 3685 Jerusalem,
334 3632 385 3672 cur
398 3632 455 3675 non
467 3619 520 3675 baa
532 3619 569 3675 ad
583 3617 735 3675 Ecclesiam
748 3618 869 3695 integro-
924 3619 1043 3691 loquitur
1057 3626 1086 3675 ει
1103 3617 1168 3675 dicit
1182 3634 1189 3673 :
1202 3617 1420 3695 vitatu-meas
1434 3612 1572 3670 candidus
1588 3618 1617 3671 ct
1640 3614 1720 3671 ruii-

66 3704 196 3775 gaaioues
219 3704 416 3776 ingenunatisl
438 3722 490 3762 cur
510 3708 580 3763 banc
602 3714 748 3778 utramque
770 3702 870 3764 aattrt-
923 3707 1042 3765 candus.
1059 3703 1132 3762 Talis
1152 3711 1196 3762 ast
1212 3702 1360 3761 Νειιιειιι
1376 3710 1482 3770 noster,
1497 3701 1542 3758 cui
1556 3702 1721 3760 assimilatur

67 3800 154 3849 tatem
180 3792 209 3846 in
230 3793 349 3862 Christo,
366 3811 448 3865 quem
467 3794 628 3851 detractatis
646 3794 770 3864 credere,
785 3795 870 3850 dissi·
890 3800 900 3814 ’
923 3799 1113 3853 Nazareorum
1141 3794 1226 3861 color,
1255 3792 1418 3849 asumdatur
1446 3800 1475 3847 et
1502 3806 1610 3864 sponse
1634 3791 1719 3851 color.

67 3880 178 3937 mulatio
196 3880 366 3939 addisceret
383 3884 438 3941 Cur
456 3894 505 3941 ros
526 3899 582 3939 non
606 3883 711 3941 secutis
730 3883 870 3956 adjuratas
922 3885 972 3943 llla
992 3885 1067 3941 enim
1085 3883 1214 3939 Nauarum
1238 3889 1290 3949 est,
1309 3880 1424 3938 Domino
1446 3896 1477 3937 se
1499 3881 1564 3937 lesu
1587 3881 1718 3938 Neaerae

66 3972 102 4025 ab
125 3970 259 4040 Ecclesia,
272 3971 386 4042 prolatis
410 3980 505 4028 contra
528 3989 576 4030 vos
599 3973 747 4045 scripture
771 3981 870 4030 vestre
922 3973 1061 4031 devorem
1075 3981 1105 4028 ει
1117 3971 1288 4042 despomaus
1303 3984 1310 4024 ε
1325 3984 1408 4042 quam
1427 3980 1489 4026 cum
1504 3969 1587 4025 talem
1602 3968 1717 4028 iuvenc-

66 4074 131 4115 curn
160 4058 215 4115 lide
243 4060 420 4127 testimoniis,
449 4061 555 4118 collatis
582 4062 610 4117 in
639 4061 694 4118 lide
725 4061 869 4134 spirituum
922 4062 1016 4129 rimus,
1039 4059 1226 4119 collaudemus
1247 4058 1476 4132 pulchritudinem
1499 4060 1571 4129 ejus,
1588 4059 1717 4115 cousula-

66 4146 177 4219 gratiis,
191 4147 305 4219 perlatis
328 4164 377 4219 pro
398 4148 452 4205 lule
477 4150 634 4220 passionum
648 4149 807 4221 martyriis?
819 4165 869 4206 car
921 4166 982 4207 mas
995 4149 1130 4222 peritiam.
1148 4148 1245 4219 Qualis
1258 4152 1301 4204 εει
1320 4146 1443 4205 dilectus
1465 4150 1534 4204 tutta
1550 4163 1587 4204 aa
1603 4147 1720 4214 dilecto,

65 4252 122 4293 non
149 4251 199 4290 sos
220 4236 297 4309 quasi
319 4237 458 4308 adiuratus
473 4238 578 4294 sentitis
592 4240 627 4295 ab
642 4240 762 4296 Ecclesia
776 4240 867 4311 aptio-
921 4240 1139 4313 opulelacrrima
1151 4239 1306 4295 maturam
1316 4235 1429 4310 tqualis
1444 4238 1488 4291 cst
1500 4235 1625 4293 dilectas
1640 4239 1719 4301 tuus,

66 4325 159 4390 ribus,
183 4339 251 4396 quas
279 4325 444 4398 frequentat,
472 4327 663 4392 caer-amonim
691 4328 867 4398 acutioribus,
921 4331 1057 4402 quoniam
1068 4329 1109 4383 sic
1122 4325 1267 4397 adjurasti
1281 4329 1352 4382 aas?
1363 4323 1418 4380 Sed
1430 4324 1488 4393 jam
1503 4323 1561 4394 ipsa
1570 4322 1662 4380 dilecti
1676 4324 1718 4381 aui

65 4429 136 4486 quas
149 4420 258 4483 tractat,
279 4416 439 4478 sententiis;
461 4416 613 4487 altioribus,
631 4433 692 4488 quae
716 4424 867 4490 exspectat,
921 4415 1017 4473 laudes
1036 4420 1142 4472 retexat
1154 4412 1261 4469 Domini
1271 4412 1346 4478 lesu,
1362 4411 1410 4484 qui
1425 4409 1490 4467 viril
1504 4417 1532 4467 ει
1553 4419 1651 4485 regnat
1667 4429 1718 4483 per

65 4502 205 4575 praemiis,
225 4502 401 4569 arctioribus,
422 4504 522 4577 quibus
544 4521 607 4562 sese
629 4506 753 4574 instituit,
777 4506 869 4563 votis?
884 4512 908 4589 ῃ
923 4505 1015 4563 omnia
1026 4502 1128 4560 secula
1140 4500 1314 4557 seoulomnr.
1331 4501 1430 4555 Amen.

66 4589 217 4662 Disciplina
241 4590 400 4661 restrictior,
422 4591 547 4649 doctrina
570 4593 737 4659 instmctior,
753 4593 868 4666 capedi—
1192 4587 1309 4644 suario
1331 4584 1452 4642 XLVlll.

66 4679 120 4734 tior
133 4679 216 4751 dtus,
229 4679 394 4737 eminentior
407 4679 494 4737 virtus
509 4681 557 4737 tibi
570 4687 700 4754 poterant
714 4682 802 4737 zelum
817 4697 869 4756 ge·
924 4673 1491 4739 Dilectuameascaadidasetrubicaadus
1500 4676 1720 4745 etcacmtvso

67 4782 179 4832 nerare,
192 4768 343 4839 prouocare
358 4768 499 4838 allectum,
515 4778 543 4825 ει
557 4771 591 4824 ad
607 4769 770 4826 mouendam
784 4786 870 4826 aemu-
961 4773 986 4824 l.
999 4769 1121 4826 Dilectae
1131 4783 1209 4825 ιιιειιε
1224 4765 1360 4822 cuodmua
1369 4768 1399 4823 ct
1413 4764 1599 4838 miicaadao,
1614 4768 1719 4824 electas

66 4855 198 4912 lationem
208 4857 387 4929 adjurationis
398 4859 498 4915 habere
511 4857 577 4917 virm
588 4858 641 4915 Sed
655 4859 748 4916 veniet
761 4867 870 4932 tempus
923 4876 960 4916 εε
972 4857 1108 4916 millibus.
1124 4855 1249 4912 Studium
1263 4853 1404 4928 quaerendi
1415 4853 1545 4910 dilectum
1565 4853 1720 4911 intermittit

65 4945 201 5012 inondum
225 4953 268 5001 est
288 4946 373 5016 enim)
387 4961 451 5002 cum
467 4946 607 5005 conversis
620 4947 698 5004 robis
721 4948 755 5002 ad
774 4948 869 5004 Domi·
923 4948 958 5004 ad
972 4957 1090 5020 tempus,
1115 4945 1165 5002 aad
1184 4945 1218 5000 ad
1241 4950 1351 5016 tempus
1374 4942 1520 5011 modicum,
1535 4950 1566 4998 ut
1588 4942 1658 4998 illias
1678 4942 1720 4998 tu:

65 5049 143 5102 num,
159 5033 301 5090 auferetur
324 5033 485 5109 ignorantie
508 5044 537 5090 ει
558 5035 780 5092 dissimulationis
793 5037 868 5093 vela·
923 5044 1019 5093 struat.
1037 5032 1214 5092 Delectabilia
1228 5030 1395 5090 necessariis
1404 5030 1597 5101 interrumpit;
1611 5045 1664 5086 nec
1676 5037 1717 5085 ta·

64 5139 139 5178 men.
155 5121 233 5177 Tunc
248 5121 326 5195 quasi
338 5123 486 5179 sensibiles
501 5123 617 5189 eftectus,
633 5131 748 5196 accepto
760 5125 870 5182 Domini
923 5141 987 5182 mea
1002 5125 1063 5181 siae
1076 5122 1223 5181 dilectione
1242 5128 1285 5178 est
1299 5119 1373 5192 quod
1387 5119 1482 5191 sponsi
1497 5117 1664 5175 memoriter·
1673 5135 1718 5176 re-

62 5210 176 5285 spicite,
201 5209 402 5281 adiurationum
426 5213 541 5269 istarum
568 5213 691 5271 sentiens
718 5216 843 5271 uirtutem
859 5232 867 5270 :
922 5220 1018 5272 censet
1031 5212 1179 5287 praeconia.
1195 5210 1294 5266 Dulces
1309 5207 1381 5264 enim
1397 5207 1523 5264 laucibus
1536 5221 1644 5278 spons·
1659 5208 1720 5265 lars·

63 5299 311 5368 tunc,inaanctam
320 5301 521 5374 expergefacta
530 5302 811 5369 curiositatemaride
820 5305 870 5360 baa
923 5304 974 5362 des
993 5311 1057 5359 sunt
1070 5301 1177 5374 sponsi.
1200 5299 1245 5355 Pia
1260 5305 1350 5354 mater
1359 5302 1387 5353 ει
1402 5310 1505 5368 sponsa
1517 5295 1640 5367 prudens
1648 5296 1720 5356 lilios

61 5388 297 5462 interrogationes
320 5390 537 5468 frequentabitis,
559 5391 688 5457 dicendo,
711 5391 806 5460 Qualis
828 5396 871 5448 ιιι
923 5393 1063 5462 informat,
1077 5389 1251 5448 commendat
1273 5385 1413 5443 dilectum.
1429 5384 1494 5442 lure
1516 5386 1649 5458 pmdens,
1665 5393 1720 5446 ιιιιι

57 5482 185 5538 arwam
201 5483 270 5536 tuas
287 5493 323 5536 aa
336 5480 440 5538 ιιιιεειε
460 5480 670 5554 opalcicrima
689 5481 869 5539 mulierum?
921 5489 1016 5557 parata
1038 5487 1067 5537 ct
1090 5484 1144 5536 tant
1170 5475 1282 5549 prolusa
1304 5475 1420 5532 ιιειιειιι·
1433 5488 1495 5547 que
1515 5473 1660 5548 aequatur
1681 5478 1717 5535 de
