3706 5962
158 175 211 238 lDD

156 309 238 358 mata.
253 297 324 355 Nam
338 293 398 366 ipsa
411 298 453 347 εει
466 291 570 346 hortus.
586 289 687 343 Austro
701 285 784 342 flante
797 284 850 340 ista
862 283 949 340 fluunt
965 299 989 377 g

156 390 186 446 iu
206 378 321 444 'delicias
345 379 448 454 spousi,
464 379 514 434 sed
527 375 661 450 aquilonis
679 375 738 429 haec
751 373 851 429 iterum
865 373 949 428 incle-

157 478 259 536 mentia
273 472 351 529 sistit.
367 468 493 542 Frigidus
506 474 548 523 eat
561 465 634 522 enim
647 470 743 542 ventus
757 462 857 534 aquilo,
876 471 902 518 ει
916 461 951 515 ad

157 568 253 623 flatum
267 562 328 632 ejus
341 564 461 615 aromata
476 552 662 625 congelantur.
679 550 813 621 Quandiu,
825 550 950 616 Domine,

159 650 330 713 adversitatis
349 647 440 720 aquilo
455 646 583 718 regiones
597 649 704 697 nostras
719 640 848 712 premet?
862 654 951 711 quan-

159 745 205 801 diu
219 739 360 797 incumbet
381 732 495 790 hortulis
509 729 631 787 nostris?
646 727 776 801 quandiu,
790 728 855 783 lesu
869 728 951 794 bone,

159 830 330 902 constringet
348 829 470 881 aromata
493 827 585 876 nostra
602 816 675 890 rigor
690 815 845 887 aquilonis?
859 816 952 885 Parce,

160 920 285 984 Domine,
296 930 379 989 parce
390 913 424 968 ab
434 910 560 982 aquilone
570 922 678 978 sponsae
688 913 750 961 tuae.
763 904 815 959 Diu
825 911 865 960 εει
878 903 954 976 quod

159 1016 250 1082 urget,
268 1004 341 1079 quod
355 1000 464 1075 premit,
477 998 549 1071 quod
564 996 674 1052 incubat
688 993 797 1066 spiritus
811 993 855 1049 hic
869 992 955 1047 durus

161 1106 190 1156 et
202 1097 357 1154 vehemens.
370 1087 514 1145 cumulata
527 1101 579 1140 nos
588 1082 708 1155 undique
721 1081 821 1153 premit
834 1079 955 1137 adversi·

160 1193 212 1240 tas.
227 1180 278 1237 Dic
292 1177 328 1246 ei,
343 1175 467 1239 Domine,
484 1180 513 1228 ut
525 1175 629 1241 surgat,
646 1176 675 1223 ut
688 1167 775 1233 cedat,
787 1176 816 1223 ut
830 1167 902 1222 sinat
915 1165 955 1223 lo·

161 1287 226 1329 aum
248 1283 309 1326 esse
332 1260 495 1336 respirandi.
511 1256 653 1315 lnfortunii
679 1261 826 1328 paupertas
853 1253 955 1310 sterilis

162 1369 216 1427 εει,
231 1366 258 1414 ει
280 1369 380 1429 graves
399 1350 520 1422 undique
540 1345 655 1418 parturit
668 1360 757 1401 casus.
772 1344 828 1400 Iles
840 1342 956 1399 infirmae

805 157 1002 222 ultlnnsltvl
1019 160 1153 222 taurula

1745 164 1802 226 200

1005 284 1107 342 donum
1122 286 1218 358 gratiae
1231 288 1266 343 ad
1279 288 1397 362 propriae
1411 287 1553 345 inflectunt
1567 285 1699 345 effectum
1717 288 1801 344 indu-

1005 375 1088 430 striae.
1103 374 1173 444 Quid
1188 376 1311 450 impensa
1325 378 1444 451 desuper
1457 377 1534 434 vobis
1549 376 1685 434 beneficia
1699 378 1803 451 impro-

1004 463 1106 535 peratis
1119 464 1219 520 nobis?
1232 467 1275 520 dn
1295 466 1358 537 quia
1380 465 1532 522 clementia
1551 464 1650 521 divinae
1665 465 1738 522 circa
1754 482 1803 523 vos

1005 552 1100 610 oculus
1113 553 1265 623 bonusest,
1281 555 1344 611 ideo
1357 562 1448 611 vester
1462 569 1528 625 erga
1542 569 1593 609 nos
1607 570 1726 626 nequam
1741 555 1803 613 est?

1006 641 1062 696 Cur
1075 656 1123 697 vos
1146 641 1236 698 diviua
1250 640 1383 699 beneficia
1399 641 1549 714 paratiores
1564 642 1683 698 reddunt
1700 642 1736 697 ad
1750 643 1803 698 de-

1007 731 1169 802 rogandum,
1189 745 1272 802 quam
1291 731 1325 786 ad
1337 729 1531 803 erogandum?

1044 821 1070 872 3.
1086 817 1177 884 Vides,
1192 817 1323 889 Domine,
1339 826 1406 891 quot
1418 834 1451 874 ex
1466 818 1589 888 partibus
1604 817 1738 891 aquilonia
1753 834 1804 876 uos

1007 906 1093 963 flabra
1100 905 1246 963 molestant
1257 925 1264 972 ;
1276 908 1397 979 undique
1407 905 1523 984 perflant
1532 905 1716 977 incommoda,
1729 925 1806 964 mur-

1008 1008 1096 1063 mura,
1118 993 1229 1065 probra.
1252 994 1328 1050 luter
1350 993 1505 1064 hujusmodi
1529 993 1640 1050 dolores
1660 994 1805 1051 distractus

1009 1091 1037 1139 et
1051 1081 1212 1138 constrictus
1231 1082 1348 1152 anianus,
1364 1081 1447 1137 austri
1465 1082 1537 1138 lenia
1555 1083 1643 1139 nescit
1657 1083 1742 1138 flabra
1757 1101 1804 1140 ro-

1009 1170 1112 1241 cipere.
1141 1169 1274 1242 Exsurge,
1297 1168 1424 1240 Domine,
1444 1185 1498 1226 non
1523 1171 1668 1240 praevaleat
1691 1171 1802 1243 aquilo;

1009 1258 1076 1313 satis
1090 1263 1132 1313 est
1154 1259 1227 1330 quod
1250 1260 1307 1328 iam
1326 1259 1373 1315 diu
1397 1259 1554 1330 insurrexit,
1570 1259 1643 1332 quod
1657 1259 1802 1318 incubuit:

1011 1345 1054 1402 dic
1068 1355 1097 1401 ut
1110 1353 1215 1419 surgat,
1228 1355 1258 1402 ut
1271 1347 1402 1419 discedat,
1417 1355 1448 1403 ut
1461 1348 1540 1403 cedat
1551 1354 1656 1405 austro.
1667 1348 1805 1405 Succensa

163 1448 245 1504 facile
255 1445 401 1506 laeduntur,
413 1449 440 1495 et
455 1435 617 1493 infelicitatis
628 1434 745 1504 abyssus
754 1431 835 1487 aliam
849 1431 957 1489 invocat
1008 1435 1065 1506 jam
1080 1433 1187 1505 pridem
1201 1441 1244 1490 εει
1258 1435 1312 1491 olla
1326 1450 1342 1489 a
1356 1433 1423 1490 facie
1437 1434 1571 1506 aquilonis
1586 1436 1698 1507 (Jcrtrn.
1714 1453 1734 1506 1,
1751 1438 1805 1504 ts),

163 1536 191 1592 in
206 1549 275 1591 voce
290 1535 487 1588 cataractamm
504 1533 610 1579 tuarum
620 1523 708 1594 (Psoi.
723 1536 777 1588 xxx,
793 1520 832 1593 8).
843 1520 956 1577 Occulte
1009 1524 1058 1578 sed
1074 1529 1113 1588 tu,
1128 1522 1255 1593 Domine,
1272 1529 1394 1579 austrum
1409 1524 1514 1596 emitte,
1531 1524 1577 1597 qui
1591 1524 1671 1581 faciat
1686 1524 1806 1581 madium

163 1624 309 1682 adversum
333 1633 385 1673 nos
399 1630 481 1672 vocas
496 1613 612 1670 adversa
624 1626 631 1680 3
647 1619 675 1666 et
689 1610 826 1682 quomoda
846 1609 869 1664 si
883 1609 957 1664 dicas
1010 1610 1128 1667 fornacis
1142 1612 1222 1682 liujus
1235 1611 1313 1683 quasi
1328 1622 1439 1668 ventum
1454 1612 1525 1668 roris
1539 1611 1661 1668 danum.
1677 1612 1739 1669 Non
1753 1629 1806 1668 au-

165 1709 295 1784 aquilani,
319 1707 444 1777 insurge,
470 1716 574 1773 preme,
599 1696 721 1771 posside.
740 1701 855 1766 Furnus,
870 1679 995 1768 mquirli
1012 1699 1064 1755 deo
1091 1697 1234 1756 continuos
1256 1699 1340 1754 austri
1359 1700 1440 1754 flatus
1463 1713 1577 1772 rogare,
1599 1696 1698 1754 sufficit
1720 1698 1744 1752 si
1762 1695 1807 1753 vel

164 1800 257 1865 lsaias,
268 1795 301 1850 ob
316 1791 449 1866 aquilone
462 1790 556 1845 ueniet
571 1786 651 1859 (lsai.
666 1801 725 1852 xvv,
736 1786 792 1857 31).
808 1784 894 1841 Nobis
906 1801 958 1840 au·
1011 1786 1219 1858 interpolatione
1234 1788 1294 1858 ejus
1311 1786 1444 1858 aquilonis
1458 1786 1612 1861 malignitas
1627 1793 1806 1858 temperetur.

70 1906 72 1911 ¹
165 1894 220 1944 tem
235 1900 292 1940 non
306 1890 361 1937 tam
374 1878 464 1934 fumus
478 1890 560 1947 quam
574 1874 682 1928 flamma
693 1875 750 1942 jam
762 1871 887 1928 imminet
898 1870 960 1927 ollae
1012 1874 1142 1931 Extendis
1157 1874 1237 1945 (sicut
1251 1875 1278 1930 in
1292 1874 1647 1948 Joblegimus)aquilonem
1661 1889 1743 1946 super
1757 1888 1808 1931 va-

166 1984 330 2032 succenstea
343 1965 411 2022 facie
425 1962 572 2036 aquilonis.
582 1962 625 2016 Ab
636 1959 763 2032 aquilone
776 1959 873 2032 frigus,
884 1966 912 2015 el
925 1958 959 2013 lh
1013 1979 1093 2022 cuum
1107 1963 1177 2035 (tob.
1191 1978 1273 2034 xxvi,
1288 1967 1328 2035 7),
1343 1980 1398 2020 non
1418 1960 1504 2020 RD
1517 1978 1600 2036 super
1614 1964 1731 2019 hortum.
1746 1962 1808 2018 Nou

165 2061 292 2135 aquilone
304 2058 422 2112 flamm&-
439 2054 479 2107 11⁸
498 2057 549 2120 0⁵¹2
563 2048 689 2105 DOmifle·
704 2050 734 2103 1¹¹
749 2047 848 2102 duritia
862 2062 960 2102 manus
1013 2061 1054 2109 est
1068 2067 1171 2109 vacuus
1184 2053 1309 2109 hortulus
1321 2067 1443 2126 sponaae,
1456 2052 1483 2107 in
1498 2069 1553 2124 quo
1573 2051 1699 2124 superius
1719 2066 1809 2105 annu·

166 2157 220 2207 tuae
234 2144 387 2206 adversaris
396 2137 833 2209 mibi,misericordiaetuaeveuas
849 2135 962 2193 restrin·
1013 2148 1124 2197 meratae
1146 2140 1304 2213 plantantur
1319 2147 1357 2197 tot
1376 2141 1531 2196 aromatica
1550 2139 1667 2213 species.
1682 2140 1718 2195 Et
1737 2154 1809 2212 quo·

166 2241 229 2315 gis,
245 2238 308 2294 ideo
322 2238 451 2291 exaestuat
466 2228 571 2284 animus
590 2243 677 2293 meus,
694 2233 721 2282 θῑ
734 2225 763 2280 ἱῐὶ
785 2225 960 2291 meditatione
1013 2229 1095 2286 modo
1110 2229 1226 2302 quibunt
1247 2229 1429 2284 meditationis
1451 2239 1573 2285 aromata
1586 2229 1648 2284 laeta
1660 2228 1809 2300 profluere,

166 2344 227 2385 mea
242 2324 401 2384 exardescet
419 2317 499 2390 ignis.
514 2316 613 2372 Gravis
629 2315 678 2370 iste
696 2313 784 2370 anxiae
799 2312 960 2370 sollicitudi-
1015 2318 1061 2375 ubi
1075 2334 1090 2373 a
1104 2333 1222 2374 moerore
1240 2317 1327 2373 libera
1341 2333 1395 2373 non
1411 2324 1474 2373 sunt
1488 2317 1591 2386 studia,
1607 2317 1654 2372 ubi
1668 2314 1810 2372 contristat

166 2417 210 2474 nis
225 2415 297 2487 ignis
311 2418 362 2478 est,
374 2418 402 2466 ει
416 2407 507 2462 calore
522 2406 583 2476 ejus
597 2410 721 2459 aromata
734 2417 788 2458 non
802 2402 899 2468 fluunt,
911 2402 961 2458 sed
1015 2407 1175 2475 adversitas,
1199 2406 1290 2478 aquilo
1312 2405 1443 2481 stringit?
1457 2406 1538 2476 Esto,
1554 2406 1679 2475 Domine,
1695 2404 1809 2471 zelotes,

166 2504 266 2578 magis,
282 2500 375 2571 siqua
394 2495 461 2552 sinis
475 2494 578 2560 fluere,
594 2491 729 2548 siccantur
743 2490 867 2546 fluenta:
887 2506 960 2562 prae·
1014 2495 1143 2552 aemulare
1163 2510 1303 2566 sponsam,
1325 2495 1368 2550 dic
1386 2493 1506 2566 aquiloni
1529 2502 1559 2550 ut
1580 2503 1685 2569 surgat,
1705 2503 1734 2550 ει
1747 2508 1811 2549 cum

166 2594 262 2654 sertim
275 2589 323 2647 ubi
336 2585 424 2662 magis
438 2582 581 2656 magisque
595 2579 792 2640 adversitatum
805 2579 912 2652 aperire
931 2595 962 2635 se
1014 2595 1106 2640 austro
1121 2583 1246 2640 dimidiet
1259 2592 1383 2655 tempora
1393 2599 1451 2640 sua.
1468 2583 1513 2639 Sic
1527 2582 1639 2654 quidem
1652 2580 1700 2638 fiet
1713 2596 1812 2638 secun-

163 2685 271 2746 videtur
283 2676 402 2735 amasio.
1015 2672 1081 2728 dum
1096 2672 1293 2728 multitudinem
1309 2672 1434 2729 dolomm
1452 2687 1576 2729 meorum
1591 2671 1620 2727 in
1636 2671 1719 2726 carde
1737 2684 1811 2738 meo,

202 2775 229 2828 ι.
244 2765 376 2832 Domine,
392 2759 470 2816 dolor
485 2773 562 2813 meus
584 2756 613 2811 in
635 2763 784 2827 conspectu
806 2762 919 2825 tuaest,
935 2764 963 2812 et
1014 2762 1038 2819 si
1056 2760 1255 2819 consolationes
1269 2770 1324 2816 tuae
1334 2758 1470 2817 laetificent
1482 2760 1601 2815 animam
1613 2775 1714 2816 meam.
1729 2759 1815 2816 Vide·

166 2857 288 2934 gemitus
310 2865 423 2907 meusn
446 2854 473 2903 le
493 2860 548 2902 ⁰01¹
562 2847 605 2902 0⁵1
627 2841 810 2900 tbtwssdilut·
826 2842 962 2900 Sollicilu·
1016 2851 1060 2921 tis,
1083 2850 1191 2920 fratres,
1216 2848 1332 2922 qualiter
1350 2849 1441 2922 aquilo
1469 2850 1503 2907 ad
1524 2864 1681 2905 mensuram
1700 2848 1743 2904 sui
1765 2863 1815 2905 au·

167 2947 237 3004 diuis
250 2958 320 3000 meae
334 2937 403 2996 ratio
426 2943 490 2992 nota
511 2941 553 2990 est
575 2933 647 2994 tibi:
668 2932 718 2989 aed
735 2932 862 2989 maeroris
875 2932 963 3005 magis
1015 2947 1103 2997 strum
1120 2937 1274 3010 parturiat:
1291 2946 1319 2994 et
1337 2937 1408 2994 forte
1422 2937 1471 2993 ubi
1483 2936 1631 2995 abundavit
1644 2936 1746 3008 aquilo,
1761 2952 1812 2992 su.

167 3035 261 3092 dicere
274 3031 425 3087 debueram
437 3042 444 3092 ;
460 3021 611 3080 sollicitudo
621 3021 695 3078 euim
707 3021 736 3077 in
745 3037 893 3078 moerorem
906 3023 963 3092 jam
978 2982 1000 3061 c

168 3123 250 3196 coepit
265 3127 321 3177 tota
334 3114 462 3172 transire.
477 3112 528 3170 Ubi
547 3109 654 3167 consilii
671 3125 726 3167 non
746 3110 831 3182 fulget
845 3110 960 3177 occasio,

167 3212 215 3270 ubi
227 3212 307 3267 bone
322 3205 382 3278 spei
395 3219 426 3261 se
440 3201 483 3259 vel
497 3201 593 3256 umbra
608 3213 663 3255 non
678 3198 769 3270 offert,
783 3198 820 3254 ibi
834 3214 889 3256 non
904 3199 962 3255 sol-

168 3298 325 3366 licitudinis,
340 3293 389 3351 sed
409 3289 535 3349 moeroris
558 3296 620 3344 sunt
633 3296 735 3361 partes.
751 3287 827 3346 lfulti
844 3289 963 3362 gemitus

167 3390 232 3459 mei,
248 3397 276 3445 et
299 3396 453 3443 cormeum
468 3393 596 3436 moerena.
612 3377 718 3434 Parvuli
739 3384 834 3449 petunt
851 3393 961 3450 panem,

167 3489 259 3538 etnon
274 3473 375 3547 estqui
389 3471 498 3542 frangat
511 3468 552 3525 eis
561 3467 676 3542 (Taren.
690 3482 729 3536 rv,
740 3469 777 3538 t).
792 3467 876 3523 Deest
889 3467 963 3524 enim

168 3569 215 3644 qui
229 3569 381 3638 frangatur,
396 3575 452 3616 oon
467 3558 527 3615 dico
541 3559 576 3613 de
594 3555 672 3614 verbi
689 3572 771 3629 pane,
785 3554 833 3612 sed
853 3555 888 3612 de
909 3557 962 3612 boc

169 3650 326 3725 quotidiano
341 3649 464 3719 corporis
478 3647 616 3701 alimento.
625 3645 688 3700 Nou
702 3652 793 3716 potest
806 3653 899 3700 tamen
910 3659 964 3700 cm

167 3737 245 3796 lestis
267 3736 339 3792 illius
361 3734 440 3807 panis
464 3732 632 3806 pinguedine
655 3732 755 3804 repleri
777 3733 867 3789 anima
888 3747 960 3802 urea,

168 3830 234 3885 dum
255 3823 404 3900 quotidiani
426 3823 508 3894 hujus
522 3821 601 3893 panis
622 3821 714 3893 inopia
727 3821 841 3877 maciem
864 3837 962 3894 quarn-

168 3919 232 3974 dam
245 3913 372 3971 moeroris
391 3911 502 3967 inducit.
518 3913 541 3965 A
561 3925 628 3968 voce
642 3910 757 3984 gemitus
770 3909 849 3967 istius
862 3910 962 3967 oblitus

168 4020 230 4062 sum
244 4002 387 4060 comedere
400 4015 500 4073 panem
514 3999 589 4054 illum
606 3998 756 4056 caelestem.
776 4000 867 4056 Durus
881 3999 962 4072 aqui-

168 4092 206 4161 lo,
221 4090 341 4148 exterior
355 4088 517 4157 adversitas,
531 4086 674 4144 sedmulto
688 4086 783 4144 durior
796 4088 896 4144 mentis
911 4104 962 4143 an-

169 4181 265 4238 xietas.
281 4179 383 4248 Altera,
400 4178 506 4244 fratres,
522 4193 571 4234 ros
585 4183 667 4249 urget
683 4195 690 4233 :
707 4192 751 4233 me
772 4176 872 4249 premit
887 4184 962 4234 utra·

170 4287 233 4346 que.
249 4269 308 4342 Ego
330 4267 468 4326 communi
491 4266 629 4324 attritione
651 4266 746 4323 laboro
773 4266 801 4323 iu
825 4266 922 4335 vobis,
936 4275 964 4324 et

169 4359 319 4418 domestica
334 4359 451 4431 quadam
469 4372 526 4430 prae
546 4355 634 4426 vobis,
651 4355 714 4427 quia
726 4372 777 4429 pro
793 4356 881 4414 vobis.
896 4358 965 4415 lline

170 4447 311 4508 infortunii
325 4462 419 4514 casus,
434 4445 499 4501 hinc
512 4444 638 4501 forenses
652 4443 796 4519 insurgunt
809 4445 963 4503 calumniae.

169 4540 222 4597 alii
239 4540 478 4603 submurmurant,
498 4534 585 4591 etalii
603 4532 733 4591 insultant
749 4553 756 4593 :
773 4542 800 4590 et
821 4536 894 4608 quod
909 4549 965 4592 non

170 4636 211 4684 est
225 4631 350 4682 humanae
373 4622 513 4680 industrie
533 4622 678 4695 providere
692 4639 728 4680 ne
743 4625 890 4696 eoudogat,
911 4624 964 4679 im·

170 4722 320 4788 properant
342 4727 404 4768 curn
428 4711 566 4768 acciderit.
580 4710 695 4781 Quidam
717 4712 833 4780 irritant,
854 4713 965 4788 quidam

170 4802 295 4869 undeet,
312 4802 454 4856 adversam
477 4799 614 4856 fortunam
627 4800 663 4855 ad
682 4799 831 4858 fatuitatem
850 4805 965 4859 trahen-

146 4948 150 4957 ,
172 4898 224 4948 tes.
239 4888 389 4946 Successus
411 4887 499 4943 bonos
514 4887 612 4958 quibus
634 4888 792 4958 exuberant,
808 4890 859 4946 sihi
878 4891 965 4962 impu-

171 4986 239 5045 tant,
255 4986 282 5034 ει
306 4974 384 5049 quasi
407 4983 453 5030 aut
468 4976 652 5047 providentia,
668 4985 714 5033 aut
731 4978 823 5034 meriti
836 4980 963 5047 creduut,

174 5085 230 5126 non
239 5065 361 5123 muneris
376 5079 439 5121 esse
454 5064 546 5121 divini.
564 5066 727 5134 abundant,
737 5067 825 5139 inquit
838 5069 901 5138 lob,
922 5072 965 5123 tu·

171 5155 323 5214 bernacuta
329 5153 506 5227 predonum,
516 5158 545 5211 et
553 5154 691 5214 audacter
699 5162 852 5230 provocant
862 5158 964 5224 Deum,

171 5262 235 5304 curn
244 5246 304 5320 ipse
313 5244 423 5304 dederit
430 5244 527 5304 omnio
535 5246 567 5303 in
581 5262 683 5303 rnanus
690 5260 787 5304 eorum
798 5245 856 5317 (iot
866 5260 913 5315 xa,
923 5248 963 5318 u).

1015 3026 1215 3102 perabundabit
1229 3034 1257 3083 et
1269 3035 1371 3083 auster.
1381 3030 1483 3083 Auster
1496 3025 1569 3084 enim
1583 3032 1610 3082 et
1624 3040 1755 3098 prospere
1765 3024 1816 3080 ssa-

1017 3118 1066 3186 bit,
1083 3124 1110 3172 et
1129 3131 1196 3188 quas
1212 3115 1302 3171 intulit
1316 3114 1406 3188 aquilo
1419 3113 1608 3186 compensabit
1626 3113 1749 3186 injurias.
1766 3114 1815 3169 Er·

1016 3221 1052 3281 go
1079 3211 1173 3277 surgat
1199 3203 1310 3277 aquilo,
1337 3203 1431 3263 saeviat
1460 3203 1674 3276 quantumlibet,
1703 3202 1812 3269 fremat,

1016 3293 1163 3350 dummodo
1185 3293 1357 3350 occasionem
1379 3306 1408 3349 et
1421 3292 1499 3365 quasi
1516 3292 1569 3349 vim
1589 3290 1638 3364 [al.
1659 3289 1815 3364 materiam]

1016 3389 1128 3456 praestet
1149 3381 1259 3438 flatibus
1282 3380 1377 3437 austri.
1392 3381 1490 3437 Nonne
1505 3380 1553 3437 tibi
1576 3380 1701 3437 videntur
1715 3395 1815 3452 graves

1017 3471 1161 3545 pertulisse
1176 3469 1310 3543 aquilonis
1329 3470 1418 3539 flatus,
1435 3485 1504 3542 quos
1526 3468 1554 3524 in
1567 3468 1689 3541 Epistola
1703 3470 1738 3522 ad
1757 3468 1814 3523 lle-

1016 3561 1105 3617 braeos
1123 3559 1200 3615 l‘alus
1218 3558 1383 3631 alloquitur?
1400 3558 1537 3630 Magnum,
1554 3557 1650 3630 inquit,
1666 3561 1814 3614 certamen

1017 3650 1197 3706 sustinuistis
1209 3650 1391 3721 passionum:
1403 3652 1431 3703 ct
1446 3648 1478 3704 in
1487 3647 1577 3704 altero
1587 3645 1699 3721 quidem
1713 3661 1814 3718 oppro-

1016 3739 1086 3794 briis
1095 3743 1124 3794 ct
1135 3735 1371 3794 tribulationibus
1381 3736 1577 3808 spectaculum
1585 3737 1670 3806 sactu
1681 3734 1712 3789 in
1722 3735 1814 3792 attero

1016 3826 1086 3884 socii
1101 3825 1202 3882 tctitcr
1214 3824 1444 3883 conversantium
1455 3824 1561 3897 effecti.
1574 3825 1646 3880 Nam
1655 3827 1684 3879 ct
1699 3825 1813 3890 vinctis,

1017 3913 1115 3987 inquit,
1131 3915 1270 3987 compassi
1284 3916 1361 3970 estis.
1373 3913 1427 3969 Sed
1442 3913 1513 3970 inter
1527 3920 1603 3967 muta
1616 3910 1751 3984 aquionis
1763 3911 1814 3966 fla·

1017 4005 1069 4061 bra
1080 4002 1168 4059 nullus
1182 4003 1235 4058 sibi
1252 4003 1327 4060 vices
1344 4001 1487 4059 mndicavit
1510 4002 1625 4057 auster?
1644 4001 1702 4057 lmo
1721 3999 1814 4072 plane.

1017 4093 1144 4165 Denique
1167 4091 1231 4147 audi
1249 4091 1323 4164 quod
1337 4091 1483 4164 sequitur.-
1502 4094 1538 4149 lit
1561 4090 1703 4162 rapinam,
1718 4087 1816 4162 iuquit,

1019 4180 1154 4238 bonorum
1165 4184 1324 4239 uestrarum
1337 4197 1402 4238 cum
1414 4178 1517 4253 gaudio
1526 4180 1699 4252 suscepistis,
1714 4191 1814 4250 capno·

979 4277 1002 4354 ῃ
1018 4273 1128 4329 scentes
1137 4283 1185 4325 vos
1196 4267 1295 4326 natare
1302 4268 1451 4325 meliorem
1461 4272 1489 4323 et
1504 4269 1669 4323 umnentem
1682 4265 1814 4322 substan·

1020 4357 1094 4414 tiam
1106 4355 1198 4428 (Deir.
1211 4371 1241 4424 x,
1250 4357 1355 4427 3234).
1367 4355 1527 4425 Quidleum
1537 4353 1660 4426 Apostoli
1669 4352 1741 4409 bant
1750 4368 1816 4426 part·

1019 4447 1117 4505 dcntm
1130 4463 1148 4502 α
1161 4449 1312 4517 conspectu
1329 4445 1456 4511 concilii,
1476 4443 1612 4516 quoniam
1630 4440 1709 4515 digni
1724 4441 1815 4498 babiti

1017 4541 1085 4594 sunt
1093 4550 1146 4609 pro
1154 4538 1268 4592 nominc
1277 4536 1343 4591 Jcsu
1353 4535 1556 4592 contumetiam
1565 4536 1628 4604 pati
1638 4531 1711 4602 (Act.
1723 4546 1750 4597 v,
1758 4532 1814 4604 ιιις

1018 4641 1110 4682 nonne
1126 4624 1175 4680 tibi
1193 4622 1301 4682 videtur
1324 4630 1419 4679 contra
1436 4620 1570 4694 aquilonis
1584 4635 1682 4692 gravm
1696 4620 1816 4691 impetus

1019 4714 1118 4772 leniter
1127 4712 1192 4785 ipsis
1200 4719 1292 4769 auster
1302 4710 1594 4783 spirasselConsidera
1604 4709 1689 4766 tristia
1699 4707 1744 4763 illa
1753 4708 1817 4764 sab-

1020 4805 1082 4859 bata
1096 4802 1243 4873 sepulturae
1262 4801 1416 4858 dominicae.
1427 4800 1526 4857 Nonne
1545 4799 1618 4857 velut
1632 4798 1667 4854 ad
1680 4796 1817 4870 equdunis

1018 4894 1123 4962 flatum,
1142 4891 1333 4963 Apostolorum
1347 4889 1431 4946 corda
1444 4889 1604 4946 infidelitate
1624 4895 1652 4944 et
1674 4886 1816 4942 timiditate

1019 4981 1136 5054 quadam
1147 4977 1334 5051 diriguerunt?
1346 4978 1517 5051 Resurgeute
1528 4976 1645 5034 Domino
1660 4977 1743 5048 coepit
1753 4991 1818 5032 aus·
1834 5008 1843 5017 -

1019 5076 1061 5126 ter
1074 5068 1144 5125 lenis
1157 5068 1265 5124 hortum
1276 5071 1336 5140 ejus
1346 5068 1472 5139 perflare.
1483 5067 1558 5124 Totis
1568 5066 1736 5138 hisdenique
1746 5080 1817 5138 qua·

1019 5156 1144 5231 draginta
1153 5156 1251 5214 diebus
1258 5157 1287 5213 iu
1298 5157 1389 5214 multis
1398 5157 1567 5229 argumentis
1574 5155 1718 5213 dominicae
1723 5170 1818 5212 resur·

1020 5246 1149 5305 rectionis
1159 5254 1187 5303 et
1196 5246 1317 5305 veritatis
1327 5245 1407 5316 fides,
1417 5255 1445 5303 et
1455 5245 1587 5304 libertatis
1601 5245 1699 5302 fiducia
1713 5243 1817 5300 sensim

172 5332 289 5407 Quidam
299 5341 326 5389 et
335 5333 479 5406 predones
495 5342 523 5391 et
536 5340 729 5408 provocatores
742 5340 814 5403 sunt,
830 5333 876 5406 qui
891 5334 964 5407 quod
1018 5336 1189 5396 incrementa
1201 5344 1386 5409 sumpserunt.
1397 5336 1459 5408 lpso
1473 5334 1517 5391 die
1531 5334 1717 5401 Pentecostes,
1729 5347 1819 5406 quau·

171 5423 224 5483 Dei
245 5430 295 5492 est,
311 5420 364 5498 ipsi
382 5422 489 5496 tollunt,
504 5423 568 5481 dum
593 5423 645 5481 sibi
658 5424 797 5492 tribuunt,
818 5429 846 5482 et
866 5422 966 5483 dirinae
1019 5427 1055 5486 do
1078 5426 1166 5485 factus
1188 5434 1230 5486 est
1248 5425 1359 5503 spiritus
1382 5425 1532 5485 vehemens
1552 5423 1581 5480 in
1604 5421 1747 5482 coenaculo
1769 5419 1817 5485 ubi
