3706 5962
678 211 684 219 ·
713 189 867 252 ebleoltts
885 184 1136 250 santabarenus
1689 188 1741 248 324

98 194 151 258 83

95 337 156 376 mus
168 334 183 373 a
196 333 312 392 corpore
327 316 361 372 ad
380 317 511 382 animmn,
528 332 544 370 a
558 314 681 371 sensibus
697 317 730 370 ad
746 315 890 372 conscien-
907 347 929 424 Α
945 313 985 369 vis
1000 315 1078 369 bone
1091 311 1221 368 voluntati
1244 326 1298 366 non
1321 326 1431 382 semper
1449 311 1525 367 credi
1546 312 1669 384 expedit,
1694 317 1741 369 sed

96 409 170 464 tiam.
188 408 267 462 Panis
283 405 430 470 furfureus,
448 412 476 459 et
489 398 605 475 simpleri
620 419 700 473 aqua,
721 413 749 459 et
762 403 849 470 olera,
864 411 891 456 et
947 402 1079 457 frenanda
1092 408 1145 465 est,
1160 400 1209 455 sed
1230 399 1352 471 regenda
1371 406 1424 465 est,
1440 407 1467 454 et
1482 399 1602 455 maxime
1622 400 1652 455 in
1672 401 1740 456 inei-

97 494 235 568 legumina
264 493 410 565 simplicia,
448 507 621 566 nequaquam
645 508 690 548 res
717 492 891 548 delectabiles
944 491 1046 563 piente.
1063 490 1152 562 liegat
1165 495 1267 544 sanctae
1280 488 1444 544 obedientiae
1457 489 1552 561 regula
1575 490 1676 547 bonrun
1693 507 1742 561 ro·

94 592 177 639 suut:
194 583 244 638 sed
266 583 293 637 in
313 597 406 636 amore
430 580 541 648 Christi,
567 589 594 637 et
616 581 754 637 desiderio
778 580 891 636 interme
945 579 1094 644 luntatem;
1119 576 1164 632 illa
1187 593 1252 634 vero
1276 593 1384 648 corpus,
1411 584 1437 632 et
1456 577 1555 633 doceat
1579 577 1648 633 illud
1662 593 1742 650 posse

96 671 296 740 delectationis,
313 671 398 728 ventri
416 671 486 726 bene
510 672 677 743 morigerato
696 678 834 742 gratanter
857 685 891 724 ex
945 667 1096 722 consistere
1109 667 1137 720 in
1151 664 1222 732 loco,
1243 664 1339 721 cellam
1360 665 1427 737 pati,
1443 681 1592 738 secumque
1617 668 1740 724 morari:

96 758 138 813 his
151 759 312 815 satisfacere
338 775 432 830 posse,
458 757 538 814 ualde
561 758 723 815 delectabile
743 764 793 812 est.
821 756 892 825 Quot
946 753 1019 825 quod
1033 752 1060 807 in
1075 751 1235 823 proliciente
1250 752 1328 808 bonae
1342 751 1548 821 compositionis
1566 751 1672 807 initium
1688 759 1743 817 est,

97 845 181 902 millia
201 864 352 920 pauperum
368 863 401 903 ex
416 848 467 911 bis,
483 846 526 901 vel
539 863 572 901 ex
585 845 677 917 aliquo
701 846 797 901 borum
811 843 892 898 dele·
944 848 975 897 et
988 849 1092 898 certum
1107 841 1186 897 bonae
1194 840 1253 912 spei
1260 847 1463 912 argumentum.
1479 839 1650 910 impossibile
1668 841 1743 896 enim

96 937 231 992 stabiliter
245 937 415 992 satisfaciunt
439 936 566 990 uaturaei
599 935 767 991 Facillimum
792 930 892 1006 quippe
947 939 989 986 est
1003 931 1141 986 hominem
1155 929 1270 986 fideliter
1290 929 1375 1002 figere
1389 930 1417 984 iu
1431 945 1486 984 uno
1508 929 1628 984 animum
1651 946 1741 997 suum,

96 1031 125 1079 et
138 1024 299 1080 delectabile
319 1035 392 1080 esset
406 1025 536 1094 adjuncto
550 1024 650 1078 amoris
664 1021 894 1078 Deicoudimento
948 1021 993 1091 qui
1019 1035 1073 1075 non
1095 1019 1170 1090 prius
1196 1018 1275 1074 alicui
1298 1017 1360 1075 loco
1385 1026 1597 1091 perseveranter
1626 1015 1743 1074 affixerit

97 1112 248 1169 secundum
270 1121 395 1167 naturam
423 1113 526 1182 vivere,
557 1112 581 1167 si
599 1111 703 1167 insania
727 1117 821 1166 nostra
843 1124 895 1166 nos
948 1123 1047 1180 corpus
1060 1124 1147 1164 suum.
1163 1107 1232 1162 Nam
1243 1107 1290 1179 qui
1299 1106 1489 1180 aegritudinem
1504 1107 1587 1162 enimi
1600 1107 1745 1180 migrando

98 1200 285 1274 permitteret:
298 1217 350 1272 qua
365 1208 468 1267 sanata,
498 1200 586 1254 statim
613 1198 780 1255 naturalibus
797 1204 894 1254 natura
948 1196 984 1253 de
997 1195 1058 1254 loeo
1071 1196 1107 1250 ad
1122 1196 1210 1253 locum
1224 1194 1348 1268 effugere
1363 1195 1467 1262 nititur,
1482 1195 1521 1251 sic
1544 1204 1587 1251 est
1609 1194 1680 1250 siem
1699 1197 1744 1267 qui

99 1289 210 1346 arridet.
226 1290 328 1346 Eodem
343 1289 423 1345 modo
446 1297 475 1344 et
497 1288 651 1345 delabere.
669 1287 794 1343 ltusticus
811 1286 894 1342 duros
949 1285 1018 1358 fugit
1032 1286 1155 1343 umbram
1179 1284 1300 1355 corporis
1314 1283 1355 1339 sui
1371 1300 1378 1339 ε
1395 1285 1514 1356 seipsum
1529 1282 1608 1354 sugit,
1625 1283 1745 1357 seipsum

99 1381 181 1435 habet
195 1394 304 1448 nervos,
320 1378 406 1435 fortes
421 1378 552 1433 lacertos:
569 1377 727 1433 exercitatio
742 1374 823 1431 Sl!
843 1377 895 1431 hoc
949 1374 1127 1431 circumfert:
1146 1373 1236 1430 locum
1259 1380 1353 1440 mutat,
1379 1388 1434 1429 nou
1456 1371 1587 1429 nmmum.
1610 1371 1745 1428 Eumdem

98 1466 172 1523 lacit.
189 1466 254 1522 Siue
269 1483 330 1521 eum
356 1475 485 1537 torpere;
510 1465 652 1522 mollescit.
678 1464 807 1520 Voluntas
833 1461 895 1518 lacit
950 1463 1048 1534 ubique
1063 1479 1093 1518 se
1117 1462 1238 1521 invenit:
1255 1460 1308 1516 nisi
1321 1460 1394 1533 quod
1418 1459 1586 1517 deteriorem
1609 1459 1675 1516 iacit
1689 1460 1746 1532 ipsa

99 1570 188 1621 usum,
215 1570 280 1609 usus
299 1554 471 1624 exercitium,
492 1554 654 1612 exercitium
669 1553 741 1608 vires
765 1552 793 1606 in
820 1550 895 1607 omni
950 1550 1087 1606 mobilitas
1099 1568 1107 1616 ;
1119 1550 1191 1606 sicut
1204 1549 1304 1609 tudere
1319 1548 1389 1606 solet
1403 1564 1519 1622 aegrum,
1535 1548 1582 1621 qui
1602 1548 1747 1605 circumfe-

99 1642 196 1698 labore
211 1641 410 1698 subministrat.
912 1675 935 1752 n
951 1639 1035 1695 rende
1050 1640 1168 1695 concutit
1184 1655 1257 1696 eum.
1272 1639 1385 1713 AEgrum
1399 1637 1473 1694 enim
1487 1653 1518 1695 se
1532 1637 1610 1703 sciet,
1627 1645 1655 1694 et
1670 1644 1747 1694 vacet

134 1732 180 1787 et.
196 1731 250 1786 Sed
265 1730 409 1785 redeamus
421 1730 454 1784 ad
479 1731 657 1801 propositum.
686 1729 743 1786 Hoc
770 1729 896 1785 omnibus
951 1726 1023 1782 circa
1038 1728 1174 1782 causarias
1187 1733 1281 1800 partes
1305 1724 1475 1801 aegritudinis
1499 1741 1566 1781 suae.
1584 1724 1613 1780 Si
1631 1741 1685 1782 nou
1701 1725 1744 1779 in-

100 1819 189 1873 modis
202 1823 276 1889 agat,
288 1825 317 1873 at
330 1816 417 1886 labor,
435 1818 555 1873 etotium
567 1825 743 1883 nostramet
758 1833 897 1889 nunquam
953 1815 1128 1888 terrumpitur
1144 1815 1231 1888 quies,
1255 1813 1377 1871 remedia
1399 1814 1557 1872 continuata
1580 1812 1635 1870 cito
1660 1812 1746 1884 proli-

101 1907 187 1959 simns
201 1904 296 1960 otiosi:
313 1914 341 1959 et
355 1906 408 1960 hoc
422 1920 531 1977 semper
544 1905 579 1959 sit
604 1905 743 1977 negotium
763 1917 897 1974 nostrum,
952 1905 1034 1971 cient,
1051 1913 1078 1960 et
1091 1912 1203 1960 sanatus
1216 1905 1323 1960 animus
1337 1903 1372 1958 ab
1396 1902 1615 1970 alienationibus,
1640 1901 1684 1958 vel
1704 1917 1746 1957 ca-

102 2001 131 2048 ut
145 1992 266 2064 perfecte
281 2000 485 2048 consummetur
498 1993 526 2047 in
542 1993 631 2058 nobis,
646 1994 720 2065 quod
743 1993 808 2049 dicit
821 1996 897 2065 Apo·
952 1992 1119 2065 ptivitatibus
1133 2002 1160 2050 et
1179 1992 1374 2050 tentationibus
1388 1992 1453 2060 suis,
1471 1994 1544 2051 totus
1559 1990 1587 2046 in
1601 1990 1660 2047 Deo
1684 2006 1748 2046 suus

102 2081 187 2137 stolus
199 2081 360 2137 animalibus
376 2088 403 2136 et
421 2081 631 2152 incipientibus:
655 2082 828 2150 Humanum,
852 2081 897 2136 in·
953 2081 1096 2141 efficietur.
1112 2084 1183 2140 Cure
1197 2093 1270 2158 eget,
1285 2091 1312 2140 et
1326 2096 1380 2139 nou
1398 2080 1515 2148 modica,
1528 2096 1583 2138 non
1596 2079 1747 2153 inquinata,

101 2170 169 2243 quit,
177 2170 241 2227 dico
254 2175 371 2242 propter
381 2172 582 2240 infirmitatem
592 2173 689 2228 curnis
699 2177 809 2229 vestre.
818 2172 897 2229 Sicut
953 2171 1002 2228 sed
1015 2171 1116 2228 inlecta
1136 2178 1242 2227 nature.
1264 2171 1406 2227 Incumbet
1425 2184 1490 2242 ergo
1516 2167 1690 2226 immobiliter
1704 2182 1748 2224 ra-

101 2258 899 2327 eeimexhibuistismembruoestruscrvireimretteditite
955 2260 1116 2317 letudiuurio
1131 2275 1179 2316 suo
1198 2260 1250 2333 (sic
1260 2259 1334 2315 euim
1348 2257 1583 2330 soleutappellare
1595 2257 1694 2314 medici
1704 2271 1748 2313 va·

102 2347 901 2421 etiniquitatimintpotturem:ttanameultbetemem-
955 2348 1104 2405 letndinum
1114 2347 1496 2418 curandarumoilicinam),et
1507 2346 1620 2403 remedii
1631 2346 1749 2418 suseepti

103 2434 152 2491 bra
167 2436 496 2508 vestrascrvirejustitioe
507 2437 897 2510 iasonctificationcmillom.
956 2446 1135 2509 prosequatur
1145 2450 1224 2494 usum
1234 2452 1322 2508 usque
1337 2436 1370 2490 ad
1389 2433 1512 2490 sanitatis
1522 2434 1749 2507 experimentum.

101 2538 141 2589 vr,
155 2525 210 2597 lb).
239 2523 338 2580 Audiat
357 2526 408 2581 boc
435 2527 567 2581 hactenus
590 2525 708 2581 amicum
723 2526 845 2598 corporis
859 2525 900 2581 sui
991 2526 1035 2580 26.
1052 2523 1282 2580 valetudinarium
1296 2531 1414 2590 tuum,o
1437 2529 1548 2594 aeprote,
1572 2536 1589 2576 o
1609 2520 1748 2594 languide,

101 2613 266 2684 mancipium
284 2613 409 2667 animalis
433 2613 523 2683 homo,
541 2613 588 2683 qui
608 2613 665 2682 Jam
688 2614 782 2684 incipit
802 2627 914 2685 corpus,
956 2611 1025 2667 cella
1039 2618 1085 2667 tua
1099 2620 1141 2667 est
1158 2631 1164 2669 2
1181 2612 1330 2669 remedium
1347 2611 1374 2666 iu
1389 2627 1443 2683 quo
1457 2609 1546 2666 curari
1560 2609 1749 2681 ooepisti,obe·

102 2717 180 2755 suum
200 2701 319 2754 subdere
333 2699 450 2771 spiritui,
466 2708 494 2754 ot
522 2700 651 2770 adaptare
672 2702 847 2772 semetipsum
866 2701 901 2756 ad
957 2699 1058 2757 dientia
1072 2707 1124 2767 est,
1139 2699 1296 2757 obedientie
1311 2714 1384 2756 vera.
1401 2698 1455 2755 Sed
1466 2698 1534 2755 seito
1548 2699 1621 2770 quod
1632 2698 1750 2754 remedia

104 2804 136 2846 ee
150 2805 211 2861 quae
224 2789 273 2844 [tei
288 2796 352 2844 sunt
369 2789 555 2859 percipienda,
570 2797 598 2844 et
612 2789 647 2843 ad
672 2789 823 2846 exuendam
848 2789 901 2847 fide
956 2789 1055 2843 crebro
1065 2796 1167 2844 mutata
1178 2799 1286 2852 nocent,
1296 2797 1420 2845 naturam
1431 2787 1584 2843 disturbant
1595 2830 1602 2855 ,
1615 2797 1750 2859 etaegrum

104 2875 243 2932 servitutis
255 2876 456 2945 necessitatem,
474 2885 501 2932 et
525 2876 615 2932 caruis
633 2893 690 2932 suae
715 2877 901 2934 dominantem
957 2876 1157 2934 disterminant.
1173 2879 1242 2934 Nam
1265 2884 1293 2934 et
1318 2877 1364 2951 qui
1387 2875 1477 2948 aliquo
1503 2875 1602 2947 pergit,
1624 2876 1647 2930 si
1671 2891 1751 2931 uuam

103 2964 328 3021 consuetudinem
343 2980 373 3020 se
387 2966 520 3037 accingat.
537 2965 738 3022 Necessitatem
754 2967 806 3022 sibi
820 2967 901 3023 iaciat
957 2972 1060 3020 certam
1076 2965 1195 3022 tenuerit
1209 2967 1290 3035 viam,
1306 2966 1359 3022 cito
1384 2964 1526 3037 perveniet
1541 2979 1595 3037 quo
1611 2964 1709 3034 tendit,
1725 2971 1751 3019 et

104 3061 200 3110 eontra
213 3053 414 3122 necessitatem,
429 3062 459 3110 et
469 3053 697 3111 consuetudinem
720 3064 815 3111 contra
836 3071 899 3114 con·
918 3054 940 3133 e
956 3052 1072 3124 itineris,
1089 3063 1116 3111 et
1128 3055 1229 3111 laboris
1242 3055 1325 3113 faciet
1341 3055 1432 3112 linem.
1448 3054 1478 3109 Si
1496 3068 1560 3113 vero
1585 3055 1685 3110 multas
1707 3070 1753 3127 ag·

102 3140 289 3209 suetudinem,
303 3148 331 3198 et
345 3140 472 3198 aflectum
488 3141 539 3199 sibi
548 3141 748 3199 formetoontre
757 3143 901 3217 elfectum3

105 3232 194 3288 donec
207 3229 315 3303 plonius
328 3239 465 3288 mereatur
475 3230 600 3302 accipere
614 3231 823 3290 delectationem
834 3250 902 3290 con-

105 3328 146 3375 tra
161 3319 388 3378 delectationem:
405 3327 435 3376 ut
457 3319 684 3377 delectationibus
698 3322 788 3379 carnis
801 3337 834 3377 ac
849 3338 902 3378 sae·

36 3417 40 3426 “
103 3409 156 3464 culi
177 3409 325 3466 secundum
354 3408 496 3466 consilium
523 3409 646 3483 Apostoli
674 3410 771 3467 saltem
799 3419 902 3468 tantum

108 3513 170 3552 eum
184 3498 304 3555 delectet
319 3512 424 3566 carere,
441 3505 572 3572 quantum
590 3515 652 3556 eum
676 3499 828 3556 delectabat
847 3500 903 3572 pri-

108 3601 182 3641 mum
196 3600 244 3640 eas
258 3587 378 3657 babere,
397 3595 500 3642 tantum
515 3586 633 3643 delectet
646 3603 711 3644 eum
724 3588 759 3645 de
774 3589 903 3645 membris

108 3674 148 3728 sui
172 3673 295 3743 corporis
328 3673 431 3729 servire
459 3674 571 3744 justitiae
595 3675 622 3729 iu
650 3676 903 3743 sanctificationem,

108 3768 237 3832 quantum
253 3759 328 3830 prius
342 3758 497 3815 delectabat
511 3777 572 3816 euru
597 3762 702 3817 servire
727 3763 904 3820 immunditiae

107 3857 134 3903 ot
149 3846 282 3918 iniquitati
295 3847 330 3901 ad
349 3846 528 3919 iniquitatem.
549 3849 612 3904 ilaec
633 3858 675 3904 est
695 3852 826 3923 perfectio
840 3852 902 3907 aui-

109 3937 185 3992 malis
200 3938 316 3991 bominis
332 3938 359 3992 in
374 3952 423 3993 suo
437 3945 526 4002 statu,
542 3937 585 3994 vel
610 3939 702 3995 novitii
729 3941 901 4014 incipientis:

108 4024 153 4096 qui
168 4039 230 4080 cum
246 4024 475 4080 consummaverit
485 4026 536 4081 boc
550 4025 665 4083 animale
686 4031 728 4084 vet
743 4030 902 4095 humanum,

108 4114 130 4168 si
147 4127 200 4167 non
218 4112 371 4184 respexerit
386 4119 470 4183 retro,
488 4113 536 4169 sed
552 4111 673 4169 fideliter
686 4114 713 4168 iu
729 4118 865 4172 anteriora
873 4133 903 4173 se

108 4200 269 4267 extenderit,
285 4201 339 4257 cito
354 4200 496 4274 perveniet
510 4202 543 4257 ad
559 4201 626 4257 illud
639 4201 769 4270 divinum,
791 4215 820 4260 ιιι
834 4205 902 4262 inci-

107 4290 164 4363 piat
178 4290 387 4363 apprehendere
405 4291 473 4347 sicut
483 4292 673 4363 apprehensus
688 4301 739 4363 est,
757 4300 785 4348 et
798 4308 901 4365 coguo-

107 4395 184 4436 scere
200 4379 268 4436 sicut
285 4379 412 4451 cognitus
434 4386 486 4436 est.
511 4380 569 4436 lloc
593 4387 683 4436 autem
703 4396 773 4453 opus
796 4397 849 4437 non
875 4383 901 4439 in

957 3142 1079 3218 greditur
1093 3144 1161 3215 vias,
1174 3153 1258 3212 erret,
1274 3160 1326 3201 nec
1339 3143 1440 3201 laboris
1453 3141 1599 3218 aliquando
1610 3140 1693 3198 finem
1714 3142 1750 3198 le·

958 3234 1012 3299 cit;
1029 3233 1092 3307 quie
1104 3249 1182 3292 error
1196 3234 1278 3292 finem
1289 3251 1345 3293 non
1355 3236 1445 3292 lrabet.
1454 3235 1590 3306 Nouergo
1600 3234 1751 3290 remedium

958 3331 1056 3389 mutes,
1077 3337 1128 3378 nec
1143 3322 1215 3378 eliud
1230 3338 1282 3395 pro
1296 3323 1349 3379 ulio
1363 3321 1545 3396 accipias,sed
1561 3319 1649 3377 2st
1667 3339 1751 3394 usqne

958 3410 992 3464 ad
1015 3409 1160 3467 terminum
1183 3411 1313 3483 perlectae
1336 3411 1467 3478 sanitatis,
1494 3408 1664 3466 medicinalis
1685 3411 1752 3466 obe·

958 3499 1067 3556 dientiae
1079 3498 1203 3556 remedio
1218 3508 1295 3555 utere
1310 3518 1318 3556 :
1336 3514 1388 3556 nec
1402 3498 1515 3571 abjicias
1530 3514 1601 3568 eam,
1617 3507 1648 3553 ut
1666 3499 1753 3571 ingra-

959 3594 1012 3654 tus,
1028 3604 1090 3644 cum
1104 3587 1191 3644 iactus
1204 3587 1289 3646 fueris
1302 3604 1401 3656 sanus3
1416 3590 1466 3646 aed
1478 3595 1565 3645 tamen
1579 3588 1606 3643 iu
1620 3587 1752 3659 reliquum

959 3676 1011 3731 ulio
1034 3675 1115 3732 modo
1130 3692 1163 3732 ea
1179 3677 1216 3733 uti
1231 3677 1407 3747 permitteris.
1424 3677 1452 3733 Si
1467 3693 1537 3750 ergo
1559 3677 1594 3732 ad
1608 3676 1753 3732 sanitatem

959 3764 1185 3831 lestines,videut
1205 3765 1445 3830 uil,velmodicum
1459 3767 1495 3824 de
1515 3767 1659 3838 temetipso
1673 3782 1754 3838 agere

959 3868 1107 3924 presumas
1116 3853 1222 3911 medico
1239 3855 1408 3921 inconsulto;
1424 3872 1440 3910 a
1456 3870 1511 3928 quo
1523 3854 1547 3910 si
1561 3870 1675 3926 operam
1690 3871 1749 3909 me-

958 3941 1073 3999 dicantis
1088 3950 1246 4014 exspectes,
1258 3958 1371 4001 necesse
1381 3952 1423 4000 est
1438 3952 1467 3999 ut
1483 3942 1581 4000 volum
1593 3953 1669 4000 tuum
1677 3959 1751 3999 seru-

957 4045 1009 4102 per
1024 4029 1049 4085 ei
1063 4029 1194 4102 detegere
1208 4047 1262 4089 non
1273 4032 1431 4088 erubescas.
1444 4031 1593 4102 Erubesce,
1603 4033 1651 4088 sed
1663 4040 1753 4087 tamen

959 4118 1052 4173 revela
1067 4126 1162 4190 totum,
1179 4135 1230 4176 uec
1242 4119 1404 4178 abscondes.
1419 4120 1488 4177 Sunt
1510 4122 1582 4176 enirn
1607 4121 1653 4192 qui
1669 4120 1754 4177 conli-

961 4207 1044 4262 tendo
1071 4208 1150 4279 quasi
1171 4207 1290 4266 fabulam
1322 4217 1452 4266 enarrant
1475 4223 1586 4267 suorum
1615 4209 1754 4266 historiam

960 4302 1145 4368 peccatorum,
1156 4298 1332 4375 egritudines
1344 4299 1442 4354 anima
1451 4314 1508 4355 suae
1518 4300 1577 4355 sine
1592 4298 1769 4377 confusionex

960 4385 1141 4453 dinumerant,
1158 4395 1187 4442 et
1201 4386 1519 4460 peneeinepoenitentia,
1534 4396 1562 4443 et
1580 4387 1639 4443 sine
1653 4387 1754 4443 aflectu

107 4484 161 4525 uuo
175 4466 205 4522 fit
219 4474 358 4524 momento
379 4466 576 4536 conversionis,
591 4484 646 4523 non
669 4477 710 4524 est
729 4469 809 4525 unius
837 4470 901 4538 diei,
920 4448 943 4526 ii
960 4473 1072 4531 doloris.
1088 4474 1148 4530 Cito
1162 4476 1236 4530 enim
1251 4479 1385 4549 lacrymas
1399 4476 1513 4545 invenit,
1529 4485 1558 4531 et
1572 4475 1719 4533 resolvitur
1729 4476 1754 4531 in

107 4557 155 4612 sed
171 4555 247 4611 multi
272 4556 410 4628 temporis,
438 4555 514 4610 multi
540 4555 653 4625 laboris,
681 4558 756 4613 multi
785 4560 902 4627 sudoris,

108 4645 258 4699 secuudum
273 4645 387 4718 gratiam
403 4644 453 4700 Dei
468 4644 623 4702 miserentis
637 4655 664 4701 et
683 4647 801 4703 studium
818 4651 904 4706 bomi-

109 4732 150 4786 nis
162 4731 277 4787 volentis
292 4741 319 4787 et
338 4733 481 4790 currentis.
831 4745 832 4749 ’

413 4839 530 4896 CAPUT
545 4839 595 4896 IX.

160 4929 307 4989 stabilitos
321 4929 352 4985 in
362 4929 669 4995 cettacommendatua
686 4935 713 4988 et
729 4933 856 4993 custodes

399 5004 609 5073 proponuntur.

144 5089 191 5144 ιδ.
207 5087 334 5145 Omnium
356 5103 422 5144 vero
446 5088 579 5146 bonorum
605 5088 700 5145 luorum
727 5090 835 5148 otlicina
863 5102 904 5151 est

109 5175 188 5240 cella,
205 5186 233 5234 et
245 5176 350 5234 stabilis
363 5178 566 5250 perseverantia
581 5178 608 5232 iu
622 5194 666 5236 ec.
682 5180 711 5233 ln
726 5197 780 5252 qua
790 5183 903 5252 quicun-

109 5279 162 5334 que
177 5252 239 5321 citnl
253 5284 303 5324 sna
316 5274 477 5340 paupertate
492 5268 563 5325 beno
585 5269 722 5338 convenit,
738 5269 815 5326 dives
836 5281 879 5328 est
895 5292 901 5330 :

110 5363 138 5407 et
158 5353 312 5428 qmcunque
331 5358 430 5414 bonam
458 5357 623 5415 voluntatem
648 5359 782 5426 babuerit,
810 5376 903 5417 secum

112 5439 196 5496 habet
205 5442 336 5515 quidquid
352 5444 386 5499 ud
400 5445 472 5500 bene
479 5435 628 5506 viiendom
635 5448 734 5520 eiopus
740 5459 781 5505 est
793 5467 798 5503 :
811 5466 905 5521 quam-

959 4562 1101 4635 gemitum
1118 4563 1164 4636 qui
1179 4565 1262 4621 habet
1276 4582 1386 4623 sensum
1410 4565 1521 4622 doloris.
1547 4564 1574 4620 Si
1589 4580 1656 4622 vero
1678 4565 1756 4620 malae

960 4651 1115 4722 aegritudini
1127 4653 1325 4725 desperabilior
1339 4662 1434 4727 stupor
1448 4653 1604 4719 accesserit,
1621 4653 1664 4710 lric
1679 4653 1708 4708 in
1722 4669 1757 4712 eo

960 4744 1032 4815 quod
1045 4757 1099 4800 non
1115 4744 1198 4813 dolet,
1214 4756 1317 4817 quanto
1329 4749 1439 4805 sarrltati
1454 4748 1631 4806 videturesse
1643 4749 1756 4820 propiu-

961 4832 1049 4904 quior,
1067 4841 1142 4889 tanto
1163 4834 1198 4889 ab
1216 4850 1249 4890 ea
1272 4835 1302 4892 lit
1325 4838 1463 4894 remotior.
1483 4836 1562 4907 Quod
1586 4837 1608 4891 si
1634 4837 1757 4895 medicus

960 4919 1038 4992 quasi
1052 4920 1215 4979 clementior
1230 4924 1323 4993 luerit,
1338 4936 1367 4982 ιιι
1380 4927 1458 5000 quasi
1478 4926 1626 5004 unguentis
1644 4934 1672 4983 et
1694 4944 1754 4982 em-

960 5008 1070 5080 plastris
1084 5009 1234 5068 lenioribus
1247 5015 1336 5070 omnia
1351 5016 1466 5072 voluerit
1480 5032 1588 5085 curare,
1605 5026 1633 5071 ιιι
1643 5030 1695 5090 age
1705 5032 1756 5088 pro

960 5097 1113 5170 temetipso,
1129 5108 1157 5155 et
1172 5102 1287 5160 remedii
1307 5103 1426 5162 fortioris
1441 5115 1470 5161 et
1483 5105 1623 5163 celerioris
1650 5105 1755 5172 avidus,

959 5186 1084 5242 sanitatis
1097 5187 1199 5245 terrum
1215 5193 1332 5264 require,
1348 5195 1499 5252 usnemun
1514 5209 1641 5267 exposce.
1667 5195 1757 5250 lledi-

960 5293 1007 5332 cus
1023 5277 1071 5333 tibi
1087 5295 1197 5354 semper
1215 5290 1316 5354 praesto
1327 5291 1378 5354 est,
1392 5295 1502 5358 paratus
1517 5293 1571 5343 est.

995 5368 1040 5422 il.
1066 5369 1108 5424 Ne
1134 5369 1206 5425 enim
1229 5371 1335 5428 horrori
1356 5373 1391 5428 ait
1411 5374 1459 5430 tibi
1480 5383 1525 5430 tua
1540 5375 1666 5440 solitudo,
1688 5383 1716 5432 et
1729 5382 1757 5431 ιιι

961 5453 1048 5511 tutius
1065 5455 1093 5511 in
1107 5457 1176 5513 cella
1189 5459 1306 5531 habites,
1323 5468 1377 5518 tres
1401 5463 1449 5520 tibi
1471 5463 1592 5536 deputati
1614 5471 1677 5520 sunt
1691 5478 1757 5520 cus-
