3706 5962
168 221 239 287 ,227
721 201 1095 277 urttsuauononsua
1117 200 1261 277 vivetur.
1756 207 1817 284 ms

164 353 228 410 uitia
253 350 343 407 carnis
364 356 465 405 nostra
486 345 688 412 mortificemus,
713 342 870 415 praedicant.
886 338 965 397 Unde
980 350 1004 429 Ι
1021 345 1090 409 rent,
1114 343 1220 412 quando
1245 341 1272 396 iu
1290 340 1411 399 ecclesiis
1429 341 1476 399 lilii
1502 343 1629 403 recenter
1649 347 1678 404 in
1704 347 1759 406 tide
1772 367 1816 424 ge-

166 441 276 516 quidsm
297 454 391 497 eorum
414 438 491 504 dixit,
519 438 549 494 Si
569 436 646 494 enim
668 431 824 491 secandum
847 445 963 487 cantem
1020 437 1159 495 narentur,
1187 437 1214 485 et
1241 431 1275 484 ad
1297 439 1418 488 sancum
1441 433 1673 492 conversationem
1693 438 1815 510 qussisd

166 529 313 598 vixeritis,
338 528 503 586 moriemini
525 528 614 594 (Rom.
639 538 696 593 rut,
714 522 785 593 t3);
814 520 966 584 etiterum,
1019 518 1180 574 soliditatem
1217 520 1351 576 bonorum
1381 536 1492 593 operum
1521 534 1723 595 praeparantur.
1755 528 1817 582 itala

168 617 468 690 dominacionembro
486 620 581 673 oestro
596 617 738 686 qtroernnt
751 625 838 682 super
859 614 965 667 terram
1019 609 1117 677 punica
1151 609 1316 678 germinant,
1342 608 1449 682 quando
1479 611 1588 683 perlecti
1617 614 1746 671 homines
1772 633 1817 688 per

169 707 282 777 (coloss.
311 722 351 774 ur,
382 708 421 778 5).
444 707 480 761 Et
499 705 595 760 iterum
623 700 743 758 Ecclesia
768 698 853 756 dicit:
878 697 967 769 liipiti
1019 695 1145 768 exempla
1173 697 1304 753 bonorum
1331 713 1444 770 operum
1472 715 1537 757 suos
1570 702 1713 772 proximos
1736 704 1818 761 edit-

169 797 227 855 mei
235 795 353 871 myrrha
366 795 566 868 probatissimo
580 791 703 863 (Contio.
718 806 745 857 ι,
760 789 800 854 b).
814 788 890 844 Tunc
902 801 967 846 sere
1018 793 1090 855 cant,
1109 785 1177 842 etin
1200 786 1321 844 novitate
1335 797 1435 845 sanctae
1458 792 1676 850 conversationis
1691 810 1740 866 per
1752 809 1820 868 pras·

166 895 207 942 est
225 887 334 957 myrrha
349 883 547 956 probatissime,
562 882 671 953 quando
685 876 803 950 periente
815 891 878 932 caro
891 890 965 932 mor·
1019 872 1179 932 dicationem
1206 891 1283 932 suam
1317 885 1345 934 et
1370 894 1419 949 per
1441 880 1626 937 ostensionem
1649 884 1735 940 bonae
1763 886 1820 942 ritae

170 973 516 1045 mercennariumque
539 976 647 1042 peccata
662 969 865 1041 extinguuntur.
1019 963 1120 1020 sanctis
1151 965 1279 1035 operibus
1313 975 1455 1025 renovant.
1485 969 1563 1027 Unde
1588 985 1693 1030 moneo
1721 981 1758 1043 te,
1794 975 1820 1029 in

180 1061 182 1066 '
205 1065 248 1120 ta.
277 1062 373 1136 igitur,
397 1076 475 1119 soror
502 1060 530 1116 in
558 1059 665 1115 Christo
685 1056 793 1124 dilecta,
817 1055 840 1109 si
853 1051 968 1109 societa-
1021 1051 1126 1109 christo
1139 1052 1291 1124 spiritualis
1314 1055 1409 1124 amica,
1425 1065 1455 1113 ut
1478 1058 1528 1115 des
1542 1057 1646 1116 bonum
1668 1064 1820 1135 exemplum

170 1161 223 1208 tem
258 1159 410 1208 sanctorum
441 1151 542 1206 habere
569 1147 706 1221 cupimus,
734 1158 846 1202 necesse
869 1150 913 1198 est
938 1147 968 1195 ut
1021 1141 1057 1198 de
1072 1149 1097 1197 te
1115 1143 1241 1200 omnibus
1257 1144 1412 1202 bominibus
1426 1145 1453 1202 in
1470 1147 1545 1204 omni
1560 1149 1690 1208 tuarita.

170 1241 297 1312 exempta
324 1256 418 1296 eorum
442 1253 600 1310 sequamur.
623 1237 653 1294 si
682 1248 835 1308 peccamus,
856 1232 916 1302 jam
935 1227 969 1285 de
1057 1229 1101 1285 ts.
1117 1229 1284 1288 Venerabilis
1298 1232 1385 1306 uirgo,
1398 1234 1522 1292 desidero
1537 1243 1567 1293 nt
1580 1237 1679 1296 luceas
1698 1241 1824 1298 omnibus

172 1339 284 1402 peccato
317 1330 420 1385 nullam
454 1325 653 1384 excusationem
685 1325 827 1380 habemus.
852 1316 969 1388 Quare?
1022 1317 1127 1374 ancillis
1154 1318 1203 1375 Dei
1229 1337 1291 1393 quae
1317 1332 1410 1380 tecum
1424 1325 1536 1381 suntin
1559 1329 1743 1402 monasterio,
1758 1330 1823 1386 bene

172 1416 242 1486 Quia
265 1425 293 1472 et
316 1418 357 1472 lex
384 1415 435 1472 Dei
448 1414 570 1488 quotidie
583 1431 633 1470 nos
656 1413 784 1470 admouet
799 1417 828 1467 ut
841 1409 911 1464 bene
925 1404 970 1462 vi·
1022 1405 1153 1479 visendo,
1170 1407 1243 1480 quia,
1267 1409 1338 1465 sicut
1361 1411 1398 1467 ait
1412 1411 1509 1469 beatus
1521 1413 1689 1488 Gregorius,
1704 1418 1752 1490 qui
1770 1419 1824 1472 stris

76 1536 85 1550 ι
171 1522 276 1575 ramus,
306 1513 334 1562 et
357 1503 481 1575 exempla
502 1511 659 1561 sanctorum
675 1511 783 1575 patmm
798 1513 905 1569 semper
926 1494 969 1549 in·
1024 1510 1100 1551 suam
1129 1495 1226 1553 bonam
1252 1498 1333 1555 vitam
1360 1501 1537 1576 abscondunt,
1552 1505 1580 1559 in
1601 1505 1763 1577 semetipsis
1780 1524 1824 1563 aa·

144 1652 147 1656 ,
172 1593 255 1651 vitant
273 1593 307 1648 ad
327 1596 396 1651 bene
413 1593 594 1664 operandum.
613 1591 665 1648 Sed
684 1599 711 1647 et
725 1590 749 1646 si
760 1587 905 1659 aliquando
917 1598 967 1640 se·
986 1584 1109 1702 Bcausi,
1125 1586 1173 1641 sed
1198 1587 1258 1642 aliis
1275 1586 1471 1662 inexemplum
1495 1592 1606 1649 luminis
1620 1609 1680 1652 non
1698 1604 1775 1652 sunt
1788 1596 1825 1651 llti

171 1684 226 1738 cuti
251 1698 346 1738 sumus
370 1683 495 1754 exempla
516 1682 649 1738 malorum
673 1680 823 1743 bominum,
847 1689 897 1731 cur
914 1685 968 1728 non
1025 1689 1089 1730 aero
1103 1674 1149 1748 qui
1175 1676 1327 1747 exemplum
1356 1679 1493 1748 virtutum,
1520 1689 1547 1736 et
1566 1698 1616 1754 per
1629 1683 1708 1740 riam
1724 1689 1824 1742 saneti—

173 1771 315 1843 sequimur
338 1773 463 1840 exempla
490 1777 646 1827 sanctorum
669 1765 845 1839 patrumiEt
866 1761 888 1816 si
914 1760 969 1831 apti
1026 1762 1088 1818 tatis
1115 1772 1195 1837 atque
1221 1781 1271 1837 per
1295 1767 1406 1824 verbum
1435 1770 1638 1836 praediaationis
1658 1773 1725 1830 aliis
1739 1776 1825 1830 lumen

173 1858 251 1931 [fort.
276 1858 407 1931 prompti}
434 1858 566 1915 fuerimus
589 1858 623 1913 ad
651 1855 811 1911 imitandum
838 1852 924 1908 malos
941 1849 970 1903 in
1027 1851 1220 1923 demonstrant,
1247 1856 1385 1929 tampades
1410 1858 1535 1915 ardentes
1561 1869 1636 1926 sunt,
1673 1863 1741 1935 quia
1764 1864 1823 1920 aliis

172 1951 285 2015 matum,
311 1963 360 2003 cur
386 1945 458 2019 pigri
490 1946 577 2002 simus
606 1945 640 2002 ad
662 1944 822 2000 imitandum
841 1943 929 1998 bonos
942 1940 969 1994 in
1023 1939 1094 1998 viam
1108 1942 1203 1999 salutis
1217 1946 1372 2002 ostendunt.
1396 1947 1474 2012 Unde
1497 1948 1633 2005 Dominus
1664 1953 1743 2022 dicit,
1769 1955 1826 2010 Lex

173 2038 300 2093 bonum?
315 2037 399 2093 Soror
427 2036 600 2105 venerabilis,
615 2051 682 2109 ergo
696 2034 870 2106 deprecemur
883 2032 970 2087 Deum
1024 2035 1118 2088 vestra
1138 2033 1232 2090 lucent
1250 2050 1346 2092 coram
1368 2035 1536 2104 boninitas,
1557 2042 1594 2096 nt
1607 2041 1735 2098 videant
1747 2058 1826 2115 opero

171 2134 202 2182 ut
220 2125 333 2182 virtutes
349 2134 460 2194 sanctae,
476 2140 546 2199 quas
559 2123 619 2182 suis
637 2123 739 2179 sanctis
760 2120 921 2194 praeparavit
935 2119 970 2174 ad
1024 2125 1119 2176 vestra
1133 2123 1213 2191 hono,
1234 2127 1262 2179 et
1280 2123 1438 2196 glorificent
1450 2127 1566 2183 Patrem
1585 2133 1724 2186 vestrum
1738 2134 1787 2206 qut
1799 2135 1826 2186 in

170 2230 310 2286 coronam,
331 2215 410 2271 nobis
424 2231 480 2271 non
503 2215 556 2269 sint
568 2214 602 2269 ad
622 2228 729 2284 poenam
743 2228 831 2283 neque
845 2211 879 2266 ad
893 2208 971 2264 dam·
1023 2210 1101 2265 coelis
1114 2216 1158 2267 est
1171 2211 1282 2283 (ttottlt.
1298 2231 1324 2278 v,
1346 2212 1408 2284 16):
1423 2214 1489 2286 quia
1503 2213 1630 2272 videlicet
1645 2217 1701 2273 soli
1717 2219 1777 2275 Deo
1791 2226 1826 2275 est

170 2304 318 2371 nationem,
353 2305 402 2360 sed
443 2306 476 2359 ad
509 2303 657 2374 proiectum
692 2310 719 2357 et
748 2301 872 2356 salutem.
904 2298 969 2355 Sine
1023 2298 1163 2355 reddenda
1176 2301 1266 2356 omnis
1278 2301 1375 2372 gloria.
1392 2301 1490 2358 Christi
1513 2304 1605 2377 virgo,
1622 2312 1652 2362 te
1667 2322 1772 2363 moneo
1787 2317 1825 2362 ta·

171 2393 340 2450 dubitatione
367 2393 503 2450 credimus
526 2391 588 2464 quia
618 2391 641 2447 si
663 2388 787 2463 exempla
814 2395 967 2444 sanctorum
1022 2388 1173 2455 men,utita
1186 2390 1220 2445 sit
1233 2390 1825 2465 opustuuminpublicn,quatenusintentio

170 2481 256 2538 secuti
284 2481 426 2550 fuerimus,
455 2477 541 2538 885
569 2489 630 2552 post
657 2479 726 2536 hane
754 2477 834 2534 vitam
852 2493 915 2533 cum
928 2481 969 2533 ets
1022 2482 1071 2531 tua
1085 2486 1193 2533 maneat
1206 2480 1234 2533 in
1254 2477 1373 2535 occulto.
1394 2479 1489 2551 tgitnr,
1505 2482 1703 2540 amantissima
1722 2485 1787 2541 mihi
1801 2487 1824 2539 in

171 2569 200 2624 in
214 2570 284 2627 coelo
300 2571 484 2643 regnabimus.
499 2568 607 2638 Quanto
621 2568 738 2640 amplius
756 2569 842 2624 vitam
860 2575 967 2623 sancto·
1022 2564 1128 2624 Christo
1143 2582 1231 2637 soror,
1259 2568 1330 2625 sicut
1349 2569 1474 2639 superius
1492 2568 1547 2626 diri
1562 2570 1625 2639 tibi,
1656 2572 1687 2628 in
1702 2574 1825 2630 omnibus

167 2675 226 2714 rum
247 2667 352 2730 patrum
368 2658 494 2731 legimus,
511 2659 535 2713 si
552 2657 676 2728 exempta
698 2671 793 2712 eorum
822 2656 899 2728 sequi
918 2669 967 2711 no·
1021 2653 1171 2711 actionibus
1196 2655 1258 2723 tuis,
1280 2657 1401 2714 inomni
1424 2672 1508 2730 opere
1522 2665 1581 2725 tuo,
1605 2659 1634 2714 in
1658 2664 1737 2718 omni
1763 2678 1823 2719 con

165 2747 267 2813 tumus,
282 2754 357 2804 tanto
381 2746 497 2819 amplius
521 2744 671 2819 culpabiles
686 2761 791 2801 snmus.
815 2746 903 2815 Nunc,
919 2747 966 2802 ho·
1021 2743 1175 2801 versatione
1211 2754 1255 2801 tua
1277 2744 1383 2801 imitare
1409 2753 1529 2816 sanctos,
1561 2750 1696 2806 aemulare
1716 2750 1821 2824 justos3

163 2846 243 2893 nesta
263 2836 350 2909 virgo,
375 2836 586 2907 omnipotentem
600 2834 689 2890 Deum
710 2835 851 2906 deprecor,
868 2842 897 2889 ut
923 2834 968 2892 det
1021 2833 1120 2890 habeto
1134 2841 1196 2890 ante
1214 2836 1308 2891 oculos
1323 2843 1385 2891 tuos
1402 2835 1524 2908 exempla
1539 2846 1709 2907 sanctorum,
1733 2855 1823 2896 esem·

165 2925 216 2981 tibi
241 2928 289 2980 tras
304 2927 416 2983 virtutes
430 2930 588 2982 sanctorum
601 2932 727 2995 patrum;
756 2924 858 2981 scilicet
873 2923 963 2980 humi·
981 2962 1004 3043 e
1021 2920 1067 2993 pla
1083 2924 1219 2993 justorum
1234 2923 1364 2980 imitando¹
1378 2924 1526 2981 considers.
1537 2925 1669 2998 Exempla
1683 2927 1822 2996 iustorum

83 3018 87 3023 ·
164 3010 266 3068 litatem
279 3012 389 3081 Clrristi,
404 3012 578 3069 devotionem
606 3011 688 3081 Petri,
710 3011 865 3068 maritalem
878 3012 962 3068 toan·
1018 3026 1140 3084 propone
1156 3010 1213 3080 tibi,
1236 3019 1341 3081 patmm
1357 3013 1482 3085 exempla
1502 3014 1553 3071 sint
1577 3013 1622 3069 tibi
1641 3014 1821 3073 incitamenta

163 3100 217 3166 nis,
248 3100 432 3156 obedientiam
459 3099 587 3167 dhrahae,
610 3099 767 3170 patientiam
788 3100 872 3170 isaac,
892 3105 964 3158 tote·
1017 3098 1179 3169 disciptinae.
1195 3096 1306 3155 intende
1326 3101 1354 3155 in
1372 3101 1498 3158 uirtutem
1519 3109 1676 3159 sannorum
1699 3104 1735 3160 ad
1753 3104 1819 3161 benc

163 3188 280 3245 rentiam
313 3190 407 3258 Jacob,
450 3188 601 3247 castitatem
635 3190 746 3260 loseph,
782 3191 963 3246 mansuetudi·
1018 3188 1197 3259 operandum,
1213 3188 1322 3245 intende
1335 3190 1369 3244 ad
1385 3191 1454 3246 bene
1468 3189 1634 3247 vivendum:
1650 3191 1818 3250 documenta

162 3294 225 3334 nem
266 3278 376 3351 ltoysis,
416 3278 596 3335 constantiam
631 3278 723 3348 losue,
770 3279 963 3355 benignitatem
1013 3287 1168 3333 sanctorum
1191 3278 1266 3334 nulia
1283 3277 1396 3334 intamia
1415 3279 1601 3337 scandalizent
1615 3283 1702 3338 sitam
1731 3290 1813 3346 tuam,

161 3367 307 3435 Samuelis,
330 3368 542 3426 misericordiam
570 3367 669 3435 Dauid,
693 3368 881 3427 abstinentiam
909 3370 962 3425 Da·
1016 3365 1089 3420 nulla
1117 3366 1209 3437 opinio
1236 3366 1350 3423 adversa
1374 3375 1401 3422 te
1423 3370 1574 3425 contristet.
1603 3371 1688 3427 Disce
1705 3371 1814 3444 flagrare

160 3457 249 3525 nieiis,
275 3464 303 3513 et
337 3456 535 3532 caeteradigna
559 3457 627 3514 tacta
645 3457 768 3529 priomm
796 3467 960 3530 sanctorum,
1016 3456 1087 3512 bono
1117 3457 1263 3527 praeeonio,
1292 3457 1391 3513 habeto
1418 3458 1598 3515 testimonium
1623 3462 1742 3528 bonum,
1769 3477 1813 3518 cu·

159 3557 189 3603 ut
215 3548 367 3621 posthanc
395 3548 538 3605 mortalem
560 3548 642 3607 ritant
660 3548 804 3620 pertenire
824 3549 913 3621 possis
926 3548 960 3604 ad
1015 3542 1085 3600 stodi
1108 3551 1180 3600 tuam
1204 3545 1302 3600 tamam
1327 3546 1448 3611 bonam;
1476 3555 1521 3602 tua
1547 3546 1620 3603 bona
1648 3548 1720 3604 tama
1739 3548 1813 3604 nullis

161 3637 315 3693 societatem
330 3652 436 3695 eorum.
1014 3631 1150 3689 tatoribus
1169 3633 1338 3705 obscuretur,
1368 3643 1413 3691 tus
1431 3634 1504 3692 bona
1516 3634 1591 3692 tama
1604 3635 1691 3694 nullis
1713 3650 1811 3710 oppro-

196 3727 243 3786 tt.
269 3726 354 3800 Virgo
378 3726 488 3797 Christi,
504 3725 625 3797 quotidie
639 3725 789 3795 considera,
817 3745 873 3802 quo
902 3745 960 3786 mo·
1014 3721 1236 3783 briislaceretur,
1250 3727 1346 3782 Amen·

160 3816 310 3887 deramine,
338 3831 393 3889 qua
417 3816 577 3881 intentione,
605 3817 647 3873 vel
674 3831 726 3888 qua
749 3819 959 3891 compunctione

158 3906 285 3961 homines
309 3904 409 3960 Christi
431 3905 559 3976 placuere
590 3905 659 3961 Deo.
686 3905 761 3962 Unde
788 3907 816 3962 in
843 3924 957 3980 persona

162 3991 262 4050 Christi
289 3992 315 4047 in
337 3991 456 4048 Canticis
487 3993 652 4048 canticorum
680 3994 810 4050 Ecclesia
833 3998 955 4056 dicitur:
1048 3993 1094 4046 46.
1121 3991 1219 4048 Paulus
1233 3995 1441 4067 aposlolusail:
1468 3996 1538 4054 Cum
1553 4000 1636 4056 enim
1654 4002 1715 4058 sint
1737 4004 1810 4059 inter

165 4083 254 4153 ριιιιιιι
266 4081 383 4154 pulchri
393 4086 460 4139 sant
472 4097 584 4154 pressus
595 4082 641 4138 tni
655 4084 687 4138 in
704 4084 913 4153 calceamentis,
923 4090 958 4159 fi·
1014 4095 1060 4138 uos
1078 4081 1156 4139 aelus
1170 4086 1198 4139 el
1211 4087 1365 4153 contentio,
1380 4100 1474 4141 nom
1493 4085 1658 4146 mundum
1673 4087 1808 4149 Mariam

160 4171 200 4230 lio
212 4172 354 4245 principis
365 4170 478 4240 !(Cant.
501 4185 549 4239 ιιι,
562 4172 597 4240 tl.
611 4170 735 4228 Christus
749 4189 797 4245 per
809 4177 965 4247 potentiam.
1012 4170 1178 4242 antetatis,
1195 4178 1223 4229 et
1237 4176 1367 4231 carnalos
1378 4174 1467 4232 estis?
1483 4177 1509 4246 (l
1522 4177 1587 4234 Cor.
1604 4194 1647 4246 ιιι,
1659 4182 1702 4253 3.)
1715 4182 1749 4237 iit
1763 4183 1808 4239 Sa·

158 4261 304 4318 divinitatis
332 4261 460 4335 princeps
487 4269 527 4318 est
553 4262 672 4343 omniunt
702 4270 910 4321 creaturarum:
932 4235 1101 4321 etntomou
1135 4260 1195 4320 ait:
1220 4264 1299 4319 lntcr
1327 4263 1458 4338 superbos
1486 4282 1597 4340 sernper
1620 4275 1696 4327 sant
1719 4274 1808 4345 jamia

160 4350 223 4406 ideo
250 4361 343 4406 sancta
375 4349 494 4407 Ecclesia
527 4348 582 4406 trlia
610 4350 737 4423 principis
764 4352 873 4420 dicitur,
895 4356 959 4427 quia
1013 4349 1106 4419 (Pron.
1121 4365 1180 4415 ιιιιι,
1198 4355 1255 4421 lb).
1272 4352 1387 4426 Semper
1399 4353 1494 4410 molas
1502 4355 1603 4429 jurgio
1617 4360 1807 4431 qnoeritlcor.

160 4443 209 4510 per
236 4437 451 4511 praedicationem
476 4436 577 4493 Christi
596 4438 622 4493 in
651 4455 747 4495 notant
774 4443 856 4499 uitam
880 4457 958 4516 rege·
1012 4454 1083 4506 xvir,
1104 4445 1158 4512 tt).
1181 4444 1301 4517 Angelus
1324 4444 1410 4498 malus
1425 4443 1540 4500 mittitur
1560 4448 1808 4518 contracambii

161 4534 280 4585 neratur.
314 4527 381 4596 Quae
405 4533 470 4582 sunt
496 4539 585 4585 autem
613 4529 794 4586 calceamenta
816 4531 954 4596 Ecclesiae,
1012 4531 1132 4601 perloca
1146 4531 1298 4603 periculosa
1312 4530 1395 4598 vadit,
1412 4529 1465 4588 cito
1474 4532 1560 4589 cadit:
1575 4534 1617 4590 sic
1632 4535 1681 4591 itte
1695 4538 1808 4612 quiquo

161 4618 215 4674 nisi
243 4618 367 4688 exempla
397 4624 549 4675 sanctorum
582 4628 699 4692 patrum,
725 4619 826 4692 quibus
858 4623 884 4677 in
913 4622 956 4678 ria
1010 4616 1074 4672 tidie
1098 4636 1159 4675 oum
1185 4620 1315 4692 proximis
1340 4619 1397 4676 suis
1411 4619 1559 4686 contendit,
1578 4621 1636 4680 cito
1656 4627 1807 4684 madum

160 4707 241 4778 hujus
269 4708 361 4764 saeouli
391 4707 539 4777 munimur,
568 4716 598 4763 ut
624 4724 675 4780 par
701 4725 794 4767 omnes
809 4711 955 4768 tribulatio·
1009 4707 1093 4764 cadit.
1109 4710 1166 4765 Viri
1184 4710 1266 4766 mites
1281 4725 1389 4782 semper
1408 4710 1653 4784 descipiuntiites:
1680 4717 1806 4790 quiquo

161 4810 211 4853 nes
229 4797 411 4853 calceamenta
430 4797 482 4853 isla
504 4798 669 4854 ambulanti
692 4799 776 4857 Soror
797 4801 825 4857 in
847 4801 955 4858 Christo
1009 4798 1074 4856 tidie
1101 4801 1269 4856 contendunt
1296 4813 1323 4855 et
1346 4800 1478 4868 rixantur,
1501 4801 1628 4872 apaucis
1655 4802 1807 4863 hominibus

161 4885 297 4957 amabilis,
334 4897 361 4943 et
389 4903 441 4944 nos
477 4887 649 4958 spiritualiter
683 4890 765 4960 pedes
794 4892 954 4960 calceamus,
1009 4885 1245 4946 §tiliamentum
1267 4890 1482 4962 Proptereapax
1501 4891 1806 4952 ermacordissbon

159 4977 268 5047 quando
295 4976 429 5032 assuetis
456 4976 577 5046 patribus
598 4978 721 5051 exempla
748 4980 817 5037 bene
843 4981 953 5039 visendi
1008 4979 1088 5034 nibus
1106 4978 1262 5035 hominibus
1276 4988 1423 5052 amantur3
1447 4988 1589 5051 propterea
1613 4998 1670 5055 pax
1690 4997 1722 5043 et
1747 5001 1807 5042 cou-

159 5066 301 5132 sumimus,
325 5074 355 5121 ut
383 5064 418 5119 ad
443 5064 645 5121 similitudinem
672 5082 765 5124 eorum
791 5072 953 5128 tentationes
1007 5067 1099 5126 cordia
1126 5068 1252 5125 omnibus
1279 5068 1434 5126 hominibus
1454 5079 1516 5124 sunt
1539 5071 1716 5131 amasne.
1732 5075 1806 5133 Soror

156 5153 240 5225 hujus
269 5156 363 5211 mundi
378 5154 529 5211 vincamus.
560 5156 657 5212 lterum
679 5156 707 5212 in
733 5159 833 5215 eisdem
862 5160 954 5216 Canti-
1011 5158 1183 5226 charissima,
1211 5157 1274 5213 audi
1308 5159 1415 5214 beatum
1445 5159 1626 5232 augustinum
1645 5162 1804 5222 dicentem:

155 5243 196 5298 cis
223 5259 341 5316 sponsus
374 5244 499 5300 Ecclesia
527 5244 648 5302 Christus
683 5244 812 5317 loquitur,
841 5246 948 5308 dicens:
1017 5248 1064 5302 «0
1085 5263 1165 5319 quam
1185 5246 1437 5319 irreprehensibiles
1452 5262 1687 5321 essepossemns,
1717 5254 1742 5310 si
1759 5261 1805 5310 tam

155 5330 293 5406 Descendi
302 5333 334 5389 ln
353 5332 467 5391 hortum
476 5349 581 5405 meam,
594 5340 629 5393 ut
643 5334 765 5393 viderem
783 5354 869 5410 perna
883 5354 949 5396 eon-
1007 5336 1152 5410 diligenter
1165 5345 1257 5393 nostra
1277 5335 1341 5392 vitia
1355 5336 1570 5405 emendaremus,
1585 5350 1696 5413 quanto
1722 5343 1806 5401 madio

1209 3870 1294 3926 xlllt.
1318 3900 1351 3915 -
1368 3873 1408 3931 tle
1421 3874 1617 3933 contentione.

154 5419 285 5497 calliam,
297 5427 326 5479 et
339 5424 511 5496 inspicerem
529 5425 556 5483 si
575 5427 738 5496 floruissent
747 5429 848 5495 cineta,
856 5431 882 5486 si
888 5445 949 5501 pen
1006 5426 1093 5483 aliena
1120 5424 1362 5500 reprehendimus!
1394 5448 1405 5476 ι
1435 5426 1491 5484 Sed
1509 5426 1533 5483 si
1561 5442 1614 5486 nos
1625 5428 1806 5492 henacensi·

149 5508 309 5569 minnrsmt
323 5513 401 5570 molo
419 5516 528 5585 panico
542 5516 639 5584 (tent.
660 5532 696 5585 ιι,
713 5519 768 5589 tc).
788 5518 880 5577 vineta
892 5517 947 5577 tto-
1006 5514 1144 5590 deramns,
1173 5515 1255 5572 multa
1276 5515 1303 5572 in
1323 5515 1406 5573 nobis
1424 5514 1627 5591 reprehendere
1645 5534 1806 5593 μοιιιιιιιι
