3706 5962
161 196 211 270 'tr
825 198 1021 262 11111111
1039 200 1175 261 marris
1785 211 1823 271 43

173 350 223 408 per
238 329 402 390 sacramenti
414 326 635 386 benedictionem
657 325 758 397 accipit
769 325 876 383 oblatus
891 326 969 399 panis
1024 335 1171 384 consortes
1199 335 1228 385 11
1253 329 1399 401 participes
1423 344 1510 386 suos:
1535 340 1679 390 consortes
1702 344 1819 405 naturae,

174 426 244 480 hanc
262 419 428 477 ineffabilem
443 417 630 484 mutationem,
651 423 679 472 11
693 432 727 472 ex
740 417 854 488 mystica
867 431 968 474 conse·
1022 416 1169 489 participes
1192 416 1298 489 gratiae.
1324 419 1500 475 Pertransisti
1522 419 1596 486 illos,
1620 427 1648 478 et
1671 425 1820 494 pervenisti

173 512 294 570 cretione
303 518 332 565 et
341 507 426 564 Verbi
436 505 729 578 viventiscopulatione
744 507 802 561 haec
810 504 968 563 vivificatrix
1021 505 1056 561 ad
1073 506 1216 562 Dilectum.
1233 507 1333 576 Quidni
1347 507 1409 564 illos
1436 517 1623 581 pertranseas,
1645 512 1693 584 qui
1715 521 1743 569 11
1768 513 1821 587 ipsi

98 590 100 595 ’
173 599 259 676 gratia
273 598 303 653 in
317 612 428 654 carnem
451 596 552 652 Christi
579 594 722 650 redundat.
739 594 809 650 Caro
824 593 896 651 enim
913 609 968 650 non
1020 595 1220 666 pertransirent
1234 597 1313 668 quasi
1327 596 1428 665 fumus,
1444 597 1497 654 nisi
1519 599 1548 653 in
1566 599 1666 656 dilecto
1691 618 1742 658 suo
1761 610 1820 660 sta-

173 688 285 762 prodest
306 685 468 758 quidquam,
493 685 543 741 sed
569 684 680 755 spiritus
708 689 752 739 est
782 684 828 755 qui
852 682 969 741 vivificat
1021 686 1105 739 renti
1118 684 1248 740 Invenisti
1261 685 1407 753 Dilectum,
1425 693 1452 742 et
1469 687 1598 746 invenisti
1616 689 1693 745 illurn
1707 699 1820 749 unctum

172 777 265 849 (loca.
276 791 316 841 vr,
327 774 384 846 61),
394 780 575 831 sacrosanctae
586 773 661 830 carni
674 772 819 829 conferens
829 773 856 827 11
873 772 970 829 solem·
1021 772 1084 828 oleo
1107 773 1223 846 Spiritus
1245 790 1303 846 prae
1327 776 1501 831 consortibus
1521 777 1589 833 suis.
1603 777 1778 851 Perpendisti
1792 782 1821 836 ia

171 866 199 921 11
214 872 384 922 sacramento
399 864 567 935 spiritualem
581 862 731 918 efficacium
745 863 780 917 ad
793 861 969 919 vivificandos
1021 862 1068 917 illo
1083 862 1212 920 virtutum
1227 863 1369 939 privilegia
1379 865 1504 936 quaedam
1517 866 1547 921 in
1561 869 1697 924 consimili
1711 877 1819 927 natura.

172 954 239 1012 tanti
258 953 405 1027 participes
428 952 558 1025 mysterii.
587 952 732 1008 Formosus
757 967 824 1023 ergo
847 951 875 1006 in
889 950 968 1024 stola,
1021 952 1149 1009 Invenisti
1165 956 1356 1023 sanctamejus
1370 954 1821 1027 animamquaedambaberedona

158 1045 223 1101 ·hoc
237 1049 290 1116 est,
306 1043 334 1097 in
357 1057 439 1098 came
462 1057 530 1108 sua3
554 1041 603 1097 sed
622 1040 706 1097 multo
721 1040 865 1096 formosior
878 1039 907 1094 in
921 1055 968 1094 as-
1022 1041 1207 1113 singulariter,
1223 1043 1349 1115 quaedam
1364 1043 1541 1102 excellenter.
1557 1045 1622 1104 ldeo
1645 1049 1820 1119 pertransisti

160 1138 281 1204 sumpto
295 1131 402 1202 spiritu,
418 1131 465 1203 qui
488 1130 580 1203 ntique
604 1145 686 1185 11111
709 1128 890 1200 praestantior,
906 1127 969 1200 quia
1022 1128 1094 1196 illos,
1111 1131 1260 1203 quiaillum
1270 1131 1411 1204 praetulisti
1423 1149 1430 1198 ;
1442 1139 1469 1188 11
1481 1133 1622 1205 paululum
1636 1139 1820 1209 pertransisse

173 1219 263 1278 Verbo
277 1219 400 1278 vicinior.
417 1221 452 1275 Et
474 1219 500 1274 in
524 1220 576 1275 hoc
600 1218 696 1290 spiritu
719 1225 830 1274 unctum
845 1232 907 1272 eum
920 1216 967 1271 in·
1023 1222 1049 1274 te
1062 1219 1139 1286 dicis,
1152 1220 1216 1293 quia
1225 1220 1409 1278 consideratio
1424 1221 1508 1277 tuain
1519 1223 1572 1281 hac
1584 1224 1745 1297 praelatione
1754 1244 1820 1284 non·

173 1309 332 1382 telligcproe
345 1308 519 1365 consortibus
532 1308 606 1363 suis:
622 1307 649 1362 id
665 1315 715 1377 est,
732 1322 787 1363 non
817 1305 898 1362 modo
913 1321 969 1377 prae
1022 1306 1086 1363 dum
1102 1308 1216 1366 recessit
1238 1326 1256 1365 a
1277 1310 1386 1382 generis
1405 1309 1532 1383 ejusdem
1546 1316 1746 1373 communione.
1763 1316 1818 1374 Sed

171 1399 237 1455 filiis
250 1399 398 1470 hominum,
423 1397 470 1453 sed
496 1397 577 1453 etiam
605 1412 662 1468 prae
676 1394 835 1469 angelorum
849 1393 968 1466 agmini·
1021 1396 1145 1469 nunquid
1168 1397 1212 1454 hic
1235 1398 1391 1454 subsistes?
1415 1400 1447 1455 11
1465 1399 1599 1459 ulteriora
1621 1410 1650 1459 ct
1667 1404 1766 1461 1111111
1785 1423 1817 1461 ex

172 1487 233 1543 bus.
250 1485 350 1552 Quidni
358 1493 457 1540 unctus
467 1484 502 1538 sit
511 1498 568 1554 prae
582 1481 634 1536 illis
648 1483 709 1538 oleo
723 1481 821 1553 gratia,
833 1479 897 1553 quid
911 1494 968 1535 non
1020 1486 1072 1542 hoc
1085 1487 1172 1558 11111
1186 1487 1311 1560 urgenda
1325 1494 1367 1544 est
1388 1489 1532 1560 prolectio,
1556 1493 1766 1567 pertingendum
1788 1497 1815 1550 in

173 1574 245 1630 sicut
260 1573 307 1630 alii
321 1570 537 1644 participatione,
553 1570 602 1626 sed
617 1569 754 1641 personali
767 1569 868 1626 unione
886 1570 968 1625 uber·
1021 1573 1114 1632 finem.
1130 1575 1270 1647 Sapientia
1285 1577 1358 1633 enim
1372 1577 1510 1650 attingite
1524 1578 1579 1637 line
1594 1582 1622 1636 in
1637 1582 1719 1638 linem
1739 1585 1815 1656 (Sap.

170 1662 246 1718 rimae
260 1662 300 1718 illi
313 1668 454 1717 consertus
469 1666 510 1714 est
533 1658 621 1724 olivae,
639 1675 672 1713 cx
696 1673 750 1730 qua
773 1657 865 1715 unctio
879 1657 967 1713 omnis
983 1657 1005 1736 Β
1020 1676 1081 1727 vrri,
1108 1664 1145 1736 1).
1160 1665 1281 1737 Denique
1296 1671 1324 1721 et
1344 1666 1499 1737 haereticus,
1527 1676 1557 1724 ut
1579 1670 1750 1743 superiorem
1772 1673 1816 1727 di-

170 1749 303 1807 emanat?
316 1752 358 1805 An
372 1764 428 1805 non
443 1747 491 1802 tibi
505 1747 579 1805 velut
601 1745 672 1802 oliva
695 1747 802 1804 videtur
817 1746 924 1802 Veritas
939 1753 967 1801 et
1019 1752 1091 1809 lecto
1116 1759 1163 1808 tuo
1186 1754 1304 1829 gradum
1324 1755 1458 1822 conlerat,
1486 1757 1559 1813 hunc
1586 1759 1666 1816 tollit.
1703 1761 1816 1816 Tantum

170 1839 291 1896 Verbum
315 1837 376 1904 Dei,
392 1836 472 1910 cujus
495 1835 588 1892 unctio
610 1836 691 1892 docet
714 1849 764 1891 nos
778 1835 813 1891 de
827 1835 964 1902 omnibus,
1020 1856 1133 1898 earnem
1147 1842 1237 1898 Verbo
1252 1843 1363 1915 copulat
1380 1844 1409 1898 in
1432 1844 1549 1913 Christo,
1567 1848 1685 1904 animam
1709 1856 1814 1921 negat:

171 1932 250 2001 cujus
264 1927 358 2003 molliti
373 1937 435 1983 sunt
450 1941 592 1982 sermones
606 1942 690 1997 super
704 1926 803 1991 oleum,
820 1928 899 1996 cujus
913 1941 967 1980 un·
1019 1939 1065 1985 ant
1080 1931 1103 1985 si
1117 1932 1189 1988 hanc
1202 1947 1257 1990 non
1267 1934 1350 1989 audet
1365 1934 1489 2005 (propter
1499 1935 1610 1992 evidens
1625 1937 1709 2009 ipsius
1724 1938 1816 1993 Chris·
1845 1934 1852 1949 ⁸

64 2093 65 2096 Ἴ
169 2035 301 2101 guentam
315 2025 432 2082 cllusum
456 2040 556 2081 nomen
580 2024 645 2080 esti
660 2023 727 2079 Huic
740 2023 818 2079 olivae
831 2023 966 2095 personali
1019 2020 1054 2074 sti
1069 2021 1253 2077 testimonium
1266 2021 1586 2082 dicentis:Nemotollit
1600 2042 1618 2081 c
1634 2029 1817 2084 masalmam

169 2115 270 2172 unione
284 2122 426 2171 consertus
440 2112 614 2178 conditionis,
630 2128 685 2166 non
705 2111 887 2183 corruptionis
902 2126 966 2168 nos·
1018 2125 1122 2178 meunt,
1137 2111 1183 2166 sed
1198 2127 1244 2182 epo
1258 2127 1332 2183 pono
1343 2116 1649 2179 eom,etiterumsumo
1659 2116 1744 2188 1111),
1762 2115 1818 2171 ani-

170 2213 234 2260 strae
248 2204 375 2274 oleaster,
390 2210 421 2257 ut
436 2201 475 2258 sic
497 2200 594 2271 dicam,
611 2206 639 2254 et
652 2199 825 2274 pinguedinis
838 2199 909 2255 illius
922 2198 964 2254 la·
1018 2215 1091 2254 mam
1109 2200 1313 2256 sensificantem
1332 2202 1425 2268 donat,
1445 2202 1496 2257 sed
1514 2204 1723 2261 ratiocinantem
1747 2205 1816 2260 tollit

167 2300 227 2350 ctus
241 2292 388 2365 particeps.
1017 2288 1150 2359 spiritum.
1167 2290 1289 2345 Correxit
1302 2290 1330 2346 in
1344 2299 1422 2361 parte
1442 2306 1572 2362 errorem,
1588 2295 1636 2348 sed
1655 2309 1711 2347 non
1728 2293 1817 2364 potuit

204 2385 232 2436 9.
251 2381 321 2450 Quid
336 2379 456 2446 luminis,
477 2378 542 2450 quid
564 2376 726 2447 dulcedinis,
734 2376 799 2450 qnid
812 2375 962 2446 suavitatis,
1017 2375 1124 2449 longius
1137 2379 1173 2434 ab
1186 2379 1320 2454 AEgyptiis
1333 2379 1463 2436 recedere
1486 2380 1617 2436 tenebris.
1642 2383 1703 2437 Non
1727 2383 1817 2452 potuit

166 2469 233 2541 qnid
249 2468 413 2526 omnimodae
423 2467 529 2524 virtutis
547 2466 696 2535 acceperit,
718 2481 830 2534 operum
847 2466 907 2536 ejus
925 2464 964 2520 in·
1016 2465 1098 2521 tridui
1112 2466 1165 2523 iter
1178 2466 1322 2524 conticere.
1334 2467 1464 2524 Ecclesiae
1474 2466 1544 2523 fides
1557 2469 1752 2523 humanitatem
1764 2486 1816 2526 111

164 2557 236 2613 dicia
258 2556 425 2628 loquuntur:
451 2552 503 2608 nisi
524 2553 597 2625 qnod
618 2552 701 2625 longe
724 2552 875 2609 excellebat
889 2553 963 2626 quod
1016 2554 1105 2610 solam
1119 2555 1258 2612 constituit
1271 2555 1428 2620 incausto,
1440 2568 1491 2610 111
1506 2554 1657 2613 dimidiam.
1668 2557 1816 2630 Utramque

165 2646 252 2710 sensit
265 2645 294 2700 in
307 2644 414 2716 spiritu,
429 2656 510 2714 quam
524 2640 598 2712 quod
613 2641 745 2713 expressit
754 2640 782 2695 in
792 2648 865 2698 actu.
875 2640 963 2697 Deni-
1015 2648 1144 2697 naturam
1161 2641 1275 2698 collocat
1290 2641 1318 2696 in
1333 2641 1453 2697 Christo.
1470 2641 1503 2695 Et
1517 2642 1582 2714 quia
1595 2642 1686 2699 divina
1699 2644 1815 2717 simplex

166 2750 221 2806 que
236 2733 272 2788 ad
290 2731 383 2788 omnia
395 2728 502 2787 virtutis
516 2727 617 2783 indicia
644 2727 736 2785 dicere
759 2736 848 2801 potes,
866 2731 963 2787 Oleum
1016 2737 1058 2786 111
1071 2738 1099 2786 11
1120 2729 1295 2786 distinctione
1319 2744 1435 2797 carens,
1451 2729 1479 2783 in
1493 2730 1603 2786 homine
1627 2732 1759 2804 triplicem
1779 2735 1814 2790 il-

166 2824 292 2896 assatum
307 2834 410 2877 111111
430 2822 511 2875 tuam
521 2837 531 2885 ‚·
541 2816 645 2888 absque
659 2832 693 2873 eo
706 2817 780 2890 quod
798 2817 962 2876 intrinsecus
1014 2817 1079 2886 lam,
1095 2833 1176 2890 quam
1199 2818 1275 2890 ponit
1289 2818 1446 2890 Apostolus,
1463 2817 1664 2876 distinctionem
1691 2821 1790 2878 latetur
1807 2839 1813 2876 :

165 2911 232 2968 latet
246 2911 341 2982 (Cant.
365 2923 385 2979 1,
409 2907 448 2979 2).
472 2907 531 2963 Nec
550 2906 622 2962 enim
637 2914 850 2963 consentaneum
865 2915 916 2976 est,
931 2915 962 2964 ut
1017 2906 1101 2962 idest
1115 2907 1253 2978 integrum
1275 2922 1386 2976 corpus,
1403 2913 1431 2962 et
1455 2907 1584 2974 animam,
1608 2916 1636 2964 et
1650 2909 1775 2981 spiritum
1791 2915 1816 2984 (l

166 3000 315 3075 quamlibet
328 2996 471 3054 mirificum
486 2994 554 3052 ioris
566 2995 664 3051 animae
682 3010 751 3068 opus
765 2995 836 3052 illius
850 2997 961 3054 virtutes
976 2973 998 3052 Β
1019 2996 1110 3054 Thess.
1124 3011 1153 3062 v,
1171 2995 1228 3068 23).
1244 2994 1374 3066 Alioquin
1393 3010 1448 3053 non
1464 2996 1614 3062 hominem,
1631 3013 1713 3070 quem
1726 2999 1814 3056 reior-

164 3096 299 3162 exoequet.
315 3085 371 3144 115
386 3086 447 3142 Non
460 3098 581 3156 possum,
594 3084 718 3153 Domine,
731 3101 792 3157 quat
805 3085 833 3140 in
848 3101 962 3158 prospe·
1014 3088 1138 3141 maturus
1151 3084 1179 3139 in
1199 3100 1229 3141 se
1251 3083 1349 3151 iuerat,
1374 3084 1504 3156 suscepit.
1528 3085 1652 3158 Denique
1676 3094 1703 3142 11
1728 3089 1813 3145 ratio-

164 3184 209 3235 ctu
224 3183 296 3244 sunt,
316 3174 407 3233 omnia
426 3187 508 3245 opera
521 3178 566 3229 tua
585 3173 829 3243 comprehendere.
845 3173 961 3230 Conior·
1014 3173 1083 3230 nalis
1104 3173 1202 3231 animae
1215 3190 1282 3245 pars
1306 3174 1432 3229 humanae
1446 3173 1561 3246 indiguit
1584 3175 1744 3232 mediatoris
1767 3196 1813 3234 re-

164 3274 219 3322 tata
239 3266 312 3323 enim
341 3271 412 3331 sunt,
440 3269 468 3319 et
487 3276 595 3333 nequeo
622 3262 755 3317 aestimare
779 3261 843 3318 illa:
859 3269 887 3317 et
900 3278 960 3318 eam
1014 3263 1125 3319 medio:
1141 3262 1206 3335 quia
1230 3263 1392 3334 ignorantiae
1416 3262 1522 3318 fuscata
1535 3263 1640 3330 nubilo,
1665 3273 1814 3322 1111111-

164 3371 225 3430 quae
239 3353 404 3411 intrinsecus
418 3351 485 3407 latet
507 3365 625 3422 quonam
651 3352 731 3408 modo
751 3351 878 3422 experiar
895 3368 960 3423 gra·
1015 3351 1154 3426 piscentiae
1167 3366 1302 3408 succensa
1315 3351 1446 3423 igniculo,
1462 3360 1607 3424 utramque
1626 3360 1762 3421 naturam,
1785 3356 1813 3410 id

162 3444 253 3499 tiam?
268 3443 371 3499 Oculus
386 3456 440 3496 111
459 3438 536 3507 vidit,
561 3439 718 3495 beatissima
742 3438 832 3494 anima
851 3438 959 3506 Christi,
1015 3449 1058 3498 est
1071 3443 1218 3497 humanam
1228 3449 1256 3496 et
1265 3440 1394 3507 (11111111,
1406 3440 1541 3512 integram
1552 3442 1653 3497 latetur
1661 3443 1689 3497 in
1705 3444 1814 3501 Christo

161 3539 262 3604 prater
275 3538 302 3587 te
325 3543 439 3585 munera
462 3542 522 3600 quae
537 3527 667 3584 divinitus
689 3528 785 3584 collata
800 3528 904 3583 suntin
923 3535 960 3584 te.
1015 3529 1138 3586 Ecclesia
1152 3533 1223 3601 ejus,
1239 3536 1267 3586 et
1281 3531 1351 3586 sicut
1365 3530 1522 3602 evangelica
1537 3530 1634 3587 mulier
1647 3531 1676 3586 in
1690 3533 1813 3588 satistri-

161 3621 227 3676 ldeo
242 3617 356 3690 angelici
364 3615 476 3688 spiritus
490 3613 650 3671 deficientes
660 3615 688 3670 in
703 3616 961 3689 comprehensione,
1016 3619 1068 3674 bus
1082 3620 1208 3676 humanae
1232 3619 1337 3686 larinas,
1363 3618 1462 3676 divinae
1485 3619 1627 3692 sapientia
1649 3622 1813 3678 fermentum

111 3730 113 3735 ⁴
162 3723 218 3765 non
233 3706 361 3764 desinunt
381 3704 417 3760 eb
440 3702 638 3758 admiratione:
654 3710 682 3758 11
700 3703 779 3774 quasi
792 3705 960 3775 nescientes,
1015 3708 1310 3780 reconditlluc.x1n,
1327 3707 1383 3781 21).

22 3864 28 3871 ,
161 3796 211 3853 seu
227 3800 370 3866 stupentes
388 3792 417 3848 iu
434 3789 543 3846 laudem
559 3805 641 3863 sunu
665 3789 781 3862 postam
804 3798 961 3864 erumpunt.
1051 3802 1078 3855 a.
1095 3798 1150 3854 sea
1164 3798 1253 3870 quor
1267 3798 1410 3869 indigebat
1429 3798 1555 3855 attonat
1569 3800 1666 3872 spiritu
1689 3802 1814 3858 erastus

62 3890 68 3905 “
164 3893 231 3964 Quis
246 3897 287 3949 est
301 3892 354 3948 istc
365 3890 407 3946 sic
417 3891 556 3960 tortuosus
572 3889 604 3944 in
617 3889 692 3945 stota
705 3905 767 3954 sau,
782 3889 915 3960 prodiens
929 3890 962 3946 in
1015 3884 1135 3941 Verbum
1148 3885 1303 3957 ipsePatris
1315 3894 1343 3944 et
1353 3886 1484 3959 sapientia
1494 3887 1631 3945 1111111111
1641 3889 1656 3944 1
1668 3890 1725 3946 Ν11
1741 3892 1815 3963 quod

159 3980 350 4041 multitudine
359 3977 539 4050 fortitudinis
548 3977 703 4034 auoeillanc
712 3978 886 4034 considerans
896 3994 963 4050 pra·-
1014 3973 1112 4031 lateret
1130 3975 1221 4048 ipsum
1244 3974 1348 4048 aliquid
1371 3991 1435 4032 esse
1459 3984 1574 4048 poterat,
1597 3976 1645 4032 sed
1667 3977 1728 4048 ipse
1751 3980 1815 4036 illu·

160 4071 310 4147 rogativam
320 4069 451 4127 virtutum
466 4067 491 4122 in
511 4065 622 4131 dilecto,
636 4067 697 4135 jure
717 4081 818 4138 sponsa
832 4066 961 4123 custodes
1014 4063 1099 4120 minet
1113 4080 1222 4122 omnem
1246 4066 1384 4122 hominem
1405 4065 1557 4123 venientem
1583 4065 1611 4119 in
1633 4066 1705 4121 hunc
1728 4082 1814 4122 mun-

161 4175 190 4214 se
210 4156 389 4231 pertransisse
398 4155 473 4223 dicit,
491 4161 519 4210 11
538 4154 675 4225 paululum
689 4154 886 4226 pertransisse:
898 4154 961 4225 quia
1014 4153 1079 4208 dum
1094 4154 1187 4224 (loun.
1203 4170 1223 4223 t,
1242 4154 1282 4227 9).
1297 4154 1357 4224 Qua
1371 4170 1439 4228 ergo
1462 4154 1655 4225 consequentia
1669 4162 1763 4211 creato
1784 4164 1814 4213 et

160 4248 200 4305 sic
219 4249 247 4304 in
276 4262 309 4303 eo
332 4245 497 4318 singularem
520 4243 634 4299 miratur
662 4243 788 4317 gratiam,
809 4250 840 4298 ut
870 4250 960 4300 tamen
1013 4242 1165 4299 illuminato
1191 4242 1327 4319 indigeret
1345 4244 1437 4300 lumen
1463 4259 1563 4302 creans
1578 4250 1606 4300 11
1628 4242 1812 4300 illuminans?

160 4350 333 4395 communem
362 4334 508 4390 constituat
535 4340 670 4401 naturam,
699 4333 862 4404 beatamque
886 4331 959 4388 illam
975 4312 998 4392 ὓ
1012 4332 1091 4387 Nulla
1114 4331 1203 4403 plane.
1220 4332 1269 4389 llle
1291 4349 1347 4389 non
1366 4332 1482 4407 indiget,
1498 4333 1546 4389 sed
1560 4349 1621 4389 mea
1634 4340 1676 4388 est
1689 4333 1749 4391 hee
1769 4332 1812 4388 in-

159 4425 259 4485 Christi
273 4426 389 4481 animam
413 4439 473 4479 1111
498 4438 558 4478 cum
582 4420 694 4493 reliquis
708 4421 831 4491 ejusdem
846 4421 956 4493 quidem
1012 4421 1142 4497 digentis.
1152 4421 1231 4478 ilatio
1244 4423 1303 4480 haec
1317 4429 1360 4479 est
1374 4437 1443 4478 mem
1452 4420 1592 4485 cecitatis,
1604 4434 1658 4475 non
1669 4421 1812 4477 charitatis

158 4515 278 4593 generis,
290 4511 499 4570 seddillerentis
512 4510 724 4582 excellentisque
739 4510 853 4567 virtutis.
870 4510 956 4566 Para·
1010 4508 1082 4565 illius
1099 4527 1106 4564 ι
1122 4525 1177 4566 111
1191 4510 1355 4567 assumentis
1368 4507 1461 4574 Verbi,
1477 4506 1528 4563 sed
1541 4509 1675 4579 assumpti
1688 4508 1812 4581 spiritus.

159 4605 221 4660 bam
239 4603 327 4658 adhuc
352 4601 436 4656 alium
464 4599 542 4656 vobis
565 4599 701 4670 explicare
729 4599 891 4655 transitum:
906 4599 956 4656 sed
1010 4600 1070 4671 Ego
1084 4598 1251 4674 indigebam,
1267 4605 1298 4654 ut
1311 4604 1338 4653 et
1352 4599 1410 4652 haec
1424 4602 1531 4651 naturas
1545 4610 1614 4652 meae
1628 4613 1693 4668 pars
1715 4598 1810 4655 Verbo

159 4691 233 4767 quod
247 4691 361 4746 materia
375 4695 529 4759 opportune
553 4688 687 4759 suggerit,
704 4688 748 4746 vel
761 4689 848 4760 magis
861 4688 954 4765 exigit,
1011 4688 1142 4753 uniretur,
1160 4686 1242 4744 etsie
1256 4685 1410 4743 clarificatae
1432 4685 1461 4740 in
1485 4686 1545 4742 Deo
1560 4686 1693 4758 portionis
1710 4687 1810 4744 merita

158 4796 249 4838 sermo
264 4778 363 4851 refugit
376 4780 432 4849 jam
446 4792 550 4848 urgens
565 4774 598 4830 ad
615 4776 726 4832 exilum.
737 4779 793 4834 Nos
803 4778 911 4835 interim
921 4778 955 4834 ad
1010 4777 1038 4833 in
1053 4777 1196 4834 universos
1209 4791 1260 4847 per
1278 4772 1359 4831 fidem
1381 4773 1539 4834 refluerent.
1556 4775 1660 4832 Omnes
1673 4791 1724 4832 nos
1746 4793 1809 4833 me-

158 4871 233 4947 quod
246 4869 382 4934 venimus‚
407 4866 434 4921 11
459 4880 492 4922 11
516 4880 744 4937 permaneamus3
769 4876 906 4939 quatenus
920 4883 954 4924 ex
1009 4865 1100 4921 diante
1124 4864 1351 4921 consubstantiali
1367 4872 1460 4921 nostro
1480 4866 1662 4922 reformemur
1675 4864 1704 4919 in
1725 4865 1809 4921 Chri-

155 4958 382 5032 hocgradu,cum
398 4954 483 5010 otium
498 4953 617 5022 dabitur,
633 4954 667 5009 ad
678 4954 774 5012 altiora
785 4964 954 5013 transeamus
1010 4962 1062 5018 sto,
1078 4954 1240 5013 accedentes
1252 4969 1303 5025 per
1324 4953 1406 5009 fidem
1420 4952 1455 5009 ad
1469 4954 1569 5027 ipsum.
1585 4955 1620 5010 Et
1642 4953 1704 5010 ideo
1719 4959 1809 5010 totum

154 5046 286 5121 mysteria
308 5042 402 5117 sponsi
425 5042 557 5099 Ecclesiae
575 5045 641 5100 Jesu
661 5043 771 5116 Christi,
787 5044 834 5118 qui
847 5043 913 5102 vivit
927 5051 956 5100 11
1008 5044 1153 5116 oportebat
1169 5043 1282 5114 assumi,
1297 5051 1327 5100 ut
1345 5044 1432 5119 gratia
1453 5044 1647 5102 retunderetur
1670 5044 1698 5099 ia
1719 5050 1810 5101 totum

155 5145 251 5211 regnat
269 5136 297 5192 in
316 5133 414 5193 saecula
428 5132 601 5191 saeculorum.
616 5133 716 5191 111111.
1008 5132 1073 5206 quia
1086 5133 1224 5205 corruptio
1238 5133 1450 5190 fermentaverat
1460 5142 1557 5192 totum.
1571 5135 1681 5190 1111111
1694 5148 1763 5206 ergo
1779 5133 1810 5191 in

451 5238 568 5300 513ng
584 5240 653 5297 pm,
1008 5238 1063 5278 nna
1080 5236 1197 5294 persona
1210 5230 1315 5280 naturae
1335 5224 1461 5296 gemine,
1478 5225 1549 5282 sicut
1571 5223 1695 5294 integre,
1715 5222 1756 5279 sic
1778 5231 1809 5280 et

152 5333 309 5393 Paululum
335 5350 401 5389 cum
426 5330 645 5406 pertransissem
672 5343 726 5397 eos,
751 5328 849 5384 inverti
872 5340 954 5401 quem
1007 5310 1196 5384 i¹¹¹li0¹¹1¹i⁵¹⁸⁰·
1212 5312 1309 5370 Divina
1322 5315 1396 5371 essim
1409 5310 1622 5371 isswssieffibffis
1641 5309 1701 5369 Μ
1719 5319 1748 5370 θῑ
1761 5312 1807 5367 ῙΠ·

293 5403 390 5476 diligit
405 5403 505 5460 anima
521 5418 585 5460 mac
599 5401 693 5473 (Cant.
709 5413 749 5471 111,
776 5400 814 5469 1).
1006 5401 1207 5459 commutabilis
1236 5410 1300 5460 est:
1324 5419 1377 5462 nec
1405 5410 1495 5477 potest
1516 5401 1637 5458 converti
1659 5401 1688 5457 in
1709 5399 1804 5470 aliam,

190 5498 216 5553 t.
240 5491 457 5564 Pertransisti,o
477 5504 579 5564 sponsa
601 5487 721 5558 Domini,
737 5486 864 5547 11111111
879 5494 951 5558 tuos,
1006 5506 1060 5552 nec
1072 5491 1101 5548 in
1114 5507 1145 5550 se
1160 5491 1225 5552 sinit
1247 5493 1330 5552 adam
1352 5492 1483 5552 11111111.
1505 5487 1660 5549 Non'valet
1677 5490 1706 5547 in
1720 5491 1813 5550 aliam·
1849 5540 1852 5553 .
