3706 5962
95 158 152 225 rav
795 160 881 223 rtrts
899 114 1050 221 uvarum.
1107 140 1110 145 ’
1695 148 1750 211 ra

99 290 129 339 et
141 295 240 355 passus
255 281 318 339 dedi
333 299 387 340 me.
401 283 424 342 0
442 284 599 343 dulcissime
613 293 695 359 atque
708 286 895 344 amantissime
912 300 937 379 g
952 304 1002 358 per
1016 286 1116 359 lignum
1130 282 1304 359 intelligitur;
1324 281 1362 338 ita
1379 289 1469 338 tarnen
1492 279 1516 335 si
1537 280 1573 337 sit
1599 283 1629 338 in
1657 296 1691 338 eo
1715 280 1752 336 li·

100 371 177 436 lesu,
191 372 269 428 Pater
284 371 426 440 luminum,
447 390 462 428 a
483 389 537 448 qno
561 383 602 430 est
615 389 696 431 omne
711 374 803 432 datum
822 375 894 449 opti·
952 393 1028 447 num,
1048 375 1125 431 idest
1139 374 1292 431 exercitium
1307 369 1458 444 spiritualis
1473 369 1585 439 laboris,
1606 371 1681 443 quod
1699 385 1750 440 per

100 466 186 517 mem·
216 457 243 506 el
269 467 349 507 omne
370 452 471 509 douram
497 452 658 527 perfeetum,
689 455 897 511 misericorditer
949 463 1033 518 linum
1048 462 1218 537 intelligitur,
1234 471 1371 533 sumptum
1386 459 1497 525 delino,
1514 457 1693 531 quodmultis
1707 459 1750 515 la-

100 538 205 610 respice
219 538 358 596 humiliter
373 541 421 596 tibi
436 540 604 610 e⁰¹¹file¹¹lees
620 552 647 599 et
668 558 729 601 vere
748 543 896 600 sentientes
949 551 1061 608 boribus
1074 552 1177 608 conteri
1192 551 1271 619 solet,
1291 557 1319 605 nt
1333 549 1367 604 ad
1382 548 1527 604 utilitatem
1548 547 1666 622 aliquam
1682 562 1750 619 per-

101 627 166 702 quia
180 630 237 684 sine
252 639 279 684 tc
294 628 359 684 nibil
376 636 524 701 possumus*
540 631 628 688 iacere
645 649 652 687 :
678 639 705 688 et
732 632 779 703 qui
798 631 896 689 dedisti
950 640 1075 697 dueatur,

101 723 128 773 le
142 732 191 817 pre
206 717 285 772 flebis
299 716 326 772 ie
342 717 467 787 prelium.
487 719 532 789 (le,
549 720 609 777 licet
634 728 707 777 tanto
732 721 819 794 pretio
846 721 897 776 mi·
987 731 1046 785 tet.
1063 728 1092 784 Si
1107 743 1173 800 ergo
1187 726 1214 782 in
1233 727 1365 783 memoria
1378 731 1471 782 nostra
1491 724 1625 799 passionis
1647 723 1751 781 Cbristi

101 821 153 862 nus
165 821 251 861 armus
264 805 384 904 digni,nt
395 815 447 862 tnae
458 808 552 879 gratiae
562 816 618 864 tam
631 809 728 883 integri
738 811 896 882 reddamur,
948 816 1067 875 laborem
1082 818 1222 881 habemus,
1243 823 1321 887 potes
1342 814 1453 872 accendi
1472 822 1499 870 et
1512 814 1607 871 ardere
1627 813 1751 870 charitas

101 902 134 950 el
146 893 307 950 conforme
320 893 430 965 lmessifli
444 895 580 965 passienis
594 899 698 962 tuae,ad
715 914 774 953 eam
788 913 896 971 quoquc
949 906 997 980 [nl.
1014 905 1176 979 proprietas]
1187 904 1247 975 ejus
1261 904 1288 960 in
1304 904 1394 970 nobis,
1410 905 1458 977 qni
1472 903 1606 959 illuminat
1623 904 1752 959 tenebras

103 998 185 1056 qoam
202 982 337 1054 leecessde
352 981 501 1052 emieiffiues
519 990 571 1040 ²⁰ae
590 985 736 1042 divissilelle
751 986 895 1061 imaginem
950 994 1110 1069 ignorantie
1125 1000 1233 1060 nostrie,
1249 999 1276 1049 et
1289 992 1413 1049 accendit
1431 992 1518 1065 irigna
1543 990 1680 1048 tarditatis
1696 1007 1751 1046 no·

104 1069 298 1128 reformemur·
952 1090 1015 1139 stre
1029 1090 1098 1137 utet
1113 1095 1162 1137 nos
1176 1079 1264 1153 parati
1288 1080 1376 1135 simus
1399 1079 1454 1150 pati
1469 1094 1519 1151 pro
1547 1077 1603 1147 illo,
1633 1087 1662 1134 st
1687 1093 1751 1134 curn

140 1161 203 1215 tas.
219 1159 507 1231 Necpraeterenndnm
522 1169 572 1229 est,
584 1163 657 1233 quod
670 1164 779 1234 apesde
793 1164 898 1234 liquore
951 1171 1010 1241 illo,
1023 1169 1069 1243 qui
1083 1169 1158 1243 prior
1170 1169 1308 1242 pronubis
1323 1185 1419 1238 passus
1433 1176 1483 1226 est.
1503 1170 1533 1224 ln
1549 1168 1595 1226 tali
1611 1183 1675 1226 cera
1689 1182 1751 1224 me·

104 1248 200 1306 llorum
214 1246 328 1305 collecto
344 1249 434 1305 iarum
447 1249 602 1317 conficiunt,
618 1251 645 1306 id
660 1260 702 1308 ast
717 1268 807 1309 ceram
827 1252 857 1308 in
871 1269 899 1309 se
952 1258 1048 1314 morie
1064 1268 1162 1314 nostre
1175 1256 1254 1312 debet
1278 1271 1340 1312 esse
1353 1257 1420 1325 mel,
1435 1255 1462 1311 id
1481 1264 1531 1325 est,
1552 1256 1700 1314 delectatio
1718 1254 1752 1312 de

104 1338 158 1394 mel
168 1336 445 1407 continenten.Qntd
455 1348 497 1396 est
511 1339 648 1400 hociPer
662 1357 765 1411 ceram,
778 1349 899 1398 tenacem
953 1345 1140 1403 recordatione
1167 1344 1269 1416 Crucis,
1299 1360 1360 1416 quae
1386 1354 1428 1400 est
1456 1345 1506 1400 mel
1547 1344 1751 1402 dulcissimum.

108 1427 265 1485 memoriam
280 1427 384 1500 accipe,
400 1445 461 1501 que
475 1436 539 1500 apta
549 1437 591 1486 est
604 1430 637 1485 ad
650 1429 835 1501 recipiendum
850 1428 900 1485 lor-
953 1432 1024 1503 Quid
1039 1441 1094 1489 tam
1116 1449 1248 1503 amarum,
1263 1433 1336 1505 qnod
1365 1434 1392 1489 in
1417 1433 1605 1490 recordatione
1634 1431 1751 1491 riviriae

106 1516 283 1589 mamsigilli,
300 1517 374 1573 etad
397 1519 571 1575 nutriendum
598 1521 699 1593 ignem,
721 1520 744 1576 si
763 1526 851 1576 tamen
871 1519 898 1575 in
953 1523 1085 1594 passionis
1096 1537 1150 1578 non
1160 1521 1246 1591 possit
1260 1521 1444 1580 dulcescere?
1459 1522 1537 1578 Certe
1555 1521 1676 1594 legimus
1697 1521 1753 1578 lle·

106 1605 182 1663 easit
195 1605 279 1661 linum
292 1606 343 1679 (ol.
359 1606 473 1679 tignum)
491 1621 498 1661 :
519 1623 580 1679 quae
599 1623 661 1665 aera
676 1608 729 1664 mel
744 1608 771 1663 in
787 1623 816 1664 se
830 1622 899 1664 con·
954 1612 1043 1669 bracos
1056 1627 1117 1669 oum
1140 1612 1260 1668 exissent
1273 1611 1308 1666 de
1321 1613 1448 1685 AEgypto,
1463 1610 1572 1668 venisse
1587 1610 1624 1667 ad
1650 1626 1752 1683 aquam

106 1694 173 1750 tinet
198 1693 396 1763 dulcissimum,
428 1695 670 1768 mundificativum,
699 1695 898 1755 descensivum.

105 1783 161 1839 Nos
172 1795 236 1838 vero
250 1781 273 1837 si
289 1797 353 1839 vera
366 1782 523 1856 spirituales
536 1798 604 1854 apes
619 1798 723 1854 sumus,
734 1784 768 1839 de
784 1783 899 1840 lloribus

105 1869 190 1929 nostri
213 1871 331 1941 paradisi
345 1871 487 1941 Nazareni‚
503 1872 531 1928 id
545 1882 588 1928 est
611 1871 681 1928 horti
699 1871 823 1929 llorentis
843 1872 899 1929 llo·

104 1957 232 2016 ridissimi
256 1959 366 2029 Cbristi,
407 1959 486 2016 nobis
514 1960 671 2016 memoriam
703 1975 900 2034 componamus

103 2055 237 2114 tenacem,
254 2064 314 2120 qna
328 2063 384 2104 uon
407 2048 530 2121 qnalibet
551 2047 698 2106 tentatione
726 2047 899 2116 dissolvatur,

104 2136 155 2192 sed
177 2144 241 2207 apta
259 2135 294 2192 sit
318 2136 364 2191 illa
389 2136 520 2193 memoria
546 2138 670 2209 recipere
691 2137 900 2207 impressionem

107 2224 192 2297 sigili,
213 2223 241 2280 id
263 2232 305 2280 est
336 2223 455 2281 crucifixi
478 2227 554 2293 Jesu,
583 2233 613 2281 ut
641 2225 715 2280 illum
744 2240 851 2296 semper
874 2225 902 2281 in

109 2311 241 2369 memoria
251 2313 408 2380 habeamus,
419 2314 465 2387 qni
481 2313 554 2380 dicit,
570 2317 646 2371 Pone
660 2329 704 2371 me
718 2316 793 2370 sent
808 2317 904 2384 siene·

111 2401 220 2460 catum.
235 2399 408 2475 signaculum
427 2402 497 2457 enim
527 2403 631 2477 regium
654 2402 726 2458 Crux
755 2411 807 2466 est,
821 2417 903 2473 quam

95 2492 130 2546 -si
145 2490 173 2545 in
188 2488 288 2547 cordiis
306 2490 391 2548 nostri
408 2490 539 2547 memoria
554 2492 761 2562 portaverimus,
778 2491 843 2546 tanti
857 2506 902 2546 re·

41 2636 52 2649 ,
107 2578 215 2650 gionem
230 2577 322 2653 Regis,
338 2595 398 2653 quae
417 2578 499 2635 linem
523 2595 576 2635 non
597 2579 688 2646 habet,
713 2594 809 2636 secure
828 2588 903 2648 pote·

108 2667 193 2725 mmus
208 2667 331 2725 transire.
357 2668 445 2724 llabet
467 2668 519 2725 boo
543 2666 662 2740 sigillum
677 2665 823 2740 imaginem
839 2681 903 2723 cru-

112 2754 185 2811 cifixi
197 2756 262 2811 Jesn
281 2755 383 2828 inipso
407 2756 497 2829 sigillo
510 2756 601 2815 erucis
623 2755 714 2812 multis
732 2755 845 2811 lossnris
864 2754 904 2811 el-

953 1699 1158 1766 amarissimam,
1183 1713 1262 1772 qnam
1293 1699 1386 1755 nullus
1417 1709 1528 1771 gustare
1552 1705 1684 1772 poterat:
1709 1697 1754 1754 oui

953 1806 1014 1847 curn
1028 1789 1135 1861 Moyses
1149 1787 1252 1863 lignum
1270 1787 1416 1858 injecisset,
1432 1787 1570 1845 dulcorata
1592 1791 1635 1842 est
1649 1786 1753 1857 (deod.

953 1895 1001 1944 xv,
1016 1875 1121 1948 as-att),
1137 1875 1177 1933 sic
1191 1883 1218 1931 nt
1232 1891 1292 1931 eam
1312 1874 1511 1931 delectabiliter
1531 1874 1665 1930 biberent.
1680 1871 1753 1942 Quid

953 1965 1070 2040 apertius
1085 1980 1134 2034 per
1157 1980 1253 2035 aquam
1281 1978 1412 2028 amaram,
1436 1978 1518 2033 quarn
1538 1960 1687 2031 cuiuslibet
1702 1960 1754 2016 ad·

953 2052 1086 2111 versitatis
1095 2050 1243 2107 amaritudo
1252 2051 1401 2124 signatur?
1414 2051 1458 2108 oui
1473 2066 1535 2106 cum
1560 2048 1668 2125 lignum
1684 2049 1754 2105 Cru-

955 2143 994 2200 cis
1008 2141 1140 2212 injicitur,
1157 2141 1184 2196 id
1199 2138 1285 2197 1192
1300 2149 1351 2209 cst,
1372 2157 1435 2195 cum
1460 2139 1548 2212 passio
1576 2138 1666 2194 dulcis
1688 2138 1754 2193 Jesn

957 2229 1155 2297 consideratur,
1171 2230 1291 2286 'necesse
1318 2236 1359 2284 est
1378 2244 1486 2285 omnem
1513 2226 1668 2298 passionem
1701 2227 1755 2282 bo·

957 2319 1038 2375 minis
1061 2319 1149 2375 levem
1177 2319 1262 2375 videri
1291 2326 1413 2388 respectu
1442 2315 1578 2388 passionis
1606 2313 1752 2371 dominicas

955 2425 1036 2482 quam
1056 2423 1104 2478 pro
1118 2407 1273 2463 hominibus
1287 2405 1371 2464 voluit
1385 2404 1517 2460 sustinere
1528 2405 1602 2461 Dens
1617 2409 1645 2458 et
1658 2403 1752 2469 bomo,

960 2496 1093 2554 mediator
1116 2496 1167 2552 Dei
1181 2495 1360 2553 etbominum
1374 2493 1508 2549 Dominus
1533 2493 1623 2546 Jesus.
1651 2490 1701 2547 Est
1729 2498 1767 2565 et¹

957 2587 1010 2643 mel
1033 2582 1273 2654 mundificativum,
1297 2597 1429 2654 quavere
1454 2580 1519 2636 nibil
1548 2588 1589 2635 est
1617 2579 1690 2651 quod
1721 2578 1759 2634 its

957 2676 991 2732 ab
1004 2674 1125 2731 omnium
1141 2673 1268 2731 vitiorum
1280 2671 1398 2736 impulsu
1423 2677 1450 2725 et
1473 2667 1649 2744 contagiones
1671 2668 1754 2740 cogi-

957 2763 1087 2819 tationem
1107 2770 1227 2818 nostram
1256 2758 1379 2832 purificet
1399 2766 1426 2813 et
1452 2757 1480 2813 in
1509 2758 1626 2826 puritate
1643 2769 1760 2812 counr-

114 2842 215 2900 f0⁸⁸¹¹¹¹¹
229 2850 257 2900 ‘¹
271 2859 436 2915 ⁰¹P10⁸⁵⁸ms
452 2844 522 2901 siem
536 2846 563 2901 iu
578 2844 674 2918 sigillis
700 2844 790 2916 imago
811 2858 905 2917 regum
922 2843 1010 2923 tvet,
1025 2850 1094 2906 sient
1112 2849 1328 2922 jugismemoria
1342 2845 1432 2904 crucis
1446 2854 1472 2902 et
1491 2843 1627 2916 passionis
1657 2844 1758 2901 Domi·

114 2929 275 3004 exprimitur
288 2931 425 2990 fodiendo.
441 2933 530 2988 Habet
548 2942 575 2990 et
599 2931 856 3004 superscriptionem
867 2931 905 2985 ti-

110 3020 195 3077 tulnm
213 3020 328 3079 aPilato
345 3020 539 3092 conscriptum,
559 3023 637 3078 lesus
658 3022 823 3077 Noaoreaus
847 3021 906 3075 ltea

111 3109 274 3169 iudeorum
293 3111 385 3182 (loon.
401 3125 463 3178 xtx,
485 3111 539 3178 ta).
568 3108 654 3178 Hujus
668 3105 908 3178 superscriptionis

111 3199 336 3273 significationem
365 3198 531 3269 spiritualem
569 3207 761 3269 consequetur,
796 3195 819 3249 si
847 3195 909 3266 quis

112 3289 165 3346 boc
187 3288 302 3362 sigillum
334 3287 423 3344 crucis
446 3296 551 3359 gestare
579 3287 713 3342 curaverit
733 3283 821 3340 tenaci
849 3300 909 3339 me·

112 3377 206 3436 morie
220 3378 383 3452 impressum
397 3395 405 3444 3
419 3376 530 3432 babebit
550 3376 652 3439 Jesum,
677 3373 703 3428 id
727 3382 768 3430 est
782 3373 909 3442 salntem,

113 3469 185 3539 quod
202 3467 316 3539 prImum
332 3466 415 3523 estin
430 3463 671 3537 superscriptione.
699 3462 779 3518 Salus
806 3471 909 3528 autem,

114 3575 175 3631 quae
190 3560 224 3614 ab
241 3557 368 3612 omnibus
386 3570 458 3610 sane
481 3553 581 3610 mentis
597 3552 743 3624 appetitur,
773 3550 800 3605 in
824 3551 911 3606 tribus

113 3646 248 3713 consistit,
273 3659 303 3701 ut
320 3660 382 3721 quae
402 3645 429 3698 in
449 3646 534 3699 tribus
559 3641 721 3698 dictionibus
740 3641 908 3712 exprimitur.

113 3737 144 3791 ln
163 3737 214 3789 hac
228 3732 356 3801 dictione,
375 3733 551 3801 Nnaorenua,
563 3729 636 3801 quod
650 3731 840 3799 interpretatur
853 3728 912 3784 Flo-

116 3838 188 3887 rens,
199 3822 372 3891 ¹uoluptatem
387 3819 444 3874 sive
471 3817 674 3874 delectationem
689 3817 822 3889 intellige,
849 3817 911 3888 quia

115 3913 216 3969 norum
231 3908 404 3981 pulchritudo
419 3906 667 3963 delectactionem
684 3907 751 3963 libro
766 3906 912 3978 Sapientiae

116 3999 315 4055 luxuriosorum
331 3997 454 4066 voluptas
468 3995 627 4064 exprimitur
645 3996 689 4052 his
713 3995 810 4051 dietis:
836 3997 913 4052 Nol·

961 2941 1071 2997 nidesn.

999 3031 1060 3084 tce.
1077 3028 1124 3083 Est
1137 3035 1163 3084 et
1176 3027 1228 3083 mel
1237 3024 1434 3090 descensivum,
1450 3023 1515 3096 quia
1528 3024 1628 3080 'eontra
1641 3020 1759 3079 aliorum

962 3118 1097 3190 liquomm
1110 3113 1333 3173 consuetudinem
1350 3113 1510 3179 naturalem,
1535 3110 1609 3182 qnod
1624 3109 1654 3167 in
1675 3108 1760 3167 malls

963 3214 1006 3262 cst
1020 3204 1203 3276 purissimam,
1223 3203 1258 3258 ad
1273 3202 1327 3257 ima
1341 3201 1492 3267 descendit,
1508 3198 1681 3256 iaculantum
1695 3210 1760 3254 vero

962 3293 1095 3352 ascendit.
1115 3290 1184 3362 Quid
1192 3309 1242 3364 por
1254 3293 1334 3347 talem
1344 3292 1515 3357 descensum,
1532 3287 1584 3343 nisi
1600 3287 1688 3343 virtus
1710 3286 1762 3342 bu·

963 3381 1083 3439 militatis
1097 3377 1363 3452 designatnriQuae
1387 3377 1507 3448 prolecto
1535 3376 1622 3433 virtus
1646 3374 1676 3431 in
1703 3390 1763 3445 pas·

964 3472 1050 3527 sionis
1077 3470 1219 3526 dominicae
1242 3466 1374 3524 memoria
1400 3465 1551 3538 aequiritur
1586 3470 1614 3519 et
1647 3476 1764 3519 consar-

964 3570 1056 3628 vatur;
1071 3557 1136 3630 quia
1155 3572 1209 3612 nou
1238 3564 1326 3627 potest
1351 3553 1412 3625 quis
1436 3567 1492 3608 non
1519 3550 1667 3617 humiliari,
1702 3564 1764 3607 eum

964 3647 1120 3704 recordatur
1133 3660 1184 3717 pro
1207 3660 1235 3699 se
1250 3641 1420 3699 humiliatum
1439 3640 1584 3697 Dominum
1598 3639 1759 3708 majestatis.

964 3736 1106 3809 Indignum
1120 3733 1221 3805 qnippe
1238 3737 1310 3789 esset
1324 3731 1471 3800 bominem,
1487 3729 1572 3786 lutum
1588 3728 1762 3795 etcinerem,

965 3840 1015 3897 per
1039 3822 1082 3878 sni
1100 3821 1277 3879 elevationem
1303 3820 1368 3876 illuc
1390 3817 1548 3884 ascendero,
1569 3816 1617 3873 ubi
1646 3816 1764 3890 angelus

965 3910 1178 3985 perlectissimus
1191 3909 1218 3964 in
1233 3908 1308 3962 orani
1323 3906 1434 3963 scientia
1453 3915 1480 3960 et
1494 3906 1604 3974 decore,
1631 3905 1699 3977 qnia
1713 3906 1764 3961 bu·

967 3999 1076 4056 militate
1093 3998 1190 4060 caruit.
1219 4013 1272 4053 non
1296 3997 1382 4069 potuit
1408 4010 1563 4051 remanere.
1594 3992 1763 4066 colligamus

118 4085 913 4160 tumprolumsitqnodsonpertronseutvolaptusnostru.
931 4120 954 4197 n
970 4104 1035 4161 ergo
1053 4088 1134 4145 uobis
1149 4089 1175 4143 in
1190 4086 1302 4143 lloribns
1314 4084 1384 4140 Vitis
1402 4091 1502 4139 nostrae
1518 4082 1626 4139 Domini
1641 4082 1709 4139 Jesu
1722 4088 1762 4138 ts·

120 4180 288 4238 coronemus
302 4176 605 4247 uosroais,oateqaom
614 4174 913 4245 marcescosllSupm,
968 4179 1021 4234 lem
1043 4177 1211 4245 memoriam,
1232 4175 1311 4230 talem
1339 4172 1555 4235 delectationem,
1584 4177 1614 4226 ut
1638 4170 1764 4242 stigmata

118 4268 156 4340 8).
173 4266 398 4333 lubaedietiono,
415 4266 484 4336 llas,
500 4261 808 4332 divitiaeexprimnntur.
825 4261 914 4333 Reges
968 4265 1093 4323 Crucifisi
1117 4265 1201 4321 nostri
1234 4263 1261 4318 in
1296 4264 1428 4319 momoria
1458 4260 1562 4332 jugiter
1603 4259 1763 4328 retinentes,

117 4358 189 4414 enim
208 4355 306 4412 divites
321 4352 483 4409 essesolent
498 4367 581 4422 super
596 4366 689 4407 omnes
710 4366 779 4423 quos
808 4357 912 4422 regunt.
968 4355 1005 4410 ira
1027 4355 1054 4410 jn
1070 4355 1139 4424 ipso,
1167 4353 1213 4424 qui
1243 4352 1323 4426 sotus·
1348 4360 1390 4407 ,aa
1411 4349 1507 4415 dulcis,
1533 4347 1712 4413 delectemur,
1735 4352 1766 4402 ue

118 4447 147 4502 ¹⁰
162 4446 213 4502 hee
229 4444 356 4511 dielifflles
372 4443 545 4510 Memmi
570 4440 658 4514 &¹⁰5³
674 4440 821 4513 “fflipstffl't
852 4438 916 4507 quia
969 4461 1064 4503 omnes
1084 4461 1133 4517 per
1152 4443 1240 4516 ipsum
1259 4443 1399 4513 praesentis
1420 4440 1483 4496 vite
1511 4437 1766 4495 amaritudinessn·

118 4549 173 4591 nno
189 4532 270 4589 modo
284 4533 394 4589 Jndaeus
416 4530 541 4587 Gloriam
564 4528 769 4602 interpretatur·
799 4528 917 4584 Portitor
970 4549 1104 4604 pepemus¹
1122 4531 1286 4587 mundemur
1300 4531 1336 4585 ab
1351 4530 1424 4586 omni
1448 4527 1559 4596 delicto,
1578 4533 1606 4581 et
1630 4525 1659 4580 in
1688 4523 1768 4581 honi·

119 4637 185 4696 ergo
197 4622 367 4678 voluntarius
382 4619 463 4692 sigilli
475 4618 550 4690 regis
565 4617 649 4673 nostri
658 4617 779 4674 crncifixi
789 4619 853 4674 Jesu
866 4617 918 4672 int·
970 4623 1100 4696 operibus
1111 4620 1214 4694 jugiter
1229 4635 1275 4691 per
1299 4615 1456 4674 hutnilitatis
1478 4614 1630 4673 custodiam
1654 4626 1767 4670 aeneas.

120 4718 191 4769 ctnm
220 4708 460 4781 superscriptionis
496 4714 688 4778 consequetur,
708 4714 738 4761 nt
757 4706 791 4762 sit
815 4706 914 4779 salens,
970 4728 1074 4769 vamur,

121 4798 224 4857 scilicet
250 4803 281 4852 ut
304 4796 473 4866 voluptatem
492 4799 682 4865 consequatur,
713 4796 916 4864 sempiternam,
1259 4795 1374 4853 CATUT
1397 4793 1481 4850 va,

119 4895 236 4945 torrente
262 4883 406 4956 voluptatis
433 4880 531 4936 summi
551 4879 635 4954 Regis
656 4889 776 4953 potatus,
804 4893 919 4940 eternas
1194 4889 1231 4944 De
1244 4887 1326 4945 odore
1339 4887 1443 4955 florum
1466 4882 1543 4940 Vitis,

118 4991 225 5050 quoque
247 4972 351 5029 divitias
366 4969 527 5026 thesaurizet
540 4969 567 5024 in
581 4971 684 5042 optimo
706 4970 783 5041 lesu,
811 4973 838 5027 in
864 4987 917 5045 quo
1009 4981 1071 5033 tac.
1086 4977 1217 5049 Superest
1243 4984 1272 5032 nt
1295 4973 1368 5030 dulei
1388 4973 1453 5028 Jesu
1477 4973 1622 5042 adjurante
1636 4969 1768 5035 dieamus,

119 5075 181 5124 sttui
196 5077 290 5121 omnes
305 5057 571 5129 thesaurisapieniiae
588 5067 615 5115 ei
634 5058 753 5114 scieniiae
766 5059 918 5116 reconditi:
974 5066 1037 5140 quid
1053 5065 1088 5121 sit
1101 5067 1174 5138 quod
1190 5081 1238 5137 per
1251 5065 1362 5122 odorem
1387 5062 1485 5118 florum
1508 5059 1677 5115 vitisomnig
1690 5071 1772 5113 veno-

119 5156 147 5211 in
165 5155 225 5228 ipso
245 5165 354 5227 qnoque
373 5147 505 5223 glorietur
520 5147 578 5204 sine
594 5147 719 5218 termino,
734 5147 782 5220 qni
797 5149 920 5204 excelsus
974 5162 1037 5211 nata
1050 5156 1186 5229 precipue,
1199 5154 1367 5227 allegentur.
1387 5151 1472 5221 Cujus
1486 5148 1530 5205 rai
1546 5147 1615 5204 ratio
1630 5145 1711 5204 citium
1732 5143 1774 5199 iu·

121 5254 163 5302 est
177 5259 258 5316 super
272 5256 367 5299 omnes
376 5245 481 5315 gentes,
496 5247 523 5293 et
538 5240 615 5308 cujus
629 5236 717 5311 gloria
731 5252 813 5307 super
826 5238 920 5295 coelos.
975 5241 1091 5312 venitur,
1109 5242 1131 5298 si
1147 5242 1212 5314 quid
1239 5248 1381 5314 serpentes
1406 5238 1567 5314 significant,
1597 5239 1773 5308 agnoscatur.

122 5331 259 5389 ¹¹¹¹¹ffli⁸⁸¹
277 5327 612 5404 ¹1⁰0⁴l¹¹04011ll¹ffl⁰0fdi⁸
628 5323 724 5392 11⁰⁵lfi2
745 5334 772 5380 el
794 5323 867 5380 f0vel
894 5325 923 5381 in
976 5331 1054 5400 Quod
1070 5340 1160 5388 antem
1181 5332 1215 5389 de
1230 5329 1403 5402 serpentibus
1417 5327 1524 5396 dicitnr,
1538 5325 1574 5381 de
1587 5323 1651 5379 aliis
1664 5333 1775 5395 quoquc

119 5433 153 5476 ⁶⁰
176 5420 266 5491 idm
287 5416 426 5475 ‘herinii‘
452 5414 560 5474 dilinoe·
581 5414 647 5472 Cere
667 5412 767 5472 lemeis
785 5413 923 5470 memorie
979 5421 1121 5479 venenosis
1136 5419 1275 5492 reptdibns
1289 5417 1446 5490 accipiatur.
1462 5415 1533 5487 Quid
1553 5420 1646 5471 antem
1674 5408 1776 5471 mdias
