3706 5962
65 213 110 275 lbl
660 213 694 273 tlt
712 211 850 273 Cle'lGl
868 208 974 273 stulta
994 213 1117 274 xxxiv.

1660 219 1710 280 lbi

65 350 91 397 et
105 339 182 409 redit,
194 355 259 412 quae
277 338 374 411 periti
388 336 474 410 Magis
489 335 598 409 quidem
613 335 640 391 in
655 337 715 392 sinn
737 337 860 394 converti
877 351 901 430 Α
917 336 968 409 ipsi
985 339 1110 395 universa
1125 340 1191 408 haec,
1208 356 1324 413 quorum
1335 345 1390 398 tam
1400 351 1492 414 gratus
1507 352 1549 399 est
1559 359 1666 410 sensus,
1683 351 1711 401 et

65 419 174 494 videtur,
190 444 255 501 quse
275 428 393 484 celerem
413 426 504 496 precis
519 430 641 497 reportat
655 425 792 490 ellectum,
809 426 860 481 etsi

64 518 180 572 nondum
200 517 300 588 plene;
322 533 356 573 ex
375 524 451 586 parte
467 523 558 570 tamen
581 514 689 570 humilis
705 521 733 571 et
756 515 862 570 devotae

63 602 201 675 petitionis
222 604 314 659 fructu
339 603 449 674 potitur.
476 603 564 658 Habet
592 602 666 657 enim
690 601 861 656 dulcedinem

63 693 173 747 multam
186 694 338 748 vehemens
352 699 380 748 et
393 692 491 748 devota
506 691 607 760 orati03
620 701 649 747 et
663 692 729 746 dum
738 691 862 764 dirigitur

17 770 25 781 ’
63 781 253 852 inconspectu
273 781 381 838 Domini
405 783 483 853 quasi
498 781 649 846 incensum,
669 796 781 837 suavem
801 779 861 850 ipsa

63 869 150 924 odoris
166 869 212 924 sui
227 885 339 924 sensum
354 869 453 926 haurit.
470 871 512 923 An
528 884 582 924 non
602 868 703 923 bonum
719 867 862 923 indumen·

63 968 125 1022 tum,
142 973 209 1014 cum
222 973 308 1027 vapor
323 957 479 1027 hujusmodi
491 957 599 1012 nebulae
614 956 702 1027 ipsam
718 954 862 1010 ollerentis

61 1045 188 1116 aperitet
203 1046 541 1103 vestitanimam‘llionum
556 1045 647 1115 plane.
660 1046 713 1100 Sed
727 1060 797 1109 nos,
811 1045 862 1099 sic·

61 1144 87 1190 at
100 1134 251 1207 ecepimus,
262 1134 488 1191 vestimentorum
498 1133 753 1205 interpretationem
765 1148 862 1189 secun·

61 1225 123 1279 dum
138 1223 295 1280 exteriores
305 1230 384 1280 actus
398 1237 589 1294 exsequamur.

94 1316 121 1368 Ἰ.
138 1313 232 1385 Opera
242 1313 315 1368 enim
325 1313 434 1369 bonnet
447 1312 567 1384 priorem
582 1310 783 1368 deformitatem
798 1324 862 1382 opo·

64 1402 145 1469 rinnt,
158 1418 194 1456 ne
205 1402 239 1457 ad
251 1417 350 1457 noxam
360 1402 508 1473 imputetur
520 1418 527 1455 :
539 1409 566 1456 et
575 1401 705 1456 decorem
715 1398 860 1472 quemdam

916 426 1058 497 perfruitio
1072 427 1169 484 dulcis.
1186 432 1289 499 Erant,
1308 430 1397 503 inquit
1411 430 1507 499 David,
1527 437 1560 486 at
1582 433 1710 504 compla-

916 520 999 570 ceant
1012 516 1123 590 etoquia
1142 518 1200 574 oris
1213 521 1278 583 aiei,
1295 523 1322 574 et
1338 519 1484 575 meditatio
1504 520 1595 575 cordis
1609 523 1665 578 mei
1679 523 1710 577 ia

916 611 1064 675 conspecta
1080 611 1128 662 tuo
1144 623 1253 679 seraper
1273 609 1358 676 (Pral.
1372 623 1452 673 xvm,
1471 608 1525 671 15).
1540 607 1653 662 Habetis
1667 608 1711 664 hic

915 699 1031 762 utraque
1046 694 1103 750 laec
1119 712 1126 749 :
1143 704 1170 750 et
1182 712 1216 751 nc
1232 695 1296 768 quid
1310 696 1380 752 desit
1395 696 1430 751 ad
1449 695 1586 751 cumulum
1604 695 1708 768 gratie,

916 779 966 833 sub
981 781 1200 840 vestimentorum
1221 786 1353 841 vocabulo
1373 800 1486 856 operum
1501 785 1617 856 qualitas
1631 784 1711 840 tertio

915 866 975 924 loco
990 870 1125 940 protertur
1138 873 1167 927 in
1181 873 1311 929 medium.
1327 875 1357 928 ln
1372 873 1451 928 labiis
1465 872 1567 929 stillant
1579 872 1685 946 eloquia
1703 891 1709 927 :

916 958 1069 1031 sublingua
1085 961 1273 1018 meditationes
1288 961 1393 1017 melleae
1407 962 1511 1018 lluunt:
1531 961 1712 1019 vestimento·

916 1062 976 1100 rum
990 1056 1101 1104 ornatus
1118 1051 1204 1105 thuris
1217 1052 1302 1122 spirat
1315 1052 1436 1107 odorem.

949 1140 975 1191 8.
991 1135 1062 1205 Quid
1076 1137 1112 1192 illi
1126 1153 1224 1194 censes
1237 1139 1334 1195 deesse
1350 1140 1385 1195 ad
1395 1140 1521 1212 gloriam,
1541 1140 1568 1195 in
1585 1155 1638 1211 qua
1653 1139 1712 1195 haec

914 1225 966 1281 tria
992 1225 1170 1296 complacent,
1196 1241 1237 1296 os,
1261 1227 1375 1295 animus,
1400 1229 1486 1299 opus?
1512 1228 1571 1284 Hoc
1598 1242 1713 1283 numero

915 1314 1005 1370 omnia
1015 1316 1211 1385 comprehensa
1230 1324 1303 1382 sunt,
1318 1317 1367 1372 sed
1382 1317 1479 1373 ordine
1493 1332 1629 1373 conversa
1639 1325 1712 1372 sunt.

912 1403 957 1459 tn
971 1402 1100 1474 operibus
1115 1404 1186 1458 enim
1199 1404 1384 1460 inchoandum
1398 1414 1449 1473 est,
1469 1422 1524 1461 non
1543 1407 1578 1460 ab
1593 1404 1712 1477 eloquio.

32 1520 35 1524 ⁴
62 1501 86 1547 et
103 1497 278 1546 venustatem
293 1489 448 1556 conterunt,
468 1497 498 1544 ut
520 1490 555 1544 ad
568 1489 685 1562 gratiam
707 1494 857 1559 reputetur.
914 1491 1031 1548 Cornelii
1046 1493 1211 1548 centurionis
1226 1494 1313 1564 primo
1330 1509 1414 1563 opera
1429 1501 1457 1548 et
1475 1494 1616 1549 orationes
1629 1509 1712 1549 exau·

63 1580 135 1635 tona
149 1594 218 1652 ergo
232 1579 404 1641 vestimenta,
427 1578 498 1634 bona
513 1587 576 1633 sunt
592 1593 688 1649 opera,
703 1594 764 1650 quie
780 1575 858 1632 simul
913 1582 977 1636 ditae
991 1589 1055 1635 sunt
1079 1599 1085 1634 ι
1101 1581 1155 1637 fide
1170 1583 1253 1637 corda
1272 1581 1401 1636 mundata
1415 1589 1479 1636 sunt
1493 1600 1499 1639 :
1515 1581 1616 1637 deinde
1631 1598 1713 1652 supe·

62 1676 161 1724 ornant
185 1676 213 1724 et
226 1675 313 1724 orant.
330 1668 365 1722 Et
380 1667 451 1740 quod
477 1676 582 1731 ornent,
599 1666 772 1722 manifestum
795 1664 858 1736 qui-
912 1670 1001 1741 ipsum
1025 1676 1053 1725 et
1075 1686 1157 1741 snper
1180 1687 1245 1726 suos
1265 1670 1381 1742 Spiritus
1401 1670 1509 1738 cecidit,
1532 1677 1560 1725 et
1579 1677 1659 1725 erant
1672 1668 1714 1727 lor

64 1757 121 1811 dem
139 1763 182 1812 ast
203 1774 209 1810 :
227 1756 275 1810 sed
299 1771 354 1811 non
374 1756 495 1810 omnium
519 1764 631 1810 ornatus
646 1755 753 1810 redolet
767 1755 857 1820 thura,
875 1730 898 1808 Β
913 1769 1029 1831 quantes
1046 1757 1148 1831 linguis
1166 1760 1238 1827 (Act.
1260 1761 1299 1826 x).
1318 1759 1371 1827 lpsi
1391 1757 1515 1834 Apostoli
1530 1763 1593 1828 post
1612 1761 1715 1815 Ascen-

64 1861 114 1899 nan
129 1844 263 1900 arationis
276 1844 418 1915 specimen
432 1850 517 1898 tenet.
533 1843 658 1914 Denique
673 1844 750 1912 cujus
762 1857 856 1912 opera,
914 1848 1017 1903 sionem
1033 1847 1141 1902 Darniai
1157 1848 1299 1902 vrnanimes
1313 1847 1493 1918 perstiterunt
1512 1845 1539 1901 in
1561 1847 1688 1903 oratione
1706 1860 1712 1901 :

65 1943 89 1989 et
114 1933 247 2005 patientia
270 1942 299 1986 et
321 1932 441 2004 publica,
468 1932 676 1987 ostentationem
701 1939 729 1986 et
748 1931 858 1985 inanem

63 2022 218 2092 jactantiam
247 2021 388 2087 redolent,
419 2037 474 2076 non
510 2020 716 2092 supplicationis
751 2020 859 2074 instan-

66 2112 135 2178 tiam,
163 2127 219 2165 non
248 2109 456 2167 sollicitudinem
485 2109 611 2181 placendi
639 2108 773 2175 Domino,
802 2122 857 2162 non

67 2201 238 2271 impetrandae
261 2208 323 2255 vota
344 2199 440 2273 gmtiae
457 2218 463 2253 :
479 2200 615 2271 quomodo
635 2199 706 2253 enim
723 2197 859 2269 aptabitur

67 2290 128 2344 odor
141 2289 367 2344 vestimentorum
388 2297 496 2343 tuorum
511 2288 582 2343 sicut
601 2287 668 2344 odor
682 2287 792 2341 thuris?
806 2284 858 2354 Qui

68 2393 126 2434 vero
139 2378 232 2434 omnia
246 2378 302 2450 ogit
316 2384 345 2432 nt
368 2375 394 2432 ei
416 2376 521 2449 placeat
538 2376 582 2433 cui
606 2392 636 2431 sc
652 2375 776 2446 probavit
790 2377 857 2440 Deo,

67 2471 163 2540 atejus
187 2476 325 2524 mereatur
338 2462 470 2535 savorem,
486 2468 581 2539 utique
601 2467 671 2524 odor
684 2466 860 2523 vestimento-

67 2575 120 2612 mm
138 2559 200 2627 ejus
223 2557 293 2613 sieut
312 2558 381 2614 odor
395 2557 492 2612 thuris.
517 2558 551 2612 Et
576 2555 687 2629 quidem
706 2557 786 2609 tlrura
809 2553 860 2608 nisi

68 2648 119 2702 beo
139 2646 188 2702 soli
204 2662 256 2703 nec
271 2646 365 2704 ollerri
379 2646 477 2715 solent,
493 2661 545 2702 nec
564 2645 665 2701 debent
691 2662 698 2698 t
716 2642 778 2698 ideo
792 2643 860 2698 odor

67 2736 287 2792 vestimentorum
310 2738 371 2808 ejvs
398 2735 469 2792 sicut
492 2736 559 2792 odor
582 2733 682 2798 thuris;
699 2748 760 2789 cum
781 2731 861 2803 quid·

67 2825 125 2896 qnid
140 2824 198 2880 sire
221 2824 323 2896 palam,
340 2824 396 2878 sive
412 2823 481 2879 clam
500 2822 566 2894 agit,
583 2823 617 2878 ad
641 2820 859 2893 impetrationem

913 1937 1055 2007 completis
1071 1936 1260 2005 promissionis
1279 1937 1375 1991 diebus
1390 1936 1488 2005 repleti
1503 1942 1566 1990 sunt
1580 1935 1683 2008 Spiritu
1705 1951 1712 1994 :

914 2034 1008 2098 postea
1018 2024 1131 2096 profecti
1145 2026 1361 2095 predicaverunt
1376 2025 1487 2098 ubique.
1505 2024 1594 2079 Primo
1609 2023 1636 2079 in
1651 2040 1716 2081 ora·

917 2113 990 2169 tione
1000 2111 1105 2185 prolusi
1119 2121 1192 2177 sunt,
1208 2112 1307 2169 deinde
1324 2113 1426 2185 Spiritu
1440 2113 1522 2168 inlusi
1536 2122 1613 2178 sunt;
1634 2121 1661 2169 et
1676 2113 1716 2170 sic

917 2217 998 2274 quam
1022 2209 1201 2271 susceperant
1226 2202 1286 2257 aliis
1313 2202 1430 2274 gratiam
1458 2201 1509 2273 ipsi
1536 2200 1714 2272 profundunt.

915 2290 1006 2345 l‘rimo
1026 2290 1230 2360 exspectatione
1245 2297 1273 2345 et
1296 2290 1432 2347 desiderio
1458 2289 1583 2347 conversi
1602 2290 1715 2346 suntad

916 2379 1002 2432 Deum
1019 2393 1025 2430 ε
1043 2379 1164 2433 secundo
1177 2377 1212 2433 ad
1228 2378 1302 2448 ipsos
1325 2378 1396 2434 facta
1411 2386 1453 2434 est
1471 2378 1520 2432 Dei
1544 2378 1685 2434 conversio
1705 2395 1713 2432 ε

917 2465 997 2521 tertio
1011 2465 1063 2537 ipsi
1077 2467 1202 2522 conversi
1218 2466 1389 2522 conformant
1403 2474 1430 2522 et
1440 2464 1601 2521 confirmant
1615 2467 1715 2523 fratrae

916 2569 991 2609 suos.
1008 2554 1060 2610 Sed
1083 2555 1142 2608 sive
1163 2554 1337 2611 sanctitatem
1357 2554 1429 2620 vitae,
1455 2555 1513 2611 siva
1533 2554 1714 2612 visitationem

915 2643 1045 2708 divinam,
1061 2643 1117 2698 sive
1134 2644 1210 2698 verbi
1226 2643 1408 2698 ministerium
1428 2643 1454 2697 in
1475 2643 1614 2714 Apostolis
1626 2651 1716 2701 atten-

915 2733 978 2797 das3
1000 2731 1092 2787 omnia
1111 2732 1169 2788 haec
1192 2732 1415 2788 vestimentorum
1439 2731 1524 2787 vicem
1545 2739 1649 2799 tenent,
1674 2732 1716 2789 his

913 2821 1040 2879 omnibus
1054 2821 1141 2892 operti
1156 2829 1183 2877 et
1200 2821 1288 2876 ornati
1304 2829 1376 2876 sunt.
1392 2819 1463 2890 Quid
1476 2821 1509 2890 {in
1524 2821 1575 2875 illis
1589 2820 1713 2878 relictum

65 2913 221 2985 placationis
236 2912 320 2969 refert
337 2913 445 2969 didnae.
471 2912 545 2968 ldem
564 2911 681 2980 videtur,
704 2908 787 2966 nit
799 2925 860 2964 esse
914 2919 1015 2967 estant
1038 2911 1151 2977 nudum,
1175 2920 1222 2966 aut
1240 2918 1373 2966 vetustate
1389 2909 1503 2980 pristina
1524 2911 1650 2977 sordens,
1668 2911 1714 2984 qui

65 3003 151 3058 oleum
170 3002 199 3057 in
214 3002 296 3067 vasis,
311 3011 339 3058 et
357 3002 384 3056 in
398 3001 570 3058 vestimentis
583 3001 705 3067 odorem,
719 2999 768 3055 sed
791 2999 858 3055 odo-
915 3007 968 3054 tam
990 3000 1085 3056 festivo
1108 3008 1135 3055 et
1158 2999 1235 3056 verbi
1249 3006 1277 3055 et
1295 2999 1402 3056 virtutis
1424 2999 1495 3054 cultu
1512 2999 1715 3069 resplendent?

64 3108 118 3147 rem
138 3090 237 3148 thuris.
254 3090 325 3161 Quid
339 3090 422 3156 aliud,
438 3105 519 3164 quam
543 3089 641 3162 gaudia
664 3088 710 3144 illa
731 3088 858 3161 spiritua·
876 3088 897 3166 c
916 3088 1035 3145 Eximius
1057 3089 1150 3161 itaque
1168 3089 1255 3145 cultus
1276 3088 1304 3144 in
1318 3089 1379 3157 illis,
1395 3089 1443 3144 sed
1457 3104 1508 3144 nec
1522 3089 1599 3160 copia
1614 3089 1712 3144 minor.

64 3178 98 3233 lia
124 3188 153 3236 et
179 3189 310 3237 aetemam
338 3181 544 3236 delectationem
573 3181 658 3234 Deum
681 3184 785 3243 exorat,
813 3177 860 3250 qui
913 3179 1048 3250 Quidnam
1063 3179 1121 3234 haec
1140 3179 1300 3234 vestimenta
1320 3175 1469 3234 redolenti
1483 3177 1570 3249 qualis
1590 3184 1633 3233 est
1645 3179 1714 3235 odor

62 3283 172 3325 omnem
196 3269 278 3324 aliam
300 3269 409 3340 abjurat
434 3276 462 3325 et
492 3269 603 3324 horret?
632 3268 742 3334 sitivit,
771 3265 860 3337 inquit
913 3267 1026 3323 eorum?
1041 3268 1178 3340 Numquid
1191 3282 1245 3323 noa
1260 3267 1329 3322 sicut
1343 3265 1526 3322 thurisiCum
1537 3266 1646 3321 Domini
1661 3282 1712 3337 pe-

63 3357 193 3426 Psalmus,
211 3359 245 3414 ia
269 3364 296 3414 te
322 3362 421 3415 aniana
447 3373 520 3422 mea,
546 3374 631 3430 qaam
654 3355 861 3427 multipliciter
913 3357 1021 3412 cuniam
1036 3356 1174 3412 conservis
1187 3363 1313 3425 erogant,
1326 3371 1380 3410 noa
1397 3355 1459 3409 inde
1475 3369 1560 3424 penes
1580 3370 1611 3408 se
1630 3355 1711 3426 quid·

62 3446 115 3502 tibi
127 3463 194 3504 caro
207 3448 295 3505 mea?
315 3449 402 3517 (Prot.
424 3463 489 3512 xxa,
507 3446 546 3516 t.)
564 3445 644 3500 Vides
662 3443 690 3498 in
704 3444 746 3497 his
768 3441 859 3499 verbis
913 3461 996 3517 quam
1009 3444 1055 3502 vel
1070 3445 1162 3500 turum
1177 3444 1299 3499 residere
1313 3443 1385 3514 passi
1401 3451 1472 3507 sunt,
1487 3441 1551 3495 nihil
1568 3441 1631 3496 inde
1642 3442 1713 3498 trau·

61 3536 198 3606 quomodo
221 3543 249 3591 et
270 3535 360 3609 ipsum
383 3534 474 3590 carnis
487 3533 678 3589 vestimentum
703 3531 781 3603 quasi
794 3545 859 3585 ora·
913 3533 1041 3588 dulenter
1063 3533 1113 3587 sibi
1138 3533 1339 3602 decerpentes:
1360 3531 1474 3585 etiams
1495 3529 1583 3582 laudis
1597 3545 1711 3586 munere

61 3623 143 3678 tionis
154 3625 235 3680 babet
252 3625 351 3691 vicem,
367 3624 431 3679 dum
446 3625 504 3679 Deo
519 3622 592 3677 sitire
607 3621 794 3677 uiritantem
808 3633 859 3673 vo·
912 3638 1023 3677 uranum
1039 3621 1189 3686 excutiunt,
1205 3620 1297 3675 omnia
1312 3618 1456 3675 referendo
1471 3618 1506 3673 ad
1520 3617 1636 3688 gloriam
1650 3617 1710 3675 Dei.

59 3711 186 3767 luntariis
199 3712 300 3769 afflicta
314 3711 475 3783 disciplinis,
501 3725 591 3765 nonne
605 3711 692 3764 Deum
711 3707 745 3762 ad
768 3707 860 3778 propi·
912 3711 995 3781 Quasi
1011 3711 1073 3766 coeli
1087 3711 1188 3766 decoro
1198 3709 1288 3766 vestiti
1298 3718 1359 3765 sunt
1374 3709 1487 3776 lumine,
1499 3707 1548 3762 sed
1557 3708 1620 3763 coeli
1632 3723 1711 3764 enar·

60 3801 200 3857 tiationem
215 3802 325 3857 flectere
349 3799 465 3855 nititur?
488 3801 549 3869 lpsa
563 3799 623 3868 ejus
644 3804 756 3869 propter
770 3798 858 3851 Deum
912 3808 982 3866 rant,
1001 3815 1056 3857 non
1070 3816 1157 3869 sunm,
1183 3801 1231 3855 sed
1245 3799 1359 3872 gloriam
1375 3799 1436 3854 Dei.
1458 3801 1518 3870 lpse
1542 3796 1590 3851 tibi
1611 3797 1711 3854 Paulus

60 3890 205 3962 supplicia,
234 3889 360 3962 quaedam
389 3888 424 3942 ad
451 3904 514 3943 eum
542 3885 754 3957 supplicationes
783 3893 854 3941 sunt.
912 3890 1020 3944 subtilia
1039 3897 1066 3944 et
1083 3887 1278 3944 indissolubilia
1303 3889 1428 3962 quaedam
1443 3886 1607 3944 vestimenta
1619 3888 1711 3943 verbis

58 3980 240 4051 Eleemosyna
257 3977 369 4050 pauperi
384 3977 597 4032 misericorditer
607 3975 731 4046 impensa
742 3984 856 4034 exorat:
912 3978 968 4032 sais
985 3978 1113 4045 contexit,
1130 3985 1158 4033 et
1174 3994 1222 4050 pro
1237 3978 1385 4051 capacitate
1403 3985 1459 4049 tua,
1477 3975 1712 4034 luminisetintel

58 4069 150 4124 carnis
161 4069 280 4140 propriae
294 4067 439 4123 delectatio
453 4066 571 4121 discrete
587 4080 724 4137 repressa,
740 4080 789 4121 cur
803 4080 857 4120 non
912 4067 1033 4140 ligentiae
1056 4074 1166 4139 coaptat
1190 4067 1328 4136 amictum,
1346 4083 1399 4122 non
1418 4076 1510 4123 tamen
1529 4067 1557 4122 in
1571 4066 1710 4142 persuasi·

57 4167 87 4212 et
100 4156 304 4230 ipsaorationis
318 4156 401 4211 habet
419 4154 566 4212 eflectum?
581 4153 733 4226 Voluptatis
747 4168 857 4225 repres·
912 4155 1012 4211 bilibus
1034 4157 1159 4212 hnmanae
1182 4156 1324 4229 sapientiae
1348 4156 1448 4225 verbis,
1465 4156 1514 4212 sed
1537 4157 1564 4213 in
1587 4156 1710 4214 doctrina

57 4246 109 4313 sio,
130 4247 257 4320 queam
284 4254 327 4301 est
353 4252 475 4302 votorum
503 4243 652 4317 expressio,
677 4249 706 4300 et
728 4240 859 4299 desiderii
914 4244 1029 4316 Spiritus
1049 4247 1075 4315 (l
1093 4247 1154 4303 Cor.
1171 4262 1201 4315 ιι,
1220 4247 1272 4319 13).
1290 4247 1353 4304 ldeo
1367 4247 1531 4303 vestimenta
1552 4247 1651 4319 quibus
1665 4247 1708 4303 vel

56 4335 270 4392 delectationem
293 4334 373 4389 aliam
396 4333 566 4406 suspirantis.
593 4332 729 4389 Orationis
748 4331 858 4388 lervidae
912 4332 970 4404 ipse
992 4333 1100 4410 tegitur,
1126 4334 1169 4390 vel
1189 4351 1250 4407 quae
1277 4335 1325 4389 tibi
1349 4335 1478 4402 contexit,
1494 4335 1601 4390 nonnisi
1621 4333 1709 4391 thuris

57 4425 174 4481 ellectus
183 4424 211 4479 in
226 4425 289 4480 sinu
303 4422 395 4480 cordis
408 4425 521 4480 vertitur
534 4429 562 4478 et
576 4422 752 4478 convertitur.
768 4421 857 4477 Thura
913 4423 1016 4478 habent
1029 4423 1153 4479 adorem.
1173 4422 1242 4477 Nam
1257 4421 1383 4478 affectata
1397 4423 1541 4478 verborum
1558 4423 1668 4477 lascivia
1681 4430 1709 4477 et

57 4514 84 4568 in
109 4512 256 4568 exterioris
287 4508 461 4568 abstinentiae
484 4511 645 4568 vestimento
659 4511 778 4566 suaviter
802 4510 857 4565 lra·
873 4462 896 4539 Β
912 4511 1012 4579 cultus,
1028 4509 1115 4566 inanis
1130 4519 1158 4565 et
1172 4510 1240 4564 levis
1261 4511 1356 4581 gloriae
1371 4510 1495 4565 redolere
1518 4510 1627 4564 videtur
1640 4509 1709 4567 alte·

56 4609 148 4674 grant.
177 4602 214 4656 Et
242 4602 345 4657 bonum
372 4601 482 4658 omnino
515 4601 720 4668 vestimentum,
750 4599 858 4671 qnando
913 4607 996 4655 ctum.
1013 4599 1048 4653 Et
1062 4597 1107 4670 qui
1131 4612 1184 4652 non
1199 4598 1321 4670 leporem
1346 4597 1464 4670 eloquii,
1480 4599 1529 4654 sed
1548 4598 1710 4656 lubricaset

57 4693 146 4745 anima
161 4706 216 4746 non
231 4699 288 4746 tam
302 4706 384 4747 carne
400 4690 521 4758 vestitur,
546 4705 627 4762 quam
649 4688 798 4745 carnalium
820 4690 860 4759 Je·
912 4687 1022 4742 fallaces
1036 4687 1234 4758 disputationes
1248 4687 1397 4745 subtilioris
1412 4695 1554 4745 sectantur
1572 4689 1705 4758 materiae,

57 4781 135 4852 junio
154 4780 274 4853 quodam
297 4788 325 4836 et
348 4780 527 4852 temperantia
549 4779 728 4851 voluptatum.
756 4780 858 4834 Bonum
913 4776 977 4830 dnm
992 4792 1021 4831 se
1041 4776 1121 4831 nimis
1140 4787 1251 4850 propter
1275 4778 1383 4835 inanem
1406 4777 1529 4836 favorem
1548 4783 1708 4849 extenuant,

57 4870 169 4926 omnino
196 4871 391 4925 vestimentum
414 4869 583 4925 continentia
607 4865 773 4939 virginalis:
798 4882 859 4922 sua·
912 4864 1056 4937 aliquoties
1083 4866 1207 4922 intexunt
1234 4868 1427 4942 blasphemias.
1457 4870 1519 4925 Non
1546 4886 1613 4942 ergo
1641 4870 1709 4924 odor

56 4975 121 5014 rem
134 4958 241 5016 redolet
255 4965 284 5014 et
307 4959 382 5015 velut
403 4959 493 5013 thuris
507 4958 630 5024 odorem,
647 4958 691 5013 rel
714 4957 752 5011 illi
776 4972 857 5029 quem
912 4954 1132 5011 vestimentorum
1148 4958 1283 5028 ejusmodi
1306 4959 1375 5016 sicut
1398 4958 1467 5015 odor
1486 4959 1581 5014 thuris.
1600 4956 1709 5012 Nullum

55 5048 155 5122 diligit.
172 5049 216 5104 vel
231 5048 284 5104 sibi
297 5064 360 5120 quae
374 5048 473 5122 diligit.
486 5047 621 5120 Quidquid
636 5063 699 5103 eum
713 5046 857 5103 dilectione
911 5043 939 5098 in
951 5044 1119 5101 vestimentis
1132 5062 1240 5118 sponsae
1251 5047 1378 5120 excipere
1396 5047 1515 5118 videtur,
1531 5048 1596 5101 dum
1610 5044 1708 5101 indeli-

54 5138 182 5203 ott'ertur‚
206 5153 260 5194 non
284 5144 375 5209 potest
398 5140 458 5207 eius
476 5137 659 5193 delectatione
681 5152 735 5192 non
754 5134 857 5207 pcrlrui
911 5132 967 5189 nitc
980 5135 1153 5205 pronuntiat:
1169 5138 1239 5196 Odor·
1254 5140 1484 5193 vestimentorum
1499 5142 1612 5193 tuorum
1625 5133 1707 5192 111

53 5228 115 5300 ipsa
130 5245 191 5301 qnae
205 5228 297 5284 oliert.
314 5227 411 5283 Omnis
425 5227 497 5283 enim
513 5227 571 5282 haec
585 5224 700 5282 dulcedo
710 5241 770 5296 qum
784 5242 857 5297 prae-
911 5225 985 5279 sicat
1009 5224 1076 5282 ador
1100 5226 1203 5282 tiaris.
1226 5226 1249 5281 0
1264 5241 1308 5280 me
1324 5210 1439 5291 inlicem,
1455 5223 1478 5277 si
1497 5224 1541 5280 vel
1556 5240 1650 5293 unum,
1666 5223 1710 5281 vel

53 5319 163 5374 dicatur
184 5317 212 5371 in
228 5332 270 5387 ea,
297 5315 415 5372 sentitur
428 5325 455 5372 et
475 5317 511 5370 ab
529 5315 601 5386 ipsa.
620 5313 663 5370 ab
683 5314 742 5385 ipso
757 5323 856 5382 manat,
911 5313 1028 5369 alterum
1042 5313 1127 5369 inme
1142 5315 1345 5380 vestimentum,
1361 5313 1499 5384 integrum
1515 5314 1612 5371 reddat
1623 5314 1710 5370 thuris

52 5413 80 5462 et
92 5406 123 5461 in
137 5405 200 5478 ipsa
214 5412 316 5462 manet.
337 5405 368 5459 ln
382 5404 462 5460 labiis
478 5404 628 5471 lavus‚sub
642 5402 736 5474 lingua
751 5402 814 5470 mel,
831 5408 859 5458 et
912 5402 1035 5467 odorem,
1057 5419 1108 5458 nec
1130 5403 1220 5474 aliqua
1243 5402 1411 5458 admixtione
1440 5404 1585 5478 peregrina
1613 5420 1710 5461 eorru-

52 5493 264 5550 investimentis
286 5494 346 5564 ejns
360 5492 511 5550 redolentia
530 5493 627 5548 thuris.
652 5490 776 5548 Proxima
797 5498 859 5546 sunt
912 5490 1003 5562 ptuml
1021 5491 1092 5547 Nam
1106 5491 1140 5546 ad
1164 5492 1237 5549 hanc
1250 5508 1417 5561 mensuram,
1436 5500 1464 5550 ut
1477 5494 1569 5551 omnia
1582 5495 1643 5566 ejus
1666 5493 1709 5549 in-
