3706 5962
680 235 768 297 vrvls
786 236 936 299 nlstlsl.

1580 253 1635 313 vlt

76 374 88 413 s
114 368 214 417 nostrae
241 360 362 436 benigno
375 361 450 427 lesu,
477 359 524 433 qni
539 375 617 415 suum
634 374 684 431 pro
705 360 784 417 nobis
802 380 827 459 g
843 361 949 430 nostrI;
968 368 997 419 et
1016 362 1081 419 boni
1094 364 1235 423 bellatores
1256 367 1341 424 simus
1359 372 1498 442 sequendo
1519 376 1634 449 vestigia

76 445 152 505 tinem
167 450 349 506 liberalissime
362 449 467 507 effudit.
484 448 533 504 fel
548 451 599 504 boc
612 455 686 504 certe
700 448 785 521 signi·
841 449 963 523 signiferi
973 451 1067 508 nostri.

76 541 93 591 ιι
106 539 191 592 sudor
206 538 399 611 sanguineusa
415 544 471 594 toto
487 552 601 609 corpore
616 536 713 608 capitia
728 553 788 593 nos

76 621 156 691 fusus,
173 626 235 698 quia
252 626 279 681 in
294 633 351 682 toto
365 641 481 697 corpore
492 639 542 681 suo
556 623 698 695 spirituali
714 623 787 696 quod

76 711 178 780 eclesia,
204 714 315 787 sanguis
342 726 400 769 erat
420 718 567 783 martyrum
594 712 786 779 effundendus,

76 799 153 857 alesta
166 801 339 858 rubricanda.

253 936 365 993 CAPUT
383 934 539 992 XXXVIII.

153 1042 191 1098 De
207 1045 294 1099 tertia
308 1042 463 1114 sanguinis
474 1041 625 1112 effusione.

76 1141 95 1192 l.
111 1138 201 1192 Tertia
226 1139 367 1210 saugumis
381 1138 480 1195 effusio
503 1136 554 1192 fuit
576 1137 605 1191 in
619 1136 789 1193 vellicatione

76 1241 141 1292 rom,
157 1228 236 1297 cujus
256 1228 438 1283 testimonium
454 1227 586 1281 babemus
601 1225 627 1280 in
644 1225 787 1297 propbeta,

75 1323 101 1370 te
115 1329 148 1370 ex
163 1331 281 1387 persona
301 1316 386 1387 ipsius
402 1314 547 1371 crucifixi:
567 1316 671 1386 Corpus
692 1329 789 1369 meum

76 1404 296 1474 *maulia-ratibus,
307 1410 336 1460 et
348 1419 514 1475 penosmeos
526 1401 693 1458 vellentibus
709 1400 786 1470 (lsai.

91 1489 169 1560 Quod
180 1492 289 1564 quidam
304 1499 444 1561 exponunt
462 1490 495 1546 de
510 1489 673 1546 laceratione
690 1488 788 1543 maxil-

76 1595 83 1633 r
107 1579 176 1635 facta
195 1596 254 1634 cum
284 1580 423 1653 unguibus
449 1579 597 1651 impiorum
619 1577 789 1643 Jndaeornm3

75 1683 103 1723 m
117 1675 206 1722 autem
225 1669 259 1724 de
288 1666 428 1725 evulsione
442 1670 533 1724 barbae
553 1666 671 1725 Domitii.
697 1668 787 1723 Potest
807 1652 829 1730 Β

76 1772 139 1829 aque
154 1756 238 1812 fuisse
254 1773 359 1812 verum.
375 1758 463 1812 Credo
479 1771 533 1813 non
548 1756 606 1811 sine
630 1755 720 1827 aliqua
731 1770 790 1809 sau·

76 1844 227 1900 ‚allusione
243 1845 269 1900 id
286 1854 435 1916 peractum.
458 1844 543 1900 Video
560 1859 626 1915 argo
641 1842 789 1915 sacrilegas

76 1949 86 1986 s
102 1933 268 2004 impiissimae
282 1936 369 2004 gentis
394 1949 447 1989 noo
462 1940 597 1988 saturatas
612 1929 737 2002 colaphis
761 1937 789 1985 rt

76 2037 89 2088 t,
107 2028 134 2075 et
158 2023 336 2093 consputione
351 2021 539 2077 desiderabilis
554 2020 645 2077 vultus
665 2019 788 2075 Christi:

78 2108 142 2163 uam
167 2109 200 2162 ad
226 2124 356 2181 genarum
381 2109 466 2180 ipsius
497 2107 693 2164 vellicationem
709 2123 790 2164 exar-

86 2205 114 2253 et
128 2211 145 2251 a
159 2196 234 2251 vultu
253 2211 360 2267 quoque
384 2196 545 2252 dulcissImo
569 2196 601 2250 ad
626 2194 790 2251 rubricatio-

77 2300 146 2342 rosae
164 2292 264 2340 nostrae
284 2285 444 2358 sanguinem
459 2284 593 2339 elicuisse.
610 2283 696 2339 Video
716 2283 791 2354 igni

77 2373 237 2430 immaculati
252 2372 410 2444 pollentiam
429 2372 614 2429 admirabilem
628 2378 654 2427 et
678 2371 791 2427 imitan-

78 2478 222 2533 perquam
238 2477 322 2534 genas
345 2461 534 2532 pudicissimas
558 2459 790 2532 impudicIssImo-

76 2551 203 2623 mgnrbus
225 2550 383 2605 lacerandas
397 2565 458 2604 cum
482 2549 554 2604 omni
584 2547 791 2606 mansuetudine

76 2634 122 2707 ait3
152 2647 182 2692 ut
197 2638 329 2709 pollenter
354 2637 525 2703 sufferamus,
541 2637 565 2692 si
579 2638 721 2709 aliquando
737 2652 789 2692 no-

88 2726 182 2784 facIem
199 2727 305 2800 operiat
318 2727 440 2783 confusio
454 2736 565 2800 propter
580 2726 680 2797 ipsum,
693 2726 748 2782 imo
764 2733 792 2782 at

75 2814 100 2870 is
114 2831 164 2871 nos
178 2817 263 2871 caedat
279 2815 306 2869 in
322 2814 419 2871 faelem
434 2814 522 2871 verbis
543 2821 570 2871 et
584 2813 660 2871 lactis
676 2823 787 2888 propter

77 2905 219 2961 nlosum.

258 3018 370 3076 CAPUT
396 3017 531 3074 XXXIX.

158 3127 197 3183 Dc
211 3131 314 3199 quarto
327 3128 467 3199 effusione
480 3126 627 3198 compatieris

76 3227 83 3280 l
109 3223 240 3293 Quartam
268 3224 407 3295 sanguinis
431 3222 572 3294 purissimi
586 3221 750 3279 effusionem
765 3225 792 3280 in

76 3329 96 3369 ta
123 3312 245 3367 iuvenire
270 3327 425 3381 possumus,
440 3311 468 3365 ln
497 3326 599 3367 corona
612 3312 718 3382 spinea,
734 3327 790 3367 non

76 3419 83 3458 t
105 3401 203 3459 leviter
216 3401 354 3471 imposita,
385 3400 432 3455 sed
448 3399 535 3454 valida
560 3398 691 3468 impressa
708 3399 791 3470 capiti

76 3491 152 3546 vsimo
173 3489 268 3561 capitis
282 3488 335 3544 mei
351 3487 438 3543 dulcis
451 3486 526 3542 lesu.
542 3486 616 3542 Satis
638 3486 710 3541 enim
724 3502 793 3543 con-

90 3579 206 3647 veritati,
222 3579 312 3649 utqui
335 3577 448 3632 oderant
465 3575 618 3639 veritatem,
632 3589 686 3629 oon
705 3575 793 3630 solum

76 3666 170 3722 ›bmum
198 3667 279 3734 illius,
308 3667 359 3721 sed
376 3663 537 3738 supplicium
560 3663 709 3736 requirant.
738 3664 796 3720 Nee

76 3762 118 3812 oto
132 3755 242 3828 quidem
257 3755 329 3812 rivos
351 3753 495 3826 sanguInis
509 3752 638 3822 defuisse,
653 3752 701 3824 qui
714 3767 730 3808 a
743 3766 793 3810 ott-

76 3843 188 3900 rrisorie
203 3851 228 3899 et
243 3843 334 3900 invida
352 3843 476 3900 coronati
491 3841 640 3900 defluerent
653 3842 683 3898 in
696 3839 796 3898 cossum

91 3941 117 3988 et
132 3932 269 3988 infaciem
294 3933 380 3989 dulcis
400 3934 483 4003 lesu,
508 3931 573 4003 quia
586 3946 639 3987 suo
648 3930 798 3987 noluissent

76 4029 131 4076 tato
146 4034 257 4090 poenam
285 4020 367 4075 simul
382 4036 442 4076 cum
468 4019 640 4076 irrisionibus
664 4019 797 4093 irrogare,

75 4123 107 4160 us
130 4105 164 4160 de
178 4106 237 4160 aliis
251 4106 332 4161 ramis
351 4107 394 4164 vel
417 4107 530 4179 virgulis
552 4107 655 4162 arbotis
678 4107 796 4177 alicujus

76 4195 145 4244 erant
165 4188 289 4261 plexuise
303 4178 449 4246 coronam:
468 4189 517 4244 sed
540 4199 571 4246 ut
597 4205 704 4246 morum
726 4205 793 4246 suo-

76 4272 185 4330 aculeos
209 4273 434 4339 demonstrarent,
454 4288 526 4330 nunc
542 4272 637 4346 gloria
651 4274 794 4331 ethonore

76 4371 175 4431 tatum,
201 4370 266 4417 tunc
297 4361 437 4433 spInarum
468 4360 571 4416 eculeis
596 4369 793 4417 coronaverunt

76 4467 108 4505 tm
122 4450 295 4506 mitissimum
317 4450 421 4505 dulcem
436 4450 539 4504 Iesum.
555 4451 588 4505 Et
603 4448 668 4504 licet
683 4448 711 4503 fn
730 4447 792 4503 irri-

97 4549 237 4607 ooronent‚
254 4549 343 4594 tamen
358 4539 516 4611 ignorantes
530 4545 558 4593 et
581 4534 726 4591 irridentes
740 4551 791 4592 co·

76 4645 120 4684 urn
146 4645 240 4701 regern
254 4626 381 4694 latentur,
401 4625 464 4699 quia
479 4643 574 4700 regum
589 4632 631 4682 est
659 4623 792 4681 coronari.

76 4728 149 4774 natus
164 4731 231 4787 ergo
250 4733 297 4772 rex
311 4730 400 4773 essee
420 4715 605 4772 nescientibus
620 4714 793 4769 demonstra·

76 4804 207 4877 Inspinis
236 4820 303 4861 vero
317 4804 504 4861 coronantium
533 4803 634 4859 malitia
663 4800 792 4873 aperitur.

76 4894 132 4951 liter
159 4903 249 4951 autem
275 4897 409 4951 docemur
429 4893 529 4949 Imitari
549 4900 632 4964 caput
659 4901 792 4958 nostrum,

75 5000 91 5039 a
113 4992 140 5041 et
162 4984 258 5041 ducem
275 4993 397 5039 nostrum
413 4983 519 5039 dulcem
539 4984 642 5039 Iesum.
657 4980 686 5038 Si
706 4989 794 5036 autem

76 5090 131 5131 runt
146 5073 332 5145 quorumlibet
347 5071 524 5144 perversitate
547 5068 755 5142 compungimur
768 5076 796 5125 et

76 5178 141 5219 mur
165 5181 172 5218 ε
192 5178 253 5218 cum
279 5169 359 5231 caput
382 5169 506 5215 nostrum
528 5155 566 5212 ita
593 5166 792 5229 compunctum,

76 5249 158 5309 ιίειιιι
181 5249 416 5322 conspexerimus,
445 5261 500 5302 non
515 5261 725 5314 murmuremus,
740 5261 793 5302 non

76 5338 218 5410 citremus3
235 5354 322 5412 pauca
338 5352 399 5410 quae
414 5333 492 5392 nobis
506 5334 532 5390 in
548 5334 603 5391 vita
618 5333 745 5407 praesenti
766 5343 794 5390 et

90 5429 253 5496 infamatur,
269 5445 330 5486 cum
345 5425 417 5483 omui
437 5421 639 5497 equanimitate
651 5428 678 5480 et
693 5422 794 5494 patien-

76 5518 219 5587 tlforendo,
235 5528 266 5575 nt
278 5515 354 5591 digni
368 5509 454 5573 simus
478 5529 538 5574 esse
559 5514 679 5572 membra
693 5506 793 5588 eapitis

107 5615 229 5677 Parnon.
248 5613 417 5675 CLXXXII.

1102 538 1187 599 noa
1200 541 1316 601 CAPUT
1329 546 1388 602 xb.

994 630 1032 684 fle
1046 632 1148 702 quinto
1162 633 1300 702 effusione
1313 637 1472 708 anagniam.

879 718 941 772 131.
956 715 1057 786 Quinta
1068 718 1213 776 rubricatio
1232 737 1301 777 rnsae
1315 720 1451 779 iuvenitur
1478 725 1506 780 iu
1532 728 1636 786 crudeli

842 803 1019 878 flagellatione
1033 807 1244 863 mansuetissimi
1258 809 1331 882 Agui
1346 813 1416 867 rosei
1440 814 1516 871 Iesu.
1536 813 1636 872 Ocum

841 897 939 961 manta
951 891 1100 963 quantitate
1115 900 1193 965 putas
1205 895 1280 950 illum
1298 898 1495 955 sanctissimum
1522 904 1637 975 sangui·

843 994 937 1034 neme
959 980 1098 1037 consulsso
1117 997 1230 1053 corpore
1253 993 1279 1041 et
1292 985 1425 1059 flagellato
1441 987 1585 1046 distillasse
1608 993 1635 1046 in

844 1076 940 1123 terram
956 1066 964 1122 l
979 1066 1003 1124 0
1016 1077 1115 1141 quanta
1130 1078 1207 1139 putas
1233 1073 1337 1129 saevitia
1350 1075 1496 1146 impiorum
1517 1076 1635 1136 fremen-

843 1158 921 1220 tium,
937 1163 1036 1226 quanto
1060 1156 1167 1214 fremitu
1192 1161 1356 1216 saevientium
1383 1161 1544 1236 flagellatum
1560 1175 1636 1238 putas

843 1244 925 1300 fuisse
937 1243 1042 1301 dulcem
1056 1246 1159 1311 Iesum,
1180 1248 1228 1320 qui
1251 1258 1361 1306 venerat
1377 1260 1407 1306 ut
1421 1268 1472 1308 nos
1492 1270 1507 1308 a
1521 1253 1637 1327 flagellis

842 1331 969 1390 liberarat
982 1333 1109 1391 aeternis!
1129 1357 1141 1387 ι
1159 1336 1224 1392 Sine
1238 1353 1330 1404 causa,
1348 1358 1361 1390 u
1377 1339 1475 1413 inquit,
1495 1362 1506 1394 a
1522 1341 1637 1413 flagellis

842 1419 997 1477 ceciderunt
1009 1437 1060 1478 me.
1077 1442 1088 1472 s
1103 1424 1330 1498 (Respons.0llic.
1342 1426 1636 1504 EcclesinPassione.)

846 1507 915 1565 Vere
935 1509 994 1565 siue
1012 1524 1103 1577 causa,
1136 1511 1188 1566 nisi
1206 1510 1275 1568 forta
1297 1513 1442 1572 miserrimi
1463 1524 1490 1572 et
1515 1520 1636 1587 perversi

845 1597 915 1652 bona
928 1611 1010 1669 opera
1031 1603 1077 1652 tua
1105 1599 1192 1670 poenis
1206 1599 1287 1674 digna
1299 1602 1462 1674 judicarent,
1478 1605 1524 1676 qui
1540 1605 1638 1664 verite-

845 1692 899 1740 tem
914 1692 987 1740 tuam
1001 1685 1029 1739 in
1044 1688 1184 1744 mendacio
1199 1687 1382 1745 detinuerunt.
1407 1690 1501 1748 Sedet
1520 1692 1565 1749 hic
1581 1709 1638 1750 mo·

842 1774 935 1830 raliter
947 1773 1097 1844 erudimur,
1114 1785 1142 1832 ut
1156 1775 1262 1851 flagella
1275 1777 1465 1850 benignissimi
1485 1779 1572 1837 Patris
1589 1796 1638 1840 no·

842 1864 891 1918 stri
905 1862 1041 1918 discamus
1053 1863 1242 1936 equanimiter
1256 1866 1379 1932 tolerare,
1396 1866 1444 1937 qui
1458 1868 1638 1938 pessImorum

843 1951 953 2024 flagella
965 1965 1015 2022 pro
1029 1952 1108 2007 nobis
1124 1951 1252 2025 ‚indignis
1272 1961 1325 2008 tam
1351 1953 1485 2023 patienter
1512 1957 1639 2014 snstInuit

843 2040 929 2096 dulcis
941 2040 1030 2095 Jesns.
1046 2038 1113 2107 Quis
1128 2039 1200 2095 enim
1216 2039 1320 2114 flagella
1334 2056 1389 2098 non
1416 2042 1542 2100 sufferret
1557 2047 1638 2103 borno

843 2129 870 2183 in
885 2126 993 2202 flagella
1015 2135 1137 2200 paratus,
1166 2129 1200 2182 ad
1221 2128 1341 2184 laborem
1360 2138 1449 2202 natus,
1465 2131 1495 2186 in
1520 2135 1637 2204 peccatis

843 2217 961 2273 nutritus
989 2225 1015 2271 et
1040 2225 1224 2283 conversatus,
1251 2217 1401 2273 haereditati
1426 2220 1544 2276 coelestis
1568 2224 1638 2279 aulae

843 2304 1003 2372 destinatus,
1019 2319 1079 2375 quae
1106 2320 1161 2361 non
1188 2304 1238 2359 nisi
1253 2306 1370 2362 mundos
1384 2308 1488 2377 recepit
1498 2324 1506 2376 3
1518 2324 1579 2365 eum
1603 2310 1639 2366 vi·

843 2392 905 2448 deat
919 2392 1017 2464 Regem
1033 2390 1153 2447 omnium
1168 2409 1275 2464 regum,
1292 2401 1318 2448 et
1333 2394 1476 2450 Dominum
1490 2396 1639 2454 dominan-

843 2482 910 2536 tium
923 2480 1030 2538 dulcem
1043 2479 1148 2544 lesum,
1165 2481 1211 2552 qui
1227 2491 1365 2551 peecatum
1388 2496 1445 2538 non
1460 2481 1533 2552 lacit,
1554 2495 1583 2541 et
1609 2486 1637 2542 in

843 2573 923 2642 eujus
936 2585 983 2627 ore
998 2582 1051 2624 non
1065 2577 1105 2623 est
1117 2568 1196 2624 dolus
1220 2569 1351 2634 inventos,
1366 2575 1421 2624 tam
1444 2571 1573 2645 gravibus
1587 2572 1639 2629 lla·

842 2657 1032 2734 gellationibas
1046 2671 1107 2713 esse
1117 2657 1279 2713 contritum?
1292 2658 1374 2725 Audi,
1390 2673 1408 2716 o
1422 2660 1503 2716 bomo
1516 2661 1597 2718 stulte
1613 2671 1641 2721 et

842 2747 985 2819 insipiens,
1003 2755 1029 2802 et
1043 2745 1161 2813 erudIre,
1173 2753 1200 2801 et
1213 2761 1270 2801 non
1288 2744 1378 2802 solum
1401 2763 1456 2803 non
1470 2748 1574 2822 refuge,
1590 2752 1639 2807 sed

841 2837 921 2894 etiam
935 2833 1108 2907 apprehende
1122 2832 1300 2904 discplinam,
1332 2850 1366 2890 ne
1385 2833 1452 2892 forte
1480 2838 1643 2910 quandoque

806 2917 939 2998 cpereas
948 2923 982 2979 de
992 2922 1036 2980 via
1051 2923 1133 2992 justa,
1151 2922 1264 2978 Domino
1281 2921 1330 2978 tibi
1349 2921 1498 2995 irascente;
1517 2926 1563 2997 qui
1579 2943 1643 2999 pro-

846 3013 905 3086 prio
919 3011 988 3068 Filio
1001 3026 1052 3067 suo
1067 3025 1122 3066 non
1137 3012 1265 3082 pepercit,
1293 3010 1341 3068 sed
1357 3019 1467 3084 propter
1491 3023 1517 3069 te
1534 3014 1641 3074 tradidit

844 3101 1031 3175 flagellandum
1046 3099 1133 3172 (Rom.
1148 3114 1208 3168 vur,
1225 3102 1281 3170 32).
1297 3100 1357 3156 Non
1370 3104 1493 3172 pepercit
1514 3103 1584 3161 Filio
1594 3122 1644 3163 suo

845 3189 971 3257 naturali,
987 3188 1207 3245 consubstantiali
1231 3189 1292 3254 sibi,
1312 3195 1339 3243 et
1361 3202 1507 3260 coaeterno,
1528 3203 1556 3249 et
1586 3195 1642 3249 im-

846 3278 977 3352 passibili,
992 3278 1057 3351 qula
1070 3292 1123 3348 pro
1138 3276 1225 3333 salute
1241 3286 1287 3332 tua
1301 3277 1391 3347 ipsum
1406 3277 1509 3334 faceret
1525 3282 1600 3338 nasci
1614 3282 1642 3339 io

847 3376 979 3439 tempore,
994 3375 1020 3421 et
1035 3362 1208 3435 passibilem3
1224 3374 1251 3418 et
1265 3362 1380 3436 flagellis
1394 3372 1556 3436 contereret,
1573 3368 1643 3427 sicud

847 3455 1027 3526 scriptumest
1040 3467 1046 3508 :
1058 3453 1195 3508 Dominus
1208 3451 1301 3507 voluit
1311 3466 1378 3508 eom
1392 3458 1539 3513 conterere
1552 3458 1583 3513 in
1592 3459 1642 3514 in-

848 3543 985 3618 firmitate
1000 3540 1068 3612 (faoi
1079 3553 1137 3605 nur,
1154 3539 1208 3608 ιιι).
1218 3538 1253 3592 Et
1265 3539 1403 3609 quomodo
1418 3551 1508 3612 parcet
1523 3544 1572 3599 tibi
1587 3543 1642 3604 lilio

849 3632 989 3705 adoptivo,
1005 3644 1065 3684 cum
1095 3642 1192 3682 sensus
1216 3626 1255 3681 tui
1279 3627 1357 3698 proni
1384 3628 1492 3685 sintin
1519 3631 1642 3692 malum?

848 3720 960 3791 Quinin
974 3719 1069 3774 chamo
1092 3723 1119 3772 et
1141 3714 1217 3771 freno
1241 3715 1363 3773 maxillas
1377 3724 1437 3774 tuas
1460 3722 1641 3798 constringet,

849 3824 879 3869 ut
893 3811 988 3867 saltem
1001 3805 1108 3864 vexatio
1122 3805 1167 3862 det
1181 3804 1227 3862 tibi
1243 3804 1408 3863 intellectum
1424 3823 1432 3861 :
1452 3819 1585 3882 quatenns
1606 3818 1642 3871 ad

850 3906 941 3975 ipsum
954 3895 1146 3970 approximare
1161 3893 1278 3967 cogaris,
1293 3896 1340 3969 qui
1354 3897 1416 3953 licet
1428 3900 1552 3974 moleste,
1569 3905 1642 3961 salu-

850 3993 933 4050 briter
948 3995 1036 4043 tamen
1052 3982 1170 4058 flagellat
1192 3999 1300 4041 omnem
1324 3982 1408 4042 filium
1432 4003 1516 4060 quern
1544 3992 1642 4066 recipit

849 4080 946 4157 (Hebro
956 4092 1009 4144 Xllr
1025 4078 1064 4146 6)·

1146 4162 1260 4219 CAPUT
1273 4161 1344 4219 XLI.

937 4262 974 4317 ne
987 4259 1070 4315 sento
1080 4258 1108 4308 ef
1123 4253 1244 4326 septimo
1259 4253 1398 4324 effusione
1411 4258 1569 4329 sanguinis.

883 4351 944 4404 133.
960 4347 1041 4402 Sexta
1055 4340 1154 4397 effusio
1182 4338 1331 4410 sanguinis,
1351 4357 1412 4413 quae
1430 4357 1518 4399 rosam
1534 4343 1640 4417 passib-

847 4438 889 4493 nis
908 4431 1063 4496 rubricavit,
1092 4431 1120 4483 in
1145 4426 1262 4483 fossione
1286 4426 1424 4484 clavorum
1452 4430 1642 4502 copiosissime

847 4524 987 4584 invenitur.
1004 4518 1070 4587 Quis
1084 4518 1156 4573 enim
1170 4515 1204 4571 de
1224 4514 1315 4586 fossis,
1331 4516 1387 4572 imo
1413 4525 1440 4574 et
1454 4518 1489 4575 de
1512 4522 1645 4590 perfossis

846 4612 973 4670 manibus
986 4607 1153 4681 pedibusque
1170 4603 1321 4660 innocentis
1343 4604 1406 4661 lesu
1424 4607 1530 4678 copiam
1545 4614 1644 4670 sacrati

847 4700 987 4774 sanguinis
1007 4694 1111 4752 dubitet
1134 4691 1297 4749 effluxisse?
1315 4693 1345 4748 ln
1368 4697 1533 4755 torrentibus
1561 4703 1643 4772 bajus

847 4788 986 4865 sanguinis
1004 4800 1068 4842 rosa
1082 4790 1173 4840 nostra
1188 4791 1336 4870 purpurata
1349 4791 1409 4854 est3
1436 4785 1500 4860 quia
1522 4806 1585 4848 vere
1599 4793 1643 4850 hie

847 4875 1033 4936 ardentissima
1047 4871 1172 4939 charitas,
1188 4869 1233 4926 liic
1251 4870 1477 4930 rubicundissima
1491 4879 1581 4949 passio
1596 4881 1641 4937 in-

847 4969 964 5029 venitur.
988 4967 1018 5021 ln
1036 4963 1086 5019 bac
1109 4959 1293 5036 magnitudine
1315 4962 1450 5034 passionis
1482 4971 1642 5041 magnitudo

848 5058 1035 5117 conmderetnr
1058 5049 1219 5108 charitatis:
1249 5049 1381 5126 ardorem·
1402 5070 1473 5110 rosae
1492 5055 1640 5129 charitatis,

849 5149 976 5207 ruborem
1005 5141 1148 5201 considera
1168 5139 1313 5212 passionis.
1342 5140 1410 5210 Quis
1437 5158 1553 5214 unquam
1585 5154 1642 5206 tam

848 5237 948 5313 gravia.
963 5244 1016 5291 tam
1033 5230 1157 5304 pudenda
1172 5225 1330 5299 passusfnit
1343 5228 1442 5287 ‘llleus
1455 5233 1555 5304 estqui
1570 5239 1642 5307 pati.

849 5336 902 5397 tur,
922 5340 973 5382 nec
999 5322 1028 5377 ln
1047 5318 1136 5392 aliquo
1163 5314 1216 5372 sibi
1236 5315 1332 5370 durum
1367 5319 1485 5375 torcular
1508 5325 1642 5394 passionis

846 5415 965 5484 alleviat,
979 5410 1027 5485 qui
1041 5407 1127 5464 servis
1146 5403 1204 5460 suis
1216 5402 1260 5462 vel
1275 5403 1385 5462 omnino
1400 5407 1517 5480 anferre,
1538 5415 1580 5471 vel
1599 5417 1642 5474 al·

846 5507 959 5580 vegim,
973 5500 1016 5560 vel
1031 5495 1151 5554 breviare
1176 5492 1247 5553 vires
1271 5499 1465 5555 tormentorum
1493 5508 1643 5575 consuevit,

1520 5599 1646 5694 aa,
