3706 5962
30 310 38 323 ,
72 245 143 307 uss
761 240 1016 312 sotuouuuu..
1646 251 1715 314 ιιιι
1804 195 1807 199 ’

75 369 194 442 inquirit,
217 368 292 441 quod
310 367 412 426 fructus
428 367 514 425 tineae
536 368 572 424 sit
597 365 756 439 dissipatus.
776 367 862 438 Quem
919 377 1001 436 terra,
1021 385 1082 442 qnae
1096 368 1176 429 nobis
1189 370 1263 428 hunc
1277 385 1376 443 panem
1391 371 1544 443 protulistil
1563 373 1713 435 laudarem
1766 397 1771 415 ·

70 474 134 515 cum
146 457 288 528 invenerit,
308 458 367 514 sire
391 457 427 513 sit
448 457 533 522 risus,
548 454 591 512 ιιι
615 463 721 530 gustus,
743 456 861 520 auditus,
918 457 1083 528 telibenter,
1099 461 1148 516 sed
1163 460 1262 532 quibus
1286 468 1311 516 te
1335 461 1459 517 laudibus
1473 462 1584 520 alteram
1599 467 1710 541 nesci03

70 548 208 611 odoratus,
230 547 334 619 lingna,
361 553 447 601 tactus
469 545 512 600 ιιι
535 560 655 617 gressus,
671 543 802 599 acerrime
816 561 863 600 re·
911 547 965 601 aed
978 549 1049 604 bunc
1062 549 1168 621 gremio
1189 548 1338 619 contulisti,
1357 565 1436 620 quem
1451 551 1514 607 eoeii
1535 558 1562 607 et
1585 565 1656 610 terra
1668 572 1712 612 ca-

66 635 221 704 prehendit,
242 636 283 690 rel
299 633 419 705 corripit,
436 633 566 688 mandans
586 641 615 687 ιιι
628 632 766 690 sollicitior
780 633 814 687 sit
829 633 863 689 do
917 650 981 704 pere
1002 651 1056 691 non
1078 644 1215 706 poterant.
1239 637 1279 694 Sit
1301 647 1375 692 tuum
1404 615 1502 696 nornen
1524 641 1657 700 laudabile
1683 645 1712 701 in

70 733 170 779 cetero
185 723 217 777 ad
231 722 392 779 custodiam.
407 722 440 776 Et
463 721 486 775 si
501 720 570 776 forta
585 720 646 794 quis
659 735 754 776 eorum
769 720 865 791 depre·
916 723 1017 778 saecula
1032 723 1202 779 soeculorum.
1222 726 1319 781 Amen.

40 890 43 896 .
67 811 205 875 henditur,
220 809 266 881 qui
282 809 422 883 negligens
440 808 522 863 tuerit
544 807 572 863 in
597 807 720 863 laudibus
743 807 802 874 bri,
818 806 862 865 ιιι
953 814 996 866 15.
1013 810 1036 866 0
1051 828 1131 884 quam
1145 813 1250 868 dulcem
1261 823 1353 884 potum
1369 822 1431 872 ante
1441 831 1569 888 sponsam
1580 821 1708 891 reperies,

67 897 95 952 ιιι
109 899 162 953 ιιιο
181 914 343 970 quocunque
362 912 445 968 opere
465 897 499 952 ad
519 912 581 953 eom
597 904 747 967 spectante,
771 895 863 951 simili·
915 899 1071 971 sanguinem
1093 903 1160 957 lestt
1180 900 1271 958 iusum
1286 904 1319 958 de
1333 919 1456 974 corpore,
1468 909 1508 963 sic
1522 916 1658 965 recentem
1679 926 1711 967 ac

66 993 108 1041 ter
121 995 146 1041 et
160 986 205 1042 hic
219 986 382 1057 corripitur,
397 995 424 1042 et
441 984 581 1040 mandatur
596 992 625 1040 ut
646 991 738 1040 caveat
752 985 780 1040 in
792 985 863 1040 tutu·
914 985 937 1039 si
954 985 1011 1039 heri
1035 987 1068 1040 sit
1089 986 1164 1042 tusus
1187 989 1229 1042 ιιι
1260 990 1349 1045 hodie.
1370 991 1507 1063 Numquid
1528 1011 1598 1066 pane
1620 998 1709 1054 solnm

65 1091 138 1130 rum.
913 1072 956 1128 rel
971 1084 1035 1142 potu
1056 1075 1108 1128 erit
1126 1077 1277 1131 contenta?
1299 1077 1473 1150 Nequaquam
1498 1099 1504 1135 :
1529 1084 1575 1137 sed
1598 1083 1709 1141 habebit

102 1166 144 1218 tt.
161 1164 258 1219 Postea
273 1177 373 1234 sponsa
395 1160 525 1233 perquirit
550 1161 572 1216 si
595 1161 685 1217 lumen
704 1160 785 1227 adsit,
801 1177 862 1233 pro·
914 1158 967 1214 alia
981 1159 1082 1217 fercula
1094 1162 1232 1232 pretiosa;
1251 1161 1400 1234 flagellum,
1417 1175 1445 1221 et
1466 1166 1590 1237 spineum
1613 1171 1706 1227 diade·

64 1260 124 1322 pter
146 1251 317 1308 imminentes
341 1252 484 1321 tenebras3
508 1248 530 1304 si
553 1251 721 1316 uestimenta,
745 1258 859 1322 propter
914 1264 966 1313 ma,
982 1247 1072 1304 clatos
1090 1251 1250 1305 etlanaeam
1275 1252 1367 1320 sponsi
1391 1260 1440 1308 :et
1463 1262 1536 1310 certe
1561 1259 1705 1327 panniculi,

65 1339 180 1411 trigore3
206 1340 229 1395 si
248 1339 389 1405 auxilium,
405 1347 518 1409 propter
532 1337 642 1393 timores
658 1345 814 1394 nocturnos.
829 1336 858 1393 si
914 1337 1012 1409 quihus
1030 1353 1097 1407 puer
1121 1347 1179 1393 erat
1202 1338 1348 1404 involutus,
1373 1341 1472 1411 quibus
1492 1342 1541 1397 luit
1565 1346 1708 1405 reclinatus

64 1429 122 1483 htec
140 1428 174 1483 ad
201 1427 389 1484 sufficiendum
414 1443 468 1482 non
494 1425 592 1480 adsunt
614 1425 714 1497 omnia,
735 1427 858 1497 quamvis
912 1423 940 1478 in
955 1428 1100 1496 praesepio,
1116 1441 1170 1481 noo
1184 1429 1208 1483 ei
1224 1429 1347 1484 deerunt.
1364 1429 1410 1484 llis
1425 1429 1534 1499 quidem
1550 1433 1608 1501 ipsa
1622 1436 1707 1505 posci·

63 1515 234 1581 tarde,mittit
247 1522 335 1571 tamen
359 1515 448 1570 adhuc
472 1514 590 1581 nuutios,
610 1515 656 1585 qui
669 1528 772 1585 spottso
787 1532 856 1571 nun·
912 1520 957 1568 tur
973 1532 979 1571 :
994 1522 1021 1569 et
1035 1515 1078 1568 his
1092 1514 1202 1570 ferculis
1216 1515 1377 1584 confortata,
1394 1519 1519 1574 omnibus
1534 1521 1628 1579 tortior
1642 1525 1705 1580 red·

63 1604 130 1660 tient
155 1607 254 1662 horum
276 1605 412 1662 delectum
436 1605 463 1658 in
486 1618 595 1676 spousae
621 1604 805 1670 tabernaculo,
830 1613 857 1661 et
913 1601 985 1657 ditur
1007 1602 1133 1659 inimicis.
1156 1603 1207 1658 llis
1225 1603 1356 1660 delectata
1376 1602 1405 1658 fit
1431 1615 1509 1678 grata
1531 1608 1639 1665 dilecto.
1659 1613 1706 1668 llis

61 1701 223 1760 orenteum,
237 1703 265 1750 ut
277 1694 335 1763 ipse
350 1691 428 1748 solita
442 1691 585 1747 clementia
596 1700 695 1761 praesto
711 1691 745 1746 sit
760 1692 793 1746 ad
806 1707 856 1748 cu·
873 1672 894 1750 Β
910 1706 1019 1762 semper
1033 1700 1163 1761 occupata
1177 1691 1207 1746 tit
1230 1693 1304 1747 socia
1327 1695 1494 1766 attgelorum.
1512 1698 1569 1754 Nec
1593 1698 1640 1754 tibi
1657 1708 1704 1754 ut·

62 1782 187 1847 stodiam,
204 1797 348 1854 quousque
375 1795 407 1837 eo
431 1788 595 1850 cooperante
618 1779 679 1849 ipsa
693 1779 749 1836 suis
768 1781 858 1850 provi-
913 1793 1017 1850 cunque
1032 1788 1178 1850 appareant
1192 1779 1270 1843 tilia;
1286 1781 1334 1834 sed
1346 1782 1418 1835 scias
1433 1796 1466 1835 ea
1486 1783 1609 1839 dulciora
1624 1801 1706 1855 super

62 1870 121 1925 deat
136 1872 290 1926 necessaria
313 1870 340 1924 in
363 1869 493 1924 futurum.
518 1867 546 1922 Si
565 1880 654 1922 autem
673 1878 798 1940 prompta
814 1868 857 1922 in·
911 1866 963 1920 mel
978 1874 1005 1920 et
1020 1865 1119 1934 favum,
1135 1875 1162 1920 et
1175 1867 1294 1938 gratiora
1311 1884 1392 1939 super
1405 1884 1499 1923 aurum
1521 1879 1549 1925 et
1571 1876 1703 1943 topazion.

61 1959 136 2015 uenit
150 1959 250 2024 omnia,
261 1956 395 2015 benedicit
410 1971 538 2027 sponsum
554 1955 580 2010 ιιι
596 1955 674 2010 donis
688 1956 755 2023 suis,
766 1966 793 2011 et
805 1956 856 2009 de·
910 1954 1090 2010 Humilitatem
1106 1955 1133 2009 in
1148 1969 1248 2025 sponsa
1270 1955 1317 2009 tibi
1342 1971 1401 2010 non
1413 1957 1576 2013 laudaverim
1593 1979 1599 2016 :
1617 1969 1705 2018 tumen

62 2052 126 2100 vota
153 2046 276 2100 oratione
295 2045 380 2102 etlusa
409 2058 456 2113 pro
481 2060 530 2098 sna
558 2043 653 2112 suique
680 2044 812 2108 custodis,
829 2051 856 2098 et
911 2041 979 2096 scias
994 2041 1018 2096 ei
1033 2057 1086 2097 oon
1101 2041 1207 2098 deesse.
1223 2042 1293 2112 Quia
1309 2043 1359 2099 nisi
1378 2061 1461 2116 super
1477 2047 1633 2103 humilitatis
1647 2061 1704 2105 sta-

62 2132 188 2189 omnibus
208 2133 283 2188 ostiis
305 2131 424 2188 cubiculi
453 2129 566 2185 firmiter
587 2131 693 2197 seratis,
719 2133 807 2203 pergit
821 2132 855 2187 ad
911 2128 964 2184 bite
987 2126 1202 2197 fundamentum,
1228 2130 1369 2186 laudabilis
1387 2132 1550 2205 hujusmodi,
1567 2152 1646 2207 quam
1662 2139 1704 2194 ιι-

62 2229 163 2276 ιιιιιιι
176 2221 316 2276 cubiculi:
337 2218 440 2291 etquid
460 2218 496 2274 ibi
510 2227 582 2290 agat,
602 2221 703 2273 nescio.
719 2219 818 2273 Tamen
833 2220 855 2273 si
910 2215 981 2285 disti,
997 2224 1066 2272 stare
1082 2232 1134 2272 non
1158 2225 1251 2288 posset
1274 2217 1401 2273 uirtutum
1423 2219 1523 2277 lubrica
1546 2223 1703 2293 spiritualis.

63 2309 220 2382 dignaretur
233 2309 323 2374 lesus,
339 2322 475 2382 rogarem,
494 2316 524 2361 ut
538 2305 633 2361 saltem
655 2305 730 2361 velut
748 2320 855 2376 sponsae
909 2295 996 2360 Nemo
1012 2307 1104 2361 credat
1119 2306 1187 2361 hanc
1205 2321 1331 2376 sponsam
1347 2306 1492 2378 aliquando
1508 2324 1524 2364 a
1538 2326 1639 2381 sponso
1654 2314 1703 2369 de·

61 2396 250 2468 pedisequam,
266 2403 370 2450 secreta
394 2392 511 2449 cubiculi
529 2391 593 2446 milti
616 2408 676 2448 com
695 2392 752 2464 ipsa
764 2394 856 2451 subire
910 2390 1024 2461 relinqui
1053 2389 1112 2446 sine
1135 2392 1266 2448 custodia.
1296 2393 1352 2448 lmo
1380 2395 1457 2461 sciat,
1480 2399 1552 2469 quod
1574 2399 1704 2457 lectulum

63 2484 167 2556 liceret,
183 2493 211 2539 ut
235 2484 340 2554 plenius
362 2482 529 2537 informaret.
547 2481 599 2536 Sed
621 2480 741 2551 quandiu
755 2498 856 2552 sponsa
909 2479 972 2533 lesu
987 2479 1125 2552 sexaginta
1140 2480 1224 2537 torres
1238 2481 1368 2550 ambiunt,
1390 2483 1424 2539 de
1446 2484 1600 2541 fortissimis
1619 2490 1703 2545 lsrael

60 2576 113 2630 snb
124 2574 219 2630 umbra
231 2572 347 2641 arboris,
363 2588 418 2627 non
433 2571 493 2627 dico
512 2570 626 2636 sedebit,
642 2571 689 2626 sed
712 2572 855 2641 laborabit,
910 2569 1035 2640 (Curatio.
1058 2583 1099 2636 tu,
1113 2570 1153 2642 7),
1169 2569 1215 2641 qui
1236 2577 1293 2628 tota
1311 2571 1356 2627 die
1370 2586 1403 2628 ac
1416 2582 1495 2629 nocte
1509 2590 1563 2631 non
1577 2580 1705 2636 tacebunt

62 2664 124 2720 ticet
139 2662 165 2717 ei
183 2662 219 2717 ibi
234 2678 295 2718 esse
317 2677 371 2717 non
394 2659 429 2716 sit
447 2659 522 2726 utile,
543 2667 670 2730 proteget
693 2667 780 2714 tamen
795 2675 856 2714 eam
909 2656 1071 2728 (tratur,
1087 2657 1125 2728 ti),
1141 2656 1252 2712 laudare
1268 2676 1275 2716 ι
1292 2658 1344 2725 ιιι,
1363 2659 1386 2713 ιι
1400 2661 1487 2732 magis
1504 2663 1600 2732 placet,
1617 2664 1704 2720 dicam

61 2751 95 2808 ab
111 2761 177 2806 aestu
195 2751 379 2806 tentationum.
401 2748 455 2804 Sed
477 2748 587 2819 quando
611 2746 712 2804 tructus
731 2747 791 2816 ejus
803 2763 854 2803 co·
909 2759 969 2800 cam
982 2760 1062 2801 muro
1086 2746 1246 2801 constantim
1270 2747 1471 2816 circumdatam,
1491 2753 1704 2824 propugnaculis

63 2840 173 2895 medetl
187 2839 265 2896 Forte
280 2854 353 2893 nunc
368 2845 474 2908 tempus
488 2835 606 2908 aduenit,
621 2851 654 2892 et
664 2851 800 2909 quonunc
813 2837 855 2889 iu·
910 2832 1046 2903 patientie
1060 2834 1231 2905 aeditiostam,
1247 2842 1274 2890 et
1297 2853 1379 2907 super
1400 2852 1493 2894 muros
1513 2842 1573 2910 ejus
1588 2843 1706 2914 angelo-

64 2944 160 3002 gressa
177 2936 219 2984 est
241 2934 341 2984 secreta
364 2925 492 2981 cubiculi.
509 2925 623 2981 Videtur
636 2926 746 2982 omnino
762 2941 857 2982 neces·
873 2941 895 3021 e
910 2937 971 2977 rom
985 2924 1151 2991 custodiam,
1175 2924 1271 2982 turrim
1294 2925 1323 2980 in
1347 2928 1436 2983 medio
1461 2929 1541 2985 castri
1559 2933 1702 3000 excelsam,

64 3019 163 3073 sarium
180 3034 187 3071 ι
204 3015 251 3072 diu
267 3015 379 3071 sollicite
404 3015 582 3082 laboraverat,
598 3020 624 3069 et
646 3011 856 3087 imminuerat
910 3009 1014 3065 demam
1029 3021 1055 3069 et
1075 3012 1290 3082 pulcherrimam,
1312 3031 1393 3086 quarn
1417 3016 1504 3072 dicam
1526 3033 1581 3074 non
1604 3020 1707 3076 ιιιιιιιι-

64 3106 194 3162 lamelica.
211 3105 234 3162 0
249 3105 319 3160 bone
332 3106 407 3171 lesu,
419 3113 448 3158 ut
461 3103 545 3173 dapes
559 3105 620 3174 ejus
633 3101 760 3158 cernaml
775 3103 858 3159 Num·
911 3099 964 3155 rito
978 3099 1115 3156 charitatis
1130 3118 1137 3156 ι
1155 3116 1237 3173 super
1261 3104 1347 3174 ipsam
1368 3119 1469 3174 sponsa
1483 3114 1575 3162 manet
1589 3108 1705 3181 jugiter,

62 3195 126 3266 quid
143 3195 211 3248 torte
223 3192 299 3247 cibus
312 3192 371 3260 ejus
384 3199 434 3260 est,
449 3203 479 3245 ot
493 3191 571 3246 iaciat
586 3191 748 3248 ιοιιιιιιιιιιι
764 3193 856 3249 tuam?
910 3196 938 3244 et
950 3205 1141 3261 nonnunquam
1164 3206 1280 3258 sponsus
1307 3206 1368 3246 cunt
1386 3207 1427 3258 ea,
1453 3202 1481 3248 ut
1497 3195 1614 3264 pericula
1636 3211 1707 3252 ιιι

61 3284 112 3338 Ειι
126 3282 228 3352 otique,
244 3279 298 3334 into
312 3278 400 3335 omnis
414 3279 513 3334 laboris
527 3279 587 3348 eius
601 3280 752 3336 consolatio
771 3288 813 3335 est
827 3290 857 3335 ut
911 3278 990 3332 motis
1005 3277 1182 3348 prospiciens,
1196 3277 1335 3347 adjutorio
1356 3280 1451 3348 sponsi
1467 3295 1500 3335 ea
1518 3281 1606 3338 valeat
1622 3283 1708 3339 tutius

63 3384 201 3439 nunquam
223 3368 263 3423 ιιι
291 3366 424 3421 modicum
453 3373 539 3420 atua
561 3367 699 3421 rotunute
727 3367 856 3422 declinet.
911 3364 1021 3420 evitare.

64 3460 121 3516 Hoc
135 3458 206 3512 euim
222 3455 329 3511 unicum
354 3453 397 3510 sui
421 3453 519 3509 laboris
535 3453 675 3523 praemium
693 3461 812 3524 exoptat,
828 3465 858 3510 ut
948 3455 990 3508 lb.
1007 3451 1030 3508 0
1044 3468 1091 3507 cor
1105 3467 1207 3523 meum,
1222 3467 1350 3524 sponsam
1368 3454 1434 3510 lesu
1449 3456 1497 3511 tihi
1512 3465 1647 3531 utcunque
1661 3461 1711 3519 de·

62 3548 141 3603 liceat
154 3548 180 3601 ei
194 3553 221 3602 te
243 3543 333 3600 solum
346 3542 470 3614 diligere,
491 3553 537 3597 tua
561 3543 638 3614 sequi
663 3542 786 3615 vestigia,
802 3545 857 3600 tuis
910 3539 986 3611 piuti
1001 3557 1008 3594 :
1024 3551 1097 3596 certe
1112 3550 1191 3612 prout
1215 3541 1243 3595 iu
1264 3540 1408 3598 dulcedius
1431 3560 1481 3599 sna
1505 3547 1615 3620 pauperi
1631 3547 1707 3622 dedit

63 3634 176 3692 obedire
191 3632 333 3700 mandatis,
354 3637 382 3687 et
402 3646 419 3686 a
439 3641 465 3685 te
487 3645 625 3702 nunquam
644 3631 671 3685 iu
695 3639 857 3702 perpetuum
910 3630 1002 3700 Deus3
1019 3629 1137 3685 suadens
1152 3629 1199 3684 tihi
1213 3629 1240 3684 in
1258 3629 1419 3698 Domio0,ut
1432 3633 1556 3691 devotius
1573 3650 1632 3691 eam
1644 3637 1706 3693 imi-

63 3721 192 3793 separori.
208 3722 231 3778 0
245 3720 317 3777 bone
329 3721 403 3786 lesu,
419 3719 442 3775 si
457 3734 532 3776 amor
546 3727 607 3774 tuus
624 3727 726 3775 tantum
741 3719 857 3775 delectat
911 3714 975 3771 toris
991 3734 998 3772 :
1014 3714 1087 3787 quod
1105 3719 1126 3772 si
1141 3715 1236 3773 leceris
1250 3724 1278 3773 et
1291 3720 1341 3774 sub
1363 3721 1458 3777 umbra
1477 3736 1551 3793 sape
1572 3722 1651 3779 diotre
1665 3740 1707 3780 ar·

63 3811 201 3877 lastadio,
217 3817 349 3884 quantum
370 3808 515 3864 delectabit
536 3824 597 3864 eam
620 3808 648 3862 in
672 3809 774 3876 brasio,
793 3823 855 3863 curn
910 3804 983 3861 boris
997 3805 1097 3862 sederis
1118 3807 1250 3872 studiose,
1274 3806 1378 3877 majora
1399 3809 1496 3865 horum
1517 3812 1664 3883 experieris
1678 3823 1706 3870 ιι

63 3909 92 3957 ιιι
116 3900 153 3956 ιιι
169 3899 262 3957 laetitia
280 3899 401 3955 omnium
416 3898 582 3954 beatorum?
604 3899 698 3954 Adhuc
711 3912 768 3954 non
783 3897 856 3954 vidi·
911 3904 949 3949 tu.
965 3895 999 3950 Et
1012 3893 1036 3948 si
1050 3894 1108 3950 haec
1121 3894 1213 3951 omnia
1226 3897 1389 3967 quantocius
1402 3913 1457 3954 non
1470 3899 1560 3957 mets
1573 3914 1708 3972 compre··

63 4005 124 4044 mus
137 3994 240 4044 secreta
254 3984 363 4041 thalami
380 4002 386 4040 :
402 4002 419 4042 o
433 3987 480 4057 qui
494 4000 546 4042 nos
559 3986 723 4055 introducet,
732 3994 762 4043 nt
776 3985 857 4044 liores
910 3984 1038 4050 hendere,
1054 3983 1103 4039 tria
1126 3984 1174 4040 tibi
1197 3984 1331 4057 praecipue
1353 3987 1467 4043 suadeo.
1483 3988 1584 4058 Prima,
1599 3997 1630 4047 nt
1643 4006 1707 4046 ma·

62 4075 211 4140 rideamus,
239 4073 340 4143 quibus
365 4073 430 4128 tanti
463 4074 544 4146 Regis
574 4073 730 4132 cubiculum
756 4076 857 4132 debeat
912 4071 1078 4143 gnitudiuem
1099 4071 1211 4129 omnino
1236 4088 1343 4131 caveas.
1372 4074 1508 4145 Secundo,
1523 4089 1553 4134 ut
1576 4080 1705 4137 humilem

64 4160 188 4217 adornari
198 4161 212 4215 l
224 4159 360 4228 Numquid
376 4159 454 4215 violae
467 4174 529 4232 qum
544 4170 609 4216 sunt
625 4163 653 4218 ‘tn
670 4177 780 4233 sponste
794 4164 856 4219 ιιιι-
910 4159 1003 4218 lesum
1018 4160 1153 4217 humiliter
1166 4162 1302 4234 sequaris.
1325 4161 1427 4230 Tertio,
1448 4171 1478 4220 nt
1492 4166 1647 4223 charitatem
1661 4168 1704 4224 ci-

64 4254 145 4316 lamo,
161 4265 215 4308 non
230 4258 293 4304 sunt
309 4245 393 4305 193
408 4248 518 4306 humilia
536 4250 612 4306 initia
631 4261 682 4307 ιιι
695 4253 854 4320 nativitatis,
872 4221 895 4299 n
911 4249 965 4305 tius
980 4249 1179 4320 apprehendas.
1192 4250 1254 4306 Non
1277 4251 1383 4318 timeas,
1404 4268 1460 4308 non
1478 4252 1526 4308 ditt
1544 4254 1704 4326 conmutat

64 4350 93 4398 et
122 4340 167 4396 ills
193 4338 249 4395 lilia
276 4337 455 4411 germinantia
483 4337 591 4411 insigna
617 4349 669 4396 tum
693 4341 857 4397 charissime
911 4345 1002 4392 tamen
1024 4347 1228 4407 perseveranter
1253 4337 1384 4411 sederis),
1407 4340 1473 4412 qnin
1496 4340 1599 4398 inactus
1622 4343 1706 4412 hujus

64 4429 202 4499 castitatis,
217 4438 245 4484 et
260 4442 342 4493 rosae,
361 4426 462 4499 quibus
484 4442 581 4485 roseus
603 4427 651 4495 luit
667 4428 800 4485 thalamus
813 4430 857 4485 itte
909 4424 1014 4478 arboris
1027 4424 1224 4494 apprehendas.
1243 4425 1315 4480 Care
1328 4441 1364 4481 ns
1376 4433 1404 4482 te
1418 4427 1500 4484 rerba
1514 4429 1574 4485 brac
1587 4428 1705 4486 inaniter

64 4519 176 4593 sanguis
189 4528 245 4573 tute
258 4516 422 4573 dulcissime
441 4516 596 4588 passionis?
909 4519 1095 4584 pertranseant
1120 4512 1348 4586 quemadmodum
1380 4517 1465 4572 mults
1500 4519 1585 4575 tsrba
1616 4519 1705 4592 ipsius

92 4609 138 4664 tt.
153 4606 250 4680 Utique
263 4606 350 4662 adhuc
372 4620 480 4678 sponsae
503 4605 628 4662 clenodia
647 4621 702 4663 non
715 4605 855 4663 vidimus:
908 4601 974 4657 deod
988 4607 1015 4656 te
1035 4600 1206 4657 admonentis
1221 4595 1370 4659 {videlieet
1388 4614 1417 4660 nt
1430 4604 1520 4677 ipsutn
1534 4605 1633 4681 diligas
1647 4618 1705 4666 tota

62 4698 215 4755 musanen
230 4709 284 4753 oon
299 4694 391 4751 videre
404 4694 476 4750 licet.
490 4693 514 4751 0
528 4695 552 4750 ιι
572 4695 735 4768 ingrediaris
749 4710 856 4767 sponsae
908 4688 1007 4756 anima,
1024 4700 1079 4746 ⁸0¹0
1093 4690 1185 4756 corde,
1200 4707 1232 4746 ex
1247 4692 1375 4749 omnibus
1389 4693 1492 4751 viribus
1507 4695 1589 4767 (Lac,
1603 4712 1630 4764 x,
1645 4700 1702 4768 li),

63 4781 236 4845 cubiculum!
254 4798 374 4840 mensam
388 4785 531 4854 quamdam
550 4782 736 4856 dignissimam
754 4783 794 4839 ibi
809 4800 855 4841 re-
909 4785 937 4836 ιι
950 4787 980 4833 ut
1003 4779 1172 4837 renuntiares
1199 4780 1328 4837 omnibus
1351 4797 1413 4854 quae
1437 4783 1562 4854 possides
1585 4785 1700 4856 (Nottlt.

64 4875 162 4948 peries,
178 4889 239 4945 quae
253 4882 295 4930 est
308 4887 372 4929 crutt
393 4872 501 4929 Domini
515 4872 601 4929 nostri
619 4873 684 4928 lesu
700 4871 807 4929 Christi.
823 4871 857 4929 Et
910 4883 971 4933 ιιι,
988 4871 1096 4939 tte-ot),
1119 4876 1148 4925 et
1171 4871 1320 4942 abnegares
1344 4872 1526 4944 temetipsum,
1542 4882 1570 4930 et
1594 4874 1705 4930 tolleres

63 4965 170 5037 quidem
191 4963 219 5018 in
242 4978 274 5019 ea
295 4963 372 5033 panis
396 4960 582 5017 sanctissimus
608 4962 751 5019 continens
776 4976 857 5018 omos
909 4973 1014 5014 crucem
1040 4966 1122 5024 tuam,
1138 4967 1166 5015 et
1188 4960 1331 5017 humiliter.
1341 4962 1496 5031 sequereris
1512 4962 1601 5033 ipsum
1623 4964 1701 5032 (loc.

64 5051 299 5115 delectamentum,
315 5056 342 5104 et
356 5064 461 5105 omnem
481 5065 605 5120 saporem
624 5051 764 5108 suavitatis
776 5051 854 5123 (Sap.
910 5061 947 5116 tt,
968 5048 1023 5118 ιι),
1048 5055 1077 5104 ut
1093 5048 1199 5104 tandem
1222 5051 1344 5106 cohaeres
1356 5049 1417 5120 ejus
1439 5049 1520 5106 lieres
1533 5050 1623 5122 (Rom.
1643 5065 1703 5116 ιιιι,

63 5157 124 5207 ιιι,
140 5144 179 5211 2).
196 5139 276 5195 Panis
289 5139 350 5210 iste,
367 5155 448 5210 quem
467 5139 540 5195 dedit
554 5141 631 5196 lesus
645 5141 786 5208 discipulis
800 5139 857 5197 suls
913 5135 967 5204 ll).
977 5136 1044 5206 Quin
1052 5139 1109 5206 ipse
1116 5137 1153 5192 ait
1165 5153 1171 5191 :
1188 5137 1240 5206 Qui
1250 5139 1500 5197 oliorumvolttcrit
1514 5141 1703 5213 esseminant,

64 5230 92 5286 in
113 5244 202 5295 coeoa,
224 5228 327 5285 scilicet
350 5232 541 5299 corpusculum
558 5245 648 5296 sunm,
664 5230 700 5285 ab
713 5228 858 5302 impiorum
912 5234 942 5280 ut
954 5226 999 5282 hic
1020 5226 1143 5284 omniurn
1156 5242 1250 5284 seruus
1265 5228 1304 5282 sit
1317 5236 1345 5282 et
1363 5226 1485 5284 minister
1502 5244 1509 5282 :
1526 5228 1705 5300 quemadmo-

64 5316 190 5375 msnihua
203 5318 243 5373 sic
261 5317 366 5374 misere
372 5326 580 5375 contrectatum.
595 5318 664 5386 Quis
677 5335 775 5392 panem
788 5319 860 5377 hunc
912 5313 976 5371 dum
986 5314 1704 5391 ipseconmisttstrnrt'ocrts‘tsedminietrurctllottlt.

64 5407 144 5464 rilem
158 5421 266 5478 sponsae
285 5407 383 5478 poterit
396 5405 555 5474 existimare,
575 5424 639 5465 curn
657 5409 738 5465 etiam
763 5423 797 5466 ao
811 5414 859 5480 pt·
914 5420 961 5479 aa,
975 5405 1082 5479 26-28).
1097 5405 1161 5462 ltoec
1172 5413 1201 5464 et
1214 5407 1304 5464 multa-
1320 5408 1362 5463 his
1375 5405 1476 5462 similia
1491 5409 1621 5480 usquead
1635 5409 1709 5466 hunc
1811 5453 1814 5458 .

64 5495 311 5560 scaturmuttitudo
325 5494 470 5568 spirituum
490 5496 692 5557 beatorumlO
705 5513 770 5558 vers
784 5497 862 5556 beata
913 5495 987 5554 diem
1000 5512 1068 5556 aare
1099 5499 1181 5556 surda
1210 5497 1363 5572 prateristi,
1385 5497 1449 5571 quia
1476 5512 1554 5555 amor
1581 5505 1646 5556 tutta
1673 5497 1709 5553 ad
