3706 5962
57 109 133 174 1185

58 237 187 312 quamvis
198 236 287 308 uun,
305 234 428 311 quamvis
444 233 598 293 ιιοιιιιιιι
611 233 761 300 rideantur,
776 249 854 306 sper-

59 331 151 385 nenda
166 339 253 385 tamen
267 336 340 392 sunt,
356 334 385 381 ut
403 324 569 398 perturbatio
589 322 733 390 devitetur,
751 334 777 379 et
791 338 852 379 om·

60 416 107 471 uia
129 431 189 486 quae
222 414 334 468 adversa
361 419 424 466 sunt
450 410 493 467 rel
520 416 667 481 putantur,
695 408 854 466 sustinenda

60 511 135 570 sunt,
152 511 181 558 ιιι
199 501 273 573 pacis
288 499 490 570 dilectionisque
511 497 688 570 tranquillitas
702 510 825 554 servetur
844 514 852 551 ι

59 594 124 665 qnia
140 591 204 645 nihil
220 587 399 660 perniciosius
415 587 464 655 ira,
488 602 539 643 nec
556 587 686 643 charitato
703 587 853 659 quidquam

57 681 152 738 utilius
166 687 206 736 est
218 678 404 744 credendum;
420 692 472 732 uec
491 675 682 749 tranquillitate
694 674 775 730 animi
790 692 853 747 pre-

58 769 166 836 tiosius,
195 777 304 838 propter
328 781 387 839 qnae
423 780 479 821 non
507 765 595 821 solnm
624 764 766 820 commoda
793 779 854 819 car-

58 859 163 914 nalium
178 866 206 913 et
222 855 450 922 transitoriorum,
466 853 515 908 sed
531 860 558 910 et
581 852 756 922 spiritualium
776 868 856 924 sper-

699 100 857 169 sntstott
875 100 1056 171 nutusuttt.

1626 96 1698 178 tite

912 231 1051 289 scientiam
1071 231 1281 306 Scriptorum,
1304 240 1331 292 ct
1351 232 1442 292 onmis
1461 234 1528 294 virts
1549 252 1606 297 non
1626 250 1703 297 sma-

911 322 953 378 bis
968 338 1038 383 :nee
1061 328 1137 382 vacet
1160 337 1237 379 meus
1261 329 1308 380 tna
1333 322 1415 381 variis
1438 314 1704 399 perturbsitionibns,

907 430 968 485 qnae
982 415 1005 470 si
1020 412 1120 485 pectori
1135 419 1180 467 tuo
1204 410 1363 480 insederint,
1381 411 1593 471 dominabuntur
1612 416 1663 488 tui,
1676 426 1705 473 et

908 510 933 557 te
947 505 1044 561 ducent
1058 502 1091 556 ad
1109 500 1236 556 delictum
1251 500 1409 555 maxlrnnm.
1426 501 1542 574 Semper
1559 502 1643 577 igitur
1657 511 1704 560 ant

908 591 1002 663 legas,
1018 596 1065 645 ant
1088 605 1166 658 ores,
1184 598 1229 643 aut
1256 588 1356 660 aliquid
1382 590 1416 646 de
1440 590 1522 647 sacris
1545 592 1699 649 mediteris.

907 680 989 736 hlnlta
1012 679 1083 734 enim
1106 680 1175 733 mala
1198 677 1289 733 docuit
1314 677 1457 734 otiositas:
1474 682 1602 737 estenim
1627 695 1701 738 mors

908 766 1015 833 animae,
1031 774 1058 821 et
1084 764 1135 822 riri
1158 765 1275 820 hominis
1299 765 1449 836 sepultura,
1472 772 1499 822 et
1521 766 1626 822 sentina
1641 783 1703 824 om-

908 854 983 911 nium
999 855 1144 910 malorum.
1162 852 1281 924 Singulis
1294 853 1371 909 horis
1396 862 1424 909 et
1438 854 1533 911 diebus
1553 871 1601 911 sua
1615 855 1704 912 tribus

58 947 151 1002 nenda
160 946 293 1013 videntur,
310 943 332 997 si
346 943 411 999 alias
429 941 532 1015 acquiri
557 942 597 998 rel
613 941 704 1014 perlici
720 957 774 998 non
790 957 857 1014 pos·

60 1036 129 1091 sint.

909 943 1053 1010 exercitia;
1093 941 1275 1012 spiritualibus
1311 941 1474 1011 spiritualia,
1513 943 1704 1012 corporalibus

909 1032 1069 1104 corporalia.
1095 1031 1125 1086 ln
1150 1030 1278 1085 omnibus
1304 1045 1398 1085 caveas
1417 1029 1467 1084 tibi
1497 1046 1513 1085 a
1540 1041 1662 1103 peceato,
1677 1039 1706 1088 et

100 1126 126 1178 b.
143 1122 300 1192 Septimum,
316 1128 345 1175 nt
359 1119 397 1175 sis
420 1128 510 1175 tacens
525 1128 551 1175 et
566 1135 619 1176 non
642 1118 855 1191 multiloquens,
909 1121 1031 1192 proximo
1050 1119 1220 1176 ascendalo.
1242 1118 1337 1175 Statim
1352 1134 1414 1174 cnm
1429 1119 1513 1176 sentis
1528 1128 1556 1175 te
1571 1118 1705 1175 stimulari

61 1210 217 1282 ubicunque
230 1208 327 1275 lucris,
347 1206 484 1280 loquendo
498 1208 539 1264 vel
563 1208 748 1279 respondendo
764 1207 858 1279 leviter
910 1224 1007 1267 arana
1027 1207 1114 1282 gloria
1137 1209 1179 1264 rel
1202 1223 1363 1280 quacunque
1387 1207 1544 1277 ιιιιιιὶιιι,
1566 1207 1708 1280 principiis

62 1307 92 1356 et
105 1313 224 1364 morose,
240 1296 349 1353 remissa
368 1310 444 1360 voce,
460 1294 564 1366 placido
581 1296 665 1360 uultu,
680 1294 859 1367 disciplinatis
911 1300 1000 1368 obsta,
1014 1308 1040 1353 et
1062 1297 1100 1351 sis
1113 1295 1190 1368 agilis
1206 1296 1239 1350 ad
1260 1310 1430 1367 quaecnnqne
1454 1297 1570 1371 agenda,
1584 1311 1646 1369 quae
1672 1311 1705 1352 ex

63 1386 206 1451 morihns;
223 1400 309 1456 panca
332 1391 359 1438 et
381 1382 549 1438 rationabilia
565 1384 650 1440 verba
671 1384 797 1456 loquaris.
813 1384 858 1439 liis
912 1386 1023 1443 alterins
1036 1385 1218 1442 admonitione
1240 1384 1282 1441 vel
1305 1384 1395 1440 divina
1415 1383 1590 1457 instigatione
1607 1383 1707 1441 intelli-

63 1475 204 1532 adlimam
226 1474 334 1530 veniunt
348 1473 440 1540 verbe,
460 1488 540 1544 quam
564 1473 646 1528 semel
664 1461 703 1527 'ad
728 1472 857 1547 linguam.
913 1474 956 1547 gis
970 1490 1030 1530 esse
1044 1472 1176 1529 iacienda.
1192 1473 1286 1529 Discus
1301 1471 1416 1545 tibiipsi
1433 1472 1560 1545 prae‘esse,
1578 1480 1605 1530 et
1618 1482 1645 1530 te
1659 1472 1705 1546 ip-

63 1565 128 1621 Plns
149 1561 247 1633 diligas
270 1560 374 1625 andire,
391 1576 472 1633 qnam
494 1558 581 1616 audiri
608 1569 661 1616 :ut
683 1561 858 1635 interrogatio
875 1534 972 1618 nsum
991 1576 1095 1636 regere,
1108 1576 1162 1617 non
1177 1563 1245 1617 alios
1261 1578 1267 1615 ι
1285 1561 1421 1631 propriam
1436 1561 1519 1616 vitam
1528 1563 1634 1630 ordina,
1649 1577 1708 1620 mo·

65 1651 155 1722 mame
177 1649 278 1718 aperiat
304 1664 335 1705 os
359 1657 442 1716 tunm,
466 1664 546 1719 qnam
564 1650 597 1705 ad
617 1664 672 1706 non
699 1649 860 1722 interrogata
913 1667 959 1707 res
978 1660 1039 1708 tuos
1064 1664 1206 1722 compone,
1234 1651 1349 1719 teipsum
1371 1649 1473 1720 judica,
1498 1648 1568 1719 apud
1591 1650 1709 1724 teipsum

65 1741 241 1811 respondere.
269 1739 328 1794 Non
348 1737 472 1794 innitaris
497 1745 551 1794 tuae
580 1739 750 1809 prudentiae,
775 1754 861 1811 neque
913 1754 1009 1796 accusa
1023 1747 1050 1795 et
1063 1739 1223 1805 condemna,
1239 1752 1291 1793 neo
1310 1738 1476 1809 impunitum
1491 1737 1597 1797 dimitte
1611 1755 1709 1797 exces-

63 1827 185 1885 confidas
198 1828 225 1881 in
239 1827 358 1900 propriis
372 1826 508 1894 sensibus,
532 1835 561 1881 et
578 1840 633 1883 non
648 1825 740 1884 80ss
761 1826 801 1883 sic
814 1843 860 1883 sa·

60 1918 141 1992 piens
156 1917 184 1971 in
200 1918 285 1972 oculis
299 1916 363 1971 tuis.
379 1915 482 1972 ditiora
497 1922 523 1971 te
542 1931 577 1971 nc
592 1916 745 1988 quesieris,
761 1924 788 1972 et
802 1917 860 1972 lor-

60 2006 132 2063 tioru
157 2012 183 2061 te
207 2021 241 2060 ue
265 2007 398 2060 scrutalus
422 2003 526 2074 lucris,
552 2005 599 2059 sed
623 2004 781 2072 discretum,
797 2020 860 2060 mo-

60 2096 181 2163 destum,
203 2102 231 2148 et
253 2092 408 2150 ordinatum
437 2101 463 2147 te
490 2091 516 2147 iu
550 2091 677 2147 omnibus
709 2091 860 2148 exhibeas:

60 2182 126 2256 qnia
158 2183 215 2238 Deo
249 2197 389 2255 nunquam
418 2181 520 2253 placuit
554 2179 654 2253 aliquid
697 2180 861 2238 immodera-

63 2281 132 2339 tum,
170 2270 306 2336 instabile,
355 2269 508 2337 coulnsum,
541 2268 742 2343 inordinatum
780 2285 862 2342 snper

913 1844 987 1885 sum.
1005 1827 1065 1884 ‘libi
1093 1827 1145 1898 ipsi
1173 1834 1233 1882 esto
1252 1826 1345 1892 durus,
1373 1841 1512 1900 nunquam
1535 1826 1606 1885 aliis.
1630 1830 1710 1887 Mane

914 1916 1061 1987 preteritae
1078 1917 1165 1972 noctis
1182 1914 1224 1970 lxo
1237 1930 1253 1968 a
1268 1914 1356 1986 teipso
1371 1914 1551 1988 exactionem,
1571 1924 1598 1972 et
1611 1916 1709 1973 futuru

914 2004 968 2061 diei
984 2004 1029 2059 tibi
1044 2003 1155 2060 indicito
1180 2003 1342 2059 cautionem.
1360 2003 1478 2075 Vespere
1500 2005 1643 2075 praeteritae
1657 2003 1712 2062 diei

914 2091 1043 2150 rationem
1062 2091 1151 2164 exige,
1176 2101 1203 2147 et
1222 2089 1436 2161 supervenientis
1460 2093 1549 2148 noctis
1572 2090 1615 2148 lac
1640 2091 1712 2148 indi·

915 2182 1042 2240 ctionem.
1068 2180 1218 2237 Considera
1250 2186 1380 2252 qnantum
1408 2177 1544 2252 proficias,
1576 2189 1709 2252 qnantum

916 2271 963 2326 tibi
976 2270 1065 2326 adhuc
1084 2276 1167 2326 restet
1190 2268 1320 2324 itineris:
1341 2267 1452 2342 grandis
1474 2268 1546 2324 enim
1566 2267 1615 2323 tibi
1631 2275 1714 2325 restat

62 2360 191 2416 humilem
204 2369 297 2416 autem
311 2367 338 2416 et
361 2361 482 2430 quietum
506 2357 650 2430 requiescit
670 2359 782 2430 spiritus
804 2359 862 2416 Do·
914 2360 967 2429 ria,
983 2367 1128 2431 antequam
1143 2357 1268 2415 rideatur
1286 2357 1360 2413 Dens
1378 2357 1491 2412 deorum
1506 2356 1534 2411 in
1556 2356 1632 2413 Sion.
1658 2355 1713 2414 Sed

64 2450 141 2505 mini.
916 2464 977 2505 cnm
999 2448 1026 2503 in
1045 2447 1086 2504 his
1109 2456 1169 2504 octo
1193 2449 1250 2517 jam
1276 2444 1425 2518 praemissis
1446 2453 1473 2502 te
1499 2445 1665 2513 messueris,
1680 2446 1715 2503 de

100 2542 127 2593 6.
142 2537 273 2595 Octavum
288 2544 316 2594 et
333 2538 466 2605 ultimum,
482 2545 512 2593 nt
529 2552 667 2609 nunquam
681 2536 719 2593 sis
733 2537 860 2594 otiosus:
915 2537 1015 2595 virtute
1029 2536 1056 2592 in
1079 2535 1207 2594 virtutem
1230 2533 1409 2607 proficiendo,
1424 2543 1484 2592 esto
1505 2542 1599 2592 cautus
1617 2541 1715 2594 eontra

65 2640 128 2681 nam
151 2625 178 2681 in
201 2626 343 2683 desideriis
360 2636 401 2683 est
428 2627 517 2684 omnis
544 2624 656 2683 otiosus.
686 2625 756 2683 Ama
779 2625 863 2699 igitur
917 2623 1375 2692 insidiasdiaholi,neteabdncat
1393 2622 1493 2682 abeis.
1711 2615 1713 2619 ⁴

382 2948 567 3018 naissum
589 2916 792 3018 cuiusnam
810 2949 863 3018 nn
880 2950 1076 3018 noonmm
1094 2948 1197 3015 vnn
1212 2946 1385 3017 nonnum

591 3092 646 3149 Seu
659 3092 692 3150 dc
702 3093 847 3163 cht'mine
859 3092 960 3160 cordis,
975 3092 1033 3147 oris
1044 3095 1072 3146 ct
1086 3090 1200 3164 operia}

105 3411 132 3466 l.
147 3407 263 3467 Tname
277 3407 320 3478 pia
341 3414 368 3462 et
382 3405 476 3462 crebra
500 3405 637 3463 infestatio
660 3407 746 3481 angit,
761 3412 792 3462 nt
811 3405 865 3462 tuis
884 3414 948 3508 cet
969 3408 1005 3465 de
1031 3410 1157 3467 omnibus
1180 3407 1315 3481 adorabit,
1338 3415 1366 3466 et
1389 3407 1491 3482 gratias
1513 3417 1586 3484 sqet,
1609 3408 1716 3467 etiamsi

68 3497 244 3573 petitionibus
262 3512 390 3566 annnam,
411 3511 474 3568 qnae
491 3495 641 3552 doctrinam
665 3496 727 3552 ritae
751 3495 865 3570 agendae
919 3497 1005 3554 multa
1030 3499 1129 3555 nostris
1161 3499 1290 3557 sensibus
1315 3500 1430 3556 molesta
1457 3498 1610 3555 videantur.
1638 3497 1714 3554 Nihil

68 3589 228 3660 deposcunt,
245 3586 372 3659 seuquid
389 3584 515 3657 expediat
530 3584 647 3651 viatoria
663 3584 788 3641 uidelicet
799 3583 864 3655 quid
919 3586 1081 3644 turbationis
1094 3602 1127 3645 ex
1147 3605 1237 3645 rernm
1255 3589 1376 3646 nonime
1398 3588 1538 3661 suscipiet.
1554 3588 1717 3644 Testatusa

69 3676 210 3746 diligenter
232 3675 313 3732 corde
329 3675 456 3749 cogitari,
482 3674 548 3746 quid
572 3675 662 3747 optim
685 3673 784 3745 promi,
799 3671 866 3745 qnid
918 3676 1035 3732 Domino
1050 3693 1100 3748 per
1123 3677 1311 3735 tribulationes
1332 3688 1360 3734 et
1373 3692 1483 3751 asperas
1502 3677 1646 3751 qualitates
1659 3690 1716 3732 non

70 3765 206 3822 honestius
228 3763 255 3818 in
273 3765 407 3821 achonem
422 3763 521 3819 deduci
546 3762 643 3835 possit.
664 3763 727 3819 llaec
749 3763 803 3817 alta
822 3776 867 3818 res
920 3766 1082 3824 movebitur.
1097 3767 1252 3839 aporiatus,
1268 3766 1352 3823 idest
1367 3768 1456 3840 inops,
1473 3766 1611 3840 pandebit.
1630 3762 1718 3834 Quid·

69 3864 113 3910 est
135 3853 222 3920 valde,
239 3852 303 3908 licet
325 3854 485 3908 eommunis.
506 3853 677 3925 inquirentes
700 3851 781 3909 habet
793 3852 867 3907 mul·
920 3855 985 3928 quid
1002 3852 1114 3920 illatum,
1127 3855 1207 3913 etiam
1226 3857 1250 3913 si
1265 3857 1363 3916 habeat
1376 3858 1502 3929 asperum
1518 3870 1638 3924 sensnm,
1653 3853 1718 3914 rel-

72 3950 123 4004 tos,
137 3938 325 4010 pervenientes
340 3953 450 4009 pancos,
470 3941 641 4012 exquirentes
654 3941 740 3997 multo
756 3940 867 4013 pancio-
921 3950 951 3999 nt
971 3943 1113 4014 impellens
1135 3946 1169 4001 ad
1191 3960 1319 4019 superna,
1344 3946 1482 4018 suscipiet.
1501 3944 1556 4015 Qni
1570 3958 1620 4002 cor
1639 3944 1720 4000 sunm

71 4045 126 4084 res.
141 4026 195 4081 Sed
219 4036 248 4081 ut
263 4027 296 4081 ad
321 4026 579 4092 condemnationem,
600 4035 646 4084 aut
662 4029 695 4082 ad
708 4028 868 4084 misericor·
921 4032 996 4088 dedit
1008 4034 1074 4104 Deo,
1089 4034 1206 4090 cantabit
1220 4034 1362 4101 melodice,
1377 4043 1403 4091 et
1416 4035 1489 4090 didet
1507 4049 1569 4090 cnm
1585 4029 1717 4105 propheta

72 4116 144 4171 diam
161 4124 234 4171 tuam
259 4124 286 4170 et
300 4125 458 4171 ceterorum
481 4116 640 4188 legentium,
666 4126 746 4188 prout
772 4117 867 4172 videm
921 4121 1005 4178 David
1022 4140 1029 4176 :
1045 4125 1185 4178 Paratum
1208 4137 1258 4178 cor
1283 4136 1388 4190 mom,
1411 4124 1493 4191 Deus,
1509 4124 1647 4192 paralum
1669 4134 1720 4178 cor

72 4204 184 4270 sentire,
198 4204 368 4274 depromam,
390 4212 507 4258 nectuae
530 4202 659 4273 petilium,
676 4219 728 4259 nec
742 4203 875 4261 meaein·.
921 4211 1203 4266 mcum:cuntol›ocl
1210 4209 1335 4282 psallum
1344 4211 1377 4264 in
1386 4209 1549 4282 plorinmco
1559 4208 1648 4280 (Psoi.
1660 4220 1717 4277 nrt,

72 4292 189 4350 tcntioni
205 4309 254 4363 pro
268 4300 333 4348 voto
351 4290 500 4348 sufficiens.
522 4291 576 4348 Cor
597 4298 718 4349 nostrum
737 4290 804 4346 nihil
824 4290 868 4345 di·
923 4296 962 4366 8).
978 4295 1025 4350 Est
1038 4296 1171 4367 siqnidem
1192 4296 1279 4369 gloria
1298 4297 1396 4370 prima,
1416 4303 1445 4352 et
1467 4298 1609 4353 secundas
1629 4296 1720 4367 prima

74 4380 154 4454 quius
169 4379 296 4451 perlicere
311 4389 501 4451 potest,quam
515 4379 581 4436 ulei
604 4395 634 4435 se
649 4378 770 4435 restituat
789 4392 869 4449 aquo
922 4382 1039 4455 uirtutis,
1064 4385 1184 4440 monada
1204 4384 1378 4441 beatitudinis
1394 4403 1402 4441 ι
1419 4400 1474 4442 nna
1496 4385 1523 4439 in
1545 4383 1599 4452 ria,
1615 4383 1667 4441 alia
1690 4383 1720 4440 in

75 4469 173 4526 lactum
189 4478 228 4524 est
244 4487 251 4523 ε
268 4477 294 4524 et
307 4469 359 4527 hoc
372 4485 388 4524 a
400 4469 481 4525 nobis
495 4468 628 4525 Dominus
648 4467 750 4539 expetit
764 4467 868 4538 dicens,
923 4473 1017 4543 patria.
1033 4472 1149 4529 Proinde
1166 4474 1292 4530 omnibns
1308 4474 1355 4545 qni
1369 4489 1416 4530 cor
1429 4489 1510 4530 suurn
1524 4473 1581 4530 lieo
1595 4472 1719 4530 tradide-

74 4559 139 4628 itti,
154 4558 191 4614 do
209 4555 283 4613 mihi
297 4574 345 4614 cnr
360 4560 443 4614 inum
458 4560 550 4629 (Pron.
574 4557 870 4628 xx111,26).Tuncsi·
886 4570 995 4677 urunt,
1012 4563 1109 4619 lactum
1128 4571 1170 4618 est
1197 4563 1226 4619 in
1245 4571 1440 4637 argumentum
1455 4570 1482 4621 et
1508 4565 1618 4637 signnm
1643 4563 1717 4635 quod

73 4646 180 4718 quidem
195 4662 242 4703 cor
257 4647 397 4704 hominnm
413 4648 468 4704 Deo
483 4648 572 4714 datur,
587 4646 694 4718 quando
719 4647 807 4702 omnis
824 4662 872 4702 co·
925 4659 1043 4722 canunt,
1059 4662 1086 4708 et
1099 4651 1126 4707 in
1140 4653 1270 4709 virtutum
1284 4652 1370 4725 gloria
1384 4654 1504 4725 psallunt
1522 4653 1549 4710 in
1564 4652 1717 4710 tribulatio-

74 4735 168 4808 gitatio
188 4737 344 4792 terminatur
364 4737 391 4790 in
414 4752 487 4803 eum,
502 4747 581 4810 gyrat
603 4745 631 4792 et
652 4735 873 4793 circumflectitur
925 4741 1014 4806 nibus,
1028 4741 1055 4796 in
1079 4743 1223 4812 pressuris,
1239 4746 1307 4799 etin
1331 4743 1472 4816 anqustiis,
1494 4742 1521 4798 in
1539 4743 1609 4798 larue
1623 4750 1651 4799 et
1663 4741 1718 4813 siti,

75 4839 245 4898 supereum,
264 4835 290 4880 et
308 4825 374 4879 nihil
400 4826 458 4882 rnlt
487 4826 624 4897 possidere
647 4825 755 4897 penitus
776 4835 874 4897 praeter
925 4828 1085 4885 inauditate
1097 4838 1125 4885 et
1138 4830 1298 4900 dejectione,
1314 4832 1341 4886 in
1364 4830 1524 4902 maledictis,
1539 4829 1568 4887 in
1591 4829 1721 4886 conviciis

74 4929 146 4970 enm.
164 4912 260 4983 Sicqne
282 4912 409 4985 colligato
430 4913 484 4969 sibi
508 4914 609 4980 animo,
632 4928 697 4969 cnm
721 4913 818 4999 diligit,
844 4920 873 4970 nt
927 4929 953 4974 st
967 4917 1156 4985 derisionibus,
1173 4920 1201 4974 in
1213 4918 1347 4991 flagellis3
1368 4920 1492 4977 ucetiam
1508 4926 1595 4975 morte
1608 4919 1722 4975 intenta·

75 5009 134 5065 siue
153 5008 211 5079 ipso
224 5023 333 5063 amarus
347 5009 381 5063 sit
396 5007 484 5064 omnis
499 5024 587 5065 amor.
604 5009 661 5065 Nec
670 5009 745 5065 alind
758 5010 874 5067 dixerim
927 5016 964 5077 ta,
979 5007 1008 5063 in
1021 5008 1148 5066 cordibus
1163 5009 1224 5082 plus
1244 5011 1386 5065 exsultant.
1402 5011 1463 5067 Non
1477 5009 1645 5082 reaccipiunt
1659 5022 1722 5064 am-

76 5113 123 5154 cor
142 5096 256 5152 Domino
279 5097 354 5165 dare,
379 5113 460 5168 qnam
482 5097 571 5171 ipsum
591 5098 728 5170 captivare
742 5099 770 5154 in
793 5114 875 5156 omne
927 5097 998 5169 plius
1011 5100 1180 5155 honestatem
1196 5098 1224 5154 in
1238 5099 1357 5171 eoquod
1372 5095 1456 5156 8θῖ
1473 5098 1590 5155 Domino
1606 5096 1723 5154 tradide-

76 5185 238 5255 obseqninm
253 5187 326 5258 ejus,
341 5196 368 5244 et
393 5187 429 5244 in
444 5187 643 5258 voluntatiejus
656 5204 690 5245 ex
704 5196 875 5262 totosuppo-
927 5197 998 5244 runt.
1013 5188 1122 5244 Nullum
1151 5187 1284 5262 sacrilegii
1305 5189 1408 5245 crimen
1428 5189 1562 5262 reperitur
1587 5187 1727 5258 daenes,

77 5291 154 5342 uero,
170 5280 199 5330 ut
213 5273 278 5331 nihil
292 5273 366 5331 aliud
391 5275 465 5344 velit,
491 5292 574 5349 qnam
594 5278 667 5349 quod
691 5278 796 5338 noverit
810 5294 877 5337 enm
927 5293 1007 5350 ᾳιιιι
1021 5277 1049 5332 ιι
1063 5276 1202 5333 voluntate
1214 5278 1299 5334 semel
1318 5278 1407 5334 oblata
1420 5268 1478 5336 Deo
1495 5278 1648 5348 reaccipere
1667 5266 1722 5359 po7

78 5364 154 5426 reite.
171 5364 262 5432 ltaque
276 5379 324 5422 cor
342 5364 457 5423 ὓιιιιιιι
472 5366 575 5438 datum,
592 5369 681 5441 ipsum
696 5370 722 5424 in
745 5370 874 5429 omnibns
927 5373 1062 5424 testeum.
1080 5365 1141 5423 Non
1153 5365 1255 5424 debent
1268 5366 1319 5424 sibi
1332 5365 1432 5439 nivem,
1448 5367 1493 5441 qni
1510 5381 1558 5425 cor
1571 5380 1651 5423 suum
1663 5364 1729 5423 Deo·
