<?xml version="1.0" encoding="UTF-8"?>
<!DOCTYPE html PUBLIC "-//W3C//DTD XHTML 1.0 Transitional//EN"
    "http://www.w3.org/TR/xhtml1/DTD/xhtml1-transitional.dtd">
<html xmlns="http://www.w3.org/1999/xhtml" xml:lang="en" lang="en">
 <head>
  <title>
</title>
<meta http-equiv="Content-Type" content="text/html;charset=utf-8" />
  <meta name='ocr-system' content='tesseract 3.04.00' />
  <meta name='ocr-capabilities' content='ocr_page ocr_carea ocr_par ocr_line ocrx_word'/>
</head>
<body>
  <div class='ocr_page' id='page_1' title='image "./patrologiaecurs00unkngoog_0285.png"; bbox 0 0 3706 5962; ppageno 0'>
   <div class='ocr_carea' id='block_1_1' title="bbox 51 181 1700 256">
    <p class='ocr_par' dir='ltr' id='par_1_1' title="bbox 51 181 1700 256">
     <span class='ocr_line' id='line_1_1' title="bbox 51 181 1700 256; baseline 0.001 -10"><span class='ocrx_word' id='word_1_1' title='bbox 51 181 107 246; x_wconf 82' lang='lat'><strong>537</strong></span> <span class='ocrx_word' id='word_1_2' title='bbox 602 183 793 246; x_wconf 70' lang='lat' dir='ltr'><strong>saturnius</strong></span> <span class='ocrx_word' id='word_1_3' title='bbox 813 183 852 246; x_wconf 87' lang='lat' dir='ltr'><strong>llll</strong></span> <span class='ocrx_word' id='word_1_4' title='bbox 875 183 1044 248; x_wconf 82' lang='lat' dir='ltr'><strong>lNTllliIORI</strong></span> <span class='ocrx_word' id='word_1_5' title='bbox 1067 185 1168 256; x_wconf 73' lang='lat' dir='ltr'><strong>DOMO.</strong></span> <span class='ocrx_word' id='word_1_6' title='bbox 1647 187 1700 248; x_wconf 80' lang='lat'><strong>538</strong></span> 
     </span>
    </p>
   </div>
   <div class='ocr_carea' id='block_1_2' title="bbox 51 306 1714 4584">
    <p class='ocr_par' dir='ltr' id='par_1_2' title="bbox 51 306 1704 1896">
     <span class='ocr_line' id='line_1_2' title="bbox 51 306 1699 406; baseline 0.004 -41"><span class='ocrx_word' id='word_1_7' title='bbox 51 309 93 365; x_wconf 92' lang='lat' dir='ltr'><strong>lta</strong></span> <span class='ocrx_word' id='word_1_8' title='bbox 108 308 177 364; x_wconf 89' lang='lat' dir='ltr'><strong>mala</strong></span> <span class='ocrx_word' id='word_1_9' title='bbox 196 323 256 381; x_wconf 82' lang='lat' dir='ltr'><strong>quae</strong></span> <span class='ocrx_word' id='word_1_10' title='bbox 271 306 332 377; x_wconf 84' lang='lat' dir='ltr'><strong>ieci,</strong></span> <span class='ocrx_word' id='word_1_11' title='bbox 348 307 505 383; x_wconf 75' lang='lat' dir='ltr'><strong>cogitationi</strong></span> <span class='ocrx_word' id='word_1_12' title='bbox 518 307 601 370; x_wconf 73' lang='lat'><strong>85⁷</strong></span> <span class='ocrx_word' id='word_1_13' title='bbox 618 326 686 367; x_wconf 83' lang='lat' dir='ltr'><strong>meae</strong></span> <span class='ocrx_word' id='word_1_14' title='bbox 700 309 758 366; x_wconf 92' lang='lat' dir='ltr'><strong>suis</strong></span> <span class='ocrx_word' id='word_1_15' title='bbox 781 310 847 366; x_wconf 90' lang='lat' dir='ltr'><strong>ima·</strong></span> <span class='ocrx_word' id='word_1_16' title='bbox 862 326 900 406; x_wconf 62' lang='lat' dir='ltr'><strong>g·</strong></span> <span class='ocrx_word' id='word_1_17' title='bbox 934 313 979 369; x_wconf 84' lang='grc'><strong>60.</strong></span> <span class='ocrx_word' id='word_1_18' title='bbox 1000 309 1178 386; x_wconf 89' lang='lat' dir='ltr'><strong>Quacumque</strong></span> <span class='ocrx_word' id='word_1_19' title='bbox 1199 317 1257 370; x_wconf 91' lang='lat' dir='ltr'><strong>arte</strong></span> <span class='ocrx_word' id='word_1_20' title='bbox 1277 313 1419 371; x_wconf 86' lang='lat' dir='ltr'><strong>verborum</strong></span> <span class='ocrx_word' id='word_1_21' title='bbox 1442 312 1505 385; x_wconf 86' lang='lat' dir='ltr'><strong>quis</strong></span> <span class='ocrx_word' id='word_1_22' title='bbox 1531 312 1613 385; x_wconf 86' lang='lat' dir='ltr'><strong>juret,</strong></span> <span class='ocrx_word' id='word_1_23' title='bbox 1628 310 1699 372; x_wconf 86' lang='lat' dir='ltr'><strong>Deus</strong></span> 
     </span>
     <span class='ocr_line' id='line_1_3' title="bbox 51 396 1698 473; baseline 0.003 -21"><span class='ocrx_word' id='word_1_24' title='bbox 51 398 164 473; x_wconf 86' lang='lat' dir='ltr'><strong>ginibus</strong></span> <span class='ocrx_word' id='word_1_25' title='bbox 187 396 329 471; x_wconf 87' lang='lat' dir='ltr'><strong>impressa,</strong></span> <span class='ocrx_word' id='word_1_26' title='bbox 344 398 372 453; x_wconf 90' lang='lat' dir='ltr'><strong>iu</strong></span> <span class='ocrx_word' id='word_1_27' title='bbox 387 399 446 472; x_wconf 89' lang='lat' dir='ltr'><strong>ipsa</strong></span> <span class='ocrx_word' id='word_1_28' title='bbox 461 415 520 456; x_wconf 88' lang='lat' dir='ltr'><strong>mea</strong></span> <span class='ocrx_word' id='word_1_29' title='bbox 534 399 656 457; x_wconf 90' lang='lat' dir='ltr'><strong>oratione</strong></span> <span class='ocrx_word' id='word_1_30' title='bbox 676 415 717 457; x_wconf 87' lang='lat' dir='ltr'><strong>me</strong></span> <span class='ocrx_word' id='word_1_31' title='bbox 739 407 848 457; x_wconf 91' lang='lat' dir='ltr'><strong>contur-</strong></span> <span class='ocrx_word' id='word_1_32' title='bbox 903 401 948 472; x_wconf 94' lang='lat' dir='ltr'><strong>qui</strong></span> <span class='ocrx_word' id='word_1_33' title='bbox 967 400 1138 458; x_wconf 85' lang='lat' dir='ltr'><strong>conscientiae</strong></span> <span class='ocrx_word' id='word_1_34' title='bbox 1153 403 1226 459; x_wconf 90' lang='lat' dir='ltr'><strong>testis</strong></span> <span class='ocrx_word' id='word_1_35' title='bbox 1240 409 1292 469; x_wconf 86' lang='lat' dir='ltr'><strong>est,</strong></span> <span class='ocrx_word' id='word_1_36' title='bbox 1313 401 1349 458; x_wconf 88' lang='lat' dir='ltr'><strong>ita</strong></span> <span class='ocrx_word' id='word_1_37' title='bbox 1361 403 1413 459; x_wconf 90' lang='lat' dir='ltr'><strong>boc</strong></span> <span class='ocrx_word' id='word_1_38' title='bbox 1427 402 1534 473; x_wconf 90' lang='lat' dir='ltr'><strong>accipit,</strong></span> <span class='ocrx_word' id='word_1_39' title='bbox 1557 401 1626 460; x_wconf 90' lang='lat' dir='ltr'><strong>sieut</strong></span> <span class='ocrx_word' id='word_1_40' title='bbox 1641 402 1698 468; x_wconf 90' lang='lat' dir='ltr'><strong>ille,</strong></span> 
     </span>
     <span class='ocr_line' id='line_1_4' title="bbox 52 487 1698 568; baseline 0.002 -25"><span class='ocrx_word' id='word_1_41' title='bbox 52 487 129 543; x_wconf 89' lang='lat' dir='ltr'><strong>bant.</strong></span> <span class='ocrx_word' id='word_1_42' title='bbox 146 487 280 541; x_wconf 88' lang='lat' dir='ltr'><strong>Caeterum</strong></span> <span class='ocrx_word' id='word_1_43' title='bbox 296 495 397 560; x_wconf 89' lang='lat' dir='ltr'><strong>quanto</strong></span> <span class='ocrx_word' id='word_1_44' title='bbox 422 487 545 562; x_wconf 87' lang='lat' dir='ltr'><strong>graviore</strong></span> <span class='ocrx_word' id='word_1_45' title='bbox 568 491 685 544; x_wconf 87' lang='lat' dir='ltr'><strong>tumultu</strong></span> <span class='ocrx_word' id='word_1_46' title='bbox 699 487 846 561; x_wconf 92' lang='lat' dir='ltr'><strong>cogitatio·</strong></span> <span class='ocrx_word' id='word_1_47' title='bbox 903 492 946 548; x_wconf 92' lang='lat' dir='ltr'><strong>cui</strong></span> <span class='ocrx_word' id='word_1_48' title='bbox 961 493 1012 548; x_wconf 89' lang='lat' dir='ltr'><strong>hoc</strong></span> <span class='ocrx_word' id='word_1_49' title='bbox 1022 491 1138 562; x_wconf 85' lang='lat' dir='ltr'><strong>juratur,</strong></span> <span class='ocrx_word' id='word_1_50' title='bbox 1154 492 1295 568; x_wconf 86' lang='lat' dir='ltr'><strong>intelligit:</strong></span> <span class='ocrx_word' id='word_1_51' title='bbox 1311 492 1358 563; x_wconf 92' lang='lat' dir='ltr'><strong>qui</strong></span> <span class='ocrx_word' id='word_1_52' title='bbox 1373 507 1440 548; x_wconf 86' lang='lat' dir='ltr'><strong>vero</strong></span> <span class='ocrx_word' id='word_1_53' title='bbox 1459 490 1602 562; x_wconf 74' lang='lat' dir='ltr'><strong>dupliciter</strong></span> <span class='ocrx_word' id='word_1_54' title='bbox 1615 493 1698 562; x_wconf 88' lang='lat' dir='ltr'><strong>jurat,</strong></span> 
     </span>
     <span class='ocr_line' id='line_1_5' title="bbox 53 575 1698 654; baseline 0.002 -23"><span class='ocrx_word' id='word_1_55' title='bbox 53 592 121 633; x_wconf 89' lang='lat' dir='ltr'><strong>uum</strong></span> <span class='ocrx_word' id='word_1_56' title='bbox 146 575 295 632; x_wconf 91' lang='lat' dir='ltr'><strong>carnalium</strong></span> <span class='ocrx_word' id='word_1_57' title='bbox 319 591 436 648; x_wconf 89' lang='lat' dir='ltr'><strong>premor,</strong></span> <span class='ocrx_word' id='word_1_58' title='bbox 466 585 540 634; x_wconf 90' lang='lat' dir='ltr'><strong>tanto</strong></span> <span class='ocrx_word' id='word_1_59' title='bbox 567 577 706 634; x_wconf 82' lang='lat' dir='ltr'><strong>ardentius</strong></span> <span class='ocrx_word' id='word_1_60' title='bbox 734 577 851 634; x_wconf 90' lang='lat' dir='ltr'><strong>orationi</strong></span> <span class='ocrx_word' id='word_1_61' title='bbox 903 579 1044 651; x_wconf 86' lang='lat' dir='ltr'><strong>dupliciter</strong></span> <span class='ocrx_word' id='word_1_62' title='bbox 1059 596 1121 637; x_wconf 85' lang='lat' dir='ltr'><strong>reus</strong></span> <span class='ocrx_word' id='word_1_63' title='bbox 1135 579 1175 650; x_wconf 91' lang='lat' dir='ltr'><strong>lit,</strong></span> <span class='ocrx_word' id='word_1_64' title='bbox 1191 581 1253 654; x_wconf 88' lang='lat' dir='ltr'><strong>qnia</strong></span> <span class='ocrx_word' id='word_1_65' title='bbox 1263 589 1289 636; x_wconf 90' lang='lat' dir='ltr'><strong>et</strong></span> <span class='ocrx_word' id='word_1_66' title='bbox 1308 596 1406 636; x_wconf 89' lang='lat' dir='ltr'><strong>nornen</strong></span> <span class='ocrx_word' id='word_1_67' title='bbox 1420 579 1528 636; x_wconf 85' lang='lat' dir='ltr'><strong>Domini</strong></span> <span class='ocrx_word' id='word_1_68' title='bbox 1548 578 1576 634; x_wconf 92' lang='lat' dir='ltr'><strong>iu</strong></span> <span class='ocrx_word' id='word_1_69' title='bbox 1599 595 1698 635; x_wconf 83' lang='lat' dir='ltr'><strong>vanum</strong></span> 
     </span>
     <span class='ocr_line' id='line_1_6' title="bbox 53 664 1700 741; baseline 0.001 -21"><span class='ocrx_word' id='word_1_70' title='bbox 53 665 182 722; x_wconf 82' lang='lat' dir='ltr'><strong>insistere</strong></span> <span class='ocrx_word' id='word_1_71' title='bbox 197 664 295 723; x_wconf 88' lang='lat' dir='ltr'><strong>debeo.</strong></span> <span class='ocrx_word' id='word_1_72' title='bbox 319 665 353 721; x_wconf 90' lang='lat' dir='ltr'><strong>Et</strong></span> <span class='ocrx_word' id='word_1_73' title='bbox 371 674 504 738; x_wconf 90' lang='lat' dir='ltr'><strong>quantum</strong></span> <span class='ocrx_word' id='word_1_74' title='bbox 520 676 695 738; x_wconf 88' lang='lat' dir='ltr'><strong>peccatorum</strong></span> <span class='ocrx_word' id='word_1_75' title='bbox 723 682 848 723; x_wconf 88' lang='lat' dir='ltr'><strong>meorum</strong></span> <span class='ocrx_word' id='word_1_76' title='bbox 904 668 1025 738; x_wconf 81' lang='lat' dir='ltr'><strong>assumit,</strong></span> <span class='ocrx_word' id='word_1_77' title='bbox 1041 676 1067 724; x_wconf 91' lang='lat' dir='ltr'><strong>et</strong></span> <span class='ocrx_word' id='word_1_78' title='bbox 1080 669 1234 741; x_wconf 84' lang='lat' dir='ltr'><strong>proximum</strong></span> <span class='ocrx_word' id='word_1_79' title='bbox 1261 669 1323 727; x_wconf 93' lang='lat' dir='ltr'><strong>dolo</strong></span> <span class='ocrx_word' id='word_1_80' title='bbox 1350 668 1432 738; x_wconf 87' lang='lat' dir='ltr'><strong>capit.</strong></span> <span class='ocrx_word' id='word_1_81' title='bbox 1458 667 1535 738; x_wconf 84' lang='lat' dir='ltr'><strong>Saepe</strong></span> <span class='ocrx_word' id='word_1_82' title='bbox 1562 668 1635 722; x_wconf 86' lang='lat' dir='ltr'><strong>Deus</strong></span> <span class='ocrx_word' id='word_1_83' title='bbox 1656 666 1700 723; x_wconf 91' lang='lat' dir='ltr'><strong>bic</strong></span> 
     </span>
     <span class='ocr_line' id='line_1_7' title="bbox 54 754 1697 831; baseline 0.003 -22"><span class='ocrx_word' id='word_1_84' title='bbox 54 754 245 827; x_wconf 89' lang='lat' dir='ltr'><strong>phantasmata</strong></span> <span class='ocrx_word' id='word_1_85' title='bbox 259 755 287 809; x_wconf 92' lang='lat' dir='ltr'><strong>in</strong></span> <span class='ocrx_word' id='word_1_86' title='bbox 301 754 422 812; x_wconf 90' lang='lat' dir='ltr'><strong>oratione</strong></span> <span class='ocrx_word' id='word_1_87' title='bbox 440 757 600 830; x_wconf 89' lang='lat' dir='ltr'><strong>plerumque</strong></span> <span class='ocrx_word' id='word_1_88' title='bbox 615 757 723 831; x_wconf 87' lang='lat' dir='ltr'><strong>patior;</strong></span> <span class='ocrx_word' id='word_1_89' title='bbox 744 762 850 813; x_wconf 89' lang='lat' dir='ltr'><strong>tantum</strong></span> <span class='ocrx_word' id='word_1_90' title='bbox 904 755 992 827; x_wconf 91' lang='lat' dir='ltr'><strong>puniri</strong></span> <span class='ocrx_word' id='word_1_91' title='bbox 1012 756 1118 828; x_wconf 86' lang='lat' dir='ltr'><strong>tolerat,</strong></span> <span class='ocrx_word' id='word_1_92' title='bbox 1134 773 1204 829; x_wconf 89' lang='lat' dir='ltr'><strong>quos</strong></span> <span class='ocrx_word' id='word_1_93' title='bbox 1222 758 1256 814; x_wconf 90' lang='lat' dir='ltr'><strong>ad</strong></span> <span class='ocrx_word' id='word_1_94' title='bbox 1282 759 1397 815; x_wconf 89' lang='lat' dir='ltr'><strong>salutem</strong></span> <span class='ocrx_word' id='word_1_95' title='bbox 1426 766 1584 828; x_wconf 86' lang='lat' dir='ltr'><strong>perpetuam</strong></span> <span class='ocrx_word' id='word_1_96' title='bbox 1609 759 1697 825; x_wconf 91' lang='lat' dir='ltr'><strong>parat.</strong></span> 
     </span>
     <span class='ocr_line' id='line_1_8' title="bbox 54 844 1701 919; baseline 0 -20"><span class='ocrx_word' id='word_1_97' title='bbox 54 859 170 901; x_wconf 90' lang='lat' dir='ltr'><strong>necesse</strong></span> <span class='ocrx_word' id='word_1_98' title='bbox 182 850 262 900; x_wconf 91' lang='lat' dir='ltr'><strong>estut</strong></span> <span class='ocrx_word' id='word_1_99' title='bbox 275 844 388 901; x_wconf 89' lang='lat' dir='ltr'><strong>intentio</strong></span> <span class='ocrx_word' id='word_1_100' title='bbox 402 844 492 902; x_wconf 90' lang='lat' dir='ltr'><strong>cordis</strong></span> <span class='ocrx_word' id='word_1_101' title='bbox 503 846 621 919; x_wconf 86' lang='lat' dir='ltr'><strong>meique</strong></span> <span class='ocrx_word' id='word_1_102' title='bbox 636 845 730 902; x_wconf 88' lang='lat' dir='ltr'><strong>durius</strong></span> <span class='ocrx_word' id='word_1_103' title='bbox 741 845 850 918; x_wconf 87' lang='lat' dir='ltr'><strong>repelli·</strong></span> <span class='ocrx_word' id='word_1_104' title='bbox 903 845 1061 902; x_wconf 74' lang='lat' dir='ltr'><strong>iucunditas</strong></span> <span class='ocrx_word' id='word_1_105' title='bbox 1085 847 1175 904; x_wconf 89' lang='lat' dir='ltr'><strong>cordis</strong></span> <span class='ocrx_word' id='word_1_106' title='bbox 1198 855 1240 905; x_wconf 92' lang='lat' dir='ltr'><strong>est</strong></span> <span class='ocrx_word' id='word_1_107' title='bbox 1266 846 1321 905; x_wconf 84' lang='lat' dir='ltr'><strong>vita</strong></span> <span class='ocrx_word' id='word_1_108' title='bbox 1347 844 1478 903; x_wconf 91' lang='lat' dir='ltr'><strong>hominis.</strong></span> <span class='ocrx_word' id='word_1_109' title='bbox 1506 844 1560 901; x_wconf 88' lang='lat' dir='ltr'><strong>Cor</strong></span> <span class='ocrx_word' id='word_1_110' title='bbox 1587 859 1701 917; x_wconf 84' lang='lat' dir='ltr'><strong>pravum</strong></span> 
     </span>
     <span class='ocr_line' id='line_1_9' title="bbox 54 932 1702 1020; baseline -0.001 -31"><span class='ocrx_word' id='word_1_111' title='bbox 54 941 110 1001; x_wconf 86' lang='lat' dir='ltr'><strong>tur,</strong></span> <span class='ocrx_word' id='word_1_112' title='bbox 130 941 206 990; x_wconf 83' lang='lat' dir='ltr'><strong>tanto</strong></span> <span class='ocrx_word' id='word_1_113' title='bbox 221 933 353 989; x_wconf 85' lang='lat' dir='ltr'><strong>valentius</strong></span> <span class='ocrx_word' id='word_1_114' title='bbox 379 935 485 991; x_wconf 90' lang='lat' dir='ltr'><strong>insistat</strong></span> <span class='ocrx_word' id='word_1_115' title='bbox 498 935 613 992; x_wconf 90' lang='lat' dir='ltr'><strong>orationi</strong></span> <span class='ocrx_word' id='word_1_116' title='bbox 630 953 637 994; x_wconf 91' lang='lat'>:</span> <span class='ocrx_word' id='word_1_117' title='bbox 652 943 786 1008; x_wconf 86' lang='lat' dir='ltr'><strong>quatenus</strong></span> <span class='ocrx_word' id='word_1_118' title='bbox 799 949 849 991; x_wconf 93' lang='lat' dir='ltr'><strong>co·</strong></span> <span class='ocrx_word' id='word_1_119' title='bbox 904 934 977 990; x_wconf 85' lang='lat' dir='ltr'><strong>dabit</strong></span> <span class='ocrx_word' id='word_1_120' title='bbox 990 935 1133 992; x_wconf 85' lang='lat' dir='ltr'><strong>tristitiam.</strong></span> <span class='ocrx_word' id='word_1_121' title='bbox 1144 935 1241 993; x_wconf 92' lang='lat' dir='ltr'><strong>Omnis</strong></span> <span class='ocrx_word' id='word_1_122' title='bbox 1254 936 1319 993; x_wconf 91' lang='lat' dir='ltr'><strong>boni</strong></span> <span class='ocrx_word' id='word_1_123' title='bbox 1332 935 1554 1006; x_wconf 87' lang='lat' dir='ltr'><strong>impedimentum</strong></span> <span class='ocrx_word' id='word_1_124' title='bbox 1563 932 1702 1020; x_wconf 53' lang='lat' dir='ltr'><strong>esttristig</strong></span> 
     </span>
     <span class='ocr_line' id='line_1_10' title="bbox 55 1022 1703 1098; baseline 0.002 -21"><span class='ocrx_word' id='word_1_125' title='bbox 55 1022 197 1096; x_wconf 88' lang='lat' dir='ltr'><strong>gitatoiuis</strong></span> <span class='ocrx_word' id='word_1_126' title='bbox 219 1022 319 1080; x_wconf 86' lang='lat' dir='ltr'><strong>illicitae</strong></span> <span class='ocrx_word' id='word_1_127' title='bbox 333 1024 478 1081; x_wconf 90' lang='lat' dir='ltr'><strong>tumultum</strong></span> <span class='ocrx_word' id='word_1_128' title='bbox 502 1031 622 1098; x_wconf 88' lang='lat' dir='ltr'><strong>superet,</strong></span> <span class='ocrx_word' id='word_1_129' title='bbox 643 1034 724 1097; x_wconf 89' lang='lat' dir='ltr'><strong>atque</strong></span> <span class='ocrx_word' id='word_1_130' title='bbox 739 1022 775 1078; x_wconf 92' lang='lat' dir='ltr'><strong>ad</strong></span> <span class='ocrx_word' id='word_1_131' title='bbox 789 1023 849 1097; x_wconf 88' lang='lat' dir='ltr'><strong>pias</strong></span> <span class='ocrx_word' id='word_1_132' title='bbox 904 1023 950 1079; x_wconf 90' lang='lat' dir='ltr'><strong>tia.</strong></span> <span class='ocrx_word' id='word_1_133' title='bbox 976 1023 1119 1080; x_wconf 90' lang='lat' dir='ltr'><strong>llnmilitas</strong></span> <span class='ocrx_word' id='word_1_134' title='bbox 1138 1041 1189 1083; x_wconf 90' lang='lat' dir='ltr'><strong>nec</strong></span> <span class='ocrx_word' id='word_1_135' title='bbox 1219 1026 1276 1096; x_wconf 86' lang='lat' dir='ltr'><strong>ipsa</strong></span> <span class='ocrx_word' id='word_1_136' title='bbox 1299 1024 1432 1093; x_wconf 88' lang='lat' dir='ltr'><strong>irascitur,</strong></span> <span class='ocrx_word' id='word_1_137' title='bbox 1453 1039 1502 1080; x_wconf 92' lang='lat' dir='ltr'><strong>nec</strong></span> <span class='ocrx_word' id='word_1_138' title='bbox 1525 1023 1595 1079; x_wconf 91' lang='lat' dir='ltr'><strong>alios</strong></span> <span class='ocrx_word' id='word_1_139' title='bbox 1622 1023 1703 1080; x_wconf 80' lang='lat' dir='ltr'><strong>irascl</strong></span> 
     </span>
     <span class='ocr_line' id='line_1_11' title="bbox 56 1111 1701 1187; baseline -0.001 -18"><span class='ocrx_word' id='word_1_140' title='bbox 56 1126 138 1169; x_wconf 89' lang='lat' dir='ltr'><strong>aures</strong></span> <span class='ocrx_word' id='word_1_141' title='bbox 151 1111 261 1168; x_wconf 88' lang='lat' dir='ltr'><strong>Domini</strong></span> <span class='ocrx_word' id='word_1_142' title='bbox 280 1112 416 1169; x_wconf 83' lang='lat' dir='ltr'><strong>nimietate</strong></span> <span class='ocrx_word' id='word_1_143' title='bbox 432 1129 488 1170; x_wconf 89' lang='lat' dir='ltr'><strong>suae</strong></span> <span class='ocrx_word' id='word_1_144' title='bbox 519 1113 729 1187; x_wconf 84' lang='lat' dir='ltr'><strong>importunitatis</strong></span> <span class='ocrx_word' id='word_1_145' title='bbox 744 1111 849 1168; x_wconf 85' lang='lat' dir='ltr'><strong>tamdiu</strong></span> <span class='ocrx_word' id='word_1_146' title='bbox 904 1112 1041 1186; x_wconf 85' lang='lat' dir='ltr'><strong>permittit</strong></span> <span class='ocrx_word' id='word_1_147' title='bbox 1061 1113 1203 1170; x_wconf 83' lang='lat' dir='ltr'><strong>Humilitas</strong></span> <span class='ocrx_word' id='word_1_148' title='bbox 1217 1125 1268 1181; x_wconf 84' lang='lat' dir='ltr'><strong>est,</strong></span> <span class='ocrx_word' id='word_1_149' title='bbox 1284 1113 1431 1186; x_wconf 90' lang='lat' dir='ltr'><strong>siquando</strong></span> <span class='ocrx_word' id='word_1_150' title='bbox 1446 1111 1598 1185; x_wconf 88' lang='lat' dir='ltr'><strong>peccaverit</strong></span> <span class='ocrx_word' id='word_1_151' title='bbox 1619 1111 1650 1166; x_wconf 94' lang='lat' dir='ltr'><strong>in</strong></span> <span class='ocrx_word' id='word_1_152' title='bbox 1674 1120 1701 1167; x_wconf 90' lang='grc' dir='ltr'><strong>ιε</strong></span> 
     </span>
     <span class='ocr_line' id='line_1_12' title="bbox 56 1199 1704 1276; baseline -0.002 -19"><span class='ocrx_word' id='word_1_153' title='bbox 56 1202 198 1273; x_wconf 88' lang='lat' dir='ltr'><strong>irrumpat,</strong></span> <span class='ocrx_word' id='word_1_154' title='bbox 214 1202 488 1274; x_wconf 89' lang='lat' dir='ltr'><strong>doneccogitationes</strong></span> <span class='ocrx_word' id='word_1_155' title='bbox 501 1203 585 1259; x_wconf 90' lang='lat' dir='ltr'><strong>malas</strong></span> <span class='ocrx_word' id='word_1_156' title='bbox 600 1218 683 1259; x_wconf 89' lang='lat' dir='ltr'><strong>manu</strong></span> <span class='ocrx_word' id='word_1_157' title='bbox 698 1201 787 1259; x_wconf 84' lang='lat' dir='ltr'><strong>sancti</strong></span> <span class='ocrx_word' id='word_1_158' title='bbox 802 1202 853 1256; x_wconf 90' lang='lat' dir='ltr'><strong>dc-</strong></span> <span class='ocrx_word' id='word_1_159' title='bbox 905 1200 989 1257; x_wconf 83' lang='lat' dir='ltr'><strong>irater</strong></span> <span class='ocrx_word' id='word_1_160' title='bbox 1003 1211 1074 1271; x_wconf 91' lang='lat' dir='ltr'><strong>tuus,</strong></span> <span class='ocrx_word' id='word_1_161' title='bbox 1089 1209 1230 1276; x_wconf 89' lang='lat' dir='ltr'><strong>antequam</strong></span> <span class='ocrx_word' id='word_1_162' title='bbox 1244 1202 1321 1259; x_wconf 91' lang='lat' dir='ltr'><strong>illum</strong></span> <span class='ocrx_word' id='word_1_163' title='bbox 1339 1217 1466 1275; x_wconf 87' lang='lat' dir='ltr'><strong>peccasse</strong></span> <span class='ocrx_word' id='word_1_164' title='bbox 1479 1199 1704 1274; x_wconf 85' lang='lat' dir='ltr'><strong>poenitcat,dimi·</strong></span> 
     </span>
     <span class='ocr_line' id='line_1_13' title="bbox 56 1289 1702 1367; baseline 0 -22"><span class='ocrx_word' id='word_1_165' title='bbox 56 1289 151 1345; x_wconf 89' lang='lat' dir='ltr'><strong>siderii</strong></span> <span class='ocrx_word' id='word_1_166' title='bbox 170 1291 203 1346; x_wconf 89' lang='lat' dir='ltr'><strong>ab</strong></span> <span class='ocrx_word' id='word_1_167' title='bbox 217 1290 303 1348; x_wconf 90' lang='lat' dir='ltr'><strong>oculis</strong></span> <span class='ocrx_word' id='word_1_168' title='bbox 327 1292 416 1348; x_wconf 89' lang='lat' dir='ltr'><strong>cordis</strong></span> <span class='ocrx_word' id='word_1_169' title='bbox 431 1291 533 1364; x_wconf 86' lang='lat' dir='ltr'><strong>abigat.</strong></span> <span class='ocrx_word' id='word_1_170' title='bbox 561 1293 624 1349; x_wconf 83' lang='lat' dir='ltr'><strong>ilaec</strong></span> <span class='ocrx_word' id='word_1_171' title='bbox 639 1300 680 1348; x_wconf 98' lang='grc' dir='ltr'><strong>εει</strong></span> <span class='ocrx_word' id='word_1_172' title='bbox 694 1307 758 1349; x_wconf 85' lang='lat' dir='ltr'><strong>vera</strong></span> <span class='ocrx_word' id='word_1_173' title='bbox 773 1298 850 1346; x_wconf 90' lang='lat' dir='ltr'><strong>tran·</strong></span> <span class='ocrx_word' id='word_1_174' title='bbox 905 1291 972 1347; x_wconf 90' lang='lat' dir='ltr'><strong>seris</strong></span> <span class='ocrx_word' id='word_1_175' title='bbox 990 1290 1039 1348; x_wconf 92' lang='lat' dir='ltr'><strong>illi.</strong></span> <span class='ocrx_word' id='word_1_176' title='bbox 1057 1291 1246 1364; x_wconf 81' lang='lat' dir='ltr'><strong>Unusquisque</strong></span> <span class='ocrx_word' id='word_1_177' title='bbox 1261 1292 1342 1349; x_wconf 90' lang='lat' dir='ltr'><strong>talem</strong></span> <span class='ocrx_word' id='word_1_178' title='bbox 1356 1291 1551 1367; x_wconf 80' lang='lat' dir='ltr'><strong>indulgentiam</strong></span> <span class='ocrx_word' id='word_1_179' title='bbox 1572 1296 1702 1361; x_wconf 91' lang='lat' dir='ltr'><strong>acceptu·</strong></span> 
     </span>
     <span class='ocr_line' id='line_1_14' title="bbox 56 1375 1703 1455; baseline -0.002 -19"><span class='ocrx_word' id='word_1_180' title='bbox 56 1379 188 1453; x_wconf 70' lang='lat' dir='ltr'><strong>quinitas,</strong></span> <span class='ocrx_word' id='word_1_181' title='bbox 205 1396 267 1437; x_wconf 86' lang='lat' dir='ltr'><strong>curn</strong></span> <span class='ocrx_word' id='word_1_182' title='bbox 282 1387 338 1437; x_wconf 92' lang='lat' dir='ltr'><strong>tota</strong></span> <span class='ocrx_word' id='word_1_183' title='bbox 357 1382 477 1437; x_wconf 88' lang='lat' dir='ltr'><strong>mensio</strong></span> <span class='ocrx_word' id='word_1_184' title='bbox 493 1381 597 1453; x_wconf 89' lang='lat' dir='ltr'><strong>scipsa</strong></span> <span class='ocrx_word' id='word_1_185' title='bbox 616 1381 763 1455; x_wconf 76' lang='lat' dir='ltr'><strong>colligitur,</strong></span> <span class='ocrx_word' id='word_1_186' title='bbox 782 1379 851 1436; x_wconf 91' lang='lat' dir='ltr'><strong>etin</strong></span> <span class='ocrx_word' id='word_1_187' title='bbox 905 1394 952 1434; x_wconf 91' lang='lat' dir='ltr'><strong>rus</strong></span> <span class='ocrx_word' id='word_1_188' title='bbox 965 1386 1007 1435; x_wconf 91' lang='lat' dir='ltr'><strong>est</strong></span> <span class='ocrx_word' id='word_1_189' title='bbox 1018 1394 1034 1433; x_wconf 91' lang='lat' dir='ltr'><strong>a</strong></span> <span class='ocrx_word' id='word_1_190' title='bbox 1047 1378 1114 1446; x_wconf 88' lang='lat' dir='ltr'><strong>Deo,</strong></span> <span class='ocrx_word' id='word_1_191' title='bbox 1139 1380 1245 1452; x_wconf 90' lang='lat' dir='ltr'><strong>qualem</strong></span> <span class='ocrx_word' id='word_1_192' title='bbox 1254 1379 1314 1452; x_wconf 92' lang='lat' dir='ltr'><strong>ipse</strong></span> <span class='ocrx_word' id='word_1_193' title='bbox 1337 1378 1441 1436; x_wconf 88' lang='lat' dir='ltr'><strong>dederit</strong></span> <span class='ocrx_word' id='word_1_194' title='bbox 1460 1377 1583 1450; x_wconf 83' lang='lat' dir='ltr'><strong>proximo</strong></span> <span class='ocrx_word' id='word_1_195' title='bbox 1608 1392 1659 1433; x_wconf 92' lang='lat' dir='ltr'><strong>suo</strong></span> <span class='ocrx_word' id='word_1_196' title='bbox 1672 1375 1703 1435; x_wconf 91' lang='lat' dir='ltr'><strong>in</strong></span> 
     </span>
     <span class='ocr_line' id='line_1_15' title="bbox 56 1466 1703 1545; baseline -0.002 -19"><span class='ocrx_word' id='word_1_197' title='bbox 56 1485 114 1526; x_wconf 92' lang='lat' dir='ltr'><strong>uno</strong></span> <span class='ocrx_word' id='word_1_198' title='bbox 138 1469 291 1526; x_wconf 89' lang='lat' dir='ltr'><strong>aeternitaris</strong></span> <span class='ocrx_word' id='word_1_199' title='bbox 310 1470 442 1526; x_wconf 88' lang='lat' dir='ltr'><strong>desiderio</strong></span> <span class='ocrx_word' id='word_1_200' title='bbox 458 1470 632 1527; x_wconf 88' lang='lat' dir='ltr'><strong>immobiliter</strong></span> <span class='ocrx_word' id='word_1_201' title='bbox 646 1469 748 1545; x_wconf 88' lang='lat' dir='ltr'><strong>figitur.</strong></span> <span class='ocrx_word' id='word_1_202' title='bbox 762 1469 852 1525; x_wconf 82' lang='lat' dir='ltr'><strong>Debet</strong></span> <span class='ocrx_word' id='word_1_203' title='bbox 908 1482 937 1523; x_wconf 91' lang='lat' dir='ltr'><strong>se</strong></span> <span class='ocrx_word' id='word_1_204' title='bbox 950 1468 1203 1540; x_wconf 76' lang='lat' dir='ltr'><strong>peccacatorum</strong></span> <span class='ocrx_word' id='word_1_205' title='bbox 1216 1469 1302 1526; x_wconf 87' lang='lat' dir='ltr'><strong>Deum</strong></span> <span class='ocrx_word' id='word_1_206' title='bbox 1315 1467 1456 1541; x_wconf 92' lang='lat' dir='ltr'><strong>propitiari</strong></span> <span class='ocrx_word' id='word_1_207' title='bbox 1470 1467 1524 1523; x_wconf 88' lang='lat' dir='ltr'><strong>sibi</strong></span> <span class='ocrx_word' id='word_1_208' title='bbox 1537 1467 1643 1539; x_wconf 86' lang='lat' dir='ltr'><strong>quaerit,</strong></span> <span class='ocrx_word' id='word_1_209' title='bbox 1654 1466 1703 1540; x_wconf 90' lang='lat' dir='ltr'><strong>qui</strong></span> 
     </span>
     <span class='ocr_line' id='line_1_16' title="bbox 56 1556 1702 1633; baseline -0.001 -19"><span class='ocrx_word' id='word_1_210' title='bbox 56 1557 172 1631; x_wconf 88' lang='lat' dir='ltr'><strong>proinde</strong></span> <span class='ocrx_word' id='word_1_211' title='bbox 187 1558 392 1616; x_wconf 87' lang='lat' dir='ltr'><strong>fluctuationem</strong></span> <span class='ocrx_word' id='word_1_212' title='bbox 404 1559 493 1615; x_wconf 87' lang='lat' dir='ltr'><strong>cordis</strong></span> <span class='ocrx_word' id='word_1_213' title='bbox 504 1559 680 1633; x_wconf 77' lang='lat' dir='ltr'><strong>restringere,</strong></span> <span class='ocrx_word' id='word_1_214' title='bbox 695 1557 763 1615; x_wconf 89' lang='lat' dir='ltr'><strong>etad</strong></span> <span class='ocrx_word' id='word_1_215' title='bbox 773 1557 855 1615; x_wconf 92' lang='lat' dir='ltr'><strong>unius</strong></span> <span class='ocrx_word' id='word_1_216' title='bbox 908 1558 962 1613; x_wconf 92' lang='lat' dir='ltr'><strong>cito</strong></span> <span class='ocrx_word' id='word_1_217' title='bbox 972 1557 1073 1629; x_wconf 91' lang='lat' dir='ltr'><strong>placari</strong></span> <span class='ocrx_word' id='word_1_218' title='bbox 1089 1560 1210 1628; x_wconf 86' lang='lat' dir='ltr'><strong>proximo</strong></span> <span class='ocrx_word' id='word_1_219' title='bbox 1230 1557 1353 1633; x_wconf 86' lang='lat' dir='ltr'><strong>negligit.</strong></span> <span class='ocrx_word' id='word_1_220' title='bbox 1369 1558 1400 1616; x_wconf 92' lang='lat' dir='ltr'><strong>ln</strong></span> <span class='ocrx_word' id='word_1_221' title='bbox 1414 1566 1461 1615; x_wconf 92' lang='lat' dir='ltr'><strong>tua</strong></span> <span class='ocrx_word' id='word_1_222' title='bbox 1473 1556 1629 1614; x_wconf 86' lang='lat' dir='ltr'><strong>infirmitate</strong></span> <span class='ocrx_word' id='word_1_223' title='bbox 1646 1570 1702 1613; x_wconf 89' lang='lat' dir='ltr'><strong>non</strong></span> 
     </span>
     <span class='ocr_line' id='line_1_17' title="bbox 57 1609 1700 1725; baseline -0.002 -21"><span class='ocrx_word' id='word_1_224' title='bbox 57 1647 117 1704; x_wconf 82' lang='lat' dir='ltr'><strong>veri</strong></span> <span class='ocrx_word' id='word_1_225' title='bbox 131 1647 219 1719; x_wconf 80' lang='lat' dir='ltr'><strong>gaudii</strong></span> <span class='ocrx_word' id='word_1_226' title='bbox 234 1647 409 1721; x_wconf 91' lang='lat' dir='ltr'><strong>desiderium,</strong></span> <span class='ocrx_word' id='word_1_227' title='bbox 425 1650 619 1725; x_wconf 88' lang='lat' dir='ltr'><strong>cogitationum</strong></span> <span class='ocrx_word' id='word_1_228' title='bbox 631 1660 658 1706; x_wconf 89' lang='lat' dir='ltr'><strong>et</strong></span> <span class='ocrx_word' id='word_1_229' title='bbox 678 1648 854 1706; x_wconf 82' lang='lat' dir='ltr'><strong>affectionum</strong></span> <span class='ocrx_word' id='word_1_230' title='bbox 871 1609 893 1688; x_wconf 64' lang='grc' dir='ltr'><strong><em>Β</em></strong></span> <span class='ocrx_word' id='word_1_231' title='bbox 909 1645 1089 1718; x_wconf 88' lang='lat' dir='ltr'><strong>tedespicias,</strong></span> <span class='ocrx_word' id='word_1_232' title='bbox 1105 1647 1152 1703; x_wconf 85' lang='lat' dir='ltr'><strong>scd</strong></span> <span class='ocrx_word' id='word_1_233' title='bbox 1173 1662 1222 1704; x_wconf 92' lang='lat' dir='ltr'><strong>ora</strong></span> <span class='ocrx_word' id='word_1_234' title='bbox 1250 1650 1346 1715; x_wconf 89' lang='lat' dir='ltr'><strong>Deum,</strong></span> <span class='ocrx_word' id='word_1_235' title='bbox 1374 1655 1402 1703; x_wconf 89' lang='lat' dir='ltr'><strong>et</strong></span> <span class='ocrx_word' id='word_1_236' title='bbox 1420 1646 1525 1704; x_wconf 83' lang='lat' dir='ltr'><strong>curabit</strong></span> <span class='ocrx_word' id='word_1_237' title='bbox 1554 1655 1590 1702; x_wconf 90' lang='lat' dir='ltr'><strong>te.</strong></span> <span class='ocrx_word' id='word_1_238' title='bbox 1620 1644 1700 1717; x_wconf 81' lang='lat' dir='ltr'><strong>Saepe</strong></span> 
     </span>
     <span class='ocr_line' id='line_1_18' title="bbox 58 1733 1702 1812; baseline 0.001 -22"><span class='ocrx_word' id='word_1_239' title='bbox 58 1743 149 1794; x_wconf 91' lang='lat' dir='ltr'><strong>motus</strong></span> <span class='ocrx_word' id='word_1_240' title='bbox 159 1736 300 1812; x_wconf 87' lang='lat' dir='ltr'><strong>colligere.</strong></span> <span class='ocrx_word' id='word_1_241' title='bbox 908 1734 1008 1791; x_wconf 88' lang='lat' dir='ltr'><strong>multos</strong></span> <span class='ocrx_word' id='word_1_242' title='bbox 1020 1736 1096 1793; x_wconf 86' lang='lat' dir='ltr'><strong>Deus</strong></span> <span class='ocrx_word' id='word_1_243' title='bbox 1109 1750 1164 1792; x_wconf 92' lang='lat' dir='ltr'><strong>non</strong></span> <span class='ocrx_word' id='word_1_244' title='bbox 1179 1737 1286 1793; x_wconf 85' lang='lat' dir='ltr'><strong>exaudit</strong></span> <span class='ocrx_word' id='word_1_245' title='bbox 1296 1737 1329 1792; x_wconf 92' lang='lat' dir='ltr'><strong>ad</strong></span> <span class='ocrx_word' id='word_1_246' title='bbox 1338 1735 1519 1802; x_wconf 79' lang='lat' dir='ltr'><strong>uoluntatem,</strong></span> <span class='ocrx_word' id='word_1_247' title='bbox 1531 1745 1559 1791; x_wconf 89' lang='lat' dir='ltr'><strong>nt</strong></span> <span class='ocrx_word' id='word_1_248' title='bbox 1574 1733 1702 1792; x_wconf 83' lang='lat' dir='ltr'><strong>exaudiat</strong></span> 
     </span>
     <span class='ocr_line' id='line_1_19' title="bbox 327 1822 1703 1896; baseline -0.003 -14"><span class='ocrx_word' id='word_1_249' title='bbox 327 1826 441 1884; x_wconf 76' lang='lat' dir='ltr'><strong>catur</strong></span> <span class='ocrx_word' id='word_1_250' title='bbox 464 1826 592 1885; x_wconf 90' lang='lat' dir='ltr'><strong>XXVlll.</strong></span> <span class='ocrx_word' id='word_1_251' title='bbox 909 1822 1081 1881; x_wconf 87' lang='lat' dir='ltr'><strong>adsalutem.</strong></span> <span class='ocrx_word' id='word_1_252' title='bbox 1097 1824 1207 1881; x_wconf 85' lang='lat' dir='ltr'><strong>Duobus</strong></span> <span class='ocrx_word' id='word_1_253' title='bbox 1222 1824 1309 1881; x_wconf 90' lang='lat' dir='ltr'><strong>modis</strong></span> <span class='ocrx_word' id='word_1_254' title='bbox 1323 1824 1409 1882; x_wconf 88' lang='lat' dir='ltr'><strong>oratio</strong></span> <span class='ocrx_word' id='word_1_255' title='bbox 1424 1822 1582 1896; x_wconf 87' lang='lat' dir='ltr'><strong>impeditur,</strong></span> <span class='ocrx_word' id='word_1_256' title='bbox 1596 1838 1630 1878; x_wconf 92' lang='lat' dir='ltr'><strong>ne</strong></span> <span class='ocrx_word' id='word_1_257' title='bbox 1649 1824 1703 1879; x_wconf 90' lang='lat' dir='ltr'><strong>im·</strong></span> 
     </span>
    </p>

    <p class='ocr_par' dir='ltr' id='par_1_3' title="bbox 57 1911 1704 2076">
     <span class='ocr_line' id='line_1_20' title="bbox 57 1911 1704 1990; baseline -0.002 -20"><span class='ocrx_word' id='word_1_258' title='bbox 57 1916 97 1972; x_wconf 84' lang='lat' dir='ltr'><strong>Dc</strong></span> <span class='ocrx_word' id='word_1_259' title='bbox 113 1916 190 1971; x_wconf 82' lang='lat' dir='ltr'><strong>uitiis</strong></span> <span class='ocrx_word' id='word_1_260' title='bbox 212 1920 240 1972; x_wconf 85' lang='lat' dir='ltr'><strong>et</strong></span> <span class='ocrx_word' id='word_1_261' title='bbox 264 1914 396 1974; x_wconf 77' lang='lat' dir='ltr'><strong>obesitas</strong></span> <span class='ocrx_word' id='word_1_262' title='bbox 422 1919 537 1990; x_wconf 72' lang='lat' dir='ltr'><strong>lingue,</strong></span> <span class='ocrx_word' id='word_1_263' title='bbox 560 1919 675 1987; x_wconf 83' lang='lat' dir='ltr'><strong>cantas,</strong></span> <span class='ocrx_word' id='word_1_264' title='bbox 695 1918 853 1989; x_wconf 83' lang='lat' dir='ltr'><strong>juramen·</strong></span> <span class='ocrx_word' id='word_1_265' title='bbox 909 1918 1016 1982; x_wconf 87' lang='lat' dir='ltr'><strong>patrare</strong></span> <span class='ocrx_word' id='word_1_266' title='bbox 1030 1912 1091 1985; x_wconf 92' lang='lat' dir='ltr'><strong>quis</strong></span> <span class='ocrx_word' id='word_1_267' title='bbox 1104 1915 1191 1971; x_wconf 83' lang='lat' dir='ltr'><strong>valeat</strong></span> <span class='ocrx_word' id='word_1_268' title='bbox 1204 1914 1338 1986; x_wconf 85' lang='lat' dir='ltr'><strong>postulata</strong></span> <span class='ocrx_word' id='word_1_269' title='bbox 1355 1913 1425 1969; x_wconf 74' lang='lat' dir='ltr'><strong>2hoc</strong></span> <span class='ocrx_word' id='word_1_270' title='bbox 1439 1923 1490 1980; x_wconf 87' lang='lat' dir='ltr'><strong>est,</strong></span> <span class='ocrx_word' id='word_1_271' title='bbox 1516 1913 1608 1969; x_wconf 87' lang='lat' dir='ltr'><strong>siant</strong></span> <span class='ocrx_word' id='word_1_272' title='bbox 1633 1911 1704 1967; x_wconf 91' lang='lat' dir='ltr'><strong>mala</strong></span> 
     </span>
     <span class='ocr_line' id='line_1_21' title="bbox 410 2000 1700 2076; baseline -0.003 -16"><span class='ocrx_word' id='word_1_273' title='bbox 410 2009 443 2072; x_wconf 83' lang='lat' dir='ltr'><strong>ti,</strong></span> <span class='ocrx_word' id='word_1_274' title='bbox 459 2014 511 2062; x_wconf 91' lang='lat' dir='ltr'><strong>etc.</strong></span> <span class='ocrx_word' id='word_1_275' title='bbox 910 2001 1022 2074; x_wconf 88' lang='lat' dir='ltr'><strong>quisquc</strong></span> <span class='ocrx_word' id='word_1_276' title='bbox 1042 2003 1193 2072; x_wconf 85' lang='lat' dir='ltr'><strong>committit,</strong></span> <span class='ocrx_word' id='word_1_277' title='bbox 1222 2004 1307 2062; x_wconf 90' lang='lat' dir='ltr'><strong>autsi</strong></span> <span class='ocrx_word' id='word_1_278' title='bbox 1330 2002 1497 2076; x_wconf 85' lang='lat' dir='ltr'><strong>delinquenti</strong></span> <span class='ocrx_word' id='word_1_279' title='bbox 1517 2002 1545 2058; x_wconf 90' lang='lat' dir='ltr'><strong>iu</strong></span> <span class='ocrx_word' id='word_1_280' title='bbox 1561 2017 1590 2058; x_wconf 90' lang='lat' dir='ltr'><strong>se</strong></span> <span class='ocrx_word' id='word_1_281' title='bbox 1605 2000 1700 2057; x_wconf 91' lang='lat' dir='ltr'><strong>debita</strong></span> 
     </span>
    </p>

    <p class='ocr_par' dir='ltr' id='par_1_4' title="bbox 60 2090 1710 4040">
     <span class='ocr_line' id='line_1_22' title="bbox 97 2090 1093 2167; baseline 0.001 -21"><span class='ocrx_word' id='word_1_282' title='bbox 97 2094 142 2149; x_wconf 81' lang='lat'><strong>58.</strong></span> <span class='ocrx_word' id='word_1_283' title='bbox 158 2092 270 2148; x_wconf 90' lang='lat' dir='ltr'><strong>ltlultum</strong></span> <span class='ocrx_word' id='word_1_284' title='bbox 284 2093 370 2164; x_wconf 92' lang='lat' dir='ltr'><strong>loqui,</strong></span> <span class='ocrx_word' id='word_1_285' title='bbox 385 2095 499 2151; x_wconf 90' lang='lat' dir='ltr'><strong>stultitia</strong></span> <span class='ocrx_word' id='word_1_286' title='bbox 509 2101 570 2150; x_wconf 86' lang='lat' dir='ltr'><strong>est:</strong></span> <span class='ocrx_word' id='word_1_287' title='bbox 592 2094 720 2167; x_wconf 91' lang='lat' dir='ltr'><strong>quoniam</strong></span> <span class='ocrx_word' id='word_1_288' title='bbox 735 2093 762 2148; x_wconf 92' lang='lat' dir='ltr'><strong>in</strong></span> <span class='ocrx_word' id='word_1_289' title='bbox 781 2092 854 2148; x_wconf 91' lang='lat' dir='ltr'><strong>mul·</strong></span> <span class='ocrx_word' id='word_1_290' title='bbox 909 2105 963 2146; x_wconf 91' lang='lat' dir='ltr'><strong>non</strong></span> <span class='ocrx_word' id='word_1_291' title='bbox 973 2090 1093 2148; x_wconf 90' lang='lat' dir='ltr'><strong>dimittit.</strong></span> 
     </span>
     <span class='ocr_line' id='line_1_23' title="bbox 60 2177 1704 2256; baseline -0.003 -18"><span class='ocrx_word' id='word_1_292' title='bbox 60 2179 176 2254; x_wconf 89' lang='lat' dir='ltr'><strong>tiloquio</strong></span> <span class='ocrx_word' id='word_1_293' title='bbox 198 2189 335 2250; x_wconf 89' lang='lat' dir='ltr'><strong>peccatum</strong></span> <span class='ocrx_word' id='word_1_294' title='bbox 350 2181 443 2239; x_wconf 86' lang='lat' dir='ltr'><strong>deesse</strong></span> <span class='ocrx_word' id='word_1_295' title='bbox 467 2198 521 2238; x_wconf 92' lang='lat' dir='ltr'><strong>non</strong></span> <span class='ocrx_word' id='word_1_296' title='bbox 536 2189 624 2256; x_wconf 89' lang='lat' dir='ltr'><strong>potest</strong></span> <span class='ocrx_word' id='word_1_297' title='bbox 638 2186 732 2254; x_wconf 85' lang='lat' dir='ltr'><strong>(Pron.</strong></span> <span class='ocrx_word' id='word_1_298' title='bbox 753 2198 784 2251; x_wconf 87' lang='lat' dir='ltr'><strong>x,</strong></span> <span class='ocrx_word' id='word_1_299' title='bbox 797 2181 854 2252; x_wconf 82' lang='lat' dir='ltr'><strong>to).</strong></span> <span class='ocrx_word' id='word_1_300' title='bbox 945 2181 989 2234; x_wconf 85' lang='lat' dir='ltr'><strong>ot.</strong></span> <span class='ocrx_word' id='word_1_301' title='bbox 1010 2181 1080 2237; x_wconf 83' lang='lat' dir='ltr'><strong>Vera</strong></span> <span class='ocrx_word' id='word_1_302' title='bbox 1093 2180 1227 2239; x_wconf 83' lang='lat' dir='ltr'><strong>confessio</strong></span> <span class='ocrx_word' id='word_1_303' title='bbox 1242 2189 1269 2238; x_wconf 92' lang='lat' dir='ltr'><strong>et</strong></span> <span class='ocrx_word' id='word_1_304' title='bbox 1282 2181 1513 2254; x_wconf 82' lang='lat' dir='ltr'><strong>varapoenitentia</strong></span> <span class='ocrx_word' id='word_1_305' title='bbox 1528 2189 1579 2248; x_wconf 91' lang='lat' dir='ltr'><strong>est,</strong></span> <span class='ocrx_word' id='word_1_306' title='bbox 1595 2177 1704 2253; x_wconf 89' lang='lat' dir='ltr'><strong>quando</strong></span> 
     </span>
     <span class='ocr_line' id='line_1_24' title="bbox 61 2267 1709 2345; baseline -0.002 -19"><span class='ocrx_word' id='word_1_307' title='bbox 61 2269 169 2343; x_wconf 81' lang='lat' dir='ltr'><strong>lingua</strong></span> <span class='ocrx_word' id='word_1_308' title='bbox 184 2269 289 2336; x_wconf 87' lang='lat' dir='ltr'><strong>dicitur,</strong></span> <span class='ocrx_word' id='word_1_309' title='bbox 306 2271 369 2340; x_wconf 89' lang='lat' dir='ltr'><strong>quia</strong></span> <span class='ocrx_word' id='word_1_310' title='bbox 383 2271 470 2345; x_wconf 87' lang='lat' dir='ltr'><strong>lingit.</strong></span> <span class='ocrx_word' id='word_1_311' title='bbox 485 2272 574 2345; x_wconf 81' lang='lat' dir='ltr'><strong>lingit</strong></span> <span class='ocrx_word' id='word_1_312' title='bbox 588 2270 734 2342; x_wconf 89' lang='lat' dir='ltr'><strong>adulando,</strong></span> <span class='ocrx_word' id='word_1_313' title='bbox 750 2269 857 2326; x_wconf 91' lang='lat' dir='ltr'><strong>mordet</strong></span> <span class='ocrx_word' id='word_1_314' title='bbox 907 2267 948 2324; x_wconf 87' lang='lat' dir='ltr'><strong>sic</strong></span> <span class='ocrx_word' id='word_1_315' title='bbox 962 2269 1076 2341; x_wconf 90' lang='lat' dir='ltr'><strong>poenitet</strong></span> <span class='ocrx_word' id='word_1_316' title='bbox 1095 2270 1231 2327; x_wconf 89' lang='lat' dir='ltr'><strong>homiuem</strong></span> <span class='ocrx_word' id='word_1_317' title='bbox 1246 2286 1383 2343; x_wconf 81' lang='lat' dir='ltr'><strong>peccasse,</strong></span> <span class='ocrx_word' id='word_1_318' title='bbox 1408 2278 1438 2328; x_wconf 94' lang='lat' dir='ltr'><strong>ut</strong></span> <span class='ocrx_word' id='word_1_319' title='bbox 1457 2269 1568 2327; x_wconf 90' lang='lat' dir='ltr'><strong>crimem</strong></span> <span class='ocrx_word' id='word_1_320' title='bbox 1593 2283 1647 2325; x_wconf 93' lang='lat' dir='ltr'><strong>nou</strong></span> <span class='ocrx_word' id='word_1_321' title='bbox 1663 2283 1709 2324; x_wconf 90' lang='lat' dir='ltr'><strong>re·</strong></span> 
     </span>
     <span class='ocr_line' id='line_1_25' title="bbox 62 2357 1708 2435; baseline -0.001 -19"><span class='ocrx_word' id='word_1_322' title='bbox 62 2358 239 2425; x_wconf 84' lang='lat' dir='ltr'><strong>detrahendo,</strong></span> <span class='ocrx_word' id='word_1_323' title='bbox 254 2359 356 2416; x_wconf 90' lang='lat' dir='ltr'><strong>occidit</strong></span> <span class='ocrx_word' id='word_1_324' title='bbox 382 2361 546 2418; x_wconf 85' lang='lat' dir='ltr'><strong>mentiendo.</strong></span> <span class='ocrx_word' id='word_1_325' title='bbox 563 2361 652 2435; x_wconf 84' lang='lat' dir='ltr'><strong>Ligat,</strong></span> <span class='ocrx_word' id='word_1_326' title='bbox 668 2371 695 2418; x_wconf 92' lang='lat' dir='ltr'><strong>et</strong></span> <span class='ocrx_word' id='word_1_327' title='bbox 710 2359 788 2432; x_wconf 87' lang='lat' dir='ltr'><strong>ligari</strong></span> <span class='ocrx_word' id='word_1_328' title='bbox 801 2375 856 2416; x_wconf 92' lang='lat' dir='ltr'><strong>nou</strong></span> <span class='ocrx_word' id='word_1_329' title='bbox 910 2364 994 2428; x_wconf 87' lang='lat' dir='ltr'><strong>petat.</strong></span> <span class='ocrx_word' id='word_1_330' title='bbox 1009 2357 1080 2414; x_wconf 90' lang='lat' dir='ltr'><strong>Nihil</strong></span> <span class='ocrx_word' id='word_1_331' title='bbox 1095 2359 1173 2430; x_wconf 89' lang='lat' dir='ltr'><strong>pejus</strong></span> <span class='ocrx_word' id='word_1_332' title='bbox 1187 2368 1228 2416; x_wconf 92' lang='lat' dir='ltr'><strong>est</strong></span> <span class='ocrx_word' id='word_1_333' title='bbox 1241 2376 1323 2432; x_wconf 90' lang='lat' dir='ltr'><strong>qnam</strong></span> <span class='ocrx_word' id='word_1_334' title='bbox 1336 2359 1445 2432; x_wconf 88' lang='lat' dir='ltr'><strong>culpam</strong></span> <span class='ocrx_word' id='word_1_335' title='bbox 1460 2374 1638 2432; x_wconf 78' lang='lat' dir='ltr'><strong>cognoscere,</strong></span> <span class='ocrx_word' id='word_1_336' title='bbox 1656 2372 1708 2416; x_wconf 89' lang='lat' dir='ltr'><strong>nec</strong></span> 
     </span>
     <span class='ocr_line' id='line_1_26' title="bbox 61 2445 1707 2522; baseline -0.001 -17"><span class='ocrx_word' id='word_1_337' title='bbox 61 2456 171 2521; x_wconf 89' lang='lat' dir='ltr'><strong>potest:</strong></span> <span class='ocrx_word' id='word_1_338' title='bbox 192 2448 279 2504; x_wconf 87' lang='lat' dir='ltr'><strong>labilis</strong></span> <span class='ocrx_word' id='word_1_339' title='bbox 294 2460 344 2517; x_wconf 90' lang='lat' dir='ltr'><strong>est,</strong></span> <span class='ocrx_word' id='word_1_340' title='bbox 359 2459 385 2507; x_wconf 89' lang='lat' dir='ltr'><strong>et</strong></span> <span class='ocrx_word' id='word_1_341' title='bbox 401 2452 486 2508; x_wconf 90' lang='lat' dir='ltr'><strong>teneri</strong></span> <span class='ocrx_word' id='word_1_342' title='bbox 502 2456 677 2522; x_wconf 87' lang='lat' dir='ltr'><strong>uoupotast;</strong></span> <span class='ocrx_word' id='word_1_343' title='bbox 692 2450 740 2507; x_wconf 90' lang='lat' dir='ltr'><strong>sed</strong></span> <span class='ocrx_word' id='word_1_344' title='bbox 755 2448 856 2506; x_wconf 83' lang='lat' dir='ltr'><strong>labitur</strong></span> <span class='ocrx_word' id='word_1_345' title='bbox 909 2445 1021 2502; x_wconf 90' lang='lat' dir='ltr'><strong>dellere.</strong></span> <span class='ocrx_word' id='word_1_346' title='bbox 1044 2447 1073 2503; x_wconf 90' lang='lat' dir='ltr'><strong>Si</strong></span> <span class='ocrx_word' id='word_1_347' title='bbox 1096 2448 1194 2504; x_wconf 87' lang='lat' dir='ltr'><strong>videris</strong></span> <span class='ocrx_word' id='word_1_348' title='bbox 1224 2448 1368 2521; x_wconf 92' lang='lat' dir='ltr'><strong>aliquando</strong></span> <span class='ocrx_word' id='word_1_349' title='bbox 1395 2456 1599 2521; x_wconf 84' lang='lat' dir='ltr'><strong>persecutorem</strong></span> <span class='ocrx_word' id='word_1_350' title='bbox 1629 2458 1707 2504; x_wconf 89' lang='lat' dir='ltr'><strong>tuum</strong></span> 
     </span>
     <span class='ocr_line' id='line_1_27' title="bbox 63 2533 1705 2613; baseline -0.001 -19"><span class='ocrx_word' id='word_1_351' title='bbox 63 2546 92 2594; x_wconf 92' lang='lat' dir='ltr'><strong>et</strong></span> <span class='ocrx_word' id='word_1_352' title='bbox 107 2537 215 2594; x_wconf 80' lang='lat' dir='ltr'><strong>fallitur.</strong></span> <span class='ocrx_word' id='word_1_353' title='bbox 227 2537 338 2594; x_wconf 86' lang='lat' dir='ltr'><strong>Labitur</strong></span> <span class='ocrx_word' id='word_1_354' title='bbox 356 2547 384 2593; x_wconf 93' lang='lat' dir='ltr'><strong>ut</strong></span> <span class='ocrx_word' id='word_1_355' title='bbox 407 2539 536 2613; x_wconf 84' lang='lat' dir='ltr'><strong>anguilla,</strong></span> <span class='ocrx_word' id='word_1_356' title='bbox 553 2545 677 2611; x_wconf 90' lang='lat' dir='ltr'><strong>penetrat</strong></span> <span class='ocrx_word' id='word_1_357' title='bbox 689 2547 719 2594; x_wconf 93' lang='lat' dir='ltr'><strong>ut</strong></span> <span class='ocrx_word' id='word_1_358' title='bbox 734 2537 853 2610; x_wconf 85' lang='lat' dir='ltr'><strong>sagitta;</strong></span> <span class='ocrx_word' id='word_1_359' title='bbox 909 2533 1167 2604; x_wconf 85' lang='lat' dir='ltr'><strong>nimissaevicutem,</strong></span> <span class='ocrx_word' id='word_1_360' title='bbox 1182 2538 1248 2595; x_wconf 86' lang='lat' dir='ltr'><strong>scito</strong></span> <span class='ocrx_word' id='word_1_361' title='bbox 1261 2536 1567 2610; x_wconf 73' lang='lat' dir='ltr'><strong>858quiaascensore</strong></span> <span class='ocrx_word' id='word_1_362' title='bbox 1581 2551 1630 2594; x_wconf 92' lang='lat' dir='ltr'><strong>suo</strong></span> <span class='ocrx_word' id='word_1_363' title='bbox 1646 2539 1705 2593; x_wconf 79' lang='lat' dir='ltr'><strong>dae-</strong></span> 
     </span>
     <span class='ocr_line' id='line_1_28' title="bbox 64 2622 1710 2702; baseline -0.001 -19"><span class='ocrx_word' id='word_1_364' title='bbox 64 2627 132 2684; x_wconf 85' lang='lat' dir='ltr'><strong>tollir</strong></span> <span class='ocrx_word' id='word_1_365' title='bbox 145 2628 256 2695; x_wconf 86' lang='lat' dir='ltr'><strong>amicos,</strong></span> <span class='ocrx_word' id='word_1_366' title='bbox 272 2627 431 2700; x_wconf 89' lang='lat' dir='ltr'><strong>multiplicat</strong></span> <span class='ocrx_word' id='word_1_367' title='bbox 444 2628 584 2698; x_wconf 89' lang='lat' dir='ltr'><strong>inimieos;</strong></span> <span class='ocrx_word' id='word_1_368' title='bbox 601 2635 693 2685; x_wconf 81' lang='lat' dir='ltr'><strong>monet</strong></span> <span class='ocrx_word' id='word_1_369' title='bbox 708 2628 792 2694; x_wconf 85' lang='lat' dir='ltr'><strong>rixas,</strong></span> <span class='ocrx_word' id='word_1_370' title='bbox 808 2641 855 2683; x_wconf 91' lang='lat' dir='ltr'><strong>se·</strong></span> <span class='ocrx_word' id='word_1_371' title='bbox 911 2639 990 2682; x_wconf 90' lang='lat' dir='ltr'><strong>mone</strong></span> <span class='ocrx_word' id='word_1_372' title='bbox 1003 2634 1174 2702; x_wconf 89' lang='lat' dir='ltr'><strong>perurgetur.</strong></span> <span class='ocrx_word' id='word_1_373' title='bbox 1198 2626 1293 2685; x_wconf 91' lang='lat' dir='ltr'><strong>Omnis</strong></span> <span class='ocrx_word' id='word_1_374' title='bbox 1316 2629 1397 2685; x_wconf 90' lang='lat' dir='ltr'><strong>homo</strong></span> <span class='ocrx_word' id='word_1_375' title='bbox 1417 2627 1463 2699; x_wconf 91' lang='lat' dir='ltr'><strong>qui</strong></span> <span class='ocrx_word' id='word_1_376' title='bbox 1476 2622 1558 2685; x_wconf 89' lang='lat' dir='ltr'><strong>alium</strong></span> <span class='ocrx_word' id='word_1_377' title='bbox 1582 2627 1610 2682; x_wconf 92' lang='lat' dir='ltr'><strong>iu</strong></span> <span class='ocrx_word' id='word_1_378' title='bbox 1642 2641 1710 2683; x_wconf 89' lang='lat' dir='ltr'><strong>cor·</strong></span> 
     </span>
     <span class='ocr_line' id='line_1_29' title="bbox 63 2715 1705 2792; baseline -0.001 -20"><span class='ocrx_word' id='word_1_379' title='bbox 63 2718 149 2772; x_wconf 90' lang='lat' dir='ltr'><strong>minat</strong></span> <span class='ocrx_word' id='word_1_380' title='bbox 164 2717 320 2774; x_wconf 82' lang='lat' dir='ltr'><strong>discordias.</strong></span> <span class='ocrx_word' id='word_1_381' title='bbox 336 2719 394 2773; x_wconf 92' lang='lat' dir='ltr'><strong>Uno</strong></span> <span class='ocrx_word' id='word_1_382' title='bbox 410 2717 464 2774; x_wconf 87' lang='lat' dir='ltr'><strong>ictu</strong></span> <span class='ocrx_word' id='word_1_383' title='bbox 479 2718 577 2774; x_wconf 89' lang='lat' dir='ltr'><strong>multos</strong></span> <span class='ocrx_word' id='word_1_384' title='bbox 596 2716 712 2792; x_wconf 86' lang='lat' dir='ltr'><strong>percutit</strong></span> <span class='ocrx_word' id='word_1_385' title='bbox 730 2726 757 2774; x_wconf 90' lang='grc' dir='ltr'><strong>ει</strong></span> <span class='ocrx_word' id='word_1_386' title='bbox 773 2717 856 2771; x_wconf 88' lang='lat' dir='ltr'><strong>inter·</strong></span> <span class='ocrx_word' id='word_1_387' title='bbox 911 2728 977 2785; x_wconf 90' lang='lat' dir='ltr'><strong>pore</strong></span> <span class='ocrx_word' id='word_1_388' title='bbox 989 2715 1170 2787; x_wconf 88' lang='lat' dir='ltr'><strong>persequitur,</strong></span> <span class='ocrx_word' id='word_1_389' title='bbox 1185 2717 1261 2788; x_wconf 90' lang='lat' dir='ltr'><strong>prius</strong></span> <span class='ocrx_word' id='word_1_390' title='bbox 1271 2717 1330 2789; x_wconf 90' lang='lat' dir='ltr'><strong>ipse</strong></span> <span class='ocrx_word' id='word_1_391' title='bbox 1346 2719 1373 2772; x_wconf 93' lang='lat' dir='ltr'><strong>in</strong></span> <span class='ocrx_word' id='word_1_392' title='bbox 1388 2718 1469 2774; x_wconf 88' lang='lat' dir='ltr'><strong>corda</strong></span> <span class='ocrx_word' id='word_1_393' title='bbox 1490 2717 1705 2789; x_wconf 88' lang='lat' dir='ltr'><strong>persecutionem</strong></span> 
     </span>
     <span class='ocr_line' id='line_1_30' title="bbox 64 2802 1705 2879; baseline -0.001 -16"><span class='ocrx_word' id='word_1_394' title='bbox 64 2806 131 2864; x_wconf 87' lang='lat' dir='ltr'><strong>ficit.</strong></span> <span class='ocrx_word' id='word_1_395' title='bbox 144 2806 245 2862; x_wconf 78' lang='lat' dir='ltr'><strong>blanda</strong></span> <span class='ocrx_word' id='word_1_396' title='bbox 258 2815 297 2863; x_wconf 89' lang='lat' dir='ltr'><strong>ast</strong></span> <span class='ocrx_word' id='word_1_397' title='bbox 312 2816 338 2862; x_wconf 87' lang='lat' dir='ltr'><strong>et</strong></span> <span class='ocrx_word' id='word_1_398' title='bbox 352 2807 477 2876; x_wconf 89' lang='lat' dir='ltr'><strong>subdola,</strong></span> <span class='ocrx_word' id='word_1_399' title='bbox 493 2808 545 2863; x_wconf 89' lang='lat' dir='ltr'><strong>lata</strong></span> <span class='ocrx_word' id='word_1_400' title='bbox 556 2818 583 2864; x_wconf 91' lang='grc' dir='ltr'><strong>ει</strong></span> <span class='ocrx_word' id='word_1_401' title='bbox 596 2814 689 2879; x_wconf 87' lang='lat' dir='ltr'><strong>parata</strong></span> <span class='ocrx_word' id='word_1_402' title='bbox 707 2805 740 2861; x_wconf 92' lang='lat' dir='ltr'><strong>ad</strong></span> <span class='ocrx_word' id='word_1_403' title='bbox 751 2805 855 2862; x_wconf 84' lang='lat' dir='ltr'><strong>eubau-</strong></span> <span class='ocrx_word' id='word_1_404' title='bbox 910 2802 1044 2860; x_wconf 89' lang='lat' dir='ltr'><strong>sustinere</strong></span> <span class='ocrx_word' id='word_1_405' title='bbox 1057 2805 1240 2877; x_wconf 89' lang='lat' dir='ltr'><strong>cognoscitur.</strong></span> <span class='ocrx_word' id='word_1_406' title='bbox 1257 2806 1345 2879; x_wconf 89' lang='lat' dir='ltr'><strong>Super</strong></span> <span class='ocrx_word' id='word_1_407' title='bbox 1362 2807 1412 2863; x_wconf 84' lang='lat' dir='ltr'><strong>tria</strong></span> <span class='ocrx_word' id='word_1_408' title='bbox 1426 2806 1502 2862; x_wconf 90' lang='lat' dir='ltr'><strong>firma</strong></span> <span class='ocrx_word' id='word_1_409' title='bbox 1525 2807 1602 2863; x_wconf 86' lang='lat' dir='ltr'><strong>sedet</strong></span> <span class='ocrx_word' id='word_1_410' title='bbox 1615 2806 1705 2863; x_wconf 86' lang='lat' dir='ltr'><strong>bumi-</strong></span> 
     </span>
     <span class='ocr_line' id='line_1_31' title="bbox 65 2886 1708 2970; baseline -0.002 -16"><span class='ocrx_word' id='word_1_411' title='bbox 65 2897 158 2954; x_wconf 91' lang='lat' dir='ltr'><strong>rienda</strong></span> <span class='ocrx_word' id='word_1_412' title='bbox 181 2898 262 2964; x_wconf 87' lang='lat' dir='ltr'><strong>bona,</strong></span> <span class='ocrx_word' id='word_1_413' title='bbox 279 2906 306 2953; x_wconf 92' lang='lat' dir='ltr'><strong>et</strong></span> <span class='ocrx_word' id='word_1_414' title='bbox 334 2897 472 2955; x_wconf 90' lang='lat' dir='ltr'><strong>miscenda</strong></span> <span class='ocrx_word' id='word_1_415' title='bbox 488 2897 568 2954; x_wconf 90' lang='lat' dir='ltr'><strong>mala.</strong></span> <span class='ocrx_word' id='word_1_416' title='bbox 588 2898 640 2970; x_wconf 88' lang='lat' dir='ltr'><strong>Qui</strong></span> <span class='ocrx_word' id='word_1_417' title='bbox 658 2897 775 2954; x_wconf 89' lang='lat' dir='ltr'><strong>custodit</strong></span> <span class='ocrx_word' id='word_1_418' title='bbox 801 2895 856 2951; x_wconf 91' lang='lat' dir='ltr'><strong>lin·</strong></span> <span class='ocrx_word' id='word_1_419' title='bbox 872 2886 895 2965; x_wconf 72' lang='lat' dir='ltr'><strong>c</strong></span> <span class='ocrx_word' id='word_1_420' title='bbox 910 2890 991 2948; x_wconf 89' lang='lat' dir='ltr'><strong>litatis</strong></span> <span class='ocrx_word' id='word_1_421' title='bbox 1005 2891 1155 2964; x_wconf 84' lang='lat' dir='ltr'><strong>perfectio:</strong></span> <span class='ocrx_word' id='word_1_422' title='bbox 1172 2903 1202 2950; x_wconf 95' lang='lat' dir='ltr'><strong>ut</strong></span> <span class='ocrx_word' id='word_1_423' title='bbox 1214 2895 1334 2952; x_wconf 91' lang='lat' dir='ltr'><strong>attendat</strong></span> <span class='ocrx_word' id='word_1_424' title='bbox 1347 2895 1429 2951; x_wconf 85' lang='lat' dir='ltr'><strong>hono</strong></span> <span class='ocrx_word' id='word_1_425' title='bbox 1445 2894 1509 2968; x_wconf 92' lang='lat' dir='ltr'><strong>quid</strong></span> <span class='ocrx_word' id='word_1_426' title='bbox 1524 2893 1574 2950; x_wconf 89' lang='lat' dir='ltr'><strong>init</strong></span> <span class='ocrx_word' id='word_1_427' title='bbox 1588 2902 1650 2950; x_wconf 88' lang='lat' dir='ltr'><strong>aute</strong></span> <span class='ocrx_word' id='word_1_428' title='bbox 1663 2910 1708 2951; x_wconf 88' lang='lat' dir='ltr'><strong>or-</strong></span> 
     </span>
     <span class='ocr_line' id='line_1_32' title="bbox 64 2981 1703 3059; baseline -0.002 -16"><span class='ocrx_word' id='word_1_429' title='bbox 64 3003 147 3059; x_wconf 88' lang='lat' dir='ltr'><strong>gunm</strong></span> <span class='ocrx_word' id='word_1_430' title='bbox 158 3003 245 3055; x_wconf 90' lang='lat' dir='ltr'><strong>suam,</strong></span> <span class='ocrx_word' id='word_1_431' title='bbox 262 2987 381 3042; x_wconf 89' lang='lat' dir='ltr'><strong>custodit</strong></span> <span class='ocrx_word' id='word_1_432' title='bbox 395 2986 511 3042; x_wconf 89' lang='lat' dir='ltr'><strong>animam</strong></span> <span class='ocrx_word' id='word_1_433' title='bbox 521 3002 600 3044; x_wconf 88' lang='lat' dir='ltr'><strong>suam</strong></span> <span class='ocrx_word' id='word_1_434' title='bbox 614 2988 707 3058; x_wconf 69' lang='lat' dir='ltr'><strong>(Pron.</strong></span> <span class='ocrx_word' id='word_1_435' title='bbox 717 3001 780 3053; x_wconf 83' lang='lat' dir='ltr'><strong>xxa,</strong></span> <span class='ocrx_word' id='word_1_436' title='bbox 792 2988 854 3058; x_wconf 78' lang='lat'><strong>23);</strong></span> <span class='ocrx_word' id='word_1_437' title='bbox 911 2987 979 3050; x_wconf 92' lang='lat' dir='ltr'><strong>tum,</strong></span> <span class='ocrx_word' id='word_1_438' title='bbox 994 2981 1059 3053; x_wconf 90' lang='lat' dir='ltr'><strong>quid</strong></span> <span class='ocrx_word' id='word_1_439' title='bbox 1074 2990 1116 3039; x_wconf 90' lang='lat' dir='ltr'><strong>est</strong></span> <span class='ocrx_word' id='word_1_440' title='bbox 1135 2985 1168 3040; x_wconf 85' lang='lat' dir='ltr'><strong>ab</strong></span> <span class='ocrx_word' id='word_1_441' title='bbox 1182 2991 1243 3041; x_wconf 89' lang='lat' dir='ltr'><strong>ortu</strong></span> <span class='ocrx_word' id='word_1_442' title='bbox 1258 3000 1345 3056; x_wconf 91' lang='lat' dir='ltr'><strong>usque</strong></span> <span class='ocrx_word' id='word_1_443' title='bbox 1368 2986 1401 3041; x_wconf 90' lang='lat' dir='ltr'><strong>ad</strong></span> <span class='ocrx_word' id='word_1_444' title='bbox 1416 2999 1556 3054; x_wconf 83' lang='lat' dir='ltr'><strong>occasrmr,</strong></span> <span class='ocrx_word' id='word_1_445' title='bbox 1571 2983 1637 3056; x_wconf 89' lang='lat' dir='ltr'><strong>quid</strong></span> <span class='ocrx_word' id='word_1_446' title='bbox 1651 2984 1703 3041; x_wconf 91' lang='lat' dir='ltr'><strong>crit</strong></span> 
     </span>
     <span class='ocr_line' id='line_1_33' title="bbox 64 3069 1691 3149; baseline -0.001 -17"><span class='ocrx_word' id='word_1_447' title='bbox 64 3077 191 3149; x_wconf 88' lang='lat' dir='ltr'><strong>qnoniam</strong></span> <span class='ocrx_word' id='word_1_448' title='bbox 207 3092 280 3132; x_wconf 90' lang='lat' dir='ltr'><strong>mors</strong></span> <span class='ocrx_word' id='word_1_449' title='bbox 290 3086 315 3131; x_wconf 84' lang='grc' dir='ltr'><strong>ει</strong></span> <span class='ocrx_word' id='word_1_450' title='bbox 327 3076 380 3132; x_wconf 91' lang='lat' dir='ltr'><strong>vita</strong></span> <span class='ocrx_word' id='word_1_451' title='bbox 399 3076 424 3131; x_wconf 95' lang='lat' dir='ltr'><strong>in</strong></span> <span class='ocrx_word' id='word_1_452' title='bbox 440 3084 572 3147; x_wconf 89' lang='lat' dir='ltr'><strong>potestate</strong></span> <span class='ocrx_word' id='word_1_453' title='bbox 591 3076 693 3149; x_wconf 79' lang='lat' dir='ltr'><strong>linguae</strong></span> <span class='ocrx_word' id='word_1_454' title='bbox 706 3084 748 3132; x_wconf 89' lang='lat' dir='ltr'><strong>est</strong></span> <span class='ocrx_word' id='word_1_455' title='bbox 762 3075 857 3145; x_wconf 84' lang='lat' dir='ltr'><strong>(Pron.</strong></span> <span class='ocrx_word' id='word_1_456' title='bbox 911 3077 971 3139; x_wconf 75' lang='lat' dir='ltr'><strong>post</strong></span> <span class='ocrx_word' id='word_1_457' title='bbox 985 3069 1057 3127; x_wconf 83' lang='lat' dir='ltr'><strong>hanc</strong></span> <span class='ocrx_word' id='word_1_458' title='bbox 1070 3071 1159 3129; x_wconf 84' lang='lat' dir='ltr'><strong>vitam.</strong></span> <span class='ocrx_word' id='word_1_459' title='bbox 1179 3073 1256 3130; x_wconf 87' lang='lat' dir='ltr'><strong>Unde</strong></span> <span class='ocrx_word' id='word_1_460' title='bbox 1271 3073 1343 3130; x_wconf 88' lang='lat' dir='ltr'><strong>enirn</strong></span> <span class='ocrx_word' id='word_1_461' title='bbox 1357 3075 1493 3147; x_wconf 89' lang='lat' dir='ltr'><strong>superbiat</strong></span> <span class='ocrx_word' id='word_1_462' title='bbox 1513 3075 1604 3143; x_wconf 88' lang='lat' dir='ltr'><strong>bomo,</strong></span> <span class='ocrx_word' id='word_1_463' title='bbox 1617 3088 1691 3129; x_wconf 89' lang='lat' dir='ltr'><strong>reme</strong></span> 
     </span>
     <span class='ocr_line' id='line_1_34' title="bbox 64 3160 1706 3240; baseline -0.001 -20"><span class='ocrx_word' id='word_1_464' title='bbox 64 3183 146 3233; x_wconf 76' lang='lat' dir='ltr'><strong>xvru,</strong></span> <span class='ocrx_word' id='word_1_465' title='bbox 163 3166 217 3238; x_wconf 76' lang='grc' dir='ltr'><strong>ιι).</strong></span> <span class='ocrx_word' id='word_1_466' title='bbox 238 3166 291 3235; x_wconf 81' lang='lat' dir='ltr'><strong>Qui</strong></span> <span class='ocrx_word' id='word_1_467' title='bbox 306 3166 426 3240; x_wconf 82' lang='lat' dir='ltr'><strong>linguam</strong></span> <span class='ocrx_word' id='word_1_468' title='bbox 446 3181 521 3220; x_wconf 85' lang='lat' dir='ltr'><strong>suam</strong></span> <span class='ocrx_word' id='word_1_469' title='bbox 535 3174 696 3223; x_wconf 72' lang='lat' dir='ltr'><strong>strenuom</strong></span> <span class='ocrx_word' id='word_1_470' title='bbox 720 3163 857 3222; x_wconf 78' lang='lat' dir='ltr'><strong>custodire</strong></span> <span class='ocrx_word' id='word_1_471' title='bbox 911 3172 1018 3214; x_wconf 88' lang='lat' dir='ltr'><strong>morans</strong></span> <span class='ocrx_word' id='word_1_472' title='bbox 1029 3161 1102 3232; x_wconf 93' lang='lat' dir='ltr'><strong>quod</strong></span> <span class='ocrx_word' id='word_1_473' title='bbox 1117 3160 1167 3218; x_wconf 84' lang='lat' dir='ltr'><strong>fuit</strong></span> <span class='ocrx_word' id='word_1_474' title='bbox 1181 3162 1234 3220; x_wconf 84' lang='lat' dir='ltr'><strong>vile</strong></span> <span class='ocrx_word' id='word_1_475' title='bbox 1249 3177 1352 3231; x_wconf 90' lang='lat' dir='ltr'><strong>semen,</strong></span> <span class='ocrx_word' id='word_1_476' title='bbox 1375 3170 1402 3218; x_wconf 94' lang='lat' dir='ltr'><strong>et</strong></span> <span class='ocrx_word' id='word_1_477' title='bbox 1417 3163 1530 3236; x_wconf 85' lang='lat' dir='ltr'><strong>sanguis</strong></span> <span class='ocrx_word' id='word_1_478' title='bbox 1544 3161 1706 3236; x_wconf 88' lang='lat' dir='ltr'><strong>coagulatus</strong></span> 
     </span>
     <span class='ocr_line' id='line_1_35' title="bbox 65 3245 1707 3328; baseline 0.001 -23"><span class='ocrx_word' id='word_1_479' title='bbox 65 3272 121 3312; x_wconf 81' lang='lat' dir='ltr'><strong>non</strong></span> <span class='ocrx_word' id='word_1_480' title='bbox 152 3264 251 3328; x_wconf 75' lang='lat' dir='ltr'><strong>potest,</strong></span> <span class='ocrx_word' id='word_1_481' title='bbox 277 3255 426 3311; x_wconf 77' lang='lat' dir='ltr'><strong>monachus</strong></span> <span class='ocrx_word' id='word_1_482' title='bbox 449 3269 503 3311; x_wconf 84' lang='lat' dir='ltr'><strong>non</strong></span> <span class='ocrx_word' id='word_1_483' title='bbox 536 3262 587 3314; x_wconf 70' lang='lat' dir='ltr'><strong>osa,</strong></span> <span class='ocrx_word' id='word_1_484' title='bbox 608 3255 691 3326; x_wconf 77' lang='lat' dir='ltr'><strong>Cujus</strong></span> <span class='ocrx_word' id='word_1_485' title='bbox 719 3264 857 3327; x_wconf 70' lang='lat' dir='ltr'><strong>peccatum</strong></span> <span class='ocrx_word' id='word_1_486' title='bbox 909 3245 938 3302; x_wconf 92' lang='lat' dir='ltr'><strong>in</strong></span> <span class='ocrx_word' id='word_1_487' title='bbox 958 3252 1241 3322; x_wconf 85' lang='lat' dir='ltr'><strong>utero;postmodum</strong></span> <span class='ocrx_word' id='word_1_488' title='bbox 1256 3251 1283 3307; x_wconf 94' lang='lat' dir='ltr'><strong>in</strong></span> <span class='ocrx_word' id='word_1_489' title='bbox 1298 3251 1404 3309; x_wconf 88' lang='lat' dir='ltr'><strong>deserto</strong></span> <span class='ocrx_word' id='word_1_490' title='bbox 1419 3253 1501 3323; x_wconf 87' lang='lat' dir='ltr'><strong>hujus</strong></span> <span class='ocrx_word' id='word_1_491' title='bbox 1516 3251 1577 3308; x_wconf 87' lang='lat' dir='ltr'><strong>vitae</strong></span> <span class='ocrx_word' id='word_1_492' title='bbox 1590 3250 1707 3308; x_wconf 88' lang='lat' dir='ltr'><strong>miseriis</strong></span> 
     </span>
     <span class='ocr_line' id='line_1_36' title="bbox 64 3336 1701 3420; baseline 0.004 -20"><span class='ocrx_word' id='word_1_493' title='bbox 64 3345 331 3420; x_wconf 85' lang='lat' dir='ltr'><strong>qriisquissequitur,</strong></span> <span class='ocrx_word' id='word_1_494' title='bbox 362 3360 473 3402; x_wconf 87' lang='lat' dir='ltr'><strong>necesse</strong></span> <span class='ocrx_word' id='word_1_495' title='bbox 496 3358 538 3403; x_wconf 91' lang='lat' dir='ltr'><strong>cst</strong></span> <span class='ocrx_word' id='word_1_496' title='bbox 556 3353 585 3401; x_wconf 94' lang='lat' dir='ltr'><strong>nt</strong></span> <span class='ocrx_word' id='word_1_497' title='bbox 612 3348 673 3417; x_wconf 88' lang='lat' dir='ltr'><strong>ejus</strong></span> <span class='ocrx_word' id='word_1_498' title='bbox 691 3360 799 3419; x_wconf 87' lang='lat' dir='ltr'><strong>poenam</strong></span> <span class='ocrx_word' id='word_1_499' title='bbox 815 3358 858 3400; x_wconf 87' lang='grc' dir='ltr'><strong>εε-</strong></span> <span class='ocrx_word' id='word_1_500' title='bbox 909 3336 1215 3410; x_wconf 65' lang='lat' dir='ltr'><strong>0¹P⁰³il1¹⁸01110⁰⁰²i03</strong></span> <span class='ocrx_word' id='word_1_501' title='bbox 1233 3341 1339 3396; x_wconf 62' lang='grc' dir='ltr'><strong>ῑιῦᾱιιη</strong></span> <span class='ocrx_word' id='word_1_502' title='bbox 1353 3339 1432 3408; x_wconf 67' lang='lat' dir='ltr'><strong>cinis,</strong></span> <span class='ocrx_word' id='word_1_503' title='bbox 1448 3349 1551 3397; x_wconf 62' lang='lat'><strong>010502</strong></span> <span class='ocrx_word' id='word_1_504' title='bbox 1567 3341 1701 3398; x_wconf 65' lang='lat' dir='ltr'><strong>vermium</strong></span> 
     </span>
     <span class='ocr_line' id='line_1_37' title="bbox 65 3421 1207 3508; baseline -0.004 -17"><span class='ocrx_word' id='word_1_505' title='bbox 65 3445 172 3508; x_wconf 88' lang='lat' dir='ltr'><strong>quatur.</strong></span> <span class='ocrx_word' id='word_1_506' title='bbox 189 3436 410 3508; x_wconf 85' lang='lat' dir='ltr'><strong>Uniuscujusqne</strong></span> <span class='ocrx_word' id='word_1_507' title='bbox 433 3452 512 3492; x_wconf 90' lang='lat' dir='ltr'><strong>casus</strong></span> <span class='ocrx_word' id='word_1_508' title='bbox 527 3442 601 3491; x_wconf 89' lang='lat' dir='ltr'><strong>tanto</strong></span> <span class='ocrx_word' id='word_1_509' title='bbox 620 3435 731 3506; x_wconf 86' lang='lat' dir='ltr'><strong>majoris</strong></span> <span class='ocrx_word' id='word_1_510' title='bbox 745 3441 787 3491; x_wconf 92' lang='lat' dir='ltr'><strong>est</strong></span> <span class='ocrx_word' id='word_1_511' title='bbox 799 3432 855 3490; x_wconf 87' lang='lat' dir='ltr'><strong>cri·</strong></span> <span class='ocrx_word' id='word_1_512' title='bbox 910 3421 1020 3480; x_wconf 83' lang='lat' dir='ltr'><strong>iuturus</strong></span> <span class='ocrx_word' id='word_1_513' title='bbox 1037 3425 1064 3481; x_wconf 80' lang='lat' dir='ltr'><strong>in</strong></span> <span class='ocrx_word' id='word_1_514' title='bbox 1081 3429 1207 3486; x_wconf 81' lang='lat' dir='ltr'><strong>tumulo?</strong></span> 
     </span>
     <span class='ocr_line' id='line_1_38' title="bbox 65 3514 1652 3599; baseline 0 -17"><span class='ocrx_word' id='word_1_515' title='bbox 65 3526 156 3595; x_wconf 89' lang='lat' dir='ltr'><strong>minis,</strong></span> <span class='ocrx_word' id='word_1_516' title='bbox 185 3534 285 3599; x_wconf 91' lang='lat' dir='ltr'><strong>quanto</strong></span> <span class='ocrx_word' id='word_1_517' title='bbox 323 3526 480 3598; x_wconf 88' lang='lat' dir='ltr'><strong>priusquam</strong></span> <span class='ocrx_word' id='word_1_518' title='bbox 509 3524 627 3591; x_wconf 89' lang='lat' dir='ltr'><strong>caderet,</strong></span> <span class='ocrx_word' id='word_1_519' title='bbox 662 3523 772 3593; x_wconf 86' lang='lat' dir='ltr'><strong>majoris</strong></span> <span class='ocrx_word' id='word_1_520' title='bbox 801 3529 859 3579; x_wconf 91' lang='lat' dir='ltr'><strong>erat</strong></span> <span class='ocrx_word' id='word_1_521' title='bbox 976 3514 1050 3573; x_wconf 82' lang='lat' dir='ltr'><strong>Unde</strong></span> <span class='ocrx_word' id='word_1_522' title='bbox 1059 3516 1183 3588; x_wconf 83' lang='lat' dir='ltr'><strong>superbit</strong></span> <span class='ocrx_word' id='word_1_523' title='bbox 1192 3515 1284 3584; x_wconf 74' lang='lat' dir='ltr'><strong>homo,</strong></span> <span class='ocrx_word' id='word_1_524' title='bbox 1299 3520 1382 3591; x_wconf 63' lang='lat' dir='ltr'><strong>cujus</strong></span> <span class='ocrx_word' id='word_1_525' title='bbox 1396 3519 1540 3589; x_wconf 71' lang='grc' dir='ltr'><strong>ιθιιιθΡὶὶθ</strong></span> <span class='ocrx_word' id='word_1_526' title='bbox 1555 3519 1652 3591; x_wconf 70' lang='lat' dir='ltr'><strong>culpa,</strong></span> 
     </span>
     <span class='ocr_line' id='line_1_39' title="bbox 66 3605 1601 3689; baseline -0.007 -17"><span class='ocrx_word' id='word_1_527' title='bbox 66 3615 180 3672; x_wconf 81' lang='lat' dir='ltr'><strong>virtutis.</strong></span> <span class='ocrx_word' id='word_1_528' title='bbox 205 3617 255 3671; x_wconf 93' lang='lat' dir='ltr'><strong>Per</strong></span> <span class='ocrx_word' id='word_1_529' title='bbox 278 3630 338 3689; x_wconf 85' lang='lat' dir='ltr'><strong>quae</strong></span> <span class='ocrx_word' id='word_1_530' title='bbox 362 3613 490 3686; x_wconf 89' lang='lat' dir='ltr'><strong>peccasti,</strong></span> <span class='ocrx_word' id='word_1_531' title='bbox 515 3631 564 3686; x_wconf 91' lang='lat' dir='ltr'><strong>per</strong></span> <span class='ocrx_word' id='word_1_532' title='bbox 591 3615 649 3670; x_wconf 91' lang='lat' dir='ltr'><strong>baec</strong></span> <span class='ocrx_word' id='word_1_533' title='bbox 677 3612 857 3688; x_wconf 91' lang='lat' dir='ltr'><strong>torqueberis.</strong></span> <span class='ocrx_word' id='word_1_534' title='bbox 1009 3605 1195 3679; x_wconf 82' lang='lat' dir='ltr'><strong>Natcipoeoo,</strong></span> <span class='ocrx_word' id='word_1_535' title='bbox 1213 3605 1292 3665; x_wconf 85' lang='lat' dir='ltr'><strong>tabor</strong></span> <span class='ocrx_word' id='word_1_536' title='bbox 1307 3605 1601 3675; x_wconf 80' lang='lat' dir='ltr'><strong>nitc,ncceeremori?</strong></span> 
     </span>
     <span class='ocr_line' id='line_1_40' title="bbox 65 3689 1516 3778; baseline 0.003 -17"><span class='ocrx_word' id='word_1_537' title='bbox 65 3705 182 3763; x_wconf 87' lang='lat' dir='ltr'><strong>Secutus</strong></span> <span class='ocrx_word' id='word_1_538' title='bbox 205 3720 236 3763; x_wconf 90' lang='lat' dir='ltr'><strong>es</strong></span> <span class='ocrx_word' id='word_1_539' title='bbox 256 3721 378 3771; x_wconf 65' lang='lat' dir='ltr'><strong>carnem</strong></span> <span class='ocrx_word' id='word_1_540' title='bbox 400 3703 580 3778; x_wconf 81' lang='lat' dir='ltr'><strong>flagellaberis</strong></span> <span class='ocrx_word' id='word_1_541' title='bbox 595 3704 624 3760; x_wconf 87' lang='lat' dir='ltr'><strong>in</strong></span> <span class='ocrx_word' id='word_1_542' title='bbox 642 3718 733 3761; x_wconf 91' lang='lat' dir='ltr'><strong>carne.</strong></span> <span class='ocrx_word' id='word_1_543' title='bbox 750 3702 858 3760; x_wconf 83' lang='lat' dir='ltr'><strong>Crimen</strong></span> <span class='ocrx_word' id='word_1_544' title='bbox 912 3689 1027 3763; x_wconf 86' lang='lat' dir='ltr'><strong>Qnaudo</strong></span> <span class='ocrx_word' id='word_1_545' title='bbox 1040 3696 1082 3754; x_wconf 85' lang='lat' dir='ltr'><strong>vel</strong></span> <span class='ocrx_word' id='word_1_546' title='bbox 1096 3697 1242 3770; x_wconf 90' lang='lat' dir='ltr'><strong>quomodo,</strong></span> <span class='ocrx_word' id='word_1_547' title='bbox 1259 3699 1300 3755; x_wconf 86' lang='lat' dir='ltr'><strong>vel</strong></span> <span class='ocrx_word' id='word_1_548' title='bbox 1315 3698 1371 3765; x_wconf 84' lang='lat' dir='ltr'><strong>nbi.</strong></span> <span class='ocrx_word' id='word_1_549' title='bbox 1388 3695 1516 3755; x_wconf 64' lang='lat' dir='ltr'><strong>nescite?</strong></span> 
     </span>
     <span class='ocr_line' id='line_1_41' title="bbox 65 3787 1430 3868; baseline -0.008 -16"><span class='ocrx_word' id='word_1_550' title='bbox 65 3810 120 3852; x_wconf 88' lang='lat' dir='ltr'><strong>non</strong></span> <span class='ocrx_word' id='word_1_551' title='bbox 140 3804 182 3853; x_wconf 87' lang='lat' dir='ltr'><strong>est</strong></span> <span class='ocrx_word' id='word_1_552' title='bbox 198 3795 225 3849; x_wconf 91' lang='lat' dir='ltr'><strong>in</strong></span> <span class='ocrx_word' id='word_1_553' title='bbox 240 3796 328 3862; x_wconf 83' lang='lat' dir='ltr'><strong>rebus,</strong></span> <span class='ocrx_word' id='word_1_554' title='bbox 343 3795 391 3851; x_wconf 85' lang='lat' dir='ltr'><strong>sed</strong></span> <span class='ocrx_word' id='word_1_555' title='bbox 413 3794 442 3851; x_wconf 92' lang='lat' dir='ltr'><strong>in</strong></span> <span class='ocrx_word' id='word_1_556' title='bbox 468 3810 519 3852; x_wconf 91' lang='lat' dir='ltr'><strong>usu</strong></span> <span class='ocrx_word' id='word_1_557' title='bbox 534 3794 652 3868; x_wconf 87' lang='lat' dir='ltr'><strong>agentis.</strong></span> <span class='ocrx_word' id='word_1_558' title='bbox 681 3793 760 3865; x_wconf 84' lang='lat' dir='ltr'><strong>Saepe</strong></span> <span class='ocrx_word' id='word_1_559' title='bbox 793 3808 858 3866; x_wconf 88' lang='lat' dir='ltr'><strong>pro·</strong></span> <span class='ocrx_word' id='word_1_560' title='bbox 1188 3787 1301 3843; x_wconf 81' lang='lat' dir='ltr'><strong>CAPUT</strong></span> <span class='ocrx_word' id='word_1_561' title='bbox 1324 3787 1430 3844; x_wconf 85' lang='lat' dir='ltr'><strong>XXIX.</strong></span> 
     </span>
     <span class='ocr_line' id='line_1_42' title="bbox 65 3872 1708 3960; baseline 0.005 -21"><span class='ocrx_word' id='word_1_562' title='bbox 65 3885 120 3940; x_wconf 86' lang='lat' dir='ltr'><strong>lixa</strong></span> <span class='ocrx_word' id='word_1_563' title='bbox 147 3886 238 3952; x_wconf 91' lang='lat' dir='ltr'><strong>lectio,</strong></span> <span class='ocrx_word' id='word_1_564' title='bbox 253 3884 432 3960; x_wconf 81' lang='lat' dir='ltr'><strong>longitudinis</strong></span> <span class='ocrx_word' id='word_1_565' title='bbox 446 3900 525 3942; x_wconf 87' lang='lat' dir='ltr'><strong>causa</strong></span> <span class='ocrx_word' id='word_1_566' title='bbox 551 3885 711 3942; x_wconf 91' lang='lat' dir='ltr'><strong>memoriam</strong></span> <span class='ocrx_word' id='word_1_567' title='bbox 738 3881 856 3957; x_wconf 89' lang='lat' dir='ltr'><strong>legantis</strong></span> <span class='ocrx_word' id='word_1_568' title='bbox 912 3873 950 3928; x_wconf 64' lang='lat' dir='ltr'><strong>De</strong></span> <span class='ocrx_word' id='word_1_569' title='bbox 976 3872 1067 3930; x_wconf 68' lang='grc' dir='ltr'><strong>θθιᾶῑι</strong></span> <span class='ocrx_word' id='word_1_570' title='bbox 1093 3876 1280 3934; x_wconf 52' lang='lat' dir='ltr'><strong>instabilium</strong></span> <span class='ocrx_word' id='word_1_571' title='bbox 1311 3877 1449 3949; x_wconf 61' lang='grc' dir='ltr'><strong>θθιιῖθιιῑθ</strong></span> <span class='ocrx_word' id='word_1_572' title='bbox 1481 3874 1647 3950; x_wconf 60' lang='grc' dir='ltr'><strong>Ριιιῑῑΐθιῑῑῐι</strong></span> <span class='ocrx_word' id='word_1_573' title='bbox 1677 3877 1708 3931; x_wconf 66' lang='lat'><strong>⁶⁸</strong></span> 
     </span>
     <span class='ocr_line' id='line_1_43' title="bbox 65 3968 1531 4040; baseline -0.006 -8"><span class='ocrx_word' id='word_1_574' title='bbox 65 3975 214 4032; x_wconf 90' lang='lat' dir='ltr'><strong>oblitterat.</strong></span> <span class='ocrx_word' id='word_1_575' title='bbox 1089 3969 1230 4040; x_wconf 76' lang='lat' dir='ltr'><strong>responsio</strong></span> <span class='ocrx_word' id='word_1_576' title='bbox 1248 3970 1340 4040; x_wconf 82' lang='lat' dir='ltr'><strong>putris</strong></span> <span class='ocrx_word' id='word_1_577' title='bbox 1360 3968 1531 4040; x_wconf 80' lang='lat' dir='ltr'><strong>spiritualis.</strong></span> 
     </span>
    </p>

    <p class='ocr_par' dir='ltr' id='par_1_5' title="bbox 63 4052 1714 4584">
     <span class='ocr_line' id='line_1_44' title="bbox 101 4052 1703 4136; baseline 0.001 -27"><span class='ocrx_word' id='word_1_578' title='bbox 101 4068 148 4118; x_wconf 83' lang='lat'><strong>59.</strong></span> <span class='ocrx_word' id='word_1_579' title='bbox 178 4061 369 4133; x_wconf 75' lang='lat' dir='ltr'><strong>Suntquidam</strong></span> <span class='ocrx_word' id='word_1_580' title='bbox 392 4076 459 4118; x_wconf 70' lang='lat' dir='ltr'><strong>voce</strong></span> <span class='ocrx_word' id='word_1_581' title='bbox 478 4061 611 4129; x_wconf 66' lang='lat' dir='ltr'><strong>dissoluti,</strong></span> <span class='ocrx_word' id='word_1_582' title='bbox 635 4063 682 4136; x_wconf 71' lang='lat' dir='ltr'><strong>qui</strong></span> <span class='ocrx_word' id='word_1_583' title='bbox 704 4063 780 4121; x_wconf 63' lang='lat' dir='ltr'><strong>vocis</strong></span> <span class='ocrx_word' id='word_1_584' title='bbox 801 4077 859 4120; x_wconf 54' lang='grc' dir='ltr'><strong>ωε)</strong></span> <span class='ocrx_word' id='word_1_585' title='bbox 948 4052 992 4108; x_wconf 72' lang='lat'><strong>62.</strong></span> <span class='ocrx_word' id='word_1_586' title='bbox 1022 4053 1102 4112; x_wconf 92' lang='lat' dir='ltr'><strong>Solus</strong></span> <span class='ocrx_word' id='word_1_587' title='bbox 1123 4057 1296 4114; x_wconf 89' lang='lat' dir='ltr'><strong>solitudinem</strong></span> <span class='ocrx_word' id='word_1_588' title='bbox 1317 4057 1407 4114; x_wconf 84' lang='lat' dir='ltr'><strong>cordis</strong></span> <span class='ocrx_word' id='word_1_589' title='bbox 1423 4056 1476 4114; x_wconf 90' lang='lat' dir='ltr'><strong>mei</strong></span> <span class='ocrx_word' id='word_1_590' title='bbox 1501 4054 1649 4128; x_wconf 89' lang='lat' dir='ltr'><strong>ingredior,</strong></span> <span class='ocrx_word' id='word_1_591' title='bbox 1675 4060 1703 4111; x_wconf 92' lang='lat' dir='ltr'><strong>et</strong></span> 
     </span>
     <span class='ocr_line' id='line_1_45' title="bbox 63 4145 1710 4240; baseline -0.004 -34"><span class='ocrx_word' id='word_1_592' title='bbox 63 4150 254 4210; x_wconf 88' lang='lat' dir='ltr'><strong>modulatione</strong></span> <span class='ocrx_word' id='word_1_593' title='bbox 277 4150 425 4220; x_wconf 86' lang='lat' dir='ltr'><strong>gloriantur</strong></span> <span class='ocrx_word' id='word_1_594' title='bbox 448 4169 455 4206; x_wconf 91' lang='lat'>:</span> <span class='ocrx_word' id='word_1_595' title='bbox 477 4166 528 4209; x_wconf 90' lang='lat' dir='ltr'><strong>nec</strong></span> <span class='ocrx_word' id='word_1_596' title='bbox 547 4159 650 4208; x_wconf 79' lang='lat' dir='ltr'><strong>tanmm</strong></span> <span class='ocrx_word' id='word_1_597' title='bbox 676 4152 796 4226; x_wconf 88' lang='lat' dir='ltr'><strong>gaudent</strong></span> <span class='ocrx_word' id='word_1_598' title='bbox 823 4152 857 4210; x_wconf 87' lang='lat' dir='ltr'><strong>dc</strong></span> <span class='ocrx_word' id='word_1_599' title='bbox 873 4161 896 4240; x_wconf 73' lang='grc' dir='ltr'><strong>ῃ</strong></span> <span class='ocrx_word' id='word_1_600' title='bbox 913 4154 973 4197; x_wconf 67' lang='lat' dir='ltr'><strong>tum</strong></span> <span class='ocrx_word' id='word_1_601' title='bbox 982 4151 1062 4211; x_wconf 85' lang='lat' dir='ltr'><strong>corde</strong></span> <span class='ocrx_word' id='word_1_602' title='bbox 1076 4163 1137 4206; x_wconf 90' lang='lat' dir='ltr'><strong>meo</strong></span> <span class='ocrx_word' id='word_1_603' title='bbox 1156 4147 1290 4218; x_wconf 91' lang='lat' dir='ltr'><strong>paulisper</strong></span> <span class='ocrx_word' id='word_1_604' title='bbox 1311 4145 1477 4212; x_wconf 76' lang='lat' dir='ltr'><strong>confabulor,</strong></span> <span class='ocrx_word' id='word_1_605' title='bbox 1494 4145 1528 4201; x_wconf 89' lang='lat' dir='ltr'><strong>ab</strong></span> <span class='ocrx_word' id='word_1_606' title='bbox 1551 4147 1612 4217; x_wconf 91' lang='lat' dir='ltr'><strong>ipso</strong></span> <span class='ocrx_word' id='word_1_607' title='bbox 1635 4159 1710 4216; x_wconf 78' lang='lat' dir='ltr'><strong>qum·</strong></span> 
     </span>
     <span class='ocr_line' id='line_1_46' title="bbox 63 4232 1712 4312; baseline -0.007 -14"><span class='ocrx_word' id='word_1_608' title='bbox 63 4246 138 4301; x_wconf 90' lang='lat' dir='ltr'><strong>dono</strong></span> <span class='ocrx_word' id='word_1_609' title='bbox 154 4240 256 4312; x_wconf 79' lang='lat' dir='ltr'><strong>gratie,</strong></span> <span class='ocrx_word' id='word_1_610' title='bbox 273 4238 416 4296; x_wconf 86' lang='lat' dir='ltr'><strong>sedetiam</strong></span> <span class='ocrx_word' id='word_1_611' title='bbox 443 4236 510 4296; x_wconf 90' lang='lat' dir='ltr'><strong>alios</strong></span> <span class='ocrx_word' id='word_1_612' title='bbox 536 4246 677 4311; x_wconf 91' lang='lat' dir='ltr'><strong>spernunt.</strong></span> <span class='ocrx_word' id='word_1_613' title='bbox 706 4242 854 4299; x_wconf 87' lang='lat' dir='ltr'><strong>Tumeutes</strong></span> <span class='ocrx_word' id='word_1_614' title='bbox 913 4241 1023 4303; x_wconf 91' lang='lat' dir='ltr'><strong>rensde</strong></span> <span class='ocrx_word' id='word_1_615' title='bbox 1050 4240 1110 4310; x_wconf 92' lang='lat' dir='ltr'><strong>ipso</strong></span> <span class='ocrx_word' id='word_1_616' title='bbox 1124 4244 1152 4292; x_wconf 94' lang='lat' dir='ltr'><strong>et</strong></span> <span class='ocrx_word' id='word_1_617' title='bbox 1163 4235 1198 4291; x_wconf 91' lang='lat' dir='ltr'><strong>de</strong></span> <span class='ocrx_word' id='word_1_618' title='bbox 1209 4234 1252 4290; x_wconf 91' lang='lat' dir='ltr'><strong>his</strong></span> <span class='ocrx_word' id='word_1_619' title='bbox 1272 4251 1333 4305; x_wconf 84' lang='lat' dir='ltr'><strong>qnae</strong></span> <span class='ocrx_word' id='word_1_620' title='bbox 1348 4234 1420 4291; x_wconf 89' lang='lat' dir='ltr'><strong>circa</strong></span> <span class='ocrx_word' id='word_1_621' title='bbox 1433 4233 1525 4304; x_wconf 89' lang='lat' dir='ltr'><strong>ipsum</strong></span> <span class='ocrx_word' id='word_1_622' title='bbox 1549 4241 1623 4288; x_wconf 90' lang='lat' dir='ltr'><strong>sunt.</strong></span> <span class='ocrx_word' id='word_1_623' title='bbox 1656 4232 1712 4288; x_wconf 87' lang='lat' dir='ltr'><strong>Cor</strong></span> 
     </span>
     <span class='ocr_line' id='line_1_47' title="bbox 66 4319 1712 4403; baseline -0.002 -14"><span class='ocrx_word' id='word_1_624' title='bbox 66 4332 193 4396; x_wconf 87' lang='lat' dir='ltr'><strong>elatione,</strong></span> <span class='ocrx_word' id='word_1_625' title='bbox 209 4330 282 4386; x_wconf 89' lang='lat' dir='ltr'><strong>aliud</strong></span> <span class='ocrx_word' id='word_1_626' title='bbox 310 4336 419 4387; x_wconf 88' lang='lat' dir='ltr'><strong>cantant</strong></span> <span class='ocrx_word' id='word_1_627' title='bbox 441 4344 521 4403; x_wconf 91' lang='lat' dir='ltr'><strong>quam</strong></span> <span class='ocrx_word' id='word_1_628' title='bbox 544 4328 606 4384; x_wconf 92' lang='lat' dir='ltr'><strong>libri</strong></span> <span class='ocrx_word' id='word_1_629' title='bbox 621 4331 756 4388; x_wconf 88' lang='lat' dir='ltr'><strong>babeant:</strong></span> <span class='ocrx_word' id='word_1_630' title='bbox 787 4338 859 4387; x_wconf 91' lang='lat' dir='ltr'><strong>tanta</strong></span> <span class='ocrx_word' id='word_1_631' title='bbox 913 4348 1014 4398; x_wconf 89' lang='lat' dir='ltr'><strong>meum,</strong></span> <span class='ocrx_word' id='word_1_632' title='bbox 1028 4343 1075 4386; x_wconf 87' lang='lat' dir='ltr'><strong>cnr</strong></span> <span class='ocrx_word' id='word_1_633' title='bbox 1102 4340 1224 4396; x_wconf 80' lang='lat' dir='ltr'><strong>pravum,</strong></span> <span class='ocrx_word' id='word_1_634' title='bbox 1239 4338 1336 4381; x_wconf 85' lang='lat' dir='ltr'><strong>vanum</strong></span> <span class='ocrx_word' id='word_1_635' title='bbox 1361 4331 1388 4378; x_wconf 92' lang='grc' dir='ltr'><strong>ει</strong></span> <span class='ocrx_word' id='word_1_636' title='bbox 1407 4338 1515 4396; x_wconf 71' lang='lat' dir='ltr'><strong>vagum.</strong></span> <span class='ocrx_word' id='word_1_637' title='bbox 1531 4319 1605 4377; x_wconf 90' lang='lat' dir='ltr'><strong>omni</strong></span> <span class='ocrx_word' id='word_1_638' title='bbox 1631 4320 1712 4376; x_wconf 69' lang='lat' dir='ltr'><strong>volu·</strong></span> 
     </span>
     <span class='ocr_line' id='line_1_48' title="bbox 67 4406 1711 4493; baseline -0.011 -14"><span class='ocrx_word' id='word_1_639' title='bbox 67 4431 108 4480; x_wconf 91' lang='lat' dir='ltr'><strong>est</strong></span> <span class='ocrx_word' id='word_1_640' title='bbox 121 4421 217 4477; x_wconf 78' lang='lat' dir='ltr'><strong>levitas</strong></span> <span class='ocrx_word' id='word_1_641' title='bbox 230 4419 305 4478; x_wconf 84' lang='lat' dir='ltr'><strong>vocis</strong></span> <span class='ocrx_word' id='word_1_642' title='bbox 319 4418 432 4477; x_wconf 88' lang='lat' dir='ltr'><strong>forsitan</strong></span> <span class='ocrx_word' id='word_1_643' title='bbox 454 4429 481 4476; x_wconf 92' lang='lat' dir='ltr'><strong>et</strong></span> <span class='ocrx_word' id='word_1_644' title='bbox 495 4418 601 4475; x_wconf 89' lang='lat' dir='ltr'><strong>mentis.</strong></span> <span class='ocrx_word' id='word_1_645' title='bbox 617 4418 731 4476; x_wconf 81' lang='lat' dir='ltr'><strong>Gantmt</strong></span> <span class='ocrx_word' id='word_1_646' title='bbox 756 4427 785 4475; x_wconf 94' lang='lat' dir='ltr'><strong>ut</strong></span> <span class='ocrx_word' id='word_1_647' title='bbox 797 4419 859 4493; x_wconf 90' lang='lat' dir='ltr'><strong>pla·</strong></span> <span class='ocrx_word' id='word_1_648' title='bbox 914 4412 1246 4478; x_wconf 78' lang='lat' dir='ltr'><strong>bilitatcsolubiliuszde</strong></span> <span class='ocrx_word' id='word_1_649' title='bbox 1269 4425 1325 4467; x_wconf 90' lang='lat' dir='ltr'><strong>uno</strong></span> <span class='ocrx_word' id='word_1_650' title='bbox 1344 4410 1371 4466; x_wconf 95' lang='lat' dir='ltr'><strong>in</strong></span> <span class='ocrx_word' id='word_1_651' title='bbox 1391 4409 1463 4476; x_wconf 89' lang='lat' dir='ltr'><strong>aliud</strong></span> <span class='ocrx_word' id='word_1_652' title='bbox 1492 4423 1563 4481; x_wconf 86' lang='lat' dir='ltr'><strong>vago</strong></span> <span class='ocrx_word' id='word_1_653' title='bbox 1601 4406 1711 4463; x_wconf 91' lang='lat' dir='ltr'><strong>incessu</strong></span> 
     </span>
     <span class='ocr_line' id='line_1_49' title="bbox 66 4494 1714 4584; baseline -0.01 -17"><span class='ocrx_word' id='word_1_654' title='bbox 66 4518 143 4570; x_wconf 85' lang='lat' dir='ltr'><strong>ocant</strong></span> <span class='ocrx_word' id='word_1_655' title='bbox 157 4511 266 4584; x_wconf 91' lang='lat' dir='ltr'><strong>populo,</strong></span> <span class='ocrx_word' id='word_1_656' title='bbox 285 4510 373 4583; x_wconf 88' lang='lat' dir='ltr'><strong>magis</strong></span> <span class='ocrx_word' id='word_1_657' title='bbox 386 4525 467 4582; x_wconf 84' lang='lat' dir='ltr'><strong>quarn</strong></span> <span class='ocrx_word' id='word_1_658' title='bbox 482 4509 551 4566; x_wconf 90' lang='grc' dir='ltr'><strong>Ι)εο.</strong></span> <span class='ocrx_word' id='word_1_659' title='bbox 567 4507 595 4564; x_wconf 88' lang='lat' dir='ltr'><strong>Si</strong></span> <span class='ocrx_word' id='word_1_660' title='bbox 605 4509 644 4565; x_wconf 89' lang='lat' dir='ltr'><strong>sic</strong></span> <span class='ocrx_word' id='word_1_661' title='bbox 662 4513 765 4575; x_wconf 71' lang='lat' dir='ltr'><strong>cauus,</strong></span> <span class='ocrx_word' id='word_1_662' title='bbox 782 4516 812 4564; x_wconf 92' lang='lat' dir='ltr'><strong>ut</strong></span> <span class='ocrx_word' id='word_1_663' title='bbox 826 4508 860 4564; x_wconf 87' lang='lat' dir='ltr'><strong>ab</strong></span> <span class='ocrx_word' id='word_1_664' title='bbox 915 4509 1020 4576; x_wconf 89' lang='lat' dir='ltr'><strong>transit,</strong></span> <span class='ocrx_word' id='word_1_665' title='bbox 1035 4517 1158 4577; x_wconf 80' lang='lat' dir='ltr'><strong>quarens</strong></span> <span class='ocrx_word' id='word_1_666' title='bbox 1179 4499 1303 4571; x_wconf 87' lang='lat' dir='ltr'><strong>requiem</strong></span> <span class='ocrx_word' id='word_1_667' title='bbox 1322 4498 1367 4553; x_wconf 94' lang='lat' dir='ltr'><strong>ubi</strong></span> <span class='ocrx_word' id='word_1_668' title='bbox 1381 4513 1435 4554; x_wconf 92' lang='lat' dir='ltr'><strong>non</strong></span> <span class='ocrx_word' id='word_1_669' title='bbox 1459 4505 1508 4553; x_wconf 87' lang='lat' dir='ltr'><strong>est.</strong></span> <span class='ocrx_word' id='word_1_670' title='bbox 1538 4496 1568 4550; x_wconf 93' lang='lat' dir='ltr'><strong>ln</strong></span> <span class='ocrx_word' id='word_1_671' title='bbox 1588 4494 1714 4551; x_wconf 90' lang='lat' dir='ltr'><strong>omnibus</strong></span> 
     </span>
    </p>
   </div>
   <div class='ocr_carea' id='block_1_3' title="bbox 66 4586 1805 4672">
    <p class='ocr_par' dir='ltr' id='par_1_6' title="bbox 66 4586 1805 4672">
     <span class='ocr_line' id='line_1_50' title="bbox 66 4586 1805 4672; baseline -0.012 -14"><span class='ocrx_word' id='word_1_672' title='bbox 66 4601 127 4658; x_wconf 90' lang='lat' dir='ltr'><strong>aliis</strong></span> <span class='ocrx_word' id='word_1_673' title='bbox 154 4599 261 4655; x_wconf 85' lang='lat' dir='ltr'><strong>laudem</strong></span> <span class='ocrx_word' id='word_1_674' title='bbox 284 4615 405 4672; x_wconf 80' lang='lat' dir='ltr'><strong>quaeras3</strong></span> <span class='ocrx_word' id='word_1_675' title='bbox 430 4614 526 4656; x_wconf 82' lang='lat' dir='ltr'><strong>vocem</strong></span> <span class='ocrx_word' id='word_1_676' title='bbox 544 4603 616 4653; x_wconf 91' lang='lat' dir='ltr'><strong>tuam</strong></span> <span class='ocrx_word' id='word_1_677' title='bbox 632 4595 736 4670; x_wconf 77' lang='lat' dir='ltr'><strong>vendb,</strong></span> <span class='ocrx_word' id='word_1_678' title='bbox 751 4605 779 4652; x_wconf 90' lang='lat' dir='ltr'><strong>et</strong></span> <span class='ocrx_word' id='word_1_679' title='bbox 791 4595 859 4654; x_wconf 83' lang='lat' dir='ltr'><strong>tacis</strong></span> <span class='ocrx_word' id='word_1_680' title='bbox 915 4601 988 4656; x_wconf 90' lang='lat' dir='ltr'><strong>enim</strong></span> <span class='ocrx_word' id='word_1_681' title='bbox 1001 4609 1063 4669; x_wconf 86' lang='lat' dir='ltr'><strong>quae</strong></span> <span class='ocrx_word' id='word_1_682' title='bbox 1076 4591 1210 4656; x_wconf 83' lang='lat' dir='ltr'><strong>videntur,</strong></span> <span class='ocrx_word' id='word_1_683' title='bbox 1233 4588 1353 4660; x_wconf 91' lang='lat' dir='ltr'><strong>requiem</strong></span> <span class='ocrx_word' id='word_1_684' title='bbox 1367 4586 1493 4655; x_wconf 81' lang='lat' dir='ltr'><strong>quaesivi,</strong></span> <span class='ocrx_word' id='word_1_685' title='bbox 1510 4593 1538 4641; x_wconf 92' lang='lat' dir='ltr'><strong>et</strong></span> <span class='ocrx_word' id='word_1_686' title='bbox 1551 4599 1644 4640; x_wconf 85' lang='lat' dir='ltr'><strong>veram</strong></span> <span class='ocrx_word' id='word_1_687' title='bbox 1668 4599 1712 4639; x_wconf 92' lang='lat' dir='ltr'><strong>re-</strong></span> <span class='ocrx_word' id='word_1_688' title='bbox 1800 4636 1805 4646; x_wconf 89' lang='grc'><strong>,</strong></span> 
     </span>
    </p>
   </div>
   <div class='ocr_carea' id='block_1_4' title="bbox 66 4670 1713 4852">
    <p class='ocr_par' dir='ltr' id='par_1_7' title="bbox 66 4670 1713 4852">
     <span class='ocr_line' id='line_1_51' title="bbox 66 4670 1713 4761; baseline -0.013 -11"><span class='ocrx_word' id='word_1_689' title='bbox 66 4707 130 4750; x_wconf 90' lang='lat' dir='ltr'><strong>eam</strong></span> <span class='ocrx_word' id='word_1_690' title='bbox 140 4706 195 4747; x_wconf 95' lang='lat' dir='ltr'><strong>non</strong></span> <span class='ocrx_word' id='word_1_691' title='bbox 211 4697 294 4759; x_wconf 90' lang='lat' dir='ltr'><strong>tuam,</strong></span> <span class='ocrx_word' id='word_1_692' title='bbox 310 4691 358 4746; x_wconf 92' lang='lat' dir='ltr'><strong>sed</strong></span> <span class='ocrx_word' id='word_1_693' title='bbox 374 4705 462 4745; x_wconf 89' lang='lat' dir='ltr'><strong>suam.</strong></span> <span class='ocrx_word' id='word_1_694' title='bbox 475 4689 563 4745; x_wconf 86' lang='lat' dir='ltr'><strong>Habes</strong></span> <span class='ocrx_word' id='word_1_695' title='bbox 570 4687 599 4743; x_wconf 89' lang='lat' dir='ltr'><strong>in</strong></span> <span class='ocrx_word' id='word_1_696' title='bbox 617 4688 752 4760; x_wconf 90' lang='lat' dir='ltr'><strong>potestate</strong></span> <span class='ocrx_word' id='word_1_697' title='bbox 766 4701 862 4745; x_wconf 89' lang='lat' dir='ltr'><strong>vocem</strong></span> <span class='ocrx_word' id='word_1_698' title='bbox 916 4687 1006 4761; x_wconf 87' lang='lat' dir='ltr'><strong>quiem</strong></span> <span class='ocrx_word' id='word_1_699' title='bbox 1020 4683 1048 4738; x_wconf 91' lang='lat' dir='ltr'><strong>in</strong></span> <span class='ocrx_word' id='word_1_700' title='bbox 1062 4681 1102 4737; x_wconf 87' lang='lat' dir='ltr'><strong>eis</strong></span> <span class='ocrx_word' id='word_1_701' title='bbox 1118 4677 1240 4738; x_wconf 85' lang='lat' dir='ltr'><strong>invenire</strong></span> <span class='ocrx_word' id='word_1_702' title='bbox 1258 4691 1313 4732; x_wconf 91' lang='lat' dir='ltr'><strong>non</strong></span> <span class='ocrx_word' id='word_1_703' title='bbox 1327 4675 1412 4749; x_wconf 90' lang='lat' dir='ltr'><strong>potui.</strong></span> <span class='ocrx_word' id='word_1_704' title='bbox 1428 4673 1533 4731; x_wconf 87' lang='lat' dir='ltr'><strong>Deinde</strong></span> <span class='ocrx_word' id='word_1_705' title='bbox 1553 4672 1663 4730; x_wconf 87' lang='lat' dir='ltr'><strong>rediens</strong></span> <span class='ocrx_word' id='word_1_706' title='bbox 1677 4670 1713 4728; x_wconf 92' lang='lat' dir='ltr'><strong>ad</strong></span> 
     </span>
     <span class='ocr_line' id='line_1_52' title="bbox 66 4762 1709 4852; baseline -0.012 -15"><span class='ocrx_word' id='word_1_707' title='bbox 66 4791 151 4848; x_wconf 89' lang='lat' dir='ltr'><strong>tuam,</strong></span> <span class='ocrx_word' id='word_1_708' title='bbox 171 4780 270 4837; x_wconf 89' lang='lat' dir='ltr'><strong>habeto</strong></span> <span class='ocrx_word' id='word_1_709' title='bbox 285 4787 312 4837; x_wconf 90' lang='lat' dir='ltr'><strong>et</strong></span> <span class='ocrx_word' id='word_1_710' title='bbox 334 4779 462 4836; x_wconf 89' lang='lat' dir='ltr'><strong>animum.</strong></span> <span class='ocrx_word' id='word_1_711' title='bbox 498 4777 611 4851; x_wconf 84' lang='lat' dir='ltr'><strong>Frangis</strong></span> <span class='ocrx_word' id='word_1_712' title='bbox 639 4792 744 4844; x_wconf 88' lang='lat' dir='ltr'><strong>vocem,</strong></span> <span class='ocrx_word' id='word_1_713' title='bbox 765 4776 861 4852; x_wconf 80' lang='lat' dir='ltr'><strong>frange</strong></span> <span class='ocrx_word' id='word_1_714' title='bbox 915 4793 970 4843; x_wconf 91' lang='lat' dir='ltr'><strong>me,</strong></span> <span class='ocrx_word' id='word_1_715' title='bbox 991 4770 1140 4832; x_wconf 86' lang='lat' dir='ltr'><strong>consistere</strong></span> <span class='ocrx_word' id='word_1_716' title='bbox 1154 4767 1184 4824; x_wconf 90' lang='lat' dir='ltr'><strong>iu</strong></span> <span class='ocrx_word' id='word_1_717' title='bbox 1198 4783 1241 4823; x_wconf 90' lang='lat' dir='ltr'><strong>me</strong></span> <span class='ocrx_word' id='word_1_718' title='bbox 1254 4767 1316 4838; x_wconf 91' lang='lat' dir='ltr'><strong>ipso</strong></span> <span class='ocrx_word' id='word_1_719' title='bbox 1340 4782 1395 4822; x_wconf 91' lang='lat' dir='ltr'><strong>non</strong></span> <span class='ocrx_word' id='word_1_720' title='bbox 1418 4779 1529 4836; x_wconf 88' lang='lat' dir='ltr'><strong>possum</strong></span> <span class='ocrx_word' id='word_1_721' title='bbox 1555 4762 1709 4837; x_wconf 87' lang='lat' dir='ltr'><strong>:quoniam</strong></span> 
     </span>
    </p>
   </div>
   <div class='ocr_carea' id='block_1_5' title="bbox 65 4854 1825 4938">
    <p class='ocr_par' dir='ltr' id='par_1_8' title="bbox 65 4854 1825 4938">
     <span class='ocr_line' id='line_1_53' title="bbox 65 4854 1825 4938; baseline -0.012 -10"><span class='ocrx_word' id='word_1_722' title='bbox 65 4881 94 4928; x_wconf 90' lang='lat' dir='ltr'><strong>et</strong></span> <span class='ocrx_word' id='word_1_723' title='bbox 116 4871 290 4927; x_wconf 74' lang='lat' dir='ltr'><strong>uoluntatem.</strong></span> <span class='ocrx_word' id='word_1_724' title='bbox 307 4870 404 4927; x_wconf 83' lang='lat' dir='ltr'><strong>Serras</strong></span> <span class='ocrx_word' id='word_1_725' title='bbox 429 4868 631 4926; x_wconf 84' lang='lat' dir='ltr'><strong>consonantiam</strong></span> <span class='ocrx_word' id='word_1_726' title='bbox 651 4883 757 4938; x_wconf 84' lang='lat' dir='ltr'><strong>vocum,</strong></span> <span class='ocrx_word' id='word_1_727' title='bbox 785 4882 862 4924; x_wconf 85' lang='lat' dir='ltr'><strong>serva</strong></span> <span class='ocrx_word' id='word_1_728' title='bbox 916 4877 1061 4923; x_wconf 87' lang='lat' dir='ltr'><strong>mansmea</strong></span> <span class='ocrx_word' id='word_1_729' title='bbox 1076 4857 1239 4930; x_wconf 84' lang='lat' dir='ltr'><strong>valdelevis,</strong></span> <span class='ocrx_word' id='word_1_730' title='bbox 1254 4854 1578 4929; x_wconf 88' lang='lat' dir='ltr'><strong>multumqueinstabilis‚</strong></span> <span class='ocrx_word' id='word_1_731' title='bbox 1596 4869 1666 4928; x_wconf 83' lang='lat' dir='ltr'><strong>naga</strong></span> <span class='ocrx_word' id='word_1_732' title='bbox 1684 4858 1714 4910; x_wconf 91' lang='lat' dir='ltr'><strong>et</strong></span> <span class='ocrx_word' id='word_1_733' title='bbox 1821 4854 1825 4861; x_wconf 91' lang='lat'>&#39;</span> 
     </span>
    </p>
   </div>
   <div class='ocr_carea' id='block_1_6' title="bbox 64 4939 1717 5388">
    <p class='ocr_par' dir='ltr' id='par_1_9' title="bbox 64 4939 1717 5388">
     <span class='ocr_line' id='line_1_54' title="bbox 64 4939 1709 5030; baseline -0.015 -11"><span class='ocrx_word' id='word_1_734' title='bbox 64 4973 92 5019; x_wconf 89' lang='lat' dir='ltr'><strong>ct</strong></span> <span class='ocrx_word' id='word_1_735' title='bbox 107 4960 278 5018; x_wconf 88' lang='lat' dir='ltr'><strong>concordiam</strong></span> <span class='ocrx_word' id='word_1_736' title='bbox 292 4974 414 5028; x_wconf 90' lang='lat' dir='ltr'><strong>morum;</strong></span> <span class='ocrx_word' id='word_1_737' title='bbox 440 4968 468 5015; x_wconf 91' lang='lat' dir='ltr'><strong>ut</strong></span> <span class='ocrx_word' id='word_1_738' title='bbox 483 4976 532 5030; x_wconf 90' lang='lat' dir='ltr'><strong>per</strong></span> <span class='ocrx_word' id='word_1_739' title='bbox 545 4956 697 5029; x_wconf 88' lang='lat' dir='ltr'><strong>exemplum</strong></span> <span class='ocrx_word' id='word_1_740' title='bbox 711 4957 863 5016; x_wconf 89' lang='lat' dir='ltr'><strong>concordes</strong></span> <span class='ocrx_word' id='word_1_741' title='bbox 916 4954 1043 5028; x_wconf 77' lang='lat' dir='ltr'><strong>profuga,</strong></span> <span class='ocrx_word' id='word_1_742' title='bbox 1058 4950 1158 5023; x_wconf 89' lang='lat' dir='ltr'><strong>ubique</strong></span> <span class='ocrx_word' id='word_1_743' title='bbox 1180 4962 1208 5004; x_wconf 90' lang='lat' dir='ltr'><strong>sa</strong></span> <span class='ocrx_word' id='word_1_744' title='bbox 1227 4945 1329 5013; x_wconf 88' lang='lat' dir='ltr'><strong>variat,</strong></span> <span class='ocrx_word' id='word_1_745' title='bbox 1345 4943 1466 5018; x_wconf 90' lang='lat' dir='ltr'><strong>undiquc</strong></span> <span class='ocrx_word' id='word_1_746' title='bbox 1484 4942 1615 5008; x_wconf 85' lang='lat' dir='ltr'><strong>tluctuat;</strong></span> <span class='ocrx_word' id='word_1_747' title='bbox 1644 4939 1709 5011; x_wconf 92' lang='lat' dir='ltr'><strong>quia</strong></span> 
     </span>
     <span class='ocr_line' id='line_1_55' title="bbox 65 5035 1714 5128; baseline -0.015 -20"><span class='ocrx_word' id='word_1_748' title='bbox 65 5051 200 5124; x_wconf 80' lang='lat' dir='ltr'><strong>proximo,</strong></span> <span class='ocrx_word' id='word_1_749' title='bbox 242 5066 290 5120; x_wconf 92' lang='lat' dir='ltr'><strong>per</strong></span> <span class='ocrx_word' id='word_1_750' title='bbox 317 5050 482 5106; x_wconf 83' lang='lat' dir='ltr'><strong>uoluntatem</strong></span> <span class='ocrx_word' id='word_1_751' title='bbox 506 5049 573 5114; x_wconf 91' lang='lat' dir='ltr'><strong>Deo,</strong></span> <span class='ocrx_word' id='word_1_752' title='bbox 599 5063 649 5119; x_wconf 90' lang='lat' dir='ltr'><strong>per</strong></span> <span class='ocrx_word' id='word_1_753' title='bbox 680 5047 862 5104; x_wconf 89' lang='lat' dir='ltr'><strong>obedientiam</strong></span> <span class='ocrx_word' id='word_1_754' title='bbox 915 5045 1012 5110; x_wconf 89' lang='lat' dir='ltr'><strong>vultet</strong></span> <span class='ocrx_word' id='word_1_755' title='bbox 1027 5057 1081 5100; x_wconf 92' lang='lat' dir='ltr'><strong>uon</strong></span> <span class='ocrx_word' id='word_1_756' title='bbox 1111 5038 1169 5097; x_wconf 79' lang='lat' dir='ltr'><strong>uult</strong></span> <span class='ocrx_word' id='word_1_757' title='bbox 1191 5035 1277 5111; x_wconf 89' lang='lat' dir='ltr'><strong>pigra,</strong></span> <span class='ocrx_word' id='word_1_758' title='bbox 1293 5035 1405 5093; x_wconf 89' lang='lat' dir='ltr'><strong>consilia</strong></span> <span class='ocrx_word' id='word_1_759' title='bbox 1435 5039 1541 5102; x_wconf 84' lang='lat' dir='ltr'><strong>mutat,</strong></span> <span class='ocrx_word' id='word_1_760' title='bbox 1563 5035 1714 5128; x_wconf 78' lang='lat' dir='ltr'><strong>voluntates</strong></span> 
     </span>
     <span class='ocr_line' id='line_1_56' title="bbox 64 5124 1714 5213; baseline -0.016 -15"><span class='ocrx_word' id='word_1_761' title='bbox 64 5140 209 5213; x_wconf 87' lang='lat' dir='ltr'><strong>magistro.</strong></span> <span class='ocrx_word' id='word_1_762' title='bbox 229 5140 361 5204; x_wconf 84' lang='lat' dir='ltr'><strong>Carene,</strong></span> <span class='ocrx_word' id='word_1_763' title='bbox 379 5138 449 5193; x_wconf 88' lang='lat' dir='ltr'><strong>sicut</strong></span> <span class='ocrx_word' id='word_1_764' title='bbox 463 5135 605 5193; x_wconf 87' lang='lat' dir='ltr'><strong>delectaris</strong></span> <span class='ocrx_word' id='word_1_765' title='bbox 620 5134 762 5193; x_wconf 87' lang='lat' dir='ltr'><strong>altitudine</strong></span> <span class='ocrx_word' id='word_1_766' title='bbox 774 5135 860 5203; x_wconf 81' lang='lat' dir='ltr'><strong>nocis,</strong></span> <span class='ocrx_word' id='word_1_767' title='bbox 916 5134 1040 5201; x_wconf 84' lang='lat' dir='ltr'><strong>alternat,</strong></span> <span class='ocrx_word' id='word_1_768' title='bbox 1063 5127 1159 5186; x_wconf 87' lang='lat' dir='ltr'><strong>similis</strong></span> <span class='ocrx_word' id='word_1_769' title='bbox 1175 5126 1240 5182; x_wconf 87' lang='lat' dir='ltr'><strong>lolio</strong></span> <span class='ocrx_word' id='word_1_770' title='bbox 1256 5124 1360 5197; x_wconf 91' lang='lat' dir='ltr'><strong>quoda</strong></span> <span class='ocrx_word' id='word_1_771' title='bbox 1378 5131 1458 5178; x_wconf 85' lang='lat' dir='ltr'><strong>vento</strong></span> <span class='ocrx_word' id='word_1_772' title='bbox 1472 5128 1595 5176; x_wconf 82' lang='lat' dir='ltr'><strong>movetur</strong></span> <span class='ocrx_word' id='word_1_773' title='bbox 1614 5127 1642 5176; x_wconf 89' lang='lat' dir='ltr'><strong>et</strong></span> <span class='ocrx_word' id='word_1_774' title='bbox 1658 5132 1714 5173; x_wconf 90' lang='lat' dir='ltr'><strong>crr-</strong></span> 
     </span>
     <span class='ocr_line' id='line_1_57' title="bbox 65 5210 1717 5297; baseline -0.015 -11"><span class='ocrx_word' id='word_1_775' title='bbox 65 5230 212 5289; x_wconf 88' lang='lat' dir='ltr'><strong>delecteris</strong></span> <span class='ocrx_word' id='word_1_776' title='bbox 235 5229 350 5285; x_wconf 88' lang='lat' dir='ltr'><strong>elatione</strong></span> <span class='ocrx_word' id='word_1_777' title='bbox 365 5226 475 5281; x_wconf 88' lang='lat' dir='ltr'><strong>mentis.</strong></span> <span class='ocrx_word' id='word_1_778' title='bbox 490 5225 545 5282; x_wconf 90' lang='lat' dir='ltr'><strong>Nec</strong></span> <span class='ocrx_word' id='word_1_779' title='bbox 567 5223 643 5281; x_wconf 81' lang='lat' dir='ltr'><strong>diviti</strong></span> <span class='ocrx_word' id='word_1_780' title='bbox 657 5225 756 5281; x_wconf 90' lang='lat' dir='ltr'><strong>obsunt</strong></span> <span class='ocrx_word' id='word_1_781' title='bbox 782 5240 860 5297; x_wconf 87' lang='lat' dir='ltr'><strong>opes,</strong></span> <span class='ocrx_word' id='word_1_782' title='bbox 916 5224 1072 5282; x_wconf 83' lang='lat' dir='ltr'><strong>camiertur.</strong></span> <span class='ocrx_word' id='word_1_783' title='bbox 1087 5220 1152 5274; x_wconf 92' lang='lat' dir='ltr'><strong>lnde</strong></span> <span class='ocrx_word' id='word_1_784' title='bbox 1172 5223 1213 5273; x_wconf 91' lang='lat' dir='ltr'><strong>est</strong></span> <span class='ocrx_word' id='word_1_785' title='bbox 1233 5215 1305 5287; x_wconf 84' lang='lat' dir='ltr'><strong>quod</strong></span> <span class='ocrx_word' id='word_1_786' title='bbox 1319 5210 1497 5282; x_wconf 89' lang='lat' dir='ltr'><strong>cogitationes</strong></span> <span class='ocrx_word' id='word_1_787' title='bbox 1509 5225 1578 5265; x_wconf 82' lang='lat' dir='ltr'><strong>meoe</strong></span> <span class='ocrx_word' id='word_1_788' title='bbox 1592 5222 1668 5264; x_wconf 83' lang='lat' dir='ltr'><strong>vauae</strong></span> <span class='ocrx_word' id='word_1_789' title='bbox 1689 5213 1717 5263; x_wconf 91' lang='grc' dir='ltr'><strong>ει</strong></span> 
     </span>
     <span class='ocr_line' id='line_1_58' title="bbox 64 5299 1714 5388; baseline -0.016 -10"><span class='ocrx_word' id='word_1_790' title='bbox 64 5323 90 5378; x_wconf 88' lang='lat' dir='ltr'><strong>si</strong></span> <span class='ocrx_word' id='word_1_791' title='bbox 102 5321 142 5376; x_wconf 89' lang='lat' dir='ltr'><strong>eis</strong></span> <span class='ocrx_word' id='word_1_792' title='bbox 155 5320 224 5376; x_wconf 92' lang='lat' dir='ltr'><strong>bene</strong></span> <span class='ocrx_word' id='word_1_793' title='bbox 240 5326 328 5376; x_wconf 87' lang='lat' dir='ltr'><strong>utatur</strong></span> <span class='ocrx_word' id='word_1_794' title='bbox 345 5333 351 5373; x_wconf 91' lang='lat'>:</span> <span class='ocrx_word' id='word_1_795' title='bbox 368 5333 416 5374; x_wconf 92' lang='lat' dir='ltr'><strong>nec</strong></span> <span class='ocrx_word' id='word_1_796' title='bbox 436 5331 582 5388; x_wconf 87' lang='lat' dir='ltr'><strong>pauperem</strong></span> <span class='ocrx_word' id='word_1_797' title='bbox 600 5323 708 5387; x_wconf 88' lang='lat' dir='ltr'><strong>egestas</strong></span> <span class='ocrx_word' id='word_1_798' title='bbox 726 5329 863 5372; x_wconf 90' lang='lat' dir='ltr'><strong>commen·</strong></span> <span class='ocrx_word' id='word_1_799' title='bbox 917 5313 1077 5385; x_wconf 86' lang='lat' dir='ltr'><strong>importunae</strong></span> <span class='ocrx_word' id='word_1_800' title='bbox 1092 5323 1135 5364; x_wconf 89' lang='lat' dir='ltr'><strong>me</strong></span> <span class='ocrx_word' id='word_1_801' title='bbox 1163 5306 1285 5368; x_wconf 84' lang='lat' dir='ltr'><strong>trahunt,</strong></span> <span class='ocrx_word' id='word_1_802' title='bbox 1300 5309 1326 5356; x_wconf 90' lang='lat' dir='ltr'><strong>et</strong></span> <span class='ocrx_word' id='word_1_803' title='bbox 1346 5300 1448 5358; x_wconf 90' lang='lat' dir='ltr'><strong>ducunt</strong></span> <span class='ocrx_word' id='word_1_804' title='bbox 1464 5299 1545 5357; x_wconf 93' lang='lat' dir='ltr'><strong>modo</strong></span> <span class='ocrx_word' id='word_1_805' title='bbox 1560 5299 1592 5355; x_wconf 93' lang='lat' dir='ltr'><strong>ad</strong></span> <span class='ocrx_word' id='word_1_806' title='bbox 1607 5299 1714 5366; x_wconf 84' lang='lat' dir='ltr'><strong>lorum,</strong></span> 
     </span>
    </p>
   </div>
   <div class='ocr_carea' id='block_1_7' title="bbox 64 5386 1711 5573">
    <p class='ocr_par' dir='ltr' id='par_1_10' title="bbox 64 5386 1711 5573">
     <span class='ocr_line' id='line_1_59' title="bbox 64 5386 1711 5479; baseline -0.015 -11"><span class='ocrx_word' id='word_1_807' title='bbox 64 5409 185 5468; x_wconf 86' lang='lat' dir='ltr'><strong>dabilem</strong></span> <span class='ocrx_word' id='word_1_808' title='bbox 199 5409 274 5479; x_wconf 84' lang='lat' dir='ltr'><strong>tacit,</strong></span> <span class='ocrx_word' id='word_1_809' title='bbox 293 5408 316 5465; x_wconf 95' lang='lat' dir='ltr'><strong>si</strong></span> <span class='ocrx_word' id='word_1_810' title='bbox 343 5407 412 5465; x_wconf 86' lang='lat' dir='ltr'><strong>inter</strong></span> <span class='ocrx_word' id='word_1_811' title='bbox 425 5405 545 5477; x_wconf 86' lang='lat' dir='ltr'><strong>inopiam</strong></span> <span class='ocrx_word' id='word_1_812' title='bbox 559 5404 654 5464; x_wconf 88' lang='lat' dir='ltr'><strong>sordes</strong></span> <span class='ocrx_word' id='word_1_813' title='bbox 677 5405 780 5475; x_wconf 89' lang='lat' dir='ltr'><strong>pcccati</strong></span> <span class='ocrx_word' id='word_1_814' title='bbox 808 5418 862 5462; x_wconf 91' lang='lat' dir='ltr'><strong>non</strong></span> <span class='ocrx_word' id='word_1_815' title='bbox 917 5403 998 5459; x_wconf 88' lang='lat' dir='ltr'><strong>modo</strong></span> <span class='ocrx_word' id='word_1_816' title='bbox 1011 5399 1045 5457; x_wconf 90' lang='lat' dir='ltr'><strong>ad</strong></span> <span class='ocrx_word' id='word_1_817' title='bbox 1055 5395 1140 5468; x_wconf 85' lang='lat' dir='ltr'><strong>litigia</strong></span> <span class='ocrx_word' id='word_1_818' title='bbox 1155 5391 1352 5465; x_wconf 85' lang='lat' dir='ltr'><strong>altercantium,</strong></span> <span class='ocrx_word' id='word_1_819' title='bbox 1373 5404 1447 5447; x_wconf 93' lang='lat' dir='ltr'><strong>nunc</strong></span> <span class='ocrx_word' id='word_1_820' title='bbox 1460 5387 1495 5444; x_wconf 87' lang='lat' dir='ltr'><strong>ad</strong></span> <span class='ocrx_word' id='word_1_821' title='bbox 1507 5386 1631 5446; x_wconf 84' lang='lat' dir='ltr'><strong>convivia</strong></span> <span class='ocrx_word' id='word_1_822' title='bbox 1646 5386 1711 5463; x_wconf 87' lang='lat' dir='ltr'><strong>piu-</strong></span> 
     </span>
     <span class='ocr_line' id='line_1_60' title="bbox 64 5477 1709 5573; baseline -0.016 -14"><span class='ocrx_word' id='word_1_823' title='bbox 64 5507 171 5560; x_wconf 84' lang='lat' dir='ltr'><strong>caseat.</strong></span> <span class='ocrx_word' id='word_1_824' title='bbox 747 5566 750 5571; x_wconf 67' lang='lat'><em>,</em></span> <span class='ocrx_word' id='word_1_825' title='bbox 917 5491 1023 5564; x_wconf 90' lang='lat' dir='ltr'><strong>guium,</strong></span> <span class='ocrx_word' id='word_1_826' title='bbox 1037 5501 1110 5545; x_wconf 90' lang='lat' dir='ltr'><strong>nuuc</strong></span> <span class='ocrx_word' id='word_1_827' title='bbox 1128 5485 1164 5542; x_wconf 92' lang='lat' dir='ltr'><strong>ad</strong></span> <span class='ocrx_word' id='word_1_828' title='bbox 1180 5481 1317 5556; x_wconf 84' lang='lat' dir='ltr'><strong>immunda</strong></span> <span class='ocrx_word' id='word_1_829' title='bbox 1330 5478 1481 5539; x_wconf 90' lang='lat' dir='ltr'><strong>libidinum.</strong></span> <span class='ocrx_word' id='word_1_830' title='bbox 1506 5477 1585 5541; x_wconf 87' lang='lat' dir='ltr'><strong>llodc</strong></span> <span class='ocrx_word' id='word_1_831' title='bbox 1599 5477 1709 5573; x_wconf 80' lang='lat' dir='ltr'><strong>sordida</strong></span> 
     </span>
    </p>
   </div>
   <div class='ocr_carea' id='block_1_8' title="bbox 0 0 1872 5962">
    <p class='ocr_par' dir='ltr' id='par_1_11' title="bbox 0 0 1872 5962">
     <span class='ocr_line' id='line_1_61' title="bbox 0 0 1872 5962; baseline 0 0"><span class='ocrx_word' id='word_1_832' title='bbox 0 0 1872 5962; x_wconf 95' lang='lat' dir='ltr'><strong> </strong></span> 
     </span>
    </p>
   </div>
  </div>
 </body>
</html>
