3706 5962
174 234 225 294 303
728 224 910 284 Abnonltlb
929 225 961 284 ΙΝ
981 225 1081 283 llPlSl.
1101 222 1262 282 balensis.
1768 225 1820 283 304

173 371 318 430 possumus
333 352 478 407 insudare
492 353 590 406 uultus
599 350 702 414 nostri,
715 352 746 404 in
757 349 851 405 dolore
860 349 952 406 cordis
967 350 1078 414 nostri,·
1094 352 1125 405 in
1141 350 1275 421 lacrqmis
1286 348 1401 416 doloris,
1417 348 1442 402 si
1454 363 1512 402 non
1520 365 1668 419 possumus
1679 351 1821 410 insudore

174 428 286 482 laboris.
309 425 435 494 blaqnam
451 423 523 477 hone
534 425 681 493 jacturam
692 420 879 503 professionis
895 424 1000 475 nostroe
1015 422 1144 491 suppleat
1164 422 1267 492 pietas,
1285 436 1317 475 ae
1331 418 1438 475 deuotio
1460 418 1644 475 conscientiae
1658 420 1786 478 humilis.
1806 445 1819 474 s

173 499 250 555 llihil
265 496 373 550 clarius
388 494 425 548 iis
440 494 539 556 uerbis,
556 494 762 562 «professionis
776 496 892 555 nostra,
907 513 918 541 s
935 491 1033 562 quibus
1049 492 1283 548 Carlusianorum
1298 490 1468 545 institutum
1484 493 1581 561 aperte
1594 490 1734 562 desiqnat,
1749 510 1820 565 quo-

173 585 237 622 rum
252 571 358 639 patres,
374 564 487 635 antiqui
502 564 549 619 illi
563 564 689 617 eremita
703 566 730 616 et
745 561 908 617 Thebaidem
920 561 1084 624 incolentes,
1101 566 1134 617 ut
1145 563 1231 617 initio
1245 561 1349 632 capitis
1360 560 1497 630 explieat,
1510 559 1676 617 laborabant
1686 565 1820 622 monibus

172 640 242 706 suis,
256 643 283 693 et
299 635 331 691 de
350 636 443 690 labore
457 650 506 690 suo
515 649 653 706 pauperes
660 636 823 715 pascebant.
840 637 951 698 Patres,
960 633 1086 703 inquam.
1103 649 1165 689 suos
1176 638 1266 696 oocot,
1277 648 1335 687 nou
1348 629 1539 694 Benedictum,
1553 647 1611 688 non
1627 633 1818 700 deneardum,

173 727 231 766 non
242 707 380 765 Basiliam
390 711 440 763 aut
451 706 542 761 atium
556 720 680 778 quemuis
689 706 921 773 coenobiarcham,
938 702 1040 758 sedeas
1053 705 1100 776 qui
1118 726 1129 754 a
1146 706 1177 759 in
1192 706 1307 775 AEqppto
1321 707 1349 757 et
1368 701 1514 766 Thebaida,
1528 708 1637 758 sanctie
1652 706 1736 776 hujus
1750 707 1819 762 oitoe

173 779 367 836 ardentissimi
384 778 574 843 assentatores,
590 779 622 831 in
636 772 839 831 solitudinibus
850 773 1011 845 tepentes...
1023 775 1077 844 ipsi
1090 777 1143 831 sibi
1152 776 1237 829 cellos
1252 771 1441 842 aedificabunt,
1454 773 1594 844 inquibus
1608 777 1677 829 tecti
1687 780 1819 832 tantum·

173 852 253 907 modo
263 854 290 905 et
301 849 484 920 circumsepti
494 863 510 900 a
522 849 633 903 turbine
644 852 671 900 et
682 864 700 900 u
708 848 804 917 pluuia
821 847 1002 910 tutabantur,
1017 845 1157 916 inquibus
1170 844 1326 900 eremiticae
1340 844 1519 914 fruqalitatis
1531 841 1640 899 deliciis
1650 847 1816 917 affluentes,

175 920 381 993 locupletabant
396 921 501 974 multos
515 919 570 990 ipsi
585 922 705 988 epentes.
723 939 734 964 s
753 917 795 971 En
809 916 901 986 iqitur
915 915 1073 972 cremitam.
1090 918 1224 971 eremitas
1239 917 1441 986 alloquentem,
1456 918 1575 984 potrum
1589 930 1705 972 suorum
1719 922 1818 974 eremi-

175 1000 271 1048 tarum
286 993 317 1045 in
332 993 443 1061 AEqqpti
457 995 485 1045 ct
497 989 638 1045 Thebaidis
649 986 853 1044 solitudinibus
867 991 896 1041 et
907 987 1009 1041 ultibus
1018 987 1123 1042 casulis
1133 988 1294 1058 depentium
1309 986 1518 1050 aemulatorem·
1532 986 1682 1056 (luiponem
1694 988 1816 1060 proinde

175 1064 388 1130 Cartusianum,
403 1077 461 1116 uon
476 1066 552 1115 certe
571 1059 741 1115 Witletmum
755 1057 894 1123 obbalern,
905 1058 953 1112 cui
968 1056 1025 1112 haec
1041 1058 1159 1113 minime
1173 1060 1357 1112 conueniunt.

209 1139 234 1187 8.
253 1131 305 1190 Sed
318 1134 398 1188 sicin
409 1131 526 1187 dubium
536 1131 626 1185 adhuc
635 1133 802 1201 superesset,
814 1130 950 1184 eximeret
959 1144 1075 1200 prorsus
1084 1130 1156 1200 quod
1169 1128 1268 1184 scribit
1279 1132 1379 1183 auctor
1386 1126 1510 1198 ejusdem
1522 1126 1599 1192 libri,
1613 1143 1675 1199 cap.
1687 1127 1731 1183 to.
1745 1130 1816 1186 Cum

174 1206 252 1261 enim
259 1204 408 1275 accepisset
418 1203 664 1271 aedificarianoois
675 1200 736 1256 iltis
743 1200 905 1256 biantis-Dei
916 1200 1093 1255 Cortusianis
1100 1202 1185 1271 paulo
1196 1200 1425 1269 sumptuosiores,
1435 1213 1518 1269 quam
1532 1195 1657 1265 decebat,
1666 1213 1816 1271 eorumque

173 1275 306 1332 instituti
318 1276 387 1345 lepos
395 1272 535 1345 ferebant,
546 1271 641 1336 celtas,
656 1271 730 1326 nihil
738 1286 796 1325 non
804 1270 864 1341 aqit
873 1274 905 1324 ut
915 1287 958 1327 eos
969 1286 986 1324 a
992 1273 1133 1342 proposito
1144 1270 1317 1336 dehortetur,
1327 1274 1355 1322 et
1364 1269 1399 1323 ad
1406 1268 1563 1339 pristinam
1573 1272 1815 1339 potramsuorum

173 1346 391 1418 simplieitatem
399 1361 432 1400 ae
441 1347 641 1416 paupertatem
654 1346 769 1397 reuocet.
779 1363 791 1392 i
800 1343 874 1411 tam,
884 1362 896 1391 s
908 1341 1014 1412 inquit,
1023 1362 1035 1391 a
1048 1341 1221 1397 subintravit
1232 1340 1264 1394 de
1274 1356 1331 1396 oere
1340 1340 1617 1421 alienosumptuoso,
1626 1344 1665 1405 et,
1674 1346 1815 1413 quantum

171 1418 263 1489 pudor
272 1417 322 1472 uic
332 1416 404 1470 sinit
426 1414 722 1471 ambitiosacettarnm
731 1413 900 1481 testificatio:
911 1417 938 1468 et
948 1412 1055 1483 abjecta
1063 1411 1359 1483 sanetasimpticitote
1367 1415 1394 1464 et
1405 1409 1603 1467 rusticitate...
1614 1412 1695 1483 quasi
1704 1412 1816 1483 reliqio

172 1503 217 1543 sas
225 1487 360 1560 quasdam
368 1456 447 1542 nobis
455 1501 585 1542 creamus
594 1484 803 1542 habitationum
811 1483 971 1541 honestates
979 1502 988 1549 ,·
997 1483 1029 1537 in
1042 1484 1139 1554 quibus
1149 1487 1264 1537 tantum
1273 1497 1448 1553 compassum
1457 1484 1500 1534 est
1508 1480 1691 1547 animalibus,
1701 1487 1733 1536 ut
1743 1500 1816 1554 pene

172 1574 267 1614 omnes
282 1561 313 1612 in
324 1560 373 1613 hoc
391 1557 490 1628 effecti
504 1557 596 1612 simus
610 1556 760 1611 animales.
774 1554 930 1610 Dimissam
944 1558 1021 1610 onim
1038 1555 1112 1608 uobis
1127 1571 1144 1608 a
1151 1554 1284 1624 patribus
1294 1551 1402 1607 nostris
1408 1553 1477 1623 jure
1492 1549 1676 1607 hoereditario
1691 1553 1815 1621 formam

171 1632 361 1701 paupertatis,
372 1633 510 1684 etsanctee
517 1626 713 1707 simplicitatis
720 1627 851 1696 speciem,
861 1640 959 1679 oerum
968 1623 1092 1680 decorem
1101 1624 1264 1689 dornusllei,
1273 1622 1542 1678 alienantesanobis
1550 1622 1689 1679 etocellis
1696 1627 1813 1691 icastris,

173 1716 223 1770 per
231 1715 334 1754 manus
344 1699 488 1766 artificum
497 1696 707 1769 exquisitorum
717 1699 802 1751 cellas
812 1713 871 1753 non
880 1696 1208 1767 tamer·emiticos,quam
1217 1696 1389 1750 aromaticas
1399 1693 1572 1761 adifieamus
1583 1691 1672 1756 nobis²
1684 1695 1814 1766 sinqulas

173 1771 205 1824 in
223 1771 309 1825 tituto
319 1774 435 1824 centum
444 1767 609 1832 solidorum,
619 1767 862 1837 concupiscentias
870 1768 1015 1823 oculorum
1025 1771 1188 1821 nostrorum
1197 1766 1231 1820 dc
1241 1764 1421 1836 eleemosynis
1429 1779 1597 1836 pauperum.
1608 1766 1741 1836 simpulo.
1758 1767 1815 1825 Do-

172 1843 260 1906 mine,
272 1840 452 1910 opprohrium
466 1843 582 1893 centum
595 1838 779 1893 solidoruma
795 1837 874 1892 cellis
881 1852 1039 1908 pauperum
1049 1842 1174 1893 tuorum.
1186 1838 1241 1892 Gur
1247 1853 1306 1892 non
1314 1836 1408 1907 potius
1418 1839 1534 1891 centum
1541 1834 1747 1891 denariorum?
1761 1853 1816 1892 cur

173 1911 334 1982 reonpotius
343 1909 566 1965 nullorumlcur
574 1924 630 1962 non
638 1909 733 1979 potius
741 1908 832 1978 pratis
839 1908 1000 1980 filiiqratioe
1009 1910 1064 1982 ipsi
1071 1908 1215 1978 edificant
1225 1907 1239 1961 t
1250 1928 1261 1956 s
1273 1908 1307 1964 ln
1314 1908 1349 1962 iis
1360 1906 1538 1962 verbisnema
1547 1921 1604 1960 nou
1612 1905 1815 1979 deprehendas,

173 1998 229 2038 uon
241 1981 432 2045 Guillelmum,
447 1997 504 2036 non
512 1980 698 2043 bernardum,
707 1979 988 2050 autoliumquemuis
997 1976 1369 2035 monachumceenobiticam
1380 1977 1469 2031 uitam
1478 1981 1616 2047 aqentern,
1628 1977 1815 2048 quibuscelioe

171 2053 330 2124 sinquhares
350 2052 440 2107 multa
449 2052 545 2105 minus
552 2050 718 2116 eremiticae,
729 2055 797 2104 tune
806 2051 939 2122 temporis
946 2049 1072 2106 nondum
1079 2055 1172 2114 erant,
1180 2054 1211 2103 ut
1220 2051 1368 2121 quiomnes
1375 2051 1407 2103 in
1414 2048 1558 2104 eom-muni
1566 2045 1745 2116 dormitorio,
1754 2064 1815 2104 nec·

171 2124 239 2178 dum
249 2126 281 2178 in
295 2097 381 2178 celtas
394 2122 494 2189 diuiso,
503 2120 681 2176 dormiebant
691 2140 700 2175 .·
711 2122 758 2175 sed
767 2121 918 2178 eremitam
930 2122 1139 2189 Cartusiurum,
1149 2123 1334 2177 eremitarum
1341 2123 1455 2190 patrem
1468 2121 1638 2191 qeneralem,
1650 2120 1700 2191 qui
1709 2120 1813 2190 doleat,

171 2196 244 2264 filios
256 2210 318 2250 suos
325 2197 387 2265 jam
398 2194 431 2248 ab
442 2193 521 2249 auita
532 2192 681 2249 eremitica
690 2193 876 2264 simplicitate
891 2192 1047 2262 deponeres,
1057 2192 1199 2261 adificare
1212 2191 1266 2245 sihi
1280 2206 1382 2246 curare
1396 2190 1492 2254 celtas,
1503 2204 1560 2244 non
1571 2192 1669 2261 quates
1678 2190 1813 2247 eremitas

171 2263 347 2332 decebat,sed
357 2264 530 2335 superbiores
538 2280 621 2336 quam
629 2262 759 2334 ferebant
768 2263 955 2319 eremitarum
965 2263 1161 2334 instituta,qui
1172 2262 1292 2317 humiles
1300 2277 1388 2325 casos,
1400 2263 1541 2333 majorum
1551 2261 1750 2333 ecernplo,ipsi
1758 2262 1811 2319 sibi

171 2334 312 2405 aedificare
321 2335 465 2392 debebant.
483 2336 553 2389 ltine
568 2335 665 2402 oddit;
684 2354 695 2383 ι
708 2334 746 2387 Tr
763 2351 788 2397 a,
800 2337 919 2399 obsecro,
934 2335 966 2388 in
978 2331 1410 2406 pereqrinalionehuJ'usseeculi,
1421 2332 1454 2385 in
1467 2331 1577 2387 militia
1587 2332 1640 2387 hae
1654 2347 1739 2403 saper
1752 2337 1810 2388 ler-

169 2422 242 2474 ram,
256 2406 428 2474 aedificemus
441 2406 528 2472 nobis,
544 2420 603 2460 non
612 2404 706 2461 domos
764 2404 960 2470 habitandum,
976 2404 1024 2460 sed
1035 2406 1216 2462 tabernacula
1227 2402 1501 2460 anduennium...
1513 2401 1712 2475 Numquidnam
1726 2404 1812 2474 facite

144 2511 149 2519 ·
169 2482 210 2532 est
219 2477 392 2544 solitario,et
401 2477 548 2544 sufficiens
557 2479 711 2540 naturoe,et
722 2475 793 2530 utile
804 2475 1055 2549 conscienlioe,ipsi
1065 2475 1120 2532 sibi
1129 2477 1230 2532 cellam
1241 2474 1274 2530 de
1286 2475 1374 2547 oirqis
1383 2472 1579 2540 contecerede
1589 2476 1648 2530 luto
1655 2475 1811 2544 plasmare,

167 2547 351 2620 undecunque
360 2546 481 2618 operire,
491 2550 519 2601 et
530 2546 729 2604 decentissime
739 2546 918 2604 inhabitaret
928 2548 964 2602 nt
978 2547 1044 2621 quid
1055 2548 1179 2619 eruptius
1188 2552 1230 2605 est
1240 2546 1436 2620 requirendum
1445 2545 1492 2600 l...
1505 2545 1616 2601 Obsecro
1626 2561 1699 2618 erqo,
1708 2551 1742 2603 ut
1751 2562 1812 2603 nso·

168 2624 256 2675 neunt
271 2618 350 2673 cetlce
363 2618 423 2672 illu
437 2617 615 2672 delicatiores
625 2619 698 2674 sieut
705 2620 791 2741 qaetoe
805 2624 883 2688 sunt,
899 2619 945 2675 sed
955 2634 1013 2675 non
1022 2625 1130 2677 creseat
1146 2635 1281 2674 osuneerus
1294 2634 1392 2674 earu—m
1400 2637 1409 2683 ,·
1424 2617 1540 2690 sintque
1554 2616 1586 2669 iu
1596 2616 1811 2674 tratetudinorio

167 2688 307 2759 fratribus
321 2687 496 2743 animalibus
506 2693 534 2745 et
548 2689 702 2757 infirmiori
721 2689 861 2759 us,ldoncc
874 2690 1108 2746 convalescant...
1122 2691 1254 2747 Moreeant
1268 2690 1299 2742 in
1308 2689 1471 2759 exemplum
1479 2687 1602 2758 posteris
1616 2688 1735 2752 nostris,
1782 2692 1810 2744 ia

168 2761 240 2815 tales
255 2761 390 2815 habuistis
406 2764 433 2814 et
448 2759 629 2884 quesistis.»
648 2759 704 2827 Quo
714 2761 791 2830 jure,
810 2774 910 2833 quoeso,
932 2761 1083 2817 Wiltelrnus
1096 2765 1237 2833 praeopta
1258 2760 1315 2815 hoec
1331 2762 1442 2825 alienis,
1463 2775 1580 2830 quorum
1595 2775 1665 2814 curo
1683 2707 1811 2815 nihguud

167 2845 231 2886 eum
247 2831 400 2895 attinebat,
416 2834 448 2885 de
469 2833 534 2885 isset
544 2829 558 2882 l
570 2829 639 2898 Quid
655 2833 686 2884 in
699 2830 935 2887 Cartusianorum
948 2830 1130 2903 disciplinam
1140 2847 1168 2886 se
1180 2831 1396 2902 interposuisset
1407 2832 1421 2884 l
1434 2830 1503 2898 tfnid
1518 2830 1552 2886 de
1562 2844 1659 2886 eorum
1674 2831 1809 2896 moribus,

167 2902 214 3026 qui
231 2902 285 2957 sihi
299 2901 407 2957 subditi
420 2915 477 2955 non
493 2905 588 2967 erant,
608 2901 797 2969 reformandis
811 2902 985 2973 sotepissct?
999 2905 1020 2958 d
1032 2903 1159 2974 propriis
1178 2900 1371 2974 superioribus
1387 2900 1565 2973 repetantur,
1580 2899 1617 2955 od
1631 2917 1697 2972 quos
1712 2916 1809 2957 ernen-

186 2988 234 3027 are
248 2970 418 3043 pertinebat,
436 2970 502 3043 quid
521 2977 621 3027 eontra
636 2971 746 3026 ordinis
761 2970 944 3043 disciplinam
957 2978 1107 3045 peceatum
1122 2978 1203 3029 esset.
1229 2974 1302 3028 Tune
1317 2973 1429 3028 demum
1448 2971 1591 3029 concludit
1607 2976 1718 3036 auctor,
1734 2989 1808 3029 corn-

168 3045 295 3098 munium
305 3048 433 3114 patrum,
444 3043 530 3096 idest
545 3043 730 3112 antiquorum
745 3042 932 3098 eremitarum
947 3043 1077 3127 exempto
1091 3046 1149 3099 suis
1163 3047 1194 3099 in
1209 3044 1377 3102 memoriam
1393 3058 1534 3109 reuocans,
1546 3043 1632 3097 initio
1645 3043 1751 3125 capitis
1766 3060 1808 3100 se·

165 3114 278 3185 quentis
294 3131 301 3166 :
325 3114 372 3167 h'os
387 3117 484 3167 uatem
499 3112 548 3185 qui
561 3112 726 3184 spirituales
740 3114 817 3180 ostis,
833 3117 908 3169 sieut
927 3113 1045 3181 Hebraei,
1063 3115 1093 3171 id
1108 3119 1151 3170 est
1173 3120 1362 3178 transeuntes,
1377 3130 1435 3170 non
1451 3114 1582 3168 habe-ntes
1597 3113 1642 3168 hic
1656 3114 1807 3170 ciuitatem

163 3190 337 3248 monentem,
354 3183 402 3239 sed
414 3185 546 3266 futuram
560 3183 757 3254 inquirentes‚·
774 3185 912 3253 aedificate
925 3185 1008 3253 oobn,
1024 3187 1096 3241 sicut
1112 3187 1246 3258 cupistis,
1265 3187 1376 3242 casulas
1390 3188 1423 3239 in
1437 3185 1536 3267 quibus
1551 3184 1693 3240 habitetis.
1712 3186 1745 3240 ln
1760 3203 1808 3242 ca·

164 3255 235 3311 satis
256 3259 335 3312 enim
355 3254 556 3309 habitaverunt
572 3258 667 3327 potres
686 3257 808 3310 nostri.»
829 3255 883 3323 Qui
894 3261 990 3328 putres
1000 3257 1014 3310 l
1026 3280 1039 3307 a
1056 3260 1154 3312 Patres
1169 3257 1293 3323 nostri.»
1311 3255 1402 3322 addit,
1415 3276 1426 3305 ι
1440 3271 1472 3309 sn
1483 3258 1597 3326 AEpqpto
1611 3260 1638 3309 et
1658 3254 1806 3325 Thebaida,

164 3327 353 3383 sanctissima
369 3326 453 3398 hujus
462 3330 527 3381 uitee
538 3326 730 3381 ardentissimi
740 3329 928 3394 aemnlatores,
942 3328 973 3381 in
984 3326 1184 3385 solitudinibus
1195 3329 1358 3399 deqentcs...
1375 3329 1430 3400 ipsi
1446 3329 1532 3383 celtas
1545 3325 1724 3396 fabricabant
1739 3326 1806 3397 sibi,

163 3397 196 3453 in
214 3397 313 3471 quibus
330 3397 398 3452 tecti
413 3401 441 3452 et
455 3397 638 3466 circumsepti
654 3412 672 3449 a
688 3398 802 3452 turbine
815 3402 850 3467 ¹et
865 3414 883 3452 a
897 3400 995 3470 pluuia
1008 3399 1189 3467 tutabantur,
1205 3400 1238 3453 in
1260 3397 1359 3482 quibus
1373 3399 1531 3455 eremetieoe
1544 3397 1724 3467 fruqotitatis
1740 3396 1807 3456 deli·

161 3469 215 3525 eiis
230 3469 388 3539 affluentes,
402 3468 610 3540 locupletabant
622 3469 725 3525 multas
739 3469 794 3538 ipsi
803 3474 914 3539 epentes
929 3470 997 3540 (ll).
1012 3490 1023 3519 s
1042 3470 1144 3538 Quibus
1160 3471 1248 3528 uerbis
1263 3470 1435 3526 institutum
1450 3484 1534 3524 suum
1544 3471 1612 3524 satis
1625 3468 1725 3538 prodit
1739 3485 1806 3525 aue·

162 3544 217 3603 tor,
225 3543 258 3595 ab
267 3541 412 3595 Guiltetmi
424 3541 677 3595 institutoomnino
684 3540 820 3608 alienum,
832 3542 879 3613 qui
888 3557 938 3595 nee
945 3542 1131 3598 eremitarum
1139 3558 1215 3598 more
1224 3541 1344 3607 aiuebot,
1353 3557 1405 3598 nee
1416 3543 1448 3595 in
1457 3539 1669 3612 celluseparuta
1679 3538 1802 3611 deqebat.

198 3614 223 3662 9.
238 3611 373 3666 Hactenus
384 3611 460 3665 dicta
476 3611 628 3679 sufficiunt
638 3607 675 3664 ad
689 3610 871 3667 asserendam
887 3611 1008 3682 Guiqoni
1022 3614 1118 3668 Priori
1131 3613 1270 3669 Cartusiae
1276 3613 1427 3684 epistotam
1435 3611 1471 3667 ud
1480 3616 1584 3681 fratres
1595 3610 1628 3666 de
1638 3610 1802 3682 Monte-Dei,

161 3679 423 3751 restituendumque
434 3695 483 3734 suo
502 3680 615 3735 auctori
630 3679 721 3734 nobile
735 3697 815 3762 opus,
830 3684 912 3753 cufas
925 3682 1006 3740 laude
1020 3700 1084 3740 eum
1094 3683 1312 3755 defraudaverat
1328 3681 1548 3739 amanuensium
1563 3681 1721 3753 imperitia.
1738 3684 1802 3738 Tria

161 3752 307 3805 duntaxat
316 3749 410 3822 objici,
425 3765 490 3804 cum
499 3748 596 3821 aliqua
603 3750 872 3816 verisimilitudine,
885 3757 1009 3824 possent,
1027 3771 1088 3825 quse
1101 3771 1135 3809 ne
1147 3756 1275 3811 incautos
1292 3754 1445 3826 decipiant,
1466 3752 1800 3823 breuiterecpendemus.

162 3821 301 3887 Primum,
317 3820 400 3902 idque
414 3819 603 3891 precipuum,
618 3824 807 3902 repetiturus
820 3826 993 3894 prefatione
1001 3841 1088 3896 quarn
1096 3825 1209 3897 primus
1220 3826 1373 3896 inteqram,
1384 3829 1416 3878 ut
1425 3822 1480 3880 sibi
1492 3823 1569 3879 uisus
1577 3821 1724 3888 uendidit
1733 3826 1801 3880 Ber·

160 3891 280 3945 trondus
294 3891 403 3957 Tisster,
424 3896 497 3946 tomo
508 3895 610 3961 quarta
626 3891 806 3949 Bibliothecae
823 3893 1029 3962 Cistereiensis,
1048 3897 1080 3950 in
1095 3913 1152 3968 qua
1166 3901 1264 3953 auctor
1279 3901 1429 3954 assumeret
1442 3895 1502 3951 otia
1516 3893 1644 3966 operaab
1659 3911 1687 3950 se
1702 3893 1800 3951 edila:

159 3977 221 4033 quoe
239 3961 336 4016 omnio
356 3960 487 4017 Witlelmi
505 3961 614 4015 abbatis
628 3976 685 4018 esse
700 3968 822 4019 constat.
844 3965 876 4021 Si
888 3965 1002 4037 quidem
1019 3984 1098 4038 aque
1118 3971 1261 4024 constaret
1276 3973 1366 4024 totam
1380 3983 1443 4022 earn
1460 3966 1671 4038 prefationem,
1687 3967 1800 4036 quatem

158 4032 291 4088 exhibuit
309 4032 451 4101 Tisserius,
463 4031 550 4086 unius
560 4037 588 4088 et
598 4033 722 4105 ejusdem
732 4036 859 4092 auctoris
873 4052 940 4102 esse,
959 4036 1290 4108 houdfiseitesolocretur
1300 4054 1332 4094 eo
1342 4039 1499 4108 difficultas
1509 4055 1518 4091 :
1530 4034 1578 4092 sed
1593 4040 1707 4090 tontum
1724 4034 1799 4093 abest

157 4103 188 4157 id
206 4107 324 4168 constet,
340 4107 373 4157 ut
392 4105 490 4175 potius
505 4103 650 4159 evidenter
663 4109 810 4176 appareat,
832 4121 894 4161 eum
906 4112 1029 4178 partem,
1047 4127 1101 4182 qua
1118 4109 1317 4181 prefationem
1333 4109 1419 4164 ausit
1438 4107 1580 4171 Tisserius,
1596 4123 1707 4163 merum
1722 4123 1799 4164 assu·

157 4180 287 4228 mentum
303 4189 371 4239 esse,
387 4175 545 4231 scribarum
559 4175 630 4230 uitio
644 4191 794 4248 perperam
805 4177 947 4233 additum.
960 4180 1028 4235 Cum
1043 4185 1130 4246 enirn,
1141 4187 1173 4234 ut
1186 4180 1325 4249 discimus,
1341 4181 1374 4233 in
1387 4196 1443 4235 uno
1458 4177 1605 4251 eodemque
1619 4176 1714 4236 codice
1728 4183 1799 4250 epis·

159 4247 247 4301 totam
267 4247 303 4302 ad
317 4249 422 4316 fratres
436 4246 469 4303 de
486 4247 645 4303 Monte-liei
659 4263 723 4303 cura
738 4248 871 4319 penninis
893 4249 1026 4307 Willclrni
1043 4251 1156 4307 obbatis
1173 4251 1304 4325 operibus
1319 4250 1490 4323 descriptum
1504 4249 1684 4322 reperissent,
1701 4251 1797 4305 omriia

155 4318 244 4373 unius
255 4318 432 4389 ejusdemque
438 4318 562 4374 auctoris
568 4334 625 4375 esse
636 4319 955 4377 arbitratieommunem
963 4322 1093 4378 omnibus
1099 4323 1408 4396 praefutionemlemese
1419 4320 1716 4395 preerniserunt,male
1727 4336 1797 4377 con-

154 4388 305 4444 cinnatam
313 4395 416 4446 tumere
427 4404 548 4463 coquam
559 4392 642 4462 Guiqo
650 4391 916 4465 epistoleesuoe,tum
926 4409 1002 4449 ecta
1010 4410 1094 4465 quam
1107 4395 1261 4450 Wiltetrnus
1269 4394 1355 4448 initio
1364 4393 1590 4448 lucubrationum
1600 4406 1797 4464 suarnmpree·

153 4459 492 4533 mittendamseripseret.
501 4462 623 4518 Erroudi
632 4466 860 4535 urisaupraoun
868 4463 940 4535 quod
947 4465 1040 4521 insua
1050 4468 1148 4521 scribit
1160 4466 1255 4537 Guiqo,
1265 4481 1294 4521 se
1302 4464 1441 4534 fratribus
1452 4463 1511 4519 suis
1519 4460 1697 4518 arbitr-olum
1705 4462 1795 4535 fuisse

154 4529 353 4598 dedicandum,
362 4535 434 4604 quod
441 4533 509 4603 fecit
518 4533 696 4589 adsolalium
703 4535 926 4607 eorumquiproe
935 4536 1101 4609 relipiosiori
1109 4539 1281 4594 conscientia
1290 4536 1328 4591 iis
1336 4534 1464 4591 omnibus
1472 4532 1725 4598 conturbabantur,
1734 4550 1796 4606 quoe

152 4601 218 4669 fidei
228 4605 270 4657 oct
283 4603 437 4658 minimum
446 4604 795 4676 repuqnareuidebantur:
806 4611 885 4688 quasi
899 4606 979 4662 uliud
993 4608 1130 4682 quoddam
1144 4625 1212 4679 opus
1226 4612 1307 4672 esset,
1323 4607 1357 4660 ab
1372 4608 1489 4679 epistola
1505 4606 1663 4671 diuersum;
1677 4620 1743 4658 curn
1755 4610 1796 4662 ta·

151 4685 217 4726 men
230 4689 292 4743 quse
305 4674 375 4730 libro
386 4677 504 4730 seeundo
514 4683 573 4730 tom
583 4680 716 4731 accurate
727 4677 760 4734 de
769 4693 869 4733 anima
879 4679 1183 4752 ejusquefaeultatibus
1192 4684 1218 4736 et
1235 4678 1353 4738 actibus,
1369 4682 1433 4745 etc,
1445 4676 1569 4741 disserit,
1580 4673 1617 4731 ad
1630 4676 1795 4732 eripiendos

150 4744 327 4799 erudiorum
343 4745 458 4799 illorum
471 4749 598 4815 fratrum
613 4749 717 4804 areimis
732 4749 875 4820 scrupulos
886 4752 1162 4822 scriptooideantar.
1176 4753 1214 4805 Eo
1224 4766 1287 4805 aero
1303 4764 1359 4805 esse
1374 4749 1518 4831 opuscula,
1528 4762 1588 4820 quae
1598 4747 1715 4819 scripsit
1725 4746 1793 4802 Wil-

152 4814 263 4880 lelmus,
281 4816 405 4871 alterum
419 4815 469 4870 sub
491 4817 607 4871 nomine
621 4819 732 4888 Speculi
749 4819 825 4888 fidei,
841 4822 966 4878 alterum
981 4823 1031 4877 sub
1047 4822 1132 4879 tilulo
1147 4821 1317 4891 AEniqmatis
1334 4819 1410 4888 fides.
1425 4833 1576 4891 perperam
1590 4815 1794 4874 existimantes

150 4888 267 4953 scrihee,·
282 4901 343 4958 quse
357 4885 389 4941 de
407 4895 525 4958 utroque
538 4891 678 4972 proefatus
694 4890 738 4946 hie
753 4894 860 4961 fuerat,
877 4893 980 4948 statim
994 4893 1067 4948 male
1081 4896 1258 4949 consuerunt
1271 4907 1336 4946 cum
1353 4889 1487 4961 Guiqonis
1506 4887 1605 4964 acrb'n,
1624 4887 1715 4959 iisque
1735 4904 1792 4944 non

152 4956 231 5013 nihil
245 4957 428 5013 adulteratis.
445 4958 480 5012 Et
494 4974 529 5013 ne
545 4959 603 5030 ipss
619 4963 722 5018 temere
738 4965 897 5034 conjectare
911 4964 1063 5028 uideamur,
1080 4965 1250 5033 conjectura
1272 4966 1377 5019 nostrie
1391 4962 1543 5018 ueritatem
1560 4958 1681 5030 probant
1696 4975 1793 5015 omnes

152 5044 231 5098 pene.
241 5034 376 5114 quotquot
384 5034 500 5086 exstant
506 5046 572 5086 cum
578 5030 757 5103 scriptitem
763 5033 960 5100 editicodices,
967 5034 998 5089 in
1007 5034 1105 5107 quibus
1112 5032 1369 5089 desideratur-illud
1380 5037 1576 5089 assumentum
1583 5029 1704 5154 quodhic
1714 5030 1793 5085 aehi-

153 5099 257 5157 hemus.
269 5122 280 5151 ι
290 5101 829 5177 Diuiditurautemilludopusculumin
839 5105 1036 5171 duostibellos;
1046 5106 1377 5177 quorumprimum,quia
1386 5101 1586 5176 ptonusetfaei
1600 5104 1633 5166 is,
1642 5101 1790 5172 Speculum

149 5169 217 5236 fidei
223 5173 365 5237 ,ultorum
371 5173 436 5241 fidei
442 5193 451 5239 ;
463 5175 587 5229 alteram
596 5177 740 5249 veroquid
746 5178 874 5233 rationes
884 5183 911 5232 et
922 5181 1044 5247 formam
1053 5177 1119 5245 fidei
1128 5176 1364 5232 seeundumdicto
1373 5181 1401 5231 et
1410 5171 1792 5231 sensumcathoticmnmPa·

150 5241 713 5315 trumsurnmatimcontinerevidetnr,et
721 5247 1142 5319 estaliquantutumohscurior,
1150 5251 1279 5321 AEniqma
1288 5245 1456 5317 fideioocore
1464 5245 1555 5301 statui
1563 5244 1643 5315 ,ipius
1651 5246 1682 5299 in
1693 5242 1791 5314 hujus·

150 5312 226 5390 modi
235 5313 449 5395 studiofuqiens
460 5318 634 5375 otiositatem
642 5319 791 5375 inimicam
802 5319 909 5374 anirnoe
919 5319 1117 5393 (quippeqnem
1127 5321 1272 5378 seniumel
1284 5319 1421 5391 aqn'tudo
1430 5335 1448 5373 a
1457 5317 1602 5374 communi
1613 5313 1717 5380 labore,
1725 5315 1790 5386 jam

148 5394 205 5434 non
219 5384 330 5451 quidem
340 5388 541 5454 utemeritum,
550 5391 598 5445 sed
607 5395 640 5444 ul
647 5391 763 5462 piprum
774 5393 800 5446 et
810 5391 944 5446 inutilem
957 5391 1093 5461 relaxat),
1114 5409 1199 5464 quam
1215 5396 1382 5447 coeterorum
1397 5387 1555 5446 eruditioni
1563 5387 1712 5455 insistens,
1726 5402 1788 5457 qnoe

173 5521 232 5597 (tl)
244 5521 304 5579 Lib.
320 5539 351 5591 u,
366 5541 427 5597 esp.
444 5531 488 5595 13,
504 5545 533 5588 n.
543 5532 589 5586 38.
