<?xml version="1.0" encoding="UTF-8"?>
<!DOCTYPE html PUBLIC "-//W3C//DTD XHTML 1.0 Transitional//EN"
    "http://www.w3.org/TR/xhtml1/DTD/xhtml1-transitional.dtd">
<html xmlns="http://www.w3.org/1999/xhtml" xml:lang="en" lang="en">
 <head>
  <title>
</title>
<meta http-equiv="Content-Type" content="text/html;charset=utf-8" />
  <meta name='ocr-system' content='tesseract 3.04.00' />
  <meta name='ocr-capabilities' content='ocr_page ocr_carea ocr_par ocr_line ocrx_word'/>
</head>
<body>
  <div class='ocr_page' id='page_1' title='image "./patrologiaecurs00unkngoog_0121.png"; bbox 0 0 3706 5962; ppageno 0'>
   <div class='ocr_carea' id='block_1_1' title="bbox 56 212 1122 281">
    <p class='ocr_par' dir='ltr' id='par_1_1' title="bbox 56 212 1122 281">
     <span class='ocr_line' id='line_1_1' title="bbox 56 212 1122 281; baseline 0.003 -7"><span class='ocrx_word' id='word_1_1' title='bbox 56 212 100 274; x_wconf 71' lang='lat'>229</span> <span class='ocrx_word' id='word_1_2' title='bbox 700 214 733 275; x_wconf 82' lang='lat' dir='ltr'>tn</span> <span class='ocrx_word' id='word_1_3' title='bbox 751 216 887 278; x_wconf 73' lang='lat' dir='ltr'>catulus</span> <span class='ocrx_word' id='word_1_4' title='bbox 906 219 1013 280; x_wconf 75' lang='lat' dir='ltr'><strong>SERMO</strong></span> <span class='ocrx_word' id='word_1_5' title='bbox 1033 216 1122 281; x_wconf 83' lang='lat' dir='ltr'>xtttt.</span> 
     </span>
    </p>
   </div>
   <div class='ocr_carea' id='block_1_2' title="bbox 52 338 860 1570">
    <p class='ocr_par' dir='ltr' id='par_1_2' title="bbox 52 338 860 1570">
     <span class='ocr_line' id='line_1_2' title="bbox 54 338 854 412; baseline 0.005 -16"><span class='ocrx_word' id='word_1_6' title='bbox 54 341 87 396; x_wconf 79' lang='lat' dir='ltr'>ttt</span> <span class='ocrx_word' id='word_1_7' title='bbox 108 354 173 396; x_wconf 87' lang='lat' dir='ltr'>cnm</span> <span class='ocrx_word' id='word_1_8' title='bbox 197 338 289 412; x_wconf 89' lang='lat' dir='ltr'>magis</span> <span class='ocrx_word' id='word_1_9' title='bbox 303 338 354 395; x_wconf 87' lang='lat' dir='ltr'>Dei</span> <span class='ocrx_word' id='word_1_10' title='bbox 377 340 413 394; x_wconf 90' lang='lat' dir='ltr'>sit</span> <span class='ocrx_word' id='word_1_11' title='bbox 436 347 548 410; x_wconf 91' lang='lat' dir='ltr'>propter</span> <span class='ocrx_word' id='word_1_12' title='bbox 567 355 680 403; x_wconf 87' lang='lat' dir='ltr'>munus,</span> <span class='ocrx_word' id='word_1_13' title='bbox 697 341 747 397; x_wconf 90' lang='lat' dir='ltr'>soli</span> <span class='ocrx_word' id='word_1_14' title='bbox 764 349 854 400; x_wconf 90' lang='lat' dir='ltr'>tamen</span> 
     </span>
     <span class='ocr_line' id='line_1_3' title="bbox 54 427 857 499; baseline 0.007 -18"><span class='ocrx_word' id='word_1_15' title='bbox 54 428 153 482; x_wconf 90' lang='lat' dir='ltr'>homini</span> <span class='ocrx_word' id='word_1_16' title='bbox 179 427 332 499; x_wconf 90' lang='lat' dir='ltr'>deputatur</span> <span class='ocrx_word' id='word_1_17' title='bbox 351 428 386 482; x_wconf 91' lang='lat' dir='ltr'>ad</span> <span class='ocrx_word' id='word_1_18' title='bbox 404 428 543 485; x_wconf 90' lang='lat' dir='ltr'>meritum.</span> <span class='ocrx_word' id='word_1_19' title='bbox 560 430 641 484; x_wconf 79' lang='lat' dir='ltr'>Arata</span> <span class='ocrx_word' id='word_1_20' title='bbox 665 436 709 485; x_wconf 89' lang='lat' dir='ltr'>est</span> <span class='ocrx_word' id='word_1_21' title='bbox 727 431 809 485; x_wconf 93' lang='lat' dir='ltr'>etiam</span> <span class='ocrx_word' id='word_1_22' title='bbox 828 439 857 487; x_wconf 89' lang='lat' dir='ltr'>et</span> 
     </span>
     <span class='ocr_line' id='line_1_4' title="bbox 54 515 858 593; baseline 0.005 -22"><span class='ocrx_word' id='word_1_23' title='bbox 54 516 124 590; x_wconf 85' lang='lat' dir='ltr'>qnasi</span> <span class='ocrx_word' id='word_1_24' title='bbox 140 533 196 589; x_wconf 88' lang='lat' dir='ltr'>per</span> <span class='ocrx_word' id='word_1_25' title='bbox 207 515 478 588; x_wconf 84' lang='lat' dir='ltr'>loramenconoepta</span> <span class='ocrx_word' id='word_1_26' title='bbox 490 518 609 590; x_wconf 81' lang='lat' dir='ltr'>cognitio</span> <span class='ocrx_word' id='word_1_27' title='bbox 619 518 680 586; x_wconf 87' lang='lat' dir='ltr'>Dei,</span> <span class='ocrx_word' id='word_1_28' title='bbox 690 534 723 573; x_wconf 87' lang='lat' dir='ltr'>ea</span> <span class='ocrx_word' id='word_1_29' title='bbox 737 537 797 593; x_wconf 84' lang='lat' dir='ltr'>quae</span> <span class='ocrx_word' id='word_1_30' title='bbox 806 537 858 592; x_wconf 91' lang='lat' dir='ltr'>per</span> 
     </span>
     <span class='ocr_line' id='line_1_5' title="bbox 53 605 857 680; baseline 0.004 -20"><span class='ocrx_word' id='word_1_31' title='bbox 53 621 163 677; x_wconf 86' lang='lat' dir='ltr'>operum</span> <span class='ocrx_word' id='word_1_32' title='bbox 189 607 256 676; x_wconf 87' lang='lat' dir='ltr'>ejus</span> <span class='ocrx_word' id='word_1_33' title='bbox 282 605 542 677; x_wconf 86' lang='lat' dir='ltr'>contemplationem</span> <span class='ocrx_word' id='word_1_34' title='bbox 557 605 718 679; x_wconf 82' lang='lat' dir='ltr'>percipitur,</span> <span class='ocrx_word' id='word_1_35' title='bbox 734 615 761 664; x_wconf 92' lang='lat' dir='ltr'>et</span> <span class='ocrx_word' id='word_1_36' title='bbox 780 608 857 680; x_wconf 89' lang='lat' dir='ltr'>quasi</span> 
     </span>
     <span class='ocr_line' id='line_1_6' title="bbox 53 694 857 765; baseline 0.002 -15"><span class='ocrx_word' id='word_1_37' title='bbox 53 704 134 750; x_wconf 83' lang='lat' dir='ltr'>nctus</span> <span class='ocrx_word' id='word_1_38' title='bbox 144 710 265 761; x_wconf 89' lang='lat' dir='ltr'>manus,</span> <span class='ocrx_word' id='word_1_39' title='bbox 275 710 331 751; x_wconf 93' lang='lat' dir='ltr'>non</span> <span class='ocrx_word' id='word_1_40' title='bbox 346 694 414 752; x_wconf 85' lang='lat' dir='ltr'>visio</span> <span class='ocrx_word' id='word_1_41' title='bbox 429 694 520 751; x_wconf 83' lang='lat' dir='ltr'>vultus</span> <span class='ocrx_word' id='word_1_42' title='bbox 534 697 604 765; x_wconf 83' lang='lat' dir='ltr'>ejus.</span> <span class='ocrx_word' id='word_1_43' title='bbox 621 696 742 752; x_wconf 83' lang='lat' dir='ltr'>Adverte</span> <span class='ocrx_word' id='word_1_44' title='bbox 757 697 857 753; x_wconf 92' lang='lat' dir='ltr'>trinum</span> 
     </span>
     <span class='ocr_line' id='line_1_7' title="bbox 52 783 856 856; baseline 0.001 -16"><span class='ocrx_word' id='word_1_45' title='bbox 52 783 264 856; x_wconf 85' lang='lat' dir='ltr'>contemplandi</span> <span class='ocrx_word' id='word_1_46' title='bbox 278 784 407 840; x_wconf 92' lang='lat' dir='ltr'>modum:</span> <span class='ocrx_word' id='word_1_47' title='bbox 428 783 512 841; x_wconf 71' lang='lat' dir='ltr'>teet</span> <span class='ocrx_word' id='word_1_48' title='bbox 526 784 553 840; x_wconf 94' lang='lat' dir='ltr'>in</span> <span class='ocrx_word' id='word_1_49' title='bbox 565 785 665 856; x_wconf 92' lang='lat' dir='ltr'>capite,</span> <span class='ocrx_word' id='word_1_50' title='bbox 675 784 702 839; x_wconf 93' lang='lat' dir='ltr'>in</span> <span class='ocrx_word' id='word_1_51' title='bbox 713 785 856 855; x_wconf 78' lang='lat' dir='ltr'>cincinnis,</span> 
     </span>
     <span class='ocr_line' id='line_1_8' title="bbox 52 872 857 949; baseline 0 -20"><span class='ocrx_word' id='word_1_52' title='bbox 52 876 72 929; x_wconf 89' lang='lat' dir='ltr'>in</span> <span class='ocrx_word' id='word_1_53' title='bbox 91 888 195 928; x_wconf 87' lang='lat' dir='ltr'>manu.</span> <span class='ocrx_word' id='word_1_54' title='bbox 215 874 249 928; x_wconf 91' lang='lat' dir='ltr'>ln</span> <span class='ocrx_word' id='word_1_55' title='bbox 273 872 362 944; x_wconf 89' lang='lat' dir='ltr'>capite</span> <span class='ocrx_word' id='word_1_56' title='bbox 380 879 518 939; x_wconf 88' lang='lat' dir='ltr'>naturam,</span> <span class='ocrx_word' id='word_1_57' title='bbox 535 873 563 927; x_wconf 94' lang='lat' dir='ltr'>in</span> <span class='ocrx_word' id='word_1_58' title='bbox 585 874 717 929; x_wconf 89' lang='lat' dir='ltr'>cincinnis</span> <span class='ocrx_word' id='word_1_59' title='bbox 733 874 857 949; x_wconf 84' lang='lat' dir='ltr'>figuram,</span> 
     </span>
     <span class='ocr_line' id='line_1_9' title="bbox 52 961 859 1021; baseline 0.006 -5"><span class='ocrx_word' id='word_1_60' title='bbox 52 961 180 1017; x_wconf 85' lang='lat' dir='ltr'>umann</span> <span class='ocrx_word' id='word_1_61' title='bbox 197 962 344 1019; x_wconf 79' lang='lat' dir='ltr'>lecturam.</span> <span class='ocrx_word' id='word_1_62' title='bbox 356 962 397 1017; x_wconf 89' lang='lat' dir='ltr'>De</span> <span class='ocrx_word' id='word_1_63' title='bbox 407 962 458 1017; x_wconf 91' lang='lat' dir='ltr'>hoc</span> <span class='ocrx_word' id='word_1_64' title='bbox 473 961 565 1017; x_wconf 90' lang='lat' dir='ltr'>ultima</span> <span class='ocrx_word' id='word_1_65' title='bbox 581 962 620 1019; x_wconf 90' lang='lat' dir='ltr'>sic</span> <span class='ocrx_word' id='word_1_66' title='bbox 634 963 671 1018; x_wconf 88' lang='lat' dir='ltr'>ait</span> <span class='ocrx_word' id='word_1_67' title='bbox 688 965 859 1021; x_wconf 72' lang='lat' dir='ltr'>:delectasti</span> 
     </span>
     <span class='ocr_line' id='line_1_10' title="bbox 52 1051 857 1125; baseline 0.002 -20"><span class='ocrx_word' id='word_1_68' title='bbox 52 1067 97 1117; x_wconf 79' lang='lat' dir='ltr'>xre,</span> <span class='ocrx_word' id='word_1_69' title='bbox 117 1051 261 1117; x_wconf 68' lang='lat' dir='ltr'>nomiae,</span> <span class='ocrx_word' id='word_1_70' title='bbox 282 1052 314 1104; x_wconf 82' lang='lat' dir='ltr'>in</span> <span class='ocrx_word' id='word_1_71' title='bbox 338 1053 452 1120; x_wconf 73' lang='lat' dir='ltr'>factare</span> <span class='ocrx_word' id='word_1_72' title='bbox 475 1055 536 1122; x_wconf 83' lang='lat' dir='ltr'>tua,</span> <span class='ocrx_word' id='word_1_73' title='bbox 560 1057 589 1108; x_wconf 87' lang='lat' dir='ltr'>et</span> <span class='ocrx_word' id='word_1_74' title='bbox 607 1055 639 1107; x_wconf 78' lang='lat' dir='ltr'>ire</span> <span class='ocrx_word' id='word_1_75' title='bbox 653 1053 783 1125; x_wconf 82' lang='lat' dir='ltr'>operibus</span> <span class='ocrx_word' id='word_1_76' title='bbox 797 1069 857 1108; x_wconf 83' lang='lat' dir='ltr'>ma·</span> 
     </span>
     <span class='ocr_line' id='line_1_11' title="bbox 52 1141 859 1212; baseline 0.005 -18"><span class='ocrx_word' id='word_1_77' title='bbox 52 1157 139 1195; x_wconf 72' lang='lat' dir='ltr'>neaera</span> <span class='ocrx_word' id='word_1_78' title='bbox 160 1145 282 1196; x_wconf 83' lang='lat' dir='ltr'>tuarum</span> <span class='ocrx_word' id='word_1_79' title='bbox 300 1141 448 1197; x_wconf 75' lang='lat' dir='ltr'><em>exsultabo</em></span> <span class='ocrx_word' id='word_1_80' title='bbox 469 1143 559 1211; x_wconf 87' lang='lat' dir='ltr'>(Psat.</span> <span class='ocrx_word' id='word_1_81' title='bbox 580 1144 692 1212; x_wconf 80' lang='lat' dir='ltr'>xc1,5).</span> <span class='ocrx_word' id='word_1_82' title='bbox 713 1144 859 1199; x_wconf 82' lang='lat' dir='ltr'><strong>Possumus</strong></span> 
     </span>
     <span class='ocr_line' id='line_1_12' title="bbox 52 1228 860 1304; baseline 0.004 -20"><span class='ocrx_word' id='word_1_83' title='bbox 52 1228 130 1284; x_wconf 86' lang='lat' dir='ltr'>etiam</span> <span class='ocrx_word' id='word_1_84' title='bbox 147 1229 190 1284; x_wconf 92' lang='lat' dir='ltr'>sic</span> <span class='ocrx_word' id='word_1_85' title='bbox 210 1228 257 1284; x_wconf 91' lang='lat' dir='ltr'>illa</span> <span class='ocrx_word' id='word_1_86' title='bbox 276 1245 377 1285; x_wconf 86' lang='lat' dir='ltr'>vocare</span> <span class='ocrx_word' id='word_1_87' title='bbox 392 1247 398 1284; x_wconf 80' lang='lat' dir='ltr'>z</span> <span class='ocrx_word' id='word_1_88' title='bbox 416 1230 580 1302; x_wconf 77' lang='lat' dir='ltr'>essentiam,</span> <span class='ocrx_word' id='word_1_89' title='bbox 596 1231 685 1304; x_wconf 89' lang='lat' dir='ltr'>signa,</span> <span class='ocrx_word' id='word_1_90' title='bbox 701 1248 796 1303; x_wconf 90' lang='lat' dir='ltr'>opera.</span> <span class='ocrx_word' id='word_1_91' title='bbox 812 1231 860 1287; x_wconf 90' lang='lat' dir='ltr'>Di·</span> 
     </span>
     <span class='ocr_line' id='line_1_13' title="bbox 52 1317 860 1393; baseline 0.001 -19"><span class='ocrx_word' id='word_1_92' title='bbox 52 1318 118 1374; x_wconf 81' lang='lat' dir='ltr'>xinae</span> <span class='ocrx_word' id='word_1_93' title='bbox 143 1317 220 1374; x_wconf 89' lang='lat' dir='ltr'>illius</span> <span class='ocrx_word' id='word_1_94' title='bbox 242 1326 348 1375; x_wconf 89' lang='lat' dir='ltr'>natnrae</span> <span class='ocrx_word' id='word_1_95' title='bbox 363 1319 486 1376; x_wconf 88' lang='lat' dir='ltr'>notitiam</span> <span class='ocrx_word' id='word_1_96' title='bbox 500 1320 578 1392; x_wconf 89' lang='lat' dir='ltr'>signa</span> <span class='ocrx_word' id='word_1_97' title='bbox 600 1337 650 1392; x_wconf 92' lang='lat' dir='ltr'>per</span> <span class='ocrx_word' id='word_1_98' title='bbox 671 1322 816 1393; x_wconf 91' lang='lat' dir='ltr'>quamdam</span> <span class='ocrx_word' id='word_1_99' title='bbox 832 1321 860 1376; x_wconf 93' lang='lat' dir='ltr'>in</span> 
     </span>
     <span class='ocr_line' id='line_1_14' title="bbox 53 1407 859 1482; baseline 0.005 -20"><span class='ocrx_word' id='word_1_100' title='bbox 53 1423 97 1462; x_wconf 87' lang='lat' dir='ltr'>sno</span> <span class='ocrx_word' id='word_1_101' title='bbox 113 1423 229 1479; x_wconf 85' lang='lat' dir='ltr'>genere</span> <span class='ocrx_word' id='word_1_102' title='bbox 252 1407 459 1464; x_wconf 90' lang='lat' dir='ltr'>similitudinem</span> <span class='ocrx_word' id='word_1_103' title='bbox 485 1409 660 1480; x_wconf 91' lang='lat' dir='ltr'>depromunt,</span> <span class='ocrx_word' id='word_1_104' title='bbox 684 1425 768 1480; x_wconf 89' lang='lat' dir='ltr'>opera</span> <span class='ocrx_word' id='word_1_105' title='bbox 792 1425 859 1482; x_wconf 91' lang='lat' dir='ltr'>pro·</span> 
     </span>
     <span class='ocr_line' id='line_1_15' title="bbox 54 1495 859 1570; baseline 0.001 -19"><span class='ocrx_word' id='word_1_106' title='bbox 54 1497 125 1551; x_wconf 83' lang='lat' dir='ltr'>bant.</span> <span class='ocrx_word' id='word_1_107' title='bbox 144 1495 244 1568; x_wconf 86' lang='lat' dir='ltr'>Signa,</span> <span class='ocrx_word' id='word_1_108' title='bbox 257 1503 288 1550; x_wconf 93' lang='lat' dir='ltr'>ut</span> <span class='ocrx_word' id='word_1_109' title='bbox 309 1497 349 1551; x_wconf 89' lang='lat' dir='ltr'>sic</span> <span class='ocrx_word' id='word_1_110' title='bbox 362 1495 463 1567; x_wconf 90' lang='lat' dir='ltr'>dicam,</span> <span class='ocrx_word' id='word_1_111' title='bbox 478 1496 645 1569; x_wconf 85' lang='lat' dir='ltr'>exprimunt,</span> <span class='ocrx_word' id='word_1_112' title='bbox 661 1505 689 1553; x_wconf 91' lang='lat' dir='ltr'>et</span> <span class='ocrx_word' id='word_1_113' title='bbox 709 1512 794 1570; x_wconf 88' lang='lat' dir='ltr'>opera</span> <span class='ocrx_word' id='word_1_114' title='bbox 813 1512 859 1552; x_wconf 89' lang='lat' dir='ltr'>as·</span> 
     </span>
    </p>
   </div>
   <div class='ocr_carea' id='block_1_3' title="bbox 1651 217 1707 282">
    <p class='ocr_par' dir='ltr' id='par_1_3' title="bbox 1651 217 1707 282">
     <span class='ocr_line' id='line_1_16' title="bbox 1651 217 1707 282; baseline 0 0"><span class='ocrx_word' id='word_1_115' title='bbox 1651 217 1707 282; x_wconf 78' lang='lat' dir='ltr'>tto</span> 
     </span>
    </p>
   </div>
   <div class='ocr_carea' id='block_1_4' title="bbox 911 342 1713 1570">
    <p class='ocr_par' dir='ltr' id='par_1_4' title="bbox 911 342 1713 1570">
     <span class='ocr_line' id='line_1_17' title="bbox 914 342 1705 418; baseline -0.003 -16"><span class='ocrx_word' id='word_1_116' title='bbox 914 346 992 418; x_wconf 90' lang='lat' dir='ltr'>panis</span> <span class='ocrx_word' id='word_1_117' title='bbox 1006 354 1074 414; x_wconf 90' lang='lat' dir='ltr'>ater,</span> <span class='ocrx_word' id='word_1_118' title='bbox 1090 345 1182 417; x_wconf 77' lang='lat' dir='ltr'>plage</span> <span class='ocrx_word' id='word_1_119' title='bbox 1198 342 1335 414; x_wconf 86' lang='lat' dir='ltr'>virgamm</span> <span class='ocrx_word' id='word_1_120' title='bbox 1352 343 1502 399; x_wconf 83' lang='lat' dir='ltr'>voluntarie</span> <span class='ocrx_word' id='word_1_121' title='bbox 1517 350 1662 416; x_wconf 79' lang='lat' dir='ltr'>suscepte,</span> <span class='ocrx_word' id='word_1_122' title='bbox 1676 346 1705 400; x_wconf 92' lang='lat' dir='ltr'>in</span> 
     </span>
     <span class='ocr_line' id='line_1_18' title="bbox 912 431 1704 506; baseline -0.003 -15"><span class='ocrx_word' id='word_1_123' title='bbox 912 435 1052 491; x_wconf 84' lang='lat' dir='ltr'>matutinis</span> <span class='ocrx_word' id='word_1_124' title='bbox 1074 433 1234 506; x_wconf 75' lang='lat' dir='ltr'>psalmodiae</span> <span class='ocrx_word' id='word_1_125' title='bbox 1257 431 1426 496; x_wconf 85' lang='lat' dir='ltr'>vociferatio,</span> <span class='ocrx_word' id='word_1_126' title='bbox 1451 438 1479 487; x_wconf 91' lang='lat' dir='ltr'>et</span> <span class='ocrx_word' id='word_1_127' title='bbox 1501 431 1585 487; x_wconf 91' lang='lat' dir='ltr'>silens</span> <span class='ocrx_word' id='word_1_128' title='bbox 1606 433 1704 502; x_wconf 86' lang='lat' dir='ltr'>oratio,</span> 
     </span>
     <span class='ocr_line' id='line_1_19' title="bbox 912 519 1707 596; baseline -0.001 -17"><span class='ocrx_word' id='word_1_129' title='bbox 912 533 1025 596; x_wconf 91' lang='lat' dir='ltr'>utraque</span> <span class='ocrx_word' id='word_1_130' title='bbox 1040 523 1068 578; x_wconf 90' lang='lat' dir='ltr'>in</span> <span class='ocrx_word' id='word_1_131' title='bbox 1083 522 1178 593; x_wconf 87' lang='lat' dir='ltr'>spiritu</span> <span class='ocrx_word' id='word_1_132' title='bbox 1192 520 1283 576; x_wconf 87' lang='lat' dir='ltr'>cerdis</span> <span class='ocrx_word' id='word_1_133' title='bbox 1306 519 1473 584; x_wconf 89' lang='lat' dir='ltr'>vehementi,</span> <span class='ocrx_word' id='word_1_134' title='bbox 1489 519 1538 574; x_wconf 89' lang='lat' dir='ltr'>sed</span> <span class='ocrx_word' id='word_1_135' title='bbox 1560 521 1617 576; x_wconf 87' lang='lat' dir='ltr'>haec</span> <span class='ocrx_word' id='word_1_136' title='bbox 1631 528 1707 578; x_wconf 87' lang='lat' dir='ltr'>tanto</span> 
     </span>
     <span class='ocr_line' id='line_1_20' title="bbox 911 608 1708 681; baseline -0.005 -12"><span class='ocrx_word' id='word_1_137' title='bbox 911 612 1106 676; x_wconf 87' lang='lat' dir='ltr'>vehementior,</span> <span class='ocrx_word' id='word_1_138' title='bbox 1133 619 1234 681; x_wconf 90' lang='lat' dir='ltr'>quanto</span> <span class='ocrx_word' id='word_1_139' title='bbox 1257 608 1406 681; x_wconf 88' lang='lat' dir='ltr'>corporalis</span> <span class='ocrx_word' id='word_1_140' title='bbox 1428 608 1540 679; x_wconf 91' lang='lat' dir='ltr'>spiritus</span> <span class='ocrx_word' id='word_1_141' title='bbox 1562 609 1651 665; x_wconf 92' lang='lat' dir='ltr'>minus</span> <span class='ocrx_word' id='word_1_142' title='bbox 1665 617 1708 665; x_wconf 90' lang='lat' dir='ltr'>est</span> 
     </span>
     <span class='ocr_line' id='line_1_21' title="bbox 911 694 1708 769; baseline -0.008 -13"><span class='ocrx_word' id='word_1_143' title='bbox 911 701 1073 767; x_wconf 90' lang='lat' dir='ltr'>continens;</span> <span class='ocrx_word' id='word_1_144' title='bbox 1103 697 1197 769; x_wconf 89' lang='lat' dir='ltr'>quidni</span> <span class='ocrx_word' id='word_1_145' title='bbox 1225 696 1356 752; x_wconf 87' lang='lat' dir='ltr'>distillant</span> <span class='ocrx_word' id='word_1_146' title='bbox 1383 695 1471 761; x_wconf 90' lang='lat' dir='ltr'>nobis,</span> <span class='ocrx_word' id='word_1_147' title='bbox 1499 694 1564 751; x_wconf 91' lang='lat' dir='ltr'>dum</span> <span class='ocrx_word' id='word_1_148' title='bbox 1590 694 1708 751; x_wconf 87' lang='lat' dir='ltr'>vicissim</span> 
     </span>
     <span class='ocr_line' id='line_1_22' title="bbox 912 785 1709 856; baseline -0.006 -10"><span class='ocrx_word' id='word_1_149' title='bbox 912 789 1064 846; x_wconf 90' lang='lat' dir='ltr'>succedunt</span> <span class='ocrx_word' id='word_1_150' title='bbox 1074 786 1146 843; x_wconf 82' lang='lat' dir='ltr'>sibi?</span> <span class='ocrx_word' id='word_1_151' title='bbox 1155 787 1219 842; x_wconf 91' lang='lat' dir='ltr'>lure</span> <span class='ocrx_word' id='word_1_152' title='bbox 1231 785 1407 842; x_wconf 86' lang='lat' dir='ltr'>coulemntur</span> <span class='ocrx_word' id='word_1_153' title='bbox 1421 786 1549 856; x_wconf 83' lang='lat' dir='ltr'>myrrhae,</span> <span class='ocrx_word' id='word_1_154' title='bbox 1561 785 1625 856; x_wconf 90' lang='lat' dir='ltr'>quia</span> <span class='ocrx_word' id='word_1_155' title='bbox 1634 785 1709 841; x_wconf 87' lang='lat' dir='ltr'>carni</span> 
     </span>
     <span class='ocr_line' id='line_1_23' title="bbox 912 873 1709 938; baseline -0.005 -5"><span class='ocrx_word' id='word_1_156' title='bbox 912 877 1120 934; x_wconf 83' lang='lat' dir='ltr'>amaritudinem</span> <span class='ocrx_word' id='word_1_157' title='bbox 1136 874 1286 932; x_wconf 88' lang='lat' dir='ltr'>vexationis</span> <span class='ocrx_word' id='word_1_158' title='bbox 1304 873 1433 938; x_wconf 85' lang='lat' dir='ltr'>inierunt,</span> <span class='ocrx_word' id='word_1_159' title='bbox 1449 880 1477 929; x_wconf 91' lang='lat' dir='ltr'>et</span> <span class='ocrx_word' id='word_1_160' title='bbox 1496 873 1648 930; x_wconf 86' lang='lat' dir='ltr'>devotionis</span> <span class='ocrx_word' id='word_1_161' title='bbox 1662 889 1709 930; x_wconf 90' lang='lat' dir='ltr'>ve·</span> 
     </span>
     <span class='ocr_line' id='line_1_24' title="bbox 912 961 1710 1040; baseline -0.006 -18"><span class='ocrx_word' id='word_1_162' title='bbox 912 967 952 1022; x_wconf 91' lang='lat' dir='ltr'>lut</span> <span class='ocrx_word' id='word_1_163' title='bbox 964 974 1105 1040; x_wconf 92' lang='lat' dir='ltr'>unguento</span> <span class='ocrx_word' id='word_1_164' title='bbox 1124 964 1250 1037; x_wconf 90' lang='lat' dir='ltr'>mitigant</span> <span class='ocrx_word' id='word_1_165' title='bbox 1268 963 1398 1018; x_wconf 91' lang='lat' dir='ltr'>animum.</span> <span class='ocrx_word' id='word_1_166' title='bbox 1424 962 1458 1017; x_wconf 89' lang='lat' dir='ltr'>Et</span> <span class='ocrx_word' id='word_1_167' title='bbox 1472 971 1501 1017; x_wconf 92' lang='lat' dir='ltr'>ut</span> <span class='ocrx_word' id='word_1_168' title='bbox 1516 961 1710 1019; x_wconf 85' lang='lat' dir='ltr'>discretionem</span> 
     </span>
     <span class='ocr_line' id='line_1_25' title="bbox 912 1051 1709 1128; baseline -0.005 -17"><span class='ocrx_word' id='word_1_169' title='bbox 912 1056 1008 1111; x_wconf 89' lang='lat' dir='ltr'>adesse</span> <span class='ocrx_word' id='word_1_170' title='bbox 1027 1054 1174 1128; x_wconf 77' lang='lat' dir='ltr'>intelligas,</span> <span class='ocrx_word' id='word_1_171' title='bbox 1190 1061 1218 1110; x_wconf 93' lang='lat' dir='ltr'>et</span> <span class='ocrx_word' id='word_1_172' title='bbox 1241 1052 1402 1124; x_wconf 87' lang='lat' dir='ltr'>obsequium</span> <span class='ocrx_word' id='word_1_173' title='bbox 1426 1051 1582 1110; x_wconf 86' lang='lat' dir='ltr'>rationale:</span> <span class='ocrx_word' id='word_1_174' title='bbox 1609 1053 1709 1124; x_wconf 79' lang='lat' dir='ltr'>Digiti,</span> 
     </span>
     <span class='ocr_line' id='line_1_26' title="bbox 912 1140 1711 1217; baseline -0.008 -17"><span class='ocrx_word' id='word_1_175' title='bbox 912 1144 1011 1217; x_wconf 89' lang='lat' dir='ltr'>inquit,</span> <span class='ocrx_word' id='word_1_176' title='bbox 1019 1146 1077 1199; x_wconf 88' lang='lat' dir='ltr'>mei</span> <span class='ocrx_word' id='word_1_177' title='bbox 1083 1143 1165 1215; x_wconf 82' lang='lat' dir='ltr'>pleni</span> <span class='ocrx_word' id='word_1_178' title='bbox 1174 1143 1291 1214; x_wconf 81' lang='lat' dir='ltr'>myrrho</span> <span class='ocrx_word' id='word_1_179' title='bbox 1299 1140 1509 1214; x_wconf 84' lang='lat' dir='ltr'>probatissimo.</span> <span class='ocrx_word' id='word_1_180' title='bbox 1521 1141 1616 1195; x_wconf 79' lang='lat' dir='ltr'>Manus</span> <span class='ocrx_word' id='word_1_181' title='bbox 1626 1154 1711 1211; x_wconf 88' lang='lat' dir='ltr'>opera</span> 
     </span>
     <span class='ocr_line' id='line_1_27' title="bbox 913 1226 1710 1304; baseline -0.008 -14"><span class='ocrx_word' id='word_1_182' title='bbox 913 1242 989 1298; x_wconf 90' lang='lat' dir='ltr'>sunt;</span> <span class='ocrx_word' id='word_1_183' title='bbox 1016 1231 1156 1300; x_wconf 90' lang='lat' dir='ltr'>discretio,</span> <span class='ocrx_word' id='word_1_184' title='bbox 1181 1229 1269 1304; x_wconf 82' lang='lat' dir='ltr'>digiti.</span> <span class='ocrx_word' id='word_1_185' title='bbox 1298 1229 1409 1301; x_wconf 78' lang='lat' dir='ltr'>Myrrha</span> <span class='ocrx_word' id='word_1_186' title='bbox 1437 1237 1492 1284; x_wconf 90' lang='lat' dir='ltr'>tam</span> <span class='ocrx_word' id='word_1_187' title='bbox 1513 1227 1584 1286; x_wconf 86' lang='lat' dir='ltr'>actio</span> <span class='ocrx_word' id='word_1_188' title='bbox 1609 1226 1710 1297; x_wconf 83' lang='lat' dir='ltr'>carnis,</span> 
     </span>
     <span class='ocr_line' id='line_1_28' title="bbox 914 1316 1711 1396; baseline -0.009 -19"><span class='ocrx_word' id='word_1_189' title='bbox 914 1339 996 1395; x_wconf 91' lang='lat' dir='ltr'>quam</span> <span class='ocrx_word' id='word_1_190' title='bbox 1016 1318 1197 1396; x_wconf 86' lang='lat' dir='ltr'>unguentaria</span> <span class='ocrx_word' id='word_1_191' title='bbox 1221 1317 1380 1374; x_wconf 83' lang='lat' dir='ltr'>exhilaratio</span> <span class='ocrx_word' id='word_1_192' title='bbox 1395 1316 1499 1375; x_wconf 86' lang='lat' dir='ltr'>cordis.</span> <span class='ocrx_word' id='word_1_193' title='bbox 1518 1318 1581 1374; x_wconf 83' lang='lat' dir='ltr'>Haec</span> <span class='ocrx_word' id='word_1_194' title='bbox 1601 1317 1711 1390; x_wconf 83' lang='lat' dir='ltr'>myrrha</span> 
     </span>
     <span class='ocr_line' id='line_1_29' title="bbox 913 1406 1713 1482; baseline -0.006 -18"><span class='ocrx_word' id='word_1_195' title='bbox 913 1410 1025 1482; x_wconf 90' lang='lat' dir='ltr'>probata</span> <span class='ocrx_word' id='word_1_196' title='bbox 1037 1419 1080 1465; x_wconf 91' lang='lat' dir='ltr'>est</span> <span class='ocrx_word' id='word_1_197' title='bbox 1098 1428 1104 1466; x_wconf 90' lang='lat'>:</span> <span class='ocrx_word' id='word_1_198' title='bbox 1121 1424 1183 1463; x_wconf 90' lang='lat' dir='ltr'>nam</span> <span class='ocrx_word' id='word_1_199' title='bbox 1199 1415 1240 1463; x_wconf 93' lang='lat' dir='ltr'>est</span> <span class='ocrx_word' id='word_1_200' title='bbox 1254 1406 1378 1478; x_wconf 79' lang='lat' dir='ltr'>quaedam</span> <span class='ocrx_word' id='word_1_201' title='bbox 1393 1409 1502 1478; x_wconf 79' lang='lat' dir='ltr'>myrrha</span> <span class='ocrx_word' id='word_1_202' title='bbox 1517 1424 1578 1479; x_wconf 83' lang='lat' dir='ltr'>quae</span> <span class='ocrx_word' id='word_1_203' title='bbox 1594 1406 1713 1476; x_wconf 86' lang='lat' dir='ltr'>reproba</span> 
     </span>
     <span class='ocr_line' id='line_1_30' title="bbox 914 1495 1712 1570; baseline -0.008 -16"><span class='ocrx_word' id='word_1_204' title='bbox 914 1506 967 1556; x_wconf 91' lang='lat' dir='ltr'>est.</span> <span class='ocrx_word' id='word_1_205' title='bbox 983 1499 1050 1555; x_wconf 91' lang='lat' dir='ltr'>Cum</span> <span class='ocrx_word' id='word_1_206' title='bbox 1075 1497 1178 1554; x_wconf 79' lang='lat' dir='ltr'>rideris</span> <span class='ocrx_word' id='word_1_207' title='bbox 1202 1496 1382 1570; x_wconf 90' lang='lat' dir='ltr'>quorumdam</span> <span class='ocrx_word' id='word_1_208' title='bbox 1406 1495 1549 1566; x_wconf 91' lang='lat' dir='ltr'>puerilium</span> <span class='ocrx_word' id='word_1_209' title='bbox 1572 1495 1712 1553; x_wconf 91' lang='lat' dir='ltr'>hominum</span> 
     </span>
    </p>
   </div>
   <div class='ocr_carea' id='block_1_5' title="bbox 53 1582 1815 4681">
    <p class='ocr_par' dir='ltr' id='par_1_5' title="bbox 53 1582 1815 4681">
     <span class='ocr_line' id='line_1_31' title="bbox 53 1582 1712 1660; baseline -0.001 -23"><span class='ocrx_word' id='word_1_210' title='bbox 53 1591 157 1639; x_wconf 81' lang='lat' dir='ltr'>haunt.</span> <span class='ocrx_word' id='word_1_211' title='bbox 175 1582 295 1639; x_wconf 70' lang='lat' dir='ltr'>Litimus</span> <span class='ocrx_word' id='word_1_212' title='bbox 319 1584 363 1639; x_wconf 91' lang='lat' dir='ltr'>hic</span> <span class='ocrx_word' id='word_1_213' title='bbox 387 1585 624 1656; x_wconf 89' lang='lat' dir='ltr'>contemplationis</span> <span class='ocrx_word' id='word_1_214' title='bbox 639 1585 737 1641; x_wconf 91' lang='lat' dir='ltr'>modus</span> <span class='ocrx_word' id='word_1_215' title='bbox 757 1585 860 1658; x_wconf 88' lang='lat' dir='ltr'>simpli·</span> <span class='ocrx_word' id='word_1_216' title='bbox 914 1587 1016 1660; x_wconf 88' lang='lat' dir='ltr'>digitos</span> <span class='ocrx_word' id='word_1_217' title='bbox 1045 1586 1182 1658; x_wconf 89' lang='lat' dir='ltr'>prohibita</span> <span class='ocrx_word' id='word_1_218' title='bbox 1209 1584 1311 1656; x_wconf 91' lang='lat' dir='ltr'>passim</span> <span class='ocrx_word' id='word_1_219' title='bbox 1339 1583 1417 1655; x_wconf 90' lang='lat' dir='ltr'>signa</span> <span class='ocrx_word' id='word_1_220' title='bbox 1443 1583 1585 1652; x_wconf 90' lang='lat' dir='ltr'>distillare,</span> <span class='ocrx_word' id='word_1_221' title='bbox 1613 1582 1712 1654; x_wconf 66' lang='lat' dir='ltr'>affl&#39;lem</span> 
     </span>
     <span class='ocr_line' id='line_1_32' title="bbox 54 1670 1713 1746; baseline -0.001 -20"><span class='ocrx_word' id='word_1_222' title='bbox 54 1672 121 1726; x_wconf 88' lang='lat' dir='ltr'>cium</span> <span class='ocrx_word' id='word_1_223' title='bbox 148 1679 212 1741; x_wconf 80' lang='lat' dir='ltr'>est3</span> <span class='ocrx_word' id='word_1_224' title='bbox 229 1673 376 1738; x_wconf 86' lang='lat' dir='ltr'>secundus,</span> <span class='ocrx_word' id='word_1_225' title='bbox 402 1672 588 1743; x_wconf 72' lang='lat' dir='ltr'>eruditorum,</span> <span class='ocrx_word' id='word_1_226' title='bbox 611 1674 725 1746; x_wconf 91' lang='lat' dir='ltr'>primus,</span> <span class='ocrx_word' id='word_1_227' title='bbox 741 1673 860 1746; x_wconf 92' lang='lat' dir='ltr'>purissi-</span> <span class='ocrx_word' id='word_1_228' title='bbox 916 1691 1025 1730; x_wconf 90' lang='lat' dir='ltr'>manum</span> <span class='ocrx_word' id='word_1_229' title='bbox 1041 1674 1162 1746; x_wconf 93' lang='lat' dir='ltr'>undique</span> <span class='ocrx_word' id='word_1_230' title='bbox 1178 1670 1324 1744; x_wconf 90' lang='lat' dir='ltr'>petulantis</span> <span class='ocrx_word' id='word_1_231' title='bbox 1338 1671 1381 1726; x_wconf 86' lang='lat' dir='ltr'>vel</span> <span class='ocrx_word' id='word_1_232' title='bbox 1400 1670 1524 1742; x_wconf 82' lang='lat' dir='ltr'>perversi</span> <span class='ocrx_word' id='word_1_233' title='bbox 1538 1670 1654 1727; x_wconf 88' lang='lat' dir='ltr'>allectus</span> <span class='ocrx_word' id='word_1_234' title='bbox 1667 1670 1713 1724; x_wconf 93' lang='lat' dir='ltr'>in-</span> 
     </span>
     <span class='ocr_line' id='line_1_33' title="bbox 53 1758 1713 1837; baseline -0.001 -23"><span class='ocrx_word' id='word_1_235' title='bbox 53 1773 171 1817; x_wconf 87' lang='lat' dir='ltr'>morum.</span> <span class='ocrx_word' id='word_1_236' title='bbox 190 1759 397 1828; x_wconf 81' lang='lat' dir='ltr'>Verumtamen,</span> <span class='ocrx_word' id='word_1_237' title='bbox 413 1759 482 1816; x_wconf 70' lang='lat' dir='ltr'>aaut</span> <span class='ocrx_word' id='word_1_238' title='bbox 500 1762 557 1832; x_wconf 89' lang='lat' dir='ltr'>jam</span> <span class='ocrx_word' id='word_1_239' title='bbox 580 1761 709 1830; x_wconf 82' lang='lat' dir='ltr'>diximus,</span> <span class='ocrx_word' id='word_1_240' title='bbox 728 1761 861 1818; x_wconf 92' lang='lat' dir='ltr'>immissio</span> <span class='ocrx_word' id='word_1_241' title='bbox 878 1759 900 1835; x_wconf 84' lang='grc' dir='ltr'><strong>Β</strong></span> <span class='ocrx_word' id='word_1_242' title='bbox 915 1765 987 1822; x_wconf 89' lang='lat' dir='ltr'>dicia</span> <span class='ocrx_word' id='word_1_243' title='bbox 1010 1778 1158 1837; x_wconf 88' lang='lat' dir='ltr'>spargere;</span> <span class='ocrx_word' id='word_1_244' title='bbox 1178 1767 1208 1816; x_wconf 92' lang='lat' dir='ltr'>ut</span> <span class='ocrx_word' id='word_1_245' title='bbox 1226 1759 1354 1828; x_wconf 87' lang='lat' dir='ltr'>arbitror,</span> <span class='ocrx_word' id='word_1_246' title='bbox 1373 1758 1581 1831; x_wconf 75' lang='lat' dir='ltr'>indisciplinate</span> <span class='ocrx_word' id='word_1_247' title='bbox 1595 1773 1713 1815; x_wconf 87' lang='lat' dir='ltr'>conxer-</span> 
     </span>
     <span class='ocr_line' id='line_1_34' title="bbox 54 1846 1712 1921; baseline -0.002 -17"><span class='ocrx_word' id='word_1_248' title='bbox 54 1865 151 1904; x_wconf 87' lang='lat' dir='ltr'>manns</span> <span class='ocrx_word' id='word_1_249' title='bbox 171 1865 225 1921; x_wconf 91' lang='lat' dir='ltr'>per</span> <span class='ocrx_word' id='word_1_250' title='bbox 241 1848 376 1918; x_wconf 84' lang='lat' dir='ltr'>toramen,</span> <span class='ocrx_word' id='word_1_251' title='bbox 393 1850 589 1907; x_wconf 87' lang='lat' dir='ltr'>immissionem</span> <span class='ocrx_word' id='word_1_252' title='bbox 603 1851 674 1905; x_wconf 89' lang='lat' dir='ltr'>illam</span> <span class='ocrx_word' id='word_1_253' title='bbox 689 1851 818 1907; x_wconf 91' lang='lat' dir='ltr'>latentem</span> <span class='ocrx_word' id='word_1_254' title='bbox 834 1860 862 1908; x_wconf 90' lang='lat' dir='ltr'>et</span> <span class='ocrx_word' id='word_1_255' title='bbox 916 1852 1030 1909; x_wconf 91' lang='lat' dir='ltr'>sationis</span> <span class='ocrx_word' id='word_1_256' title='bbox 1051 1849 1271 1915; x_wconf 83' lang='lat' dir='ltr'>amaritudinem,</span> <span class='ocrx_word' id='word_1_257' title='bbox 1296 1846 1374 1920; x_wconf 86' lang='lat' dir='ltr'>quasi</span> <span class='ocrx_word' id='word_1_258' title='bbox 1395 1847 1540 1918; x_wconf 88' lang='lat' dir='ltr'>reprobam</span> <span class='ocrx_word' id='word_1_259' title='bbox 1563 1848 1712 1919; x_wconf 79' lang='lat' dir='ltr'>myrrham,</span> 
     </span>
     <span class='ocr_line' id='line_1_35' title="bbox 54 1936 1715 2013; baseline -0.002 -17"><span class='ocrx_word' id='word_1_260' title='bbox 54 1938 190 1996; x_wconf 82' lang='lat' dir='ltr'>occultam</span> <span class='ocrx_word' id='word_1_261' title='bbox 210 1938 350 2011; x_wconf 84' lang='lat' dir='ltr'>significat</span> <span class='ocrx_word' id='word_1_262' title='bbox 374 1939 571 2013; x_wconf 87' lang='lat' dir='ltr'>inspirationis,</span> <span class='ocrx_word' id='word_1_263' title='bbox 587 1956 668 2013; x_wconf 90' lang='lat' dir='ltr'>quam</span> <span class='ocrx_word' id='word_1_264' title='bbox 687 1940 787 1998; x_wconf 83' lang='lat' dir='ltr'>divinae</span> <span class='ocrx_word' id='word_1_265' title='bbox 800 1941 860 1999; x_wconf 83' lang='lat' dir='ltr'>xir-</span> <span class='ocrx_word' id='word_1_266' title='bbox 917 1945 984 2000; x_wconf 89' lang='lat' dir='ltr'>istos</span> <span class='ocrx_word' id='word_1_267' title='bbox 998 1941 1112 1998; x_wconf 82' lang='lat' dir='ltr'>lundene</span> <span class='ocrx_word' id='word_1_268' title='bbox 1135 1954 1190 1996; x_wconf 90' lang='lat' dir='ltr'>non</span> <span class='ocrx_word' id='word_1_269' title='bbox 1213 1937 1338 2011; x_wconf 77' lang='lat' dir='ltr'>negabis.</span> <span class='ocrx_word' id='word_1_270' title='bbox 1361 1938 1403 1993; x_wconf 78' lang='lat' dir='ltr'>An</span> <span class='ocrx_word' id='word_1_271' title='bbox 1429 1951 1482 1992; x_wconf 92' lang='lat' dir='ltr'>non</span> <span class='ocrx_word' id='word_1_272' title='bbox 1507 1936 1584 2009; x_wconf 88' lang='lat' dir='ltr'>quasi</span> <span class='ocrx_word' id='word_1_273' title='bbox 1604 1937 1715 2009; x_wconf 78' lang='lat' dir='ltr'>myrrha</span> 
     </span>
     <span class='ocr_line' id='line_1_36' title="bbox 55 2023 1714 2101; baseline -0.001 -19"><span class='ocrx_word' id='word_1_274' title='bbox 55 2029 116 2085; x_wconf 87' lang='lat' dir='ltr'>tntis</span> <span class='ocrx_word' id='word_1_275' title='bbox 133 2036 226 2084; x_wconf 87' lang='lat' dir='ltr'>tactus</span> <span class='ocrx_word' id='word_1_276' title='bbox 245 2036 382 2100; x_wconf 90' lang='lat' dir='ltr'>operatur.</span> <span class='ocrx_word' id='word_1_277' title='bbox 918 2031 1029 2088; x_wconf 89' lang='lat' dir='ltr'>lascivia</span> <span class='ocrx_word' id='word_1_278' title='bbox 1049 2029 1119 2096; x_wconf 90' lang='lat' dir='ltr'>talis,</span> <span class='ocrx_word' id='word_1_279' title='bbox 1146 2044 1208 2101; x_wconf 89' lang='lat' dir='ltr'>quae</span> <span class='ocrx_word' id='word_1_280' title='bbox 1234 2034 1261 2084; x_wconf 91' lang='lat' dir='ltr'>et</span> <span class='ocrx_word' id='word_1_281' title='bbox 1282 2026 1395 2082; x_wconf 80' lang='lat' dir='ltr'>fratrum</span> <span class='ocrx_word' id='word_1_282' title='bbox 1424 2023 1609 2097; x_wconf 87' lang='lat' dir='ltr'>disciplinatos</span> <span class='ocrx_word' id='word_1_283' title='bbox 1623 2039 1714 2081; x_wconf 88' lang='lat' dir='ltr'>mores</span> 
     </span>
     <span class='ocr_line' id='line_1_37' title="bbox 85 2112 1714 2192; baseline -0.002 -20"><span class='ocrx_word' id='word_1_284' title='bbox 85 2121 114 2174; x_wconf 78' lang='lat' dir='ltr'>l.</span> <span class='ocrx_word' id='word_1_285' title='bbox 132 2117 185 2173; x_wconf 86' lang='lat' dir='ltr'>Hie</span> <span class='ocrx_word' id='word_1_286' title='bbox 201 2117 285 2172; x_wconf 90' lang='lat' dir='ltr'>etiam</span> <span class='ocrx_word' id='word_1_287' title='bbox 304 2126 347 2174; x_wconf 90' lang='lat' dir='ltr'>est</span> <span class='ocrx_word' id='word_1_288' title='bbox 370 2119 515 2175; x_wconf 85' lang='lat' dir='ltr'>advertere</span> <span class='ocrx_word' id='word_1_289' title='bbox 531 2118 581 2174; x_wconf 91' lang='lat' dir='ltr'>tria</span> <span class='ocrx_word' id='word_1_290' title='bbox 595 2119 721 2192; x_wconf 79' lang='lat' dir='ltr'>quaedam</span> <span class='ocrx_word' id='word_1_291' title='bbox 736 2119 764 2174; x_wconf 93' lang='lat' dir='ltr'>in</span> <span class='ocrx_word' id='word_1_292' title='bbox 779 2135 862 2191; x_wconf 90' lang='lat' dir='ltr'>spon·</span> <span class='ocrx_word' id='word_1_293' title='bbox 916 2121 1071 2188; x_wconf 89' lang='lat' dir='ltr'>contristat,</span> <span class='ocrx_word' id='word_1_294' title='bbox 1088 2126 1114 2175; x_wconf 91' lang='lat' dir='ltr'>et</span> <span class='ocrx_word' id='word_1_295' title='bbox 1133 2116 1226 2173; x_wconf 87' lang='lat' dir='ltr'>sibila</span> <span class='ocrx_word' id='word_1_296' title='bbox 1242 2123 1384 2188; x_wconf 91' lang='lat' dir='ltr'>posterum</span> <span class='ocrx_word' id='word_1_297' title='bbox 1398 2112 1567 2171; x_wconf 82' lang='lat' dir='ltr'>confusionis</span> <span class='ocrx_word' id='word_1_298' title='bbox 1582 2120 1609 2171; x_wconf 90' lang='lat' dir='ltr'>et</span> <span class='ocrx_word' id='word_1_299' title='bbox 1623 2113 1714 2186; x_wconf 90' lang='lat' dir='ltr'>poeni·</span> 
     </span>
     <span class='ocr_line' id='line_1_38' title="bbox 55 2201 1714 2280; baseline -0.001 -20"><span class='ocrx_word' id='word_1_300' title='bbox 55 2223 93 2264; x_wconf 82' lang='lat' dir='ltr'>sa.</span> <span class='ocrx_word' id='word_1_301' title='bbox 119 2207 192 2275; x_wconf 77' lang='lat' dir='ltr'>Qua</span> <span class='ocrx_word' id='word_1_302' title='bbox 216 2206 286 2261; x_wconf 80' lang='lat' dir='ltr'>tria?</span> <span class='ocrx_word' id='word_1_303' title='bbox 309 2207 401 2263; x_wconf 86' lang='lat' dir='ltr'>Primo</span> <span class='ocrx_word' id='word_1_304' title='bbox 422 2206 495 2279; x_wconf 91' lang='lat' dir='ltr'>quod</span> <span class='ocrx_word' id='word_1_305' title='bbox 518 2207 621 2275; x_wconf 89' lang='lat' dir='ltr'>tremit,</span> <span class='ocrx_word' id='word_1_306' title='bbox 644 2209 766 2265; x_wconf 88' lang='lat' dir='ltr'>secundo</span> <span class='ocrx_word' id='word_1_307' title='bbox 787 2208 861 2280; x_wconf 91' lang='lat' dir='ltr'>quod</span> <span class='ocrx_word' id='word_1_308' title='bbox 918 2210 1010 2265; x_wconf 87' lang='lat' dir='ltr'>tentiae</span> <span class='ocrx_word' id='word_1_309' title='bbox 1031 2218 1072 2265; x_wconf 90' lang='lat' dir='ltr'>est</span> <span class='ocrx_word' id='word_1_310' title='bbox 1095 2207 1215 2280; x_wconf 90' lang='lat' dir='ltr'>paritura</span> <span class='ocrx_word' id='word_1_311' title='bbox 1238 2203 1415 2261; x_wconf 71' lang='lat' dir='ltr'>maestitiam?</span> <span class='ocrx_word' id='word_1_312' title='bbox 1440 2201 1634 2259; x_wconf 79' lang='lat' dir='ltr'>Pronatisstma</span> <span class='ocrx_word' id='word_1_313' title='bbox 1648 2216 1714 2261; x_wconf 85' lang='lat' dir='ltr'>xero</span> 
     </span>
     <span class='ocr_line' id='line_1_39' title="bbox 55 2288 1715 2372; baseline -0.004 -21"><span class='ocrx_word' id='word_1_314' title='bbox 55 2296 155 2367; x_wconf 83' lang='lat' dir='ltr'>surgit,</span> <span class='ocrx_word' id='word_1_315' title='bbox 176 2295 260 2354; x_wconf 86' lang='lat' dir='ltr'>tertio</span> <span class='ocrx_word' id='word_1_316' title='bbox 283 2296 357 2369; x_wconf 93' lang='lat' dir='ltr'>quod</span> <span class='ocrx_word' id='word_1_317' title='bbox 380 2297 479 2368; x_wconf 86' lang='lat' dir='ltr'>aperit.</span> <span class='ocrx_word' id='word_1_318' title='bbox 504 2298 623 2354; x_wconf 90' lang='lat' dir='ltr'>Primum</span> <span class='ocrx_word' id='word_1_319' title='bbox 648 2297 677 2354; x_wconf 85' lang='lat' dir='ltr'>lit</span> <span class='ocrx_word' id='word_1_320' title='bbox 703 2298 812 2371; x_wconf 90' lang='lat' dir='ltr'>quidem</span> <span class='ocrx_word' id='word_1_321' title='bbox 834 2299 862 2354; x_wconf 91' lang='lat' dir='ltr'>in</span> <span class='ocrx_word' id='word_1_322' title='bbox 917 2299 1029 2372; x_wconf 85' lang='lat' dir='ltr'>myrrha</span> <span class='ocrx_word' id='word_1_323' title='bbox 1060 2303 1112 2364; x_wconf 91' lang='lat' dir='ltr'>est,</span> <span class='ocrx_word' id='word_1_324' title='bbox 1141 2311 1202 2367; x_wconf 87' lang='lat' dir='ltr'>quae</span> <span class='ocrx_word' id='word_1_325' title='bbox 1230 2294 1257 2348; x_wconf 91' lang='lat' dir='ltr'>in</span> <span class='ocrx_word' id='word_1_326' title='bbox 1286 2292 1378 2348; x_wconf 91' lang='lat' dir='ltr'>multis</span> <span class='ocrx_word' id='word_1_327' title='bbox 1409 2288 1579 2363; x_wconf 82' lang='lat' dir='ltr'>argumentis</span> <span class='ocrx_word' id='word_1_328' title='bbox 1606 2290 1715 2347; x_wconf 84' lang='lat' dir='ltr'>exerci-</span> 
     </span>
     <span class='ocr_line' id='line_1_40' title="bbox 57 2377 1715 2460; baseline -0.003 -22"><span class='ocrx_word' id='word_1_329' title='bbox 57 2386 125 2456; x_wconf 83' lang='lat' dir='ltr'>ipsa,</span> <span class='ocrx_word' id='word_1_330' title='bbox 142 2384 194 2441; x_wconf 88' lang='lat' dir='ltr'>sed</span> <span class='ocrx_word' id='word_1_331' title='bbox 217 2399 273 2440; x_wconf 90' lang='lat' dir='ltr'>non</span> <span class='ocrx_word' id='word_1_332' title='bbox 297 2385 332 2439; x_wconf 87' lang='lat' dir='ltr'>ab</span> <span class='ocrx_word' id='word_1_333' title='bbox 357 2386 415 2457; x_wconf 92' lang='lat' dir='ltr'>ipsa</span> <span class='ocrx_word' id='word_1_334' title='bbox 430 2407 437 2441; x_wconf 91' lang='lat'>:</span> <span class='ocrx_word' id='word_1_335' title='bbox 455 2387 509 2443; x_wconf 93' lang='lat' dir='ltr'>duo</span> <span class='ocrx_word' id='word_1_336' title='bbox 528 2387 672 2459; x_wconf 88' lang='lat' dir='ltr'>sequentia</span> <span class='ocrx_word' id='word_1_337' title='bbox 690 2387 730 2444; x_wconf 90' lang='lat' dir='ltr'>sic</span> <span class='ocrx_word' id='word_1_338' title='bbox 751 2386 862 2442; x_wconf 89' lang='lat' dir='ltr'>liuntin</span> <span class='ocrx_word' id='word_1_339' title='bbox 918 2389 946 2442; x_wconf 91' lang='lat' dir='ltr'>tii</span> <span class='ocrx_word' id='word_1_340' title='bbox 970 2385 1103 2460; x_wconf 89' lang='lat' dir='ltr'>regularis</span> <span class='ocrx_word' id='word_1_341' title='bbox 1129 2391 1172 2440; x_wconf 91' lang='lat' dir='ltr'>est</span> <span class='ocrx_word' id='word_1_342' title='bbox 1198 2389 1309 2454; x_wconf 89' lang='lat' dir='ltr'>reperta</span> <span class='ocrx_word' id='word_1_343' title='bbox 1335 2379 1489 2436; x_wconf 89' lang='lat' dir='ltr'>laudabilis.</span> <span class='ocrx_word' id='word_1_344' title='bbox 1516 2381 1551 2434; x_wconf 83' lang='lat' dir='ltr'>Et</span> <span class='ocrx_word' id='word_1_345' title='bbox 1579 2377 1715 2450; x_wconf 86' lang='lat' dir='ltr'>regularis</span> 
     </span>
     <span class='ocr_line' id='line_1_41' title="bbox 55 2465 1715 2546; baseline -0.006 -17"><span class='ocrx_word' id='word_1_346' title='bbox 55 2477 125 2545; x_wconf 58' lang='lat' dir='ltr'>ipsa</span> <span class='ocrx_word' id='word_1_347' title='bbox 147 2472 323 2545; x_wconf 89' lang='lat' dir='ltr'>quodetiam</span> <span class='ocrx_word' id='word_1_348' title='bbox 346 2475 382 2529; x_wconf 91' lang='lat' dir='ltr'>ab</span> <span class='ocrx_word' id='word_1_349' title='bbox 406 2474 474 2545; x_wconf 86' lang='lat' dir='ltr'>ipsa.</span> <span class='ocrx_word' id='word_1_350' title='bbox 491 2475 521 2529; x_wconf 92' lang='lat' dir='ltr'>ln</span> <span class='ocrx_word' id='word_1_351' title='bbox 542 2475 631 2546; x_wconf 90' lang='lat' dir='ltr'>primo</span> <span class='ocrx_word' id='word_1_352' title='bbox 645 2482 861 2546; x_wconf 71' lang='lat' dir='ltr'>praeoccupatur,</span> <span class='ocrx_word' id='word_1_353' title='bbox 918 2474 1076 2533; x_wconf 90' lang='lat' dir='ltr'>exercitatio</span> <span class='ocrx_word' id='word_1_354' title='bbox 1101 2480 1129 2528; x_wconf 92' lang='lat' dir='ltr'>et</span> <span class='ocrx_word' id='word_1_355' title='bbox 1156 2470 1262 2525; x_wconf 91' lang='lat' dir='ltr'>hostilis</span> <span class='ocrx_word' id='word_1_356' title='bbox 1284 2468 1402 2533; x_wconf 83' lang='lat' dir='ltr'>vexatio,</span> <span class='ocrx_word' id='word_1_357' title='bbox 1428 2474 1542 2539; x_wconf 91' lang='lat' dir='ltr'>utraque</span> <span class='ocrx_word' id='word_1_358' title='bbox 1565 2465 1715 2536; x_wconf 85' lang='lat' dir='ltr'>probabilis</span> 
     </span>
     <span class='ocr_line' id='line_1_42' title="bbox 56 2554 1713 2635; baseline -0.005 -18"><span class='ocrx_word' id='word_1_359' title='bbox 56 2556 83 2617; x_wconf 79' lang='lat' dir='ltr'>in</span> <span class='ocrx_word' id='word_1_360' title='bbox 107 2561 233 2619; x_wconf 87' lang='lat' dir='ltr'>secundo</span> <span class='ocrx_word' id='word_1_361' title='bbox 254 2569 379 2632; x_wconf 86' lang='lat' dir='ltr'>conatur,</span> <span class='ocrx_word' id='word_1_362' title='bbox 394 2563 421 2617; x_wconf 92' lang='lat' dir='ltr'>in</span> <span class='ocrx_word' id='word_1_363' title='bbox 446 2563 526 2619; x_wconf 90' lang='lat' dir='ltr'>tertio</span> <span class='ocrx_word' id='word_1_364' title='bbox 551 2571 651 2635; x_wconf 88' lang='lat' dir='ltr'>captat.</span> <span class='ocrx_word' id='word_1_365' title='bbox 668 2565 736 2619; x_wconf 93' lang='lat' dir='ltr'>Cum</span> <span class='ocrx_word' id='word_1_366' title='bbox 760 2563 860 2632; x_wconf 90' lang='lat' dir='ltr'>tremit,</span> <span class='ocrx_word' id='word_1_367' title='bbox 917 2575 969 2631; x_wconf 86' lang='lat' dir='ltr'>est,</span> <span class='ocrx_word' id='word_1_368' title='bbox 995 2580 1057 2620; x_wconf 89' lang='lat' dir='ltr'>oum</span> <span class='ocrx_word' id='word_1_369' title='bbox 1080 2559 1218 2635; x_wconf 73' lang='lat' dir='ltr'>patientiae</span> <span class='ocrx_word' id='word_1_370' title='bbox 1241 2558 1337 2626; x_wconf 81' lang='lat' dir='ltr'>uirtus,</span> <span class='ocrx_word' id='word_1_371' title='bbox 1353 2565 1460 2611; x_wconf 87' lang='lat' dir='ltr'>servata</span> <span class='ocrx_word' id='word_1_372' title='bbox 1473 2554 1630 2628; x_wconf 84' lang='lat' dir='ltr'>integritate</span> <span class='ocrx_word' id='word_1_373' title='bbox 1654 2570 1713 2619; x_wconf 89' lang='lat' dir='ltr'>sna,</span> 
     </span>
     <span class='ocr_line' id='line_1_43' title="bbox 57 2641 1712 2724; baseline -0.004 -19"><span class='ocrx_word' id='word_1_374' title='bbox 57 2650 94 2706; x_wconf 86' lang='lat' dir='ltr'>nil</span> <span class='ocrx_word' id='word_1_375' title='bbox 109 2651 170 2722; x_wconf 89' lang='lat' dir='ltr'>ipsa</span> <span class='ocrx_word' id='word_1_376' title='bbox 185 2650 252 2722; x_wconf 86' lang='lat' dir='ltr'>agit,</span> <span class='ocrx_word' id='word_1_377' title='bbox 270 2650 319 2705; x_wconf 92' lang='lat' dir='ltr'>sed</span> <span class='ocrx_word' id='word_1_378' title='bbox 333 2651 419 2722; x_wconf 86' lang='lat' dir='ltr'>magis</span> <span class='ocrx_word' id='word_1_379' title='bbox 431 2651 533 2721; x_wconf 88' lang='lat' dir='ltr'>patitur</span> <span class='ocrx_word' id='word_1_380' title='bbox 550 2671 557 2709; x_wconf 75' lang='grc' dir='ltr'>ι</span> <span class='ocrx_word' id='word_1_381' title='bbox 574 2668 635 2708; x_wconf 92' lang='lat' dir='ltr'>cum</span> <span class='ocrx_word' id='word_1_382' title='bbox 649 2653 736 2724; x_wconf 82' lang='lat' dir='ltr'>surgit</span> <span class='ocrx_word' id='word_1_383' title='bbox 750 2659 779 2708; x_wconf 91' lang='lat' dir='ltr'>et</span> <span class='ocrx_word' id='word_1_384' title='bbox 792 2668 861 2724; x_wconf 89' lang='lat' dir='ltr'>ape·</span> <span class='ocrx_word' id='word_1_385' title='bbox 917 2652 1098 2710; x_wconf 88' lang='lat' dir='ltr'>amaritudine</span> <span class='ocrx_word' id='word_1_386' title='bbox 1126 2648 1207 2704; x_wconf 92' lang='lat' dir='ltr'>nimia</span> <span class='ocrx_word' id='word_1_387' title='bbox 1237 2662 1293 2702; x_wconf 95' lang='lat' dir='ltr'>non</span> <span class='ocrx_word' id='word_1_388' title='bbox 1321 2643 1504 2716; x_wconf 90' lang='lat' dir='ltr'>corrumpitur</span> <span class='ocrx_word' id='word_1_389' title='bbox 1530 2657 1563 2700; x_wconf 85' lang='lat' dir='ltr'>ae</span> <span class='ocrx_word' id='word_1_390' title='bbox 1591 2641 1712 2715; x_wconf 87' lang='lat' dir='ltr'>degene·</span> 
     </span>
     <span class='ocr_line' id='line_1_44' title="bbox 58 2726 1715 2812; baseline -0.008 -17"><span class='ocrx_word' id='word_1_391' title='bbox 58 2740 102 2805; x_wconf 91' lang='lat' dir='ltr'>rit,</span> <span class='ocrx_word' id='word_1_392' title='bbox 118 2739 241 2811; x_wconf 80' lang='lat' dir='ltr'>propriae</span> <span class='ocrx_word' id='word_1_393' title='bbox 257 2738 361 2810; x_wconf 90' lang='lat' dir='ltr'>aliquid</span> <span class='ocrx_word' id='word_1_394' title='bbox 381 2739 521 2795; x_wconf 63' lang='lat' dir='ltr'>industria*</span> <span class='ocrx_word' id='word_1_395' title='bbox 534 2740 655 2795; x_wconf 90' lang='lat' dir='ltr'>adhibet.</span> <span class='ocrx_word' id='word_1_396' title='bbox 670 2741 784 2812; x_wconf 88' lang='lat' dir='ltr'>Tremit,</span> <span class='ocrx_word' id='word_1_397' title='bbox 800 2757 862 2797; x_wconf 93' lang='lat' dir='ltr'>cum</span> <span class='ocrx_word' id='word_1_398' title='bbox 918 2750 968 2795; x_wconf 93' lang='lat' dir='ltr'>rat.</span> <span class='ocrx_word' id='word_1_399' title='bbox 989 2737 1091 2793; x_wconf 85' lang='lat' dir='ltr'>Recole</span> <span class='ocrx_word' id='word_1_400' title='bbox 1115 2743 1237 2805; x_wconf 92' lang='lat' dir='ltr'>tempora</span> <span class='ocrx_word' id='word_1_401' title='bbox 1260 2728 1360 2803; x_wconf 89' lang='lat' dir='ltr'>quibus</span> <span class='ocrx_word' id='word_1_402' title='bbox 1384 2728 1529 2799; x_wconf 86' lang='lat' dir='ltr'>juvencula</span> <span class='ocrx_word' id='word_1_403' title='bbox 1551 2726 1641 2784; x_wconf 83' lang='lat' dir='ltr'>adhue</span> <span class='ocrx_word' id='word_1_404' title='bbox 1664 2727 1715 2782; x_wconf 86' lang='lat' dir='ltr'>Ec-</span> 
     </span>
     <span class='ocr_line' id='line_1_45' title="bbox 60 2813 1715 2898; baseline -0.01 -13"><span class='ocrx_word' id='word_1_405' title='bbox 60 2836 164 2885; x_wconf 90' lang='lat' dir='ltr'>motnm</span> <span class='ocrx_word' id='word_1_406' title='bbox 178 2828 316 2884; x_wconf 87' lang='lat' dir='ltr'>occultum</span> <span class='ocrx_word' id='word_1_407' title='bbox 340 2827 524 2898; x_wconf 89' lang='lat' dir='ltr'>inspimtionis</span> <span class='ocrx_word' id='word_1_408' title='bbox 546 2837 648 2885; x_wconf 87' lang='lat' dir='ltr'>sanctae</span> <span class='ocrx_word' id='word_1_409' title='bbox 661 2830 776 2886; x_wconf 88' lang='lat' dir='ltr'>dulciter</span> <span class='ocrx_word' id='word_1_410' title='bbox 794 2846 860 2886; x_wconf 89' lang='lat' dir='ltr'>sen·</span> <span class='ocrx_word' id='word_1_411' title='bbox 917 2826 1002 2884; x_wconf 86' lang='lat' dir='ltr'>alesia</span> <span class='ocrx_word' id='word_1_412' title='bbox 1027 2823 1061 2878; x_wconf 90' lang='lat' dir='ltr'>ad</span> <span class='ocrx_word' id='word_1_413' title='bbox 1081 2836 1162 2877; x_wconf 90' lang='lat' dir='ltr'>aures</span> <span class='ocrx_word' id='word_1_414' title='bbox 1181 2818 1296 2891; x_wconf 83' lang='lat' dir='ltr'>pulsavit</span> <span class='ocrx_word' id='word_1_415' title='bbox 1315 2816 1475 2884; x_wconf 91' lang='lat' dir='ltr'>Gentilium,</span> <span class='ocrx_word' id='word_1_416' title='bbox 1499 2823 1529 2870; x_wconf 93' lang='grc' dir='ltr'>ιιι</span> <span class='ocrx_word' id='word_1_417' title='bbox 1543 2813 1642 2870; x_wconf 89' lang='lat' dir='ltr'>dilecto</span> <span class='ocrx_word' id='word_1_418' title='bbox 1666 2828 1715 2869; x_wconf 90' lang='lat' dir='ltr'>suo</span> 
     </span>
     <span class='ocr_line' id='line_1_46' title="bbox 61 2903 1714 2991; baseline -0.01 -18"><span class='ocrx_word' id='word_1_419' title='bbox 61 2918 92 2973; x_wconf 90' lang='lat' dir='ltr'>tit</span> <span class='ocrx_word' id='word_1_420' title='bbox 114 2935 122 2972; x_wconf 92' lang='lat'>:</span> <span class='ocrx_word' id='word_1_421' title='bbox 149 2916 280 2991; x_wconf 78' lang='lat' dir='ltr'>assurgit,</span> <span class='ocrx_word' id='word_1_422' title='bbox 303 2932 365 2971; x_wconf 88' lang='lat' dir='ltr'>curn</span> <span class='ocrx_word' id='word_1_423' title='bbox 388 2917 526 2972; x_wconf 89' lang='lat' dir='ltr'>consentit</span> <span class='ocrx_word' id='word_1_424' title='bbox 547 2926 576 2973; x_wconf 91' lang='lat' dir='ltr'>et</span> <span class='ocrx_word' id='word_1_425' title='bbox 593 2919 718 2991; x_wconf 89' lang='lat' dir='ltr'>sequitur</span> <span class='ocrx_word' id='word_1_426' title='bbox 741 2934 795 2991; x_wconf 90' lang='lat' dir='ltr'>quo</span> <span class='ocrx_word' id='word_1_427' title='bbox 816 2917 861 2973; x_wconf 88' lang='lat' dir='ltr'>illa</span> <span class='ocrx_word' id='word_1_428' title='bbox 919 2914 1026 2973; x_wconf 83' lang='lat' dir='ltr'>Cluisto</span> <span class='ocrx_word' id='word_1_429' title='bbox 1041 2912 1076 2967; x_wconf 90' lang='lat' dir='ltr'>ad</span> <span class='ocrx_word' id='word_1_430' title='bbox 1098 2910 1181 2967; x_wconf 92' lang='lat' dir='ltr'>corda</span> <span class='ocrx_word' id='word_1_431' title='bbox 1203 2908 1324 2980; x_wconf 89' lang='lat' dir='ltr'>ipsorum</span> <span class='ocrx_word' id='word_1_432' title='bbox 1340 2904 1440 2961; x_wconf 89' lang='lat' dir='ltr'>ostium</span> <span class='ocrx_word' id='word_1_433' title='bbox 1455 2903 1618 2976; x_wconf 89' lang='lat' dir='ltr'>aperiretur,</span> <span class='ocrx_word' id='word_1_434' title='bbox 1632 2910 1714 2976; x_wconf 89' lang='lat' dir='ltr'>pate-</span> 
     </span>
     <span class='ocr_line' id='line_1_47' title="bbox 60 2989 1717 3077; baseline -0.007 -18"><span class='ocrx_word' id='word_1_435' title='bbox 60 3005 132 3062; x_wconf 76' lang='lat' dir='ltr'>duat</span> <span class='ocrx_word' id='word_1_436' title='bbox 150 3020 156 3058; x_wconf 90' lang='lat'>:</span> <span class='ocrx_word' id='word_1_437' title='bbox 172 3005 276 3076; x_wconf 89' lang='lat' dir='ltr'>aperit,</span> <span class='ocrx_word' id='word_1_438' title='bbox 294 3019 357 3060; x_wconf 90' lang='lat' dir='ltr'>cum</span> <span class='ocrx_word' id='word_1_439' title='bbox 382 3005 443 3060; x_wconf 92' lang='lat' dir='ltr'>huic</span> <span class='ocrx_word' id='word_1_440' title='bbox 467 3012 551 3061; x_wconf 87' lang='lat' dir='ltr'>totam</span> <span class='ocrx_word' id='word_1_441' title='bbox 576 3022 606 3061; x_wconf 91' lang='lat' dir='ltr'>se</span> <span class='ocrx_word' id='word_1_442' title='bbox 623 3007 701 3077; x_wconf 90' lang='lat' dir='ltr'>operi</span> <span class='ocrx_word' id='word_1_443' title='bbox 716 3023 795 3062; x_wconf 89' lang='lat' dir='ltr'>mens</span> <span class='ocrx_word' id='word_1_444' title='bbox 816 3007 861 3062; x_wconf 92' lang='lat' dir='ltr'>in·</span> <span class='ocrx_word' id='word_1_445' title='bbox 917 3013 959 3061; x_wconf 89' lang='lat' dir='ltr'>ret</span> <span class='ocrx_word' id='word_1_446' title='bbox 970 3002 1060 3060; x_wconf 89' lang='lat' dir='ltr'>aditus</span> <span class='ocrx_word' id='word_1_447' title='bbox 1072 3021 1079 3057; x_wconf 91' lang='lat'>:</span> <span class='ocrx_word' id='word_1_448' title='bbox 1091 2992 1619 3073; x_wconf 85' lang='lat' dir='ltr'>quaminnumerosdesudavitagones,</span> <span class='ocrx_word' id='word_1_449' title='bbox 1631 2989 1717 3048; x_wconf 69' lang='grc' dir='ltr'>Ιῠθ</span> 
     </span>
     <span class='ocr_line' id='line_1_48' title="bbox 61 3081 1716 3169; baseline -0.01 -20"><span class='ocrx_word' id='word_1_450' title='bbox 61 3095 165 3169; x_wconf 88' lang='lat' dir='ltr'>dulget,</span> <span class='ocrx_word' id='word_1_451' title='bbox 177 3103 208 3150; x_wconf 94' lang='lat' dir='ltr'>et</span> <span class='ocrx_word' id='word_1_452' title='bbox 223 3093 313 3149; x_wconf 90' lang='lat' dir='ltr'>reddit</span> <span class='ocrx_word' id='word_1_453' title='bbox 326 3109 467 3165; x_wconf 89' lang='lat' dir='ltr'>capacem.</span> <span class='ocrx_word' id='word_1_454' title='bbox 483 3094 675 3152; x_wconf 86' lang='lat' dir='ltr'>Verumtamen</span> <span class='ocrx_word' id='word_1_455' title='bbox 690 3106 791 3169; x_wconf 91' lang='lat' dir='ltr'>quanto</span> <span class='ocrx_word' id='word_1_456' title='bbox 805 3114 862 3152; x_wconf 91' lang='lat' dir='ltr'>ma·</span> <span class='ocrx_word' id='word_1_457' title='bbox 919 3101 1020 3166; x_wconf 90' lang='lat' dir='ltr'>quanta</span> <span class='ocrx_word' id='word_1_458' title='bbox 1031 3088 1149 3148; x_wconf 84' lang='lat' dir='ltr'>coniecit</span> <span class='ocrx_word' id='word_1_459' title='bbox 1168 3085 1307 3158; x_wconf 84' lang='lat' dir='ltr'>martyria,</span> <span class='ocrx_word' id='word_1_460' title='bbox 1325 3101 1406 3157; x_wconf 91' lang='lat' dir='ltr'>qaam</span> <span class='ocrx_word' id='word_1_461' title='bbox 1416 3081 1552 3139; x_wconf 88' lang='lat' dir='ltr'>continuis</span> <span class='ocrx_word' id='word_1_462' title='bbox 1562 3088 1605 3137; x_wconf 91' lang='lat' dir='ltr'>est</span> <span class='ocrx_word' id='word_1_463' title='bbox 1619 3086 1716 3138; x_wconf 88' lang='lat' dir='ltr'>vexata</span> 
     </span>
     <span class='ocr_line' id='line_1_49' title="bbox 61 3168 1715 3258; baseline -0.011 -17"><span class='ocrx_word' id='word_1_464' title='bbox 61 3186 102 3258; x_wconf 79' lang='lat' dir='ltr'>g&#39;e</span> <span class='ocrx_word' id='word_1_465' title='bbox 123 3201 155 3241; x_wconf 88' lang='lat' dir='ltr'>se</span> <span class='ocrx_word' id='word_1_466' title='bbox 169 3184 236 3240; x_wconf 88' lang='lat' dir='ltr'>hnic</span> <span class='ocrx_word' id='word_1_467' title='bbox 252 3184 312 3240; x_wconf 91' lang='lat' dir='ltr'>usui</span> <span class='ocrx_word' id='word_1_468' title='bbox 325 3185 422 3257; x_wconf 87' lang='lat' dir='ltr'>aperit,</span> <span class='ocrx_word' id='word_1_469' title='bbox 439 3191 514 3241; x_wconf 87' lang='lat' dir='ltr'>tanto</span> <span class='ocrx_word' id='word_1_470' title='bbox 529 3202 563 3242; x_wconf 90' lang='lat' dir='ltr'>ex</span> <span class='ocrx_word' id='word_1_471' title='bbox 579 3187 662 3241; x_wconf 90' lang='lat' dir='ltr'>nimia</span> <span class='ocrx_word' id='word_1_472' title='bbox 675 3186 821 3244; x_wconf 83' lang='lat' dir='ltr'>allectione</span> <span class='ocrx_word' id='word_1_473' title='bbox 836 3195 864 3244; x_wconf 89' lang='lat' dir='ltr'>et</span> <span class='ocrx_word' id='word_1_474' title='bbox 920 3179 1079 3253; x_wconf 88' lang='lat' dir='ltr'>suppliciis!</span> <span class='ocrx_word' id='word_1_475' title='bbox 1096 3175 1165 3234; x_wconf 81' lang='lat' dir='ltr'>Vere</span> <span class='ocrx_word' id='word_1_476' title='bbox 1180 3175 1257 3247; x_wconf 83' lang='lat' dir='ltr'>digiti</span> <span class='ocrx_word' id='word_1_477' title='bbox 1271 3175 1330 3246; x_wconf 86' lang='lat' dir='ltr'>ejus</span> <span class='ocrx_word' id='word_1_478' title='bbox 1340 3172 1414 3244; x_wconf 91' lang='lat' dir='ltr'>pleni</span> <span class='ocrx_word' id='word_1_479' title='bbox 1427 3172 1538 3243; x_wconf 75' lang='lat' dir='ltr'>myrrha</span> <span class='ocrx_word' id='word_1_480' title='bbox 1552 3168 1715 3243; x_wconf 89' lang='lat' dir='ltr'>probatissi-</span> 
     </span>
     <span class='ocr_line' id='line_1_50' title="bbox 63 3256 1734 3347; baseline -0.01 -18"><span class='ocrx_word' id='word_1_481' title='bbox 63 3274 236 3331; x_wconf 83' lang='lat' dir='ltr'>xehementia</span> <span class='ocrx_word' id='word_1_482' title='bbox 259 3273 337 3330; x_wconf 89' lang='lat' dir='ltr'>cilius</span> <span class='ocrx_word' id='word_1_483' title='bbox 360 3273 476 3346; x_wconf 89' lang='lat' dir='ltr'>depcrit.</span> <span class='ocrx_word' id='word_1_484' title='bbox 494 3275 596 3334; x_wconf 78' lang='lat' dir='ltr'>Memor</span> <span class='ocrx_word' id='word_1_485' title='bbox 616 3278 671 3346; x_wconf 72' lang='lat' dir='ltr'>soi,</span> <span class='ocrx_word' id='word_1_486' title='bbox 687 3275 786 3347; x_wconf 90' lang='lat' dir='ltr'>inquit,</span> <span class='ocrx_word' id='word_1_487' title='bbox 803 3279 861 3343; x_wconf 84' lang='lat' dir='ltr'>Dei,</span> <span class='ocrx_word' id='word_1_488' title='bbox 918 3287 972 3338; x_wconf 88' lang='lat' dir='ltr'>rna,</span> <span class='ocrx_word' id='word_1_489' title='bbox 989 3285 1021 3325; x_wconf 90' lang='lat' dir='ltr'>eo</span> <span class='ocrx_word' id='word_1_490' title='bbox 1045 3266 1117 3340; x_wconf 91' lang='lat' dir='ltr'>quod</span> <span class='ocrx_word' id='word_1_491' title='bbox 1133 3262 1350 3321; x_wconf 89' lang='lat' dir='ltr'>omnimodamm</span> <span class='ocrx_word' id='word_1_492' title='bbox 1374 3260 1531 3332; x_wconf 86' lang='lat' dir='ltr'>passionum</span> <span class='ocrx_word' id='word_1_493' title='bbox 1549 3256 1734 3331; x_wconf 88' lang='lat' dir='ltr'>argumentis.</span> 
     </span>
     <span class='ocr_line' id='line_1_51' title="bbox 64 3346 1563 3436; baseline -0.012 -18"><span class='ocrx_word' id='word_1_494' title='bbox 64 3368 91 3418; x_wconf 87' lang='lat' dir='ltr'>et</span> <span class='ocrx_word' id='word_1_495' title='bbox 106 3362 265 3419; x_wconf 72' lang='lat' dir='ltr'>ddcctotas</span> <span class='ocrx_word' id='word_1_496' title='bbox 285 3379 358 3428; x_wconf 86' lang='lat' dir='ltr'>sum,</span> <span class='ocrx_word' id='word_1_497' title='bbox 379 3367 406 3418; x_wconf 90' lang='lat' dir='ltr'>et</span> <span class='ocrx_word' id='word_1_498' title='bbox 433 3365 609 3421; x_wconf 72' lang='lat' dir='ltr'>exercitatas</span> <span class='ocrx_word' id='word_1_499' title='bbox 629 3381 702 3430; x_wconf 75' lang='lat' dir='ltr'>eam,</span> <span class='ocrx_word' id='word_1_500' title='bbox 718 3369 747 3420; x_wconf 90' lang='lat' dir='ltr'>et</span> <span class='ocrx_word' id='word_1_501' title='bbox 762 3363 864 3436; x_wconf 79' lang='lat' dir='ltr'>defecit</span> <span class='ocrx_word' id='word_1_502' title='bbox 918 3360 1062 3415; x_wconf 89' lang='lat' dir='ltr'>honestata</span> <span class='ocrx_word' id='word_1_503' title='bbox 1073 3362 1116 3411; x_wconf 89' lang='lat' dir='ltr'>est</span> <span class='ocrx_word' id='word_1_504' title='bbox 1129 3354 1214 3410; x_wconf 90' lang='lat' dir='ltr'>virtus</span> <span class='ocrx_word' id='word_1_505' title='bbox 1228 3353 1288 3423; x_wconf 85' lang='lat' dir='ltr'>ejus</span> <span class='ocrx_word' id='word_1_506' title='bbox 1301 3350 1329 3404; x_wconf 94' lang='lat' dir='ltr'>in</span> <span class='ocrx_word' id='word_1_507' title='bbox 1343 3348 1482 3403; x_wconf 88' lang='lat' dir='ltr'>laboribus</span> <span class='ocrx_word' id='word_1_508' title='bbox 1495 3346 1563 3402; x_wconf 89' lang='lat' dir='ltr'>suis.</span> 
     </span>
     <span class='ocr_line' id='line_1_52' title="bbox 64 3430 1715 3528; baseline -0.015 -18"><span class='ocrx_word' id='word_1_509' title='bbox 64 3454 184 3528; x_wconf 79' lang='lat' dir='ltr'>spiritus</span> <span class='ocrx_word' id='word_1_510' title='bbox 208 3452 391 3524; x_wconf 74' lang='lat' dir='ltr'>measteaat.</span> <span class='ocrx_word' id='word_1_511' title='bbox 413 3455 566 3523; x_wconf 81' lang='lat' dir='ltr'>uxxv1,l).</span> <span class='ocrx_word' id='word_1_512' title='bbox 583 3454 739 3510; x_wconf 79' lang='lat' dir='ltr'>Memoriam</span> <span class='ocrx_word' id='word_1_513' title='bbox 763 3453 862 3521; x_wconf 82' lang='lat' dir='ltr'>ventri,</span> <span class='ocrx_word' id='word_1_514' title='bbox 954 3451 980 3501; x_wconf 88' lang='grc'>9.</span> <span class='ocrx_word' id='word_1_515' title='bbox 1012 3446 1080 3501; x_wconf 85' lang='lat' dir='ltr'>Cum</span> <span class='ocrx_word' id='word_1_516' title='bbox 1107 3437 1265 3512; x_wconf 86' lang='lat' dir='ltr'>hujusmodi</span> <span class='ocrx_word' id='word_1_517' title='bbox 1293 3435 1418 3491; x_wconf 89' lang='lat' dir='ltr'>manibus</span> <span class='ocrx_word' id='word_1_518' title='bbox 1446 3432 1572 3506; x_wconf 85' lang='lat' dir='ltr'>satagite,</span> <span class='ocrx_word' id='word_1_519' title='bbox 1607 3430 1715 3497; x_wconf 88' lang='lat' dir='ltr'>lratres,</span> 
     </span>
     <span class='ocr_line' id='line_1_53' title="bbox 64 3520 1717 3610; baseline -0.016 -10"><span class='ocrx_word' id='word_1_520' title='bbox 64 3540 177 3600; x_wconf 81' lang='lat' dir='ltr'>tremori</span> <span class='ocrx_word' id='word_1_521' title='bbox 202 3540 430 3610; x_wconf 84' lang='lat' dir='ltr'>delectationem,</span> <span class='ocrx_word' id='word_1_522' title='bbox 456 3541 681 3599; x_wconf 85' lang='lat' dir='ltr'>exercitationem</span> <span class='ocrx_word' id='word_1_523' title='bbox 704 3541 865 3598; x_wconf 91' lang='lat' dir='ltr'>surrectioni</span> <span class='ocrx_word' id='word_1_524' title='bbox 921 3536 1028 3610; x_wconf 89' lang='lat' dir='ltr'>aperire</span> <span class='ocrx_word' id='word_1_525' title='bbox 1043 3533 1143 3596; x_wconf 89' lang='lat' dir='ltr'>Verbo,</span> <span class='ocrx_word' id='word_1_526' title='bbox 1164 3525 1357 3600; x_wconf 86' lang='lat' dir='ltr'>speculationis</span> <span class='ocrx_word' id='word_1_527' title='bbox 1377 3522 1514 3580; x_wconf 80' lang='lat' dir='ltr'>dulcedini</span> <span class='ocrx_word' id='word_1_528' title='bbox 1528 3520 1632 3577; x_wconf 89' lang='lat' dir='ltr'>aditum</span> <span class='ocrx_word' id='word_1_529' title='bbox 1646 3536 1717 3591; x_wconf 79' lang='lat' dir='ltr'>prae·</span> 
     </span>
     <span class='ocr_line' id='line_1_54' title="bbox 65 3609 1718 3703; baseline -0.013 -19"><span class='ocrx_word' id='word_1_530' title='bbox 65 3630 160 3688; x_wconf 79' lang='lat' dir='ltr'>confer</span> <span class='ocrx_word' id='word_1_531' title='bbox 182 3636 211 3686; x_wconf 91' lang='lat' dir='ltr'>et</span> <span class='ocrx_word' id='word_1_532' title='bbox 233 3637 306 3701; x_wconf 89' lang='lat' dir='ltr'>apta.</span> <span class='ocrx_word' id='word_1_533' title='bbox 330 3629 400 3683; x_wconf 91' lang='lat' dir='ltr'>Nam</span> <span class='ocrx_word' id='word_1_534' title='bbox 419 3631 492 3702; x_wconf 93' lang='lat' dir='ltr'>quod</span> <span class='ocrx_word' id='word_1_535' title='bbox 514 3630 593 3702; x_wconf 92' lang='lat' dir='ltr'>dicit,</span> <span class='ocrx_word' id='word_1_536' title='bbox 619 3632 720 3702; x_wconf 76' lang='lat' dir='ltr'>defecit</span> <span class='ocrx_word' id='word_1_537' title='bbox 743 3631 866 3703; x_wconf 83' lang='lat' dir='ltr'>spiritus</span> <span class='ocrx_word' id='word_1_538' title='bbox 920 3640 1029 3700; x_wconf 90' lang='lat' dir='ltr'>parare.</span> <span class='ocrx_word' id='word_1_539' title='bbox 1055 3624 1193 3677; x_wconf 76' lang='lat' dir='ltr'>bonorum</span> <span class='ocrx_word' id='word_1_540' title='bbox 1218 3623 1324 3673; x_wconf 89' lang='lat' dir='ltr'>actuum</span> <span class='ocrx_word' id='word_1_541' title='bbox 1351 3610 1467 3679; x_wconf 90' lang='lat' dir='ltr'>meritis,</span> <span class='ocrx_word' id='word_1_542' title='bbox 1496 3609 1594 3665; x_wconf 88' lang='lat' dir='ltr'>mentis</span> <span class='ocrx_word' id='word_1_543' title='bbox 1618 3614 1718 3664; x_wconf 86' lang='lat' dir='ltr'>restrae</span> 
     </span>
     <span class='ocr_line' id='line_1_55' title="bbox 65 3695 1815 3795; baseline -0.014 -18"><span class='ocrx_word' id='word_1_544' title='bbox 65 3735 152 3788; x_wconf 77' lang='lat' dir='ltr'>meas,</span> <span class='ocrx_word' id='word_1_545' title='bbox 168 3719 204 3775; x_wconf 86' lang='lat' dir='ltr'>ad</span> <span class='ocrx_word' id='word_1_546' title='bbox 219 3718 284 3774; x_wconf 90' lang='lat' dir='ltr'>illud</span> <span class='ocrx_word' id='word_1_547' title='bbox 305 3725 422 3790; x_wconf 89' lang='lat' dir='ltr'>spectat,</span> <span class='ocrx_word' id='word_1_548' title='bbox 438 3718 510 3792; x_wconf 91' lang='lat' dir='ltr'>qaod</span> <span class='ocrx_word' id='word_1_549' title='bbox 534 3721 586 3775; x_wconf 91' lang='lat' dir='ltr'>hoc</span> <span class='ocrx_word' id='word_1_550' title='bbox 600 3720 723 3792; x_wconf 87' lang='lat' dir='ltr'>sequitur</span> <span class='ocrx_word' id='word_1_551' title='bbox 736 3719 764 3773; x_wconf 93' lang='lat' dir='ltr'>in</span> <span class='ocrx_word' id='word_1_552' title='bbox 779 3719 840 3776; x_wconf 89' lang='lat' dir='ltr'>loco</span> <span class='ocrx_word' id='word_1_553' title='bbox 856 3736 864 3774; x_wconf 77' lang='grc' dir='ltr'><strong><em>ε</em></strong></span> <span class='ocrx_word' id='word_1_554' title='bbox 922 3728 1047 3771; x_wconf 87' lang='lat' dir='ltr'>recessus</span> <span class='ocrx_word' id='word_1_555' title='bbox 1060 3707 1168 3766; x_wconf 84' lang='lat' dir='ltr'>Christo</span> <span class='ocrx_word' id='word_1_556' title='bbox 1183 3702 1295 3762; x_wconf 88' lang='lat' dir='ltr'>uberius</span> <span class='ocrx_word' id='word_1_557' title='bbox 1308 3700 1476 3759; x_wconf 87' lang='lat' dir='ltr'>reserabitis.</span> <span class='ocrx_word' id='word_1_558' title='bbox 1492 3696 1588 3753; x_wconf 89' lang='lat' dir='ltr'>Videte</span> <span class='ocrx_word' id='word_1_559' title='bbox 1602 3695 1626 3752; x_wconf 91' lang='lat' dir='ltr'>si</span> <span class='ocrx_word' id='word_1_560' title='bbox 1640 3695 1717 3795; x_wconf 79' lang='lat' dir='ltr'>labo·</span> <span class='ocrx_word' id='word_1_561' title='bbox 1813 3722 1815 3726; x_wconf 34' lang='lat' dir='ltr'>v</span> 
     </span>
     <span class='ocr_line' id='line_1_56' title="bbox 68 3786 1719 3879; baseline -0.016 -15"><span class='ocrx_word' id='word_1_562' title='bbox 68 3808 216 3866; x_wconf 73' lang='lat' dir='ltr'>Peccatum</span> <span class='ocrx_word' id='word_1_563' title='bbox 230 3808 298 3863; x_wconf 85' lang='lat' dir='ltr'>ostii</span> <span class='ocrx_word' id='word_1_564' title='bbox 313 3808 370 3863; x_wconf 86' lang='lat' dir='ltr'>mei</span> <span class='ocrx_word' id='word_1_565' title='bbox 384 3809 484 3878; x_wconf 80' lang='lat' dir='ltr'>operati</span> <span class='ocrx_word' id='word_1_566' title='bbox 497 3806 647 3872; x_wconf 88' lang='lat' dir='ltr'>dileeto‚et</span> <span class='ocrx_word' id='word_1_567' title='bbox 662 3807 722 3879; x_wconf 82' lang='lat' dir='ltr'>ipse</span> <span class='ocrx_word' id='word_1_568' title='bbox 737 3805 866 3862; x_wconf 82' lang='lat' dir='ltr'>declina-</span> <span class='ocrx_word' id='word_1_569' title='bbox 925 3803 962 3859; x_wconf 86' lang='lat' dir='ltr'>ris</span> <span class='ocrx_word' id='word_1_570' title='bbox 976 3808 1003 3858; x_wconf 93' lang='lat' dir='ltr'>ct</span> <span class='ocrx_word' id='word_1_571' title='bbox 1023 3795 1188 3874; x_wconf 89' lang='lat' dir='ltr'>latigationis</span> <span class='ocrx_word' id='word_1_572' title='bbox 1202 3800 1300 3850; x_wconf 85' lang='lat' dir='ltr'>restrae</span> <span class='ocrx_word' id='word_1_573' title='bbox 1322 3789 1433 3863; x_wconf 81' lang='lat' dir='ltr'>myrrha</span> <span class='ocrx_word' id='word_1_574' title='bbox 1449 3786 1540 3842; x_wconf 91' lang='lat' dir='ltr'>multis</span> <span class='ocrx_word' id='word_1_575' title='bbox 1554 3793 1596 3843; x_wconf 90' lang='lat' dir='ltr'>est</span> <span class='ocrx_word' id='word_1_576' title='bbox 1610 3800 1719 3858; x_wconf 77' lang='lat' dir='ltr'>experr-</span> 
     </span>
     <span class='ocr_line' id='line_1_57' title="bbox 70 3876 1720 3965; baseline -0.015 -11"><span class='ocrx_word' id='word_1_577' title='bbox 70 3897 207 3955; x_wconf 81' lang='lat' dir='ltr'>uit.&#39;1⁴unc</span> <span class='ocrx_word' id='word_1_578' title='bbox 221 3895 349 3965; x_wconf 85' lang='lat' dir='ltr'>declinat,</span> <span class='ocrx_word' id='word_1_579' title='bbox 366 3911 426 3950; x_wconf 91' lang='lat' dir='ltr'>cum</span> <span class='ocrx_word' id='word_1_580' title='bbox 444 3904 470 3950; x_wconf 95' lang='lat' dir='ltr'>tu</span> <span class='ocrx_word' id='word_1_581' title='bbox 485 3893 587 3964; x_wconf 85' lang='lat' dir='ltr'>deficis,</span> <span class='ocrx_word' id='word_1_582' title='bbox 606 3895 678 3951; x_wconf 85' lang='lat' dir='ltr'>terre</span> <span class='ocrx_word' id='word_1_583' title='bbox 692 3910 747 3951; x_wconf 92' lang='lat' dir='ltr'>non</span> <span class='ocrx_word' id='word_1_584' title='bbox 762 3895 866 3952; x_wconf 90' lang='lat' dir='ltr'>valens.</span> <span class='ocrx_word' id='word_1_585' title='bbox 922 3891 1023 3949; x_wconf 89' lang='lat' dir='ltr'>mentis</span> <span class='ocrx_word' id='word_1_586' title='bbox 1039 3894 1147 3960; x_wconf 89' lang='lat' dir='ltr'>reperta</span> <span class='ocrx_word' id='word_1_587' title='bbox 1168 3881 1321 3947; x_wconf 91' lang='lat' dir='ltr'>laudabilis,</span> <span class='ocrx_word' id='word_1_588' title='bbox 1350 3879 1419 3936; x_wconf 90' lang='lat' dir='ltr'>sicat</span> <span class='ocrx_word' id='word_1_589' title='bbox 1446 3893 1543 3933; x_wconf 89' lang='lat' dir='ltr'>aarum</span> <span class='ocrx_word' id='word_1_590' title='bbox 1571 3876 1644 3949; x_wconf 90' lang='lat' dir='ltr'>qnod</span> <span class='ocrx_word' id='word_1_591' title='bbox 1669 3890 1720 3947; x_wconf 91' lang='lat' dir='ltr'>per</span> 
     </span>
     <span class='ocr_line' id='line_1_58' title="bbox 69 3963 1720 4056; baseline -0.015 -12"><span class='ocrx_word' id='word_1_592' title='bbox 69 3989 134 4044; x_wconf 73' lang='lat' dir='ltr'>(lum</span> <span class='ocrx_word' id='word_1_593' title='bbox 149 3993 179 4042; x_wconf 90' lang='lat' dir='ltr'>tn</span> <span class='ocrx_word' id='word_1_594' title='bbox 191 3984 521 4049; x_wconf 84' lang='lat' dir='ltr'>allioerisrehementins,</span> <span class='ocrx_word' id='word_1_595' title='bbox 532 3984 664 4056; x_wconf 89' lang='lat' dir='ltr'>tuncipse</span> <span class='ocrx_word' id='word_1_596' title='bbox 679 3984 758 4040; x_wconf 91' lang='lat' dir='ltr'>citius</span> <span class='ocrx_word' id='word_1_597' title='bbox 768 3983 867 4042; x_wconf 81' lang='lat' dir='ltr'>auolat.</span> <span class='ocrx_word' id='word_1_598' title='bbox 925 3981 1018 4054; x_wconf 90' lang='lat' dir='ltr'>ignem</span> <span class='ocrx_word' id='word_1_599' title='bbox 1041 3977 1181 4051; x_wconf 89' lang='lat' dir='ltr'>probatur.</span> <span class='ocrx_word' id='word_1_600' title='bbox 1199 3973 1286 4044; x_wconf 79' lang='lat' dir='ltr'>Digiti</span> <span class='ocrx_word' id='word_1_601' title='bbox 1299 3969 1365 4036; x_wconf 83' lang='lat' dir='ltr'>mei,</span> <span class='ocrx_word' id='word_1_602' title='bbox 1390 3967 1487 4040; x_wconf 91' lang='lat' dir='ltr'>inquit,</span> <span class='ocrx_word' id='word_1_603' title='bbox 1509 3966 1591 4039; x_wconf 79' lang='lat' dir='ltr'>pleni</span> <span class='ocrx_word' id='word_1_604' title='bbox 1603 3963 1720 4037; x_wconf 80' lang='lat' dir='ltr'>myrrha</span> 
     </span>
     <span class='ocr_line' id='line_1_59' title="bbox 70 4053 1722 4145; baseline -0.016 -13"><span class='ocrx_word' id='word_1_605' title='bbox 70 4073 175 4144; x_wconf 83' lang='lat' dir='ltr'>Quanto</span> <span class='ocrx_word' id='word_1_606' title='bbox 193 4074 370 4131; x_wconf 79' lang='lat' dir='ltr'>affectuosius</span> <span class='ocrx_word' id='word_1_607' title='bbox 388 4080 481 4145; x_wconf 89' lang='lat' dir='ltr'>captas</span> <span class='ocrx_word' id='word_1_608' title='bbox 490 4073 580 4129; x_wconf 90' lang='lat' dir='ltr'>dilecti</span> <span class='ocrx_word' id='word_1_609' title='bbox 590 4073 740 4145; x_wconf 88' lang='lat' dir='ltr'>amplexus,</span> <span class='ocrx_word' id='word_1_610' title='bbox 751 4080 779 4129; x_wconf 91' lang='lat' dir='ltr'>et</span> <span class='ocrx_word' id='word_1_611' title='bbox 793 4072 870 4145; x_wconf 90' lang='lat' dir='ltr'>quasi</span> <span class='ocrx_word' id='word_1_612' title='bbox 926 4070 1134 4145; x_wconf 81' lang='lat' dir='ltr'>probatissimo.</span> <span class='ocrx_word' id='word_1_613' title='bbox 1155 4059 1332 4119; x_wconf 87' lang='lat' dir='ltr'>Discretionis</span> <span class='ocrx_word' id='word_1_614' title='bbox 1349 4056 1518 4132; x_wconf 84' lang='lat' dir='ltr'>significatur</span> <span class='ocrx_word' id='word_1_615' title='bbox 1535 4053 1678 4120; x_wconf 88' lang='lat' dir='ltr'>subtilitas,</span> <span class='ocrx_word' id='word_1_616' title='bbox 1694 4059 1722 4108; x_wconf 90' lang='lat' dir='ltr'>et</span> 
     </span>
     <span class='ocr_line' id='line_1_60' title="bbox 72 4143 1720 4237; baseline -0.012 -20"><span class='ocrx_word' id='word_1_617' title='bbox 72 4173 165 4236; x_wconf 86' lang='lat' dir='ltr'>aperto</span> <span class='ocrx_word' id='word_1_618' title='bbox 180 4165 264 4221; x_wconf 90' lang='lat' dir='ltr'>corde</span> <span class='ocrx_word' id='word_1_619' title='bbox 288 4171 375 4220; x_wconf 92' lang='lat' dir='ltr'>totum</span> <span class='ocrx_word' id='word_1_620' title='bbox 391 4163 540 4219; x_wconf 90' lang='lat' dir='ltr'>absorbere</span> <span class='ocrx_word' id='word_1_621' title='bbox 555 4171 582 4218; x_wconf 91' lang='lat' dir='ltr'>et</span> <span class='ocrx_word' id='word_1_622' title='bbox 602 4162 737 4237; x_wconf 86' lang='lat' dir='ltr'>deglutire</span> <span class='ocrx_word' id='word_1_623' title='bbox 752 4162 869 4233; x_wconf 89' lang='lat' dir='ltr'>conaris,</span> <span class='ocrx_word' id='word_1_624' title='bbox 928 4156 1064 4216; x_wconf 89' lang='lat' dir='ltr'>unctionis</span> <span class='ocrx_word' id='word_1_625' title='bbox 1079 4156 1190 4211; x_wconf 89' lang='lat' dir='ltr'>ubertas</span> <span class='ocrx_word' id='word_1_626' title='bbox 1206 4172 1213 4208; x_wconf 79' lang='grc' dir='ltr'>ι</span> <span class='ocrx_word' id='word_1_627' title='bbox 1233 4159 1260 4207; x_wconf 94' lang='lat' dir='ltr'>et</span> <span class='ocrx_word' id='word_1_628' title='bbox 1273 4147 1372 4223; x_wconf 88' lang='lat' dir='ltr'>digitos</span> <span class='ocrx_word' id='word_1_629' title='bbox 1385 4145 1459 4203; x_wconf 89' lang='lat' dir='ltr'>enim</span> <span class='ocrx_word' id='word_1_630' title='bbox 1475 4143 1550 4215; x_wconf 90' lang='lat' dir='ltr'>dicit,</span> <span class='ocrx_word' id='word_1_631' title='bbox 1573 4151 1600 4201; x_wconf 90' lang='lat' dir='ltr'>et</span> <span class='ocrx_word' id='word_1_632' title='bbox 1613 4143 1720 4216; x_wconf 88' lang='lat' dir='ltr'>plenos.</span> 
     </span>
     <span class='ocr_line' id='line_1_61' title="bbox 71 4233 1721 4322; baseline -0.013 -16"><span class='ocrx_word' id='word_1_633' title='bbox 71 4252 274 4311; x_wconf 81' lang='lat' dir='ltr'>tantorelocius</span> <span class='ocrx_word' id='word_1_634' title='bbox 288 4251 406 4308; x_wconf 89' lang='lat' dir='ltr'>declinat</span> <span class='ocrx_word' id='word_1_635' title='bbox 420 4251 508 4307; x_wconf 92' lang='lat' dir='ltr'>labilis</span> <span class='ocrx_word' id='word_1_636' title='bbox 525 4253 669 4322; x_wconf 75' lang='lat' dir='ltr'>presentia</span> <span class='ocrx_word' id='word_1_637' title='bbox 680 4252 771 4308; x_wconf 90' lang='lat' dir='ltr'>dilecti</span> <span class='ocrx_word' id='word_1_638' title='bbox 782 4252 830 4309; x_wconf 92' lang='lat' dir='ltr'>tui.</span> <span class='ocrx_word' id='word_1_639' title='bbox 927 4247 1074 4312; x_wconf 91' lang='lat' dir='ltr'>Distillant,</span> <span class='ocrx_word' id='word_1_640' title='bbox 1086 4251 1114 4302; x_wconf 90' lang='lat' dir='ltr'>et</span> <span class='ocrx_word' id='word_1_641' title='bbox 1128 4241 1203 4316; x_wconf 92' lang='lat' dir='ltr'>pleni</span> <span class='ocrx_word' id='word_1_642' title='bbox 1217 4247 1280 4305; x_wconf 89' lang='lat' dir='ltr'>sunt</span> <span class='ocrx_word' id='word_1_643' title='bbox 1292 4257 1298 4297; x_wconf 92' lang='lat'>:</span> <span class='ocrx_word' id='word_1_644' title='bbox 1310 4234 1524 4295; x_wconf 86' lang='lat' dir='ltr'>vicissitudinem</span> <span class='ocrx_word' id='word_1_645' title='bbox 1538 4233 1650 4302; x_wconf 87' lang='lat' dir='ltr'>habent,</span> <span class='ocrx_word' id='word_1_646' title='bbox 1666 4244 1721 4286; x_wconf 93' lang='lat' dir='ltr'>non</span> 
     </span>
     <span class='ocr_line' id='line_1_62' title="bbox 105 4319 1721 4411; baseline -0.006 -14"><span class='ocrx_word' id='word_1_647' title='bbox 105 4347 131 4397; x_wconf 82' lang='lat'>8.</span> <span class='ocrx_word' id='word_1_648' title='bbox 148 4341 204 4398; x_wconf 88' lang='lat' dir='ltr'>Sed</span> <span class='ocrx_word' id='word_1_649' title='bbox 224 4342 284 4411; x_wconf 85' lang='lat' dir='ltr'>jam</span> <span class='ocrx_word' id='word_1_650' title='bbox 298 4341 443 4396; x_wconf 88' lang='lat' dir='ltr'>redeamus</span> <span class='ocrx_word' id='word_1_651' title='bbox 462 4339 496 4394; x_wconf 91' lang='lat' dir='ltr'>ad</span> <span class='ocrx_word' id='word_1_652' title='bbox 510 4341 611 4396; x_wconf 88' lang='lat' dir='ltr'>seriem</span> <span class='ocrx_word' id='word_1_653' title='bbox 625 4340 732 4396; x_wconf 80' lang='lat' dir='ltr'>littera.</span> <span class='ocrx_word' id='word_1_654' title='bbox 751 4342 872 4398; x_wconf 83' lang='lat' dir='ltr'>Sarreai</span> <span class='ocrx_word' id='word_1_655' title='bbox 928 4336 1141 4395; x_wconf 88' lang='lat' dir='ltr'>evacuationem.</span> <span class='ocrx_word' id='word_1_656' title='bbox 1162 4328 1364 4401; x_wconf 87' lang='lat' dir='ltr'>interpolantur</span> <span class='ocrx_word' id='word_1_657' title='bbox 1385 4323 1489 4395; x_wconf 72' lang='lat' dir='ltr'>jejunia</span> <span class='ocrx_word' id='word_1_658' title='bbox 1504 4322 1664 4387; x_wconf 69' lang='lat' dir='ltr'>resectitlsse,</span> <span class='ocrx_word' id='word_1_659' title='bbox 1679 4319 1721 4373; x_wconf 68' lang='lat'>¹³·</span> 
     </span>
     <span class='ocr_line' id='line_1_63' title="bbox 72 4408 1721 4505; baseline -0.004 -21"><span class='ocrx_word' id='word_1_660' title='bbox 72 4437 103 4486; x_wconf 84' lang='lat' dir='ltr'>at</span> <span class='ocrx_word' id='word_1_661' title='bbox 125 4431 268 4505; x_wconf 77' lang='lat' dir='ltr'>aperirem</span> <span class='ocrx_word' id='word_1_662' title='bbox 293 4430 403 4486; x_wconf 87' lang='lat' dir='ltr'>dilecto.</span> <span class='ocrx_word' id='word_1_663' title='bbox 430 4431 532 4486; x_wconf 75' lang='lat' dir='ltr'>nanas</span> <span class='ocrx_word' id='word_1_664' title='bbox 558 4446 629 4487; x_wconf 79' lang='lat' dir='ltr'>mete</span> <span class='ocrx_word' id='word_1_665' title='bbox 657 4429 872 4485; x_wconf 81' lang='lat' dir='ltr'>distillaverunt</span> <span class='ocrx_word' id='word_1_666' title='bbox 929 4430 1011 4484; x_wconf 90' lang='lat' dir='ltr'>bores</span> <span class='ocrx_word' id='word_1_667' title='bbox 1023 4424 1129 4497; x_wconf 90' lang='lat' dir='ltr'>requie,</span> <span class='ocrx_word' id='word_1_668' title='bbox 1139 4419 1241 4492; x_wconf 82' lang='lat' dir='ltr'>vigiliae</span> <span class='ocrx_word' id='word_1_669' title='bbox 1255 4431 1360 4473; x_wconf 76' lang='lat' dir='ltr'>somno·</span> <span class='ocrx_word' id='word_1_670' title='bbox 1372 4411 1536 4469; x_wconf 68' lang='lat' dir='ltr'>VicissiludO</span> <span class='ocrx_word' id='word_1_671' title='bbox 1544 4408 1721 4467; x_wconf 68' lang='lat' dir='ltr'>lesessfillssem</span> 
     </span>
     <span class='ocr_line' id='line_1_64' title="bbox 73 4498 1721 4611; baseline -0.014 -37"><span class='ocrx_word' id='word_1_672' title='bbox 73 4520 216 4592; x_wconf 69' lang='lat' dir='ltr'>mpmbam</span> <span class='ocrx_word' id='word_1_673' title='bbox 230 4539 241 4576; x_wconf 89' lang='lat'>.·</span> <span class='ocrx_word' id='word_1_674' title='bbox 255 4519 341 4592; x_wconf 80' lang='lat' dir='ltr'>digiti</span> <span class='ocrx_word' id='word_1_675' title='bbox 356 4521 411 4575; x_wconf 86' lang='lat' dir='ltr'>mei</span> <span class='ocrx_word' id='word_1_676' title='bbox 431 4522 513 4591; x_wconf 83' lang='lat' dir='ltr'>pleni</span> <span class='ocrx_word' id='word_1_677' title='bbox 531 4521 648 4592; x_wconf 76' lang='lat' dir='ltr'>myrrha</span> <span class='ocrx_word' id='word_1_678' title='bbox 660 4518 869 4591; x_wconf 84' lang='lat' dir='ltr'>probatissima.</span> <span class='ocrx_word' id='word_1_679' title='bbox 887 4534 911 4611; x_wconf 66' lang='grc' dir='ltr'><strong>υ</strong></span> <span class='ocrx_word' id='word_1_680' title='bbox 928 4517 1018 4586; x_wconf 79' lang='lat' dir='ltr'>alfort,</span> <span class='ocrx_word' id='word_1_681' title='bbox 1035 4529 1092 4569; x_wconf 94' lang='lat' dir='ltr'>non</span> <span class='ocrx_word' id='word_1_682' title='bbox 1102 4508 1245 4566; x_wconf 87' lang='lat' dir='ltr'>delectum.</span> <span class='ocrx_word' id='word_1_683' title='bbox 1262 4505 1362 4577; x_wconf 76' lang='lat' dir='ltr'>Digiti,</span> <span class='ocrx_word' id='word_1_684' title='bbox 1377 4500 1473 4574; x_wconf 90' lang='lat' dir='ltr'>inquit,</span> <span class='ocrx_word' id='word_1_685' title='bbox 1490 4502 1547 4598; x_wconf 74' lang='lat' dir='ltr'>mei</span> <span class='ocrx_word' id='word_1_686' title='bbox 1559 4498 1639 4572; x_wconf 79' lang='lat' dir='ltr'>pleni</span> <span class='ocrx_word' id='word_1_687' title='bbox 1653 4500 1721 4594; x_wconf 71' lang='lat' dir='ltr'>sant</span> 
     </span>
     <span class='ocr_line' id='line_1_65' title="bbox 75 4582 1724 4681; baseline -0.004 -18"><span class='ocrx_word' id='word_1_688' title='bbox 75 4607 142 4676; x_wconf 78' lang='lat' dir='ltr'>Quid</span> <span class='ocrx_word' id='word_1_689' title='bbox 154 4614 197 4664; x_wconf 89' lang='lat' dir='ltr'>est</span> <span class='ocrx_word' id='word_1_690' title='bbox 204 4606 281 4681; x_wconf 93' lang='lat' dir='ltr'>qnod</span> <span class='ocrx_word' id='word_1_691' title='bbox 289 4607 324 4664; x_wconf 91' lang='lat' dir='ltr'>de</span> <span class='ocrx_word' id='word_1_692' title='bbox 336 4608 477 4680; x_wconf 90' lang='lat' dir='ltr'>apertione</span> <span class='ocrx_word' id='word_1_693' title='bbox 488 4608 613 4664; x_wconf 89' lang='lat' dir='ltr'>locutura</span> <span class='ocrx_word' id='word_1_694' title='bbox 623 4604 764 4678; x_wconf 71' lang='lat' dir='ltr'>praemittit</span> <span class='ocrx_word' id='word_1_695' title='bbox 772 4606 807 4661; x_wconf 90' lang='lat' dir='ltr'>de</span> <span class='ocrx_word' id='word_1_696' title='bbox 817 4621 871 4660; x_wconf 89' lang='lat' dir='ltr'>ma·</span> <span class='ocrx_word' id='word_1_697' title='bbox 927 4605 1043 4680; x_wconf 72' lang='lat' dir='ltr'>myrrino</span> <span class='ocrx_word' id='word_1_698' title='bbox 1059 4596 1273 4674; x_wconf 77' lang='lat' dir='ltr'>probatissima·</span> <span class='ocrx_word' id='word_1_699' title='bbox 1298 4587 1540 4661; x_wconf 79' lang='lat' dir='ltr'>Contemplationrs</span> <span class='ocrx_word' id='word_1_700' title='bbox 1563 4592 1641 4657; x_wconf 60' lang='lat' dir='ltr'>⁰lli²⁸</span> <span class='ocrx_word' id='word_1_701' title='bbox 1654 4582 1724 4640; x_wconf 64' lang='lat'>⁶0¹¹·</span> 
     </span>
    </p>
   </div>
   <div class='ocr_carea' id='block_1_6' title="bbox 77 4672 1724 4772">
    <p class='ocr_par' dir='ltr' id='par_1_6' title="bbox 77 4672 1724 4772">
     <span class='ocr_line' id='line_1_66' title="bbox 77 4672 1724 4772; baseline -0.013 -20"><span class='ocrx_word' id='word_1_702' title='bbox 77 4697 171 4756; x_wconf 85' lang='lat' dir='ltr'>nihus‘l</span> <span class='ocrx_word' id='word_1_703' title='bbox 181 4701 225 4753; x_wconf 79' lang='lat' dir='ltr'>An</span> <span class='ocrx_word' id='word_1_704' title='bbox 240 4695 310 4755; x_wconf 83' lang='lat' dir='ltr'>torte</span> <span class='ocrx_word' id='word_1_705' title='bbox 325 4714 473 4772; x_wconf 85' lang='lat' dir='ltr'>suggerere</span> <span class='ocrx_word' id='word_1_706' title='bbox 487 4698 581 4763; x_wconf 88' lang='lat' dir='ltr'>voluit,</span> <span class='ocrx_word' id='word_1_707' title='bbox 600 4696 698 4769; x_wconf 90' lang='lat' dir='ltr'>quihus</span> <span class='ocrx_word' id='word_1_708' title='bbox 708 4704 735 4752; x_wconf 92' lang='lat' dir='ltr'>te</span> <span class='ocrx_word' id='word_1_709' title='bbox 746 4694 872 4751; x_wconf 89' lang='lat' dir='ltr'>manibus</span> <span class='ocrx_word' id='word_1_710' title='bbox 929 4695 994 4762; x_wconf 90' lang='lat' dir='ltr'>cias,</span> <span class='ocrx_word' id='word_1_711' title='bbox 1012 4690 1104 4764; x_wconf 89' lang='lat' dir='ltr'>sponsi</span> <span class='ocrx_word' id='word_1_712' title='bbox 1119 4683 1288 4759; x_wconf 89' lang='lat' dir='ltr'>amplexibus</span> <span class='ocrx_word' id='word_1_713' title='bbox 1302 4697 1336 4738; x_wconf 86' lang='lat' dir='ltr'>ex</span> <span class='ocrx_word' id='word_1_714' title='bbox 1352 4679 1408 4736; x_wconf 93' lang='lat' dir='ltr'>otio</span> <span class='ocrx_word' id='word_1_715' title='bbox 1418 4676 1532 4749; x_wconf 85' lang='lat' dir='ltr'>perfrui,</span> <span class='ocrx_word' id='word_1_716' title='bbox 1547 4675 1621 4732; x_wconf 92' lang='lat' dir='ltr'>illum</span> <span class='ocrx_word' id='word_1_717' title='bbox 1636 4672 1724 4732; x_wconf 85' lang='lat' dir='ltr'>solum</span> 
     </span>
    </p>
   </div>
   <div class='ocr_carea' id='block_1_7' title="bbox 75 4782 876 5482">
    <p class='ocr_par' dir='ltr' id='par_1_7' title="bbox 75 4782 876 5482">
     <span class='ocr_line' id='line_1_67' title="bbox 78 4782 873 4858; baseline -0.004 -18"><span class='ocrx_word' id='word_1_718' title='bbox 78 4793 196 4856; x_wconf 83' lang='lat' dir='ltr'>oporteat</span> <span class='ocrx_word' id='word_1_719' title='bbox 209 4785 318 4858; x_wconf 87' lang='lat' dir='ltr'>aperire</span> <span class='ocrx_word' id='word_1_720' title='bbox 332 4786 432 4843; x_wconf 92' lang='lat' dir='ltr'>dilecto</span> <span class='ocrx_word' id='word_1_721' title='bbox 448 4792 506 4856; x_wconf 90' lang='lat' dir='ltr'>tuo,</span> <span class='ocrx_word' id='word_1_722' title='bbox 517 4786 615 4858; x_wconf 91' lang='lat' dir='ltr'>quihus</span> <span class='ocrx_word' id='word_1_723' title='bbox 630 4801 745 4857; x_wconf 92' lang='lat' dir='ltr'>operum</span> <span class='ocrx_word' id='word_1_724' title='bbox 766 4782 873 4839; x_wconf 89' lang='lat' dir='ltr'>meritis</span> 
     </span>
     <span class='ocr_line' id='line_1_68' title="bbox 78 4871 872 4949; baseline -0.004 -19"><span class='ocrx_word' id='word_1_725' title='bbox 78 4875 291 4949; x_wconf 85' lang='lat' dir='ltr'>contemplandae</span> <span class='ocrx_word' id='word_1_726' title='bbox 299 4876 407 4932; x_wconf 81' lang='lat' dir='ltr'>veritati</span> <span class='ocrx_word' id='word_1_727' title='bbox 416 4875 520 4931; x_wconf 90' lang='lat' dir='ltr'>aditum</span> <span class='ocrx_word' id='word_1_728' title='bbox 532 4889 688 4946; x_wconf 72' lang='lat' dir='ltr'>preparare</span> <span class='ocrx_word' id='word_1_729' title='bbox 698 4875 803 4932; x_wconf 84' lang='lat' dir='ltr'>lBonae</span> <span class='ocrx_word' id='word_1_730' title='bbox 813 4871 872 4946; x_wconf 90' lang='lat' dir='ltr'>qui·</span> 
     </span>
     <span class='ocr_line' id='line_1_69' title="bbox 77 4962 871 5037; baseline 0.001 -21"><span class='ocrx_word' id='word_1_731' title='bbox 77 4962 138 5020; x_wconf 86' lang='lat' dir='ltr'>dem</span> <span class='ocrx_word' id='word_1_732' title='bbox 159 4965 306 5037; x_wconf 77' lang='lat' dir='ltr'>myrrhatae</span> <span class='ocrx_word' id='word_1_733' title='bbox 321 4980 427 5034; x_wconf 90' lang='lat' dir='ltr'>manus,</span> <span class='ocrx_word' id='word_1_734' title='bbox 444 4981 504 5037; x_wconf 88' lang='lat' dir='ltr'>quae</span> <span class='ocrx_word' id='word_1_735' title='bbox 523 4965 612 5020; x_wconf 92' lang='lat' dir='ltr'>carnis</span> <span class='ocrx_word' id='word_1_736' title='bbox 635 4962 871 5019; x_wconf 82' lang='lat' dir='ltr'>mortificationem</span> 
     </span>
     <span class='ocr_line' id='line_1_70' title="bbox 75 5053 875 5126; baseline -0.003 -18"><span class='ocrx_word' id='word_1_737' title='bbox 75 5061 229 5124; x_wconf 86' lang='lat' dir='ltr'>operantur,</span> <span class='ocrx_word' id='word_1_738' title='bbox 246 5069 308 5126; x_wconf 84' lang='lat' dir='ltr'>quae</span> <span class='ocrx_word' id='word_1_739' title='bbox 328 5053 430 5110; x_wconf 88' lang='lat' dir='ltr'>lluxum</span> <span class='ocrx_word' id='word_1_740' title='bbox 445 5053 506 5126; x_wconf 84' lang='lat' dir='ltr'>ejus</span> <span class='ocrx_word' id='word_1_741' title='bbox 532 5061 721 5125; x_wconf 90' lang='lat' dir='ltr'>compescunt,</span> <span class='ocrx_word' id='word_1_742' title='bbox 737 5053 875 5126; x_wconf 91' lang='lat' dir='ltr'>stringunt</span> 
     </span>
     <span class='ocr_line' id='line_1_71' title="bbox 78 5141 876 5208; baseline -0.004 -9"><span class='ocrx_word' id='word_1_743' title='bbox 78 5141 268 5208; x_wconf 69' lang='lat' dir='ltr'>lasciviamus</span> <span class='ocrx_word' id='word_1_744' title='bbox 287 5142 368 5199; x_wconf 89' lang='lat' dir='ltr'>latius</span> <span class='ocrx_word' id='word_1_745' title='bbox 383 5141 478 5200; x_wconf 87' lang='lat' dir='ltr'>intlnat</span> <span class='ocrx_word' id='word_1_746' title='bbox 496 5142 641 5199; x_wconf 90' lang='lat' dir='ltr'>oblectatio</span> <span class='ocrx_word' id='word_1_747' title='bbox 659 5142 745 5199; x_wconf 84' lang='lat' dir='ltr'>verbi.</span> <span class='ocrx_word' id='word_1_748' title='bbox 762 5143 876 5198; x_wconf 80' lang='lat' dir='ltr'>Annon</span> 
     </span>
     <span class='ocr_line' id='line_1_72' title="bbox 76 5231 876 5305; baseline -0.003 -17"><span class='ocrx_word' id='word_1_749' title='bbox 76 5231 147 5288; x_wconf 85' lang='lat' dir='ltr'>relat</span> <span class='ocrx_word' id='word_1_750' title='bbox 165 5231 300 5305; x_wconf 86' lang='lat' dir='ltr'>quasdam</span> <span class='ocrx_word' id='word_1_751' title='bbox 314 5232 432 5303; x_wconf 83' lang='lat' dir='ltr'>myrrhae</span> <span class='ocrx_word' id='word_1_752' title='bbox 445 5231 531 5288; x_wconf 87' lang='lat' dir='ltr'>stillas</span> <span class='ocrx_word' id='word_1_753' title='bbox 550 5247 644 5288; x_wconf 88' lang='lat' dir='ltr'>censes</span> <span class='ocrx_word' id='word_1_754' title='bbox 663 5246 746 5302; x_wconf 89' lang='lat' dir='ltr'>opera</span> <span class='ocrx_word' id='word_1_755' title='bbox 759 5232 818 5286; x_wconf 84' lang='lat' dir='ltr'>hoec</span> <span class='ocrx_word' id='word_1_756' title='bbox 832 5245 876 5286; x_wconf 89' lang='lat' dir='ltr'>re-</span> 
     </span>
     <span class='ocr_line' id='line_1_73' title="bbox 77 5318 876 5394; baseline -0.005 -18"><span class='ocrx_word' id='word_1_757' title='bbox 77 5320 182 5394; x_wconf 87' lang='lat' dir='ltr'>gularia</span> <span class='ocrx_word' id='word_1_758' title='bbox 201 5319 436 5386; x_wconf 84' lang='lat' dir='ltr'>conuersationis,</span> <span class='ocrx_word' id='word_1_759' title='bbox 451 5337 512 5394; x_wconf 82' lang='lat' dir='ltr'>quae</span> <span class='ocrx_word' id='word_1_760' title='bbox 524 5320 643 5379; x_wconf 80' lang='lat' dir='ltr'>vicissim</span> <span class='ocrx_word' id='word_1_761' title='bbox 657 5319 709 5374; x_wconf 90' lang='lat' dir='ltr'>sibi</span> <span class='ocrx_word' id='word_1_762' title='bbox 723 5318 876 5375; x_wconf 89' lang='lat' dir='ltr'>succeden-</span> 
     </span>
     <span class='ocr_line' id='line_1_74' title="bbox 83 5407 874 5482; baseline 0 -17"><span class='ocrx_word' id='word_1_763' title='bbox 83 5410 258 5468; x_wconf 77' lang='lat' dir='ltr'>dementem</span> <span class='ocrx_word' id='word_1_764' title='bbox 271 5418 387 5482; x_wconf 89' lang='lat' dir='ltr'>ungunt,</span> <span class='ocrx_word' id='word_1_765' title='bbox 409 5419 437 5468; x_wconf 91' lang='lat' dir='ltr'>et</span> <span class='ocrx_word' id='word_1_766' title='bbox 452 5426 564 5467; x_wconf 90' lang='lat' dir='ltr'>carnem</span> <span class='ocrx_word' id='word_1_767' title='bbox 578 5408 740 5482; x_wconf 83' lang='lat' dir='ltr'>stringunt?</span> <span class='ocrx_word' id='word_1_768' title='bbox 759 5407 874 5482; x_wconf 77' lang='lat' dir='ltr'>vigilia,</span> 
     </span>
    </p>
   </div>
   <div class='ocr_carea' id='block_1_8' title="bbox 81 5495 875 5573">
    <p class='ocr_par' dir='ltr' id='par_1_8' title="bbox 81 5495 875 5573">
     <span class='ocr_line' id='line_1_75' title="bbox 81 5495 875 5573; baseline -0.005 -13"><span class='ocrx_word' id='word_1_769' title='bbox 81 5498 199 5572; x_wconf 57' lang='lat' dir='ltr'>minam,</span> <span class='ocrx_word' id='word_1_770' title='bbox 214 5495 363 5572; x_wconf 70' lang='lat' dir='ltr'>mugetus</span> <span class='ocrx_word' id='word_1_771' title='bbox 375 5508 404 5557; x_wconf 91' lang='lat' dir='ltr'>et</span> <span class='ocrx_word' id='word_1_772' title='bbox 414 5513 515 5572; x_wconf 86' lang='lat' dir='ltr'>parcns</span> <span class='ocrx_word' id='word_1_773' title='bbox 528 5499 626 5570; x_wconf 85' lang='lat' dir='ltr'>victus,</span> <span class='ocrx_word' id='word_1_774' title='bbox 635 5513 717 5573; x_wconf 86' lang='lat' dir='ltr'>asper</span> <span class='ocrx_word' id='word_1_775' title='bbox 727 5512 836 5573; x_wconf 81' lang='lat' dir='ltr'>panum</span> <span class='ocrx_word' id='word_1_776' title='bbox 847 5502 875 5556; x_wconf 90' lang='lat' dir='ltr'>et</span> 
     </span>
    </p>
   </div>
   <div class='ocr_carea' id='block_1_9' title="bbox 928 4765 1728 5470">
    <p class='ocr_par' dir='ltr' id='par_1_9' title="bbox 928 4765 1728 5470">
     <span class='ocr_line' id='line_1_76' title="bbox 929 4765 1724 4842; baseline -0.029 0"><span class='ocrx_word' id='word_1_777' title='bbox 929 4781 1019 4842; x_wconf 89' lang='lat' dir='ltr'>cordis</span> <span class='ocrx_word' id='word_1_778' title='bbox 1035 4779 1072 4838; x_wconf 91' lang='lat' dir='ltr'>tui</span> <span class='ocrx_word' id='word_1_779' title='bbox 1100 4776 1241 4834; x_wconf 88' lang='lat' dir='ltr'>continere</span> <span class='ocrx_word' id='word_1_780' title='bbox 1264 4769 1393 4829; x_wconf 80' lang='lat' dir='ltr'>secreto?</span> <span class='ocrx_word' id='word_1_781' title='bbox 1417 4766 1473 4825; x_wconf 90' lang='lat' dir='ltr'>noli</span> <span class='ocrx_word' id='word_1_782' title='bbox 1495 4767 1531 4822; x_wconf 91' lang='lat' dir='ltr'>ad</span> <span class='ocrx_word' id='word_1_783' title='bbox 1545 4765 1724 4840; x_wconf 88' lang='lat' dir='ltr'>aperiendum</span> 
     </span>
     <span class='ocr_line' id='line_1_77' title="bbox 928 4856 1726 4940; baseline -0.03 -10"><span class='ocrx_word' id='word_1_784' title='bbox 928 4871 1031 4940; x_wconf 89' lang='lat' dir='ltr'>vacuis,</span> <span class='ocrx_word' id='word_1_785' title='bbox 1055 4867 1110 4925; x_wconf 95' lang='lat' dir='ltr'>noli</span> <span class='ocrx_word' id='word_1_786' title='bbox 1133 4864 1217 4921; x_wconf 88' lang='lat' dir='ltr'>aridis</span> <span class='ocrx_word' id='word_1_787' title='bbox 1240 4876 1383 4920; x_wconf 90' lang='lat' dir='ltr'>occurrere</span> <span class='ocrx_word' id='word_1_788' title='bbox 1408 4857 1544 4915; x_wconf 89' lang='lat' dir='ltr'>manibus.</span> <span class='ocrx_word' id='word_1_789' title='bbox 1564 4856 1641 4912; x_wconf 76' lang='lat' dir='ltr'>Actio</span> <span class='ocrx_word' id='word_1_790' title='bbox 1663 4865 1726 4908; x_wconf 89' lang='lat' dir='ltr'>eon·</span> 
     </span>
     <span class='ocr_line' id='line_1_78' title="bbox 932 4944 1724 5032; baseline -0.033 -13"><span class='ocrx_word' id='word_1_791' title='bbox 932 4957 1134 5032; x_wconf 91' lang='lat' dir='ltr'>templationem</span> <span class='ocrx_word' id='word_1_792' title='bbox 1148 4952 1301 5026; x_wconf 87' lang='lat' dir='ltr'>praecurrit.</span> <span class='ocrx_word' id='word_1_793' title='bbox 1311 4949 1418 5019; x_wconf 86' lang='lat' dir='ltr'>Quanto</span> <span class='ocrx_word' id='word_1_794' title='bbox 1432 4945 1518 5020; x_wconf 85' lang='lat' dir='ltr'>magis</span> <span class='ocrx_word' id='word_1_795' title='bbox 1528 4944 1639 5015; x_wconf 85' lang='lat' dir='ltr'>myrrha</span> <span class='ocrx_word' id='word_1_796' title='bbox 1653 4952 1724 4996; x_wconf 90' lang='lat' dir='ltr'>oon-</span> 
     </span>
     <span class='ocr_line' id='line_1_79' title="bbox 931 5027 1725 5107; baseline -0.026 -2"><span class='ocrx_word' id='word_1_797' title='bbox 931 5048 1052 5107; x_wconf 84' lang='lat' dir='ltr'>tinentiae</span> <span class='ocrx_word' id='word_1_798' title='bbox 1066 5054 1093 5104; x_wconf 91' lang='lat' dir='ltr'>et</span> <span class='ocrx_word' id='word_1_799' title='bbox 1108 5042 1259 5101; x_wconf 85' lang='lat' dir='ltr'>afflictionis</span> <span class='ocrx_word' id='word_1_800' title='bbox 1272 5033 1479 5095; x_wconf 84' lang='lat' dir='ltr'>mortificaveris</span> <span class='ocrx_word' id='word_1_801' title='bbox 1492 5032 1604 5088; x_wconf 86' lang='lat' dir='ltr'>allectus</span> <span class='ocrx_word' id='word_1_802' title='bbox 1623 5027 1725 5085; x_wconf 87' lang='lat' dir='ltr'>anima·</span> 
     </span>
     <span class='ocr_line' id='line_1_80' title="bbox 930 5114 1725 5206; baseline -0.033 -10"><span class='ocrx_word' id='word_1_803' title='bbox 930 5140 982 5206; x_wconf 90' lang='lat' dir='ltr'>les,</span> <span class='ocrx_word' id='word_1_804' title='bbox 1000 5142 1077 5193; x_wconf 90' lang='lat' dir='ltr'>tanto</span> <span class='ocrx_word' id='word_1_805' title='bbox 1090 5132 1244 5190; x_wconf 90' lang='lat' dir='ltr'>uberiorem</span> <span class='ocrx_word' id='word_1_806' title='bbox 1259 5128 1362 5183; x_wconf 92' lang='lat' dir='ltr'>aditum</span> <span class='ocrx_word' id='word_1_807' title='bbox 1375 5124 1473 5179; x_wconf 92' lang='lat' dir='ltr'>dilecto</span> <span class='ocrx_word' id='word_1_808' title='bbox 1483 5117 1632 5194; x_wconf 86' lang='lat' dir='ltr'>parareris.</span> <span class='ocrx_word' id='word_1_809' title='bbox 1646 5114 1725 5172; x_wconf 87' lang='lat' dir='ltr'>Deni-</span> 
     </span>
     <span class='ocr_line' id='line_1_81' title="bbox 932 5206 1724 5301; baseline -0.03 -16"><span class='ocrx_word' id='word_1_810' title='bbox 932 5245 986 5301; x_wconf 91' lang='lat' dir='ltr'>que</span> <span class='ocrx_word' id='word_1_811' title='bbox 1002 5224 1145 5297; x_wconf 86' lang='lat' dir='ltr'>sequitur:</span> <span class='ocrx_word' id='word_1_812' title='bbox 1163 5219 1310 5278; x_wconf 85' lang='lat' dir='ltr'>Pessalam</span> <span class='ocrx_word' id='word_1_813' title='bbox 1334 5213 1401 5272; x_wconf 86' lang='lat' dir='ltr'>ostii</span> <span class='ocrx_word' id='word_1_814' title='bbox 1425 5211 1482 5265; x_wconf 88' lang='lat' dir='ltr'>mei</span> <span class='ocrx_word' id='word_1_815' title='bbox 1500 5209 1597 5280; x_wconf 80' lang='lat' dir='ltr'>operas·</span> <span class='ocrx_word' id='word_1_816' title='bbox 1612 5206 1724 5264; x_wconf 83' lang='lat' dir='ltr'>dilecto.</span> 
     </span>
     <span class='ocr_line' id='line_1_82' title="bbox 930 5292 1728 5388; baseline -0.031 -14"><span class='ocrx_word' id='word_1_817' title='bbox 930 5317 990 5373; x_wconf 88' lang='lat' dir='ltr'>Non</span> <span class='ocrx_word' id='word_1_818' title='bbox 1000 5309 1181 5388; x_wconf 90' lang='lat' dir='ltr'>possumusin</span> <span class='ocrx_word' id='word_1_819' title='bbox 1190 5302 1317 5378; x_wconf 89' lang='lat' dir='ltr'>angustia</span> <span class='ocrx_word' id='word_1_820' title='bbox 1332 5295 1493 5357; x_wconf 91' lang='lat' dir='ltr'>terminandi</span> <span class='ocrx_word' id='word_1_821' title='bbox 1503 5294 1637 5352; x_wconf 88' lang='lat' dir='ltr'>sermonis</span> <span class='ocrx_word' id='word_1_822' title='bbox 1645 5292 1728 5364; x_wconf 78' lang='lat' dir='ltr'>hujus</span> 
     </span>
     <span class='ocr_line' id='line_1_83' title="bbox 935 5382 1728 5470; baseline -0.03 -9"><span class='ocrx_word' id='word_1_823' title='bbox 935 5404 1034 5462; x_wconf 89' lang='lat' dir='ltr'>ostium</span> <span class='ocrx_word' id='word_1_824' title='bbox 1053 5399 1160 5470; x_wconf 89' lang='lat' dir='ltr'>aperire</span> <span class='ocrx_word' id='word_1_825' title='bbox 1184 5391 1303 5467; x_wconf 90' lang='lat' dir='ltr'>capituli.</span> <span class='ocrx_word' id='word_1_826' title='bbox 1320 5386 1444 5445; x_wconf 80' lang='lat' dir='ltr'>laelium</span> <span class='ocrx_word' id='word_1_827' title='bbox 1458 5382 1615 5440; x_wconf 76' lang='lat' dir='ltr'>difleramus</span> <span class='ocrx_word' id='word_1_828' title='bbox 1629 5386 1728 5439; x_wconf 85' lang='lat' dir='ltr'>tracta-</span> 
     </span>
    </p>
   </div>
   <div class='ocr_carea' id='block_1_10' title="bbox 936 5468 1728 5567">
    <p class='ocr_par' dir='ltr' id='par_1_10' title="bbox 936 5468 1728 5567">
     <span class='ocr_line' id='line_1_84' title="bbox 936 5468 1728 5567; baseline -0.028 -15"><span class='ocrx_word' id='word_1_829' title='bbox 936 5503 1004 5567; x_wconf 91' lang='lat' dir='ltr'>tum,</span> <span class='ocrx_word' id='word_1_830' title='bbox 1019 5490 1134 5567; x_wconf 86' lang='lat' dir='ltr'>gratiam</span> <span class='ocrx_word' id='word_1_831' title='bbox 1148 5485 1183 5542; x_wconf 89' lang='lat' dir='ltr'>ab</span> <span class='ocrx_word' id='word_1_832' title='bbox 1198 5497 1232 5542; x_wconf 88' lang='lat' dir='ltr'>eo</span> <span class='ocrx_word' id='word_1_833' title='bbox 1249 5483 1410 5554; x_wconf 86' lang='lat' dir='ltr'>expetentes</span> <span class='ocrx_word' id='word_1_834' title='bbox 1427 5481 1455 5533; x_wconf 90' lang='lat' dir='ltr'>et</span> <span class='ocrx_word' id='word_1_835' title='bbox 1466 5479 1666 5550; x_wconf 80' lang='lat' dir='ltr'>exspectantes,</span> <span class='ocrx_word' id='word_1_836' title='bbox 1681 5468 1728 5546; x_wconf 86' lang='lat' dir='ltr'>qui</span> 
     </span>
    </p>
   </div>
   <div class='ocr_carea' id='block_1_11' title="bbox 0 0 1877 5962">
    <p class='ocr_par' dir='ltr' id='par_1_11' title="bbox 0 0 1877 5962">
     <span class='ocr_line' id='line_1_85' title="bbox 0 0 1877 5962; baseline 0 0"><span class='ocrx_word' id='word_1_837' title='bbox 0 0 1877 5962; x_wconf 95' lang='lat' dir='ltr'> </span> 
     </span>
    </p>
   </div>
  </div>
 </body>
</html>
