3706 5962
155 227 208 288 959

654 220 763 281 stulto
782 218 825 279 tta
845 217 921 277 l'le
940 213 981 273 tt
1000 213 1155 278 rtsstorlu
1174 214 1304 278 DOMINI.

1702 211 1811 277 'teo

191 354 217 405 8.
234 349 342 420 Ecquis
360 348 453 404 audiat
467 347 528 404 sine
540 346 653 420 gemitu,
670 343 785 416 qualiter
799 340 950 399 homicidas
965 351 990 430 fl
1006 340 1132 400 deerunt
1142 338 1723 415 eumuestimenttssuts,utcrucifipereat
1733 339 1813 415 baju-

156 455 252 495 mauus
266 438 295 494 iu
317 438 362 493 illa
376 439 443 494 hora
470 437 497 492 in
512 443 539 494 te
567 437 726 505 iniecerunt,
753 441 780 489 et
794 434 951 488 innocentes

156 544 254 583 manus
281 536 349 591 tuas,
377 528 440 581 Jesu
460 526 540 591 bone,
565 524 681 582 vinculis
708 522 896 592 astringentes,
925 525 952 573 te

155 617 263 688 dgnum
286 614 530 671 mansuetissimum
552 612 617 668 nibil
642 612 794 684 loquentem
809 609 842 664 ad
868 609 952 664 instar

156 704 267 774 latronis
291 702 489 761 contumeliose
514 708 655 758 traxerunt
677 700 710 756 ad
730 698 883 756 victimam?
898 696 952 751 Sed

157 808 206 849 nec
224 800 289 849 tuuc
303 791 519 847 misericordiam
532 799 606 847 tuam
621 789 758 846 eliundere
767 802 848 859 super
861 785 952 841 inimi·

156 896 206 937 ces
220 888 293 951 tuos,
309 889 336 936 et
349 880 481 936 distillare
496 877 744 936 favumduleedinis
760 883 821 941 tusa,
834 873 949 938 Christe,

155 969 268 1026 cessasti
285 984 367 1023 :narn
382 967 533 1023 mutilatam
556 968 589 1023 ab
615 969 675 1039 ipso
689 964 822 1035 discipulo
837 971 883 1020 tuo
901 978 951 1017 au-

156 1058 269 1115 riculam
288 1056 391 1115 inimici
418 1064 535 1128 tangens
560 1056 671 1119 sanasti,
690 1060 718 1111 et
742 1051 892 1109 defensoris
915 1048 953 1106 tui

155 1143 241 1203 zelum
258 1163 273 1202 a
293 1145 405 1202 laesione
419 1144 582 1201 trahentium
596 1153 623 1201 te
644 1140 845 1215 compescuisti.
869 1139 954 1196 illale-

157 1234 245 1291 dictus
272 1234 348 1289 turer
362 1249 468 1304 eorum,
484 1233 549 1306 quia
564 1232 699 1305 pertinax,
720 1246 803 1302 quem
831 1244 882 1285 nec
895 1244 954 1284 ma·

154 1322 241 1393 jesias
268 1322 402 1387 miraculi,
428 1337 479 1378 uec
492 1323 581 1394 pietas
594 1320 716 1378 beneficii
730 1317 817 1391 potuit
833 1316 953 1375 oculrin·

155 1424 232 1482 gere.
249 1410 371 1467 Concilio
382 1411 585 1484 malignantium
600 1411 739 1467 adversum
753 1415 780 1462 te
796 1405 954 1478 pontificum

154 1506 332 1571 praesentatus
347 1514 390 1568 es,
411 1509 437 1556 et
452 1499 592 1557 veritatem
617 1505 695 1570 prout
713 1498 834 1568 oportuit
847 1492 953 1551 coales-

1008 431 1117 488 luutem
1130 433 1183 489 sibi
1193 434 1353 489 crucemlit
1364 430 1526 504 perducunt
1540 432 1647 488 eumin
1656 429 1810 504 Golpotlto:

1006 521 1138 577 etninum
1147 518 1472 593 myrrhatumdubaatei
1481 519 1571 577 bibere
1580 536 1648 575 cum
1657 519 1812 591 sellemita-

1007 611 1080 672 tum,-
1089 609 1443 682 irrumpurtarretmotatt
1454 607 1640 666 attererem
1654 608 1813 679 crucifixe·

1007 702 1079 755 runt
1092 702 1273 764 compleam
1288 714 1318 756 eo
1330 696 1398 756 duos
1410 697 1535 755 latrones
1548 696 1616 753 hinc
1631 702 1660 755 et
1670 695 1813 765 hincma-

1006 785 1085 843 dium
1095 791 1192 844 autem
1205 789 1308 845 lesum.
1319 787 1397 843 teser
1408 789 1506 843 eutem
1519 784 1649 843 dicebat:
1660 785 1812 856 Potestt-

1006 877 1090 933 mitte
1099 876 1242 948 illisquto
1251 877 1383 932 nesciunt
1397 872 1814 946 puidsaciuat.Postcusciens

1006 965 1084 1022 testis
1093 963 1162 1036 quic
1175 968 1371 1021 consummata
1385 966 1471 1019 erunt
1486 963 1594 1019 omniu.
1602 966 1638 1020 ut
1649 961 1806 1035 Scriptura

1007 1051 1184 1122 impleretur,
1196 1051 1286 1109 dieii:
1301 1051 1424 1110 striata
1436 1060 1554 1109 currens
1564 1067 1640 1108 uuus
1650 1067 1689 1108 ex
1696 1053 1749 1118 eis,
1764 1067 1813 1113 ace

1007 1144 1119 1213 ceptum
1132 1142 1280 1215 speapium
1294 1139 1552 1212 tmphvttmetopt
1566 1139 1709 1214 imposuit
1723 1156 1812 1196 urua-

1009 1227 1081 1294 dim',
1097 1233 1125 1285 et
1140 1228 1225 1285 dubet
1240 1231 1266 1285 ei
1286 1228 1388 1287 bibere.
1411 1229 1479 1285 Cum
1495 1243 1560 1300 erpo
1573 1229 1733 1302 accepisset
1744 1243 1808 1285 uce-

1009 1321 1089 1382 tum,
1106 1317 1206 1375 dixit:
1225 1319 1459 1376 consummatum
1472 1322 1525 1375 est.
1541 1320 1576 1376 Et
1588 1318 1724 1374 clamans
1750 1332 1812 1375 uoce

1007 1406 1203 1477 unapars-,dian
1215 1425 1224 1461 :
1235 1408 1368 1475 Potamia
1382 1422 1486 1462 manus
1501 1410 1565 1463 tuas
1579 1405 1749 1464 commendo
1758 1406 1812 1477 spi·

1007 1495 1099 1551 ritum
1112 1511 1217 1552 meum.
1239 1497 1274 1551 nt
1287 1494 1428 1551 inclinato
1442 1497 1536 1567 capite
1550 1494 1649 1551 emisit
1657 1494 1809 1566 spiritum.

155 1601 226 1655 sus,
242 1584 320 1658 quasi
357 1589 391 1644 de
425 1587 594 1660 blasphemia
621 1584 791 1657 adjudicatus
808 1600 837 1640 es
859 1581 950 1638 morti.
969 1614 993 1695 n
1013 1585 1086 1639 Tunc
1110 1599 1184 1641 unus
1198 1582 1442 1641 mititumlrmeeu
1457 1583 1533 1641 lutus
1552 1585 1614 1656 ejus
1639 1583 1767 1656 aperuit.
1782 1586 1811 1638 et

156 1675 352 1731 Amantissimo
362 1677 490 1746 Domine,
506 1683 604 1746 quanta
622 1674 678 1730 illic
690 1673 799 1744 indigua
813 1689 829 1727 a
845 1670 955 1743 propria
1008 1674 1144 1728 continuo
1159 1672 1251 1729 exirit
1266 1674 1384 1744 sanguis
1397 1675 1508 1745 etupua
1524 1673 1558 1727 in
1581 1671 1811 1744 redemptionem

155 1773 235 1835 geute
265 1763 417 1832 pertulisti?
448 1763 557 1820 Vultum
584 1769 661 1818 tuum
683 1759 897 1824 desiderabilem,
927 1760 953 1813 in
1008 1765 1113 1818 uostroe
1128 1761 1231 1817 salutis
1246 1761 1459 1833 (lluttlaxxvm
1477 1761 1623 1832 liar·e.xv;
1639 1762 1808 1827 huc.xxrn;

155 1864 239 1922 quem
278 1849 432 1908 desiderant
453 1850 552 1922 dugeli
592 1849 756 1921 prospicere,
786 1847 832 1920 qui
860 1861 956 1902 omues
1009 1850 1089 1906 tona.
1105 1847 1179 1921 xix).

156 1937 241 1993 coelos
254 1936 410 2009 adimplevit
438 1937 539 2008 laetitia,
559 1953 639 2010 quem
662 1937 878 2010 deprecabuntur
893 1950 954 1991 oni·
1047 1940 1090 1992 ll.
1106 1937 1300 2009 Expergiseere
1325 1952 1408 2005 nuuc,
1424 1936 1523 2008 anima,
1550 1944 1681 1992 excutere
1701 1934 1736 1993 de
1750 1935 1810 2005 pul·

155 2040 206 2080 nes
219 2025 316 2082 divites
335 2026 442 2097 plebis,
467 2025 563 2098 polluti
586 2025 647 2081 labii
663 2025 703 2081 sui
718 2025 805 2096 sputis
820 2022 955 2096 iniquina·
1008 2041 1094 2096 vere,
1122 2032 1149 2081 et
1171 2025 1352 2096 contemplare
1379 2025 1465 2083 virum
1499 2026 1571 2081 huuc
1594 2024 1808 2092 memorabilem,

155 2120 262 2180 vertunt,
280 2112 421 2185 sacrilegis
438 2113 560 2169 manibus
587 2113 753 2180 ceciderunt,
769 2113 829 2170 velo
859 2112 887 2167 iu
906 2114 955 2169 de·
1009 2130 1091 2184 quern
1099 2129 1164 2170 ecce
1178 2114 1205 2168 in
1221 2115 1331 2186 speculo
1340 2113 1488 2187 evangelici
1502 2112 1638 2170 sermonis
1652 2113 1735 2184 quasi
1745 2128 1810 2184 prae·

158 2200 241 2255 risum
263 2209 439 2273 operuerunt,
467 2211 495 2258 et
519 2212 544 2258 te
567 2202 712 2257 Dominum
727 2202 861 2257 universae
875 2216 953 2258 crea·
1009 2211 1111 2259 sentem
1131 2203 1253 2259 intueris.
1274 2203 1402 2269 Attende,
1418 2203 1505 2258 annua
1521 2217 1591 2272 mea,
1608 2201 1672 2274 quis
1687 2211 1733 2258 est
1761 2203 1808 2257 iste

156 2295 224 2344 turae
247 2296 373 2360 anquam
395 2305 504 2348 servum
517 2289 747 2362 contemptibilem
771 2288 955 2361 colaphizave·
1009 2292 1054 2362 qui
1070 2290 1221 2362 ingreditur
1233 2291 1339 2348 habeus
1354 2291 1501 2364 imaginem
1524 2290 1602 2362 quasi
1617 2289 1704 2362 regis,
1726 2289 1807 2347 etni-

157 2387 233 2435 ruut.
1009 2378 1156 2437 hilominus
1169 2378 1239 2436 servi
1254 2379 1452 2450 despectissimi
1467 2378 1627 2437 confusione
1641 2378 1770 2450 repletus
1783 2386 1808 2433 rt

192 2467 219 2520 9.
234 2464 332 2521 Adhuc
355 2475 447 2521 autem
474 2476 502 2523 et
525 2465 641 2523 animam
670 2474 744 2523 tuam
764 2465 954 2523 incircumciso
1008 2467 1272 2542 coronatusiueedit.
1286 2467 1340 2525 Sed
1361 2468 1421 2539 ipsa
1449 2467 1529 2524 etiam
1545 2467 1606 2537 eius
1630 2480 1737 2523 corona
1751 2482 1807 2522 cru·

155 2553 216 2610 caui
242 2552 448 2627 deglutiendum
472 2555 653 2612 tradiderunt.
679 2556 806 2611 Vinctum
821 2554 954 2626 siquidem
1009 2557 1148 2613 ciatusest
1163 2556 1211 2626 illi,
1236 2564 1263 2613 et
1286 2557 1359 2614 mille
1388 2555 1528 2628 puncturis
1552 2555 1713 2627 speciosum
1731 2563 1806 2627 esput

155 2650 218 2696 ante
250 2640 344 2697 taciem
366 2640 441 2699 Pilati
457 2642 647 2712 perduxerunt,
673 2644 840 2715 postulantes
865 2643 953 2700 crucis
1009 2646 1068 2714 eius
1083 2645 1244 2702 divulnerat.
1255 2644 1350 2718 Regali
1362 2659 1487 2719 purpura
1504 2644 1637 2711 induitur,
1654 2644 1705 2700 sed
1720 2643 1807 2717 potius

153 2728 290 2799 supplicio
306 2737 332 2785 te
347 2730 476 2799 interimi,
490 2732 537 2804 qui
552 2741 693 2803 peecatum
708 2748 763 2788 nou
778 2747 912 2801 noveras;
927 2740 953 2788 ct
1007 2733 1034 2788 in
1049 2748 1083 2789 ea
1101 2732 1259 2805 despicitur,
1270 2748 1352 2805 quam
1367 2733 1672 2804 honoretur.Seeptrum
1686 2732 1714 2788 iu
1731 2747 1807 2788 mauu

158 2815 248 2872 virum
263 2817 426 2874 homicidam
441 2818 572 2888 derisibi,
588 2821 772 2894 agnumlupo,
787 2836 881 2876 aurum
896 2820 953 2877 luto
1009 2829 1105 2894 gestat,
1120 2823 1166 2877 sed
1177 2837 1210 2878 eo
1237 2823 1296 2895 ipso
1314 2828 1395 2894 eaput
1414 2823 1475 2892 ejus
1498 2820 1678 2878 reverendum
1702 2820 1806 2877 teritur.

155 2911 360 2977 postponentes.
375 2905 464 2965 653
477 2907 501 2965 0
513 2908 654 2982 indignum
665 2917 693 2963 et
711 2908 803 2965 infelix
818 2924 954 2966 eommrr-
969 2872 991 2951 c
1008 2911 1130 2968 Aderant
1151 2926 1241 2968 coram
1255 2910 1315 2982 ipse
1330 2909 1425 2984 positis
1439 2911 1466 2966 in
1482 2918 1556 2966 term
1569 2909 1698 2982 genibus,
1714 2917 1744 2964 et
1765 2924 1808 2965 re-

155 2992 226 3049 cium
243 2993 304 3067 [ul.,
331 2994 547 3069 concambiumll
577 2998 609 3052 Et
623 2997 731 3069 quidem
746 3013 797 3055 uec
814 2998 954 3072 ignorabat
1008 3016 1071 3071 gem
1086 2998 1257 3056 conclamant
1272 3006 1318 3057 :et
1331 2999 1458 3056 continuo
1471 2999 1506 3055 ad
1520 2996 1720 3069 comparendum
1734 3012 1809 3052 ama

157 3081 256 3153 impius
270 3081 317 3138 ille
332 3098 379 3154 per
392 3082 521 3139 invidiam
540 3084 600 3140 haec
613 3085 641 3140 iu
655 3092 682 3142 te
697 3084 753 3140 lieri
768 3103 775 3142 :
792 3101 842 3141 uec
866 3094 954 3142 tamen
1008 3086 1077 3144 biles
1104 3102 1189 3159 genas
1202 3088 1262 3157 ejus
1282 3086 1440 3154 subsiliunt,
1454 3086 1578 3143 maxillas
1591 3083 1688 3156 pdmis
1701 3099 1807 3142 eoncu-

156 3170 290 3227 sbstiuuit
312 3178 369 3228 ate
384 3171 540 3228 temerarias
568 3188 672 3244 manus,
691 3173 738 3229 sed
762 3173 876 3243 replevit
896 3175 954 3230 ani·
1009 3175 1087 3245 tiuut,
1100 3183 1128 3231 et
1142 3174 1297 3231 honorabile
1313 3174 1412 3232 collum
1426 3175 1602 3231 exhonorant.
1617 3171 1700 3239 llide,
1716 3173 1806 3229 anima

156 3274 227 3315 mam
243 3268 318 3316 tuam
332 3260 512 3318 amaritudine
535 3260 592 3317 siue
608 3277 701 3318 causa.
716 3261 884 3318 illudendum
898 3264 954 3320 He·
1013 3279 1082 3330 men,
1108 3261 1222 3335 qualiter
1246 3265 1287 3319 vir
1310 3262 1360 3319 iste
1388 3279 1438 3334 per
1465 3263 1554 3320 omnia
1578 3262 1760 3318 conturbatur
1780 3267 1806 3316 et

154 3347 215 3407 rodi
240 3356 266 3404 te
286 3348 371 3417 misit,
385 3349 494 3406 illusum
518 3349 628 3422 recepit,
644 3352 746 3407 nudum
760 3349 787 3406 iu
805 3360 954 3423 conspeetu
1009 3352 1155 3423 spernitur.
1171 3351 1228 3408 Sub
1246 3351 1336 3409 crucis
1359 3368 1441 3408 onere
1457 3351 1568 3409 dorsum
1595 3350 1741 3407 incurvare
1768 3349 1806 3405 vi·

157 3436 297 3493 illusorum
317 3444 405 3494 astare
421 3449 447 3494 te
459 3439 551 3510 jussit,
566 3455 616 3497 uec
632 3438 751 3511 pepercit
776 3439 954 3497 amarissimis
1008 3440 1097 3509 detur,
1118 3450 1146 3498 et
1158 3455 1236 3496 suam
1252 3439 1337 3512 ipsius
1360 3447 1467 3512 portare
1485 3438 1679 3512 ignominiam.
1695 3438 1738 3495 hd
1765 3438 1804 3493 lo-

156 3525 317 3581 verberibns
333 3526 481 3599 virgineam
496 3543 605 3583 carnem
622 3535 693 3584 tuam
708 3529 849 3599 divellere,
861 3529 951 3603 plagis
1007 3544 1069 3584 eum
1085 3530 1215 3586 deductus
1235 3528 1373 3602 supplicii,
1390 3529 1498 3601 myrrha
1511 3536 1623 3599 potatur
1637 3525 1739 3584 etielle
1755 3544 1762 3580 z
1778 3525 1805 3581 ln

157 3612 263 3684 plagas,
280 3613 377 3670 livores
386 3615 519 3670 livoribus
538 3615 690 3672 crudeliter
704 3615 839 3689 indigens.
856 3616 880 3674 0
898 3619 953 3674 ele·
1008 3633 1087 3674 errice
1106 3618 1268 3685 sublevatur,
1284 3629 1309 3673 et
1325 3617 1400 3683 dicit,
1414 3620 1511 3684 Pater,
1527 3619 1640 3689 iprtosee
1655 3615 1726 3687 illis,
1742 3614 1806 3689 quic

156 3707 199 3754 cte
218 3715 284 3771 puer
299 3702 408 3757 Domini
436 3703 487 3759 Dei
512 3703 576 3772 mei,
591 3702 657 3775 quid
677 3711 749 3760 tanta
763 3704 952 3771 amaritudine,
1007 3705 1221 3778 nescientquid
1230 3705 1502 3778 satistutoualisest
1514 3704 1566 3770 hic,
1580 3705 1627 3777 qni
1642 3704 1672 3759 in
1685 3703 1806 3759 omnibus

156 3784 221 3855 quid
236 3795 308 3843 tanta
322 3787 482 3846 contusione
497 3789 608 3859 dignum
623 3792 820 3848 commiseras?
839 3794 954 3849 Prorsus
1007 3793 1142 3866 pressuris
1160 3794 1218 3850 suis
1237 3809 1289 3850 nee
1312 3793 1397 3849 semel
1418 3793 1524 3865 aperuit
1546 3807 1579 3849 es
1592 3808 1688 3858 suurn,
1711 3802 1741 3848 ut
1763 3798 1806 3846 aut

157 3873 234 3929 nihil.
252 3877 323 3947 Ego,
337 3891 389 3949 ego
404 3879 485 3935 homo
499 3877 631 3949 perditus,
661 3880 745 3937 tetius
771 3881 951 3951 contritionis,
1009 3881 1186 3953 querelae,aut
1199 3881 1391 3954 excusationis,
1403 3890 1449 3938 aut
1463 3880 1745 3949 comminationis,aut
1758 3895 1806 3934 ma·

158 3960 419 4020 totiuscoulusionis
434 3975 487 4021 tua
516 3963 564 4020 tibi
586 3981 667 4023 eausa
685 3969 784 4025 exstiti.
813 3970 880 4040 Ego,
897 3971 953 4027 lio·
1009 3968 1164 4025 ledictionis
1183 3971 1294 4026 verbum
1319 3969 1450 4028 adversus
1474 3969 1732 4026 maledictoseanes
1750 3968 1807 4024 illos

159 4048 241 4118 mine,
251 4065 332 4108 trram
346 4054 470 4108 acerbam
486 4053 602 4118 comedi,
613 4063 640 4110 et
649 4055 743 4112 dentes
753 4057 792 4112 tui
807 4058 957 4129 obstupue-
1011 4056 1157 4128 prolerret3
1173 4059 1223 4115 sed
1234 4059 1379 4115 novissime
1389 4059 1501 4115 verbum
1512 4057 1716 4114 benedictionis
1731 4072 1807 4129 snper

158 4147 236 4209 runt;
263 4140 326 4212 quia
350 4157 412 4212 quae
440 4157 495 4198 non
508 4141 632 4211 rapuisti,
658 4149 722 4199 tune
736 4143 905 4202 exsolvebas.
923 4148 952 4204 lu
971 4144 994 4223 u
1011 4145 1134 4202 inimices
1147 4163 1223 4216 suos,
1239 4149 1318 4222 quale
1333 4162 1349 4204 a
1363 4149 1464 4204 seculo
1478 4162 1532 4202 nen
1547 4154 1587 4201 est
1600 4145 1807 4214 auditum,etlu·

158 4228 284 4284 omnibus
301 4229 345 4286 bis
359 4245 415 4287 non
430 4240 471 4286 est
491 4229 587 4288 sudate
616 4230 782 4304 perfidorum
795 4233 953 4292 ludaeorum
1009 4235 1069 4293 dit?
1084 4233 1153 4304 Quid
1168 4237 1220 4293 hoe
1232 4235 1291 4292 viro
1301 4235 1550 4308 mansuetius,quid
1561 4234 1808 4308 benignius,anima

158 4313 293 4388 impietas.
1009 4339 1079 4395 mea,
1095 4324 1208 4383 vidisti?
1223 4325 1320 4381 Adhuc
1333 4332 1426 4380 eutem
1449 4323 1578 4380 attentius
1592 4322 1716 4391 intuere,
1734 4337 1808 4395 quant

196 4409 239 4461 10.
263 4407 414 4464 Novissime
443 4416 534 4465 autem
562 4408 812 4468 incircumcisorum
839 4412 955 4470 militum
1010 4404 1309 4484 granrtiadmiruten‘a
1320 4413 1500 4469 ettenerrima
1513 4413 1706 4482 compassione
1716 4412 1810 4487 diguus

155 4495 281 4551 manibus
294 4495 438 4553 devolutus
452 4513 492 4566 es,
517 4507 606 4556 morte
625 4499 781 4570 turpissima
794 4516 956 4560 consumen·
1011 4511 1135 4574 apparet.
1164 4500 1232 4558 Vide
1258 4500 1360 4556 nudum
1376 4509 1403 4557 et
1421 4501 1582 4556 verberibus
1607 4500 1772 4571 laceratum,
1787 4499 1810 4553 iu

156 4582 218 4638 dus.
232 4584 328 4640 Parum
347 4592 406 4639 erat
421 4586 560 4660 sacrilegis
589 4587 817 4661 illiserucillgere
846 4599 881 4661 te,
902 4592 954 4648 nisi
1009 4589 1100 4645 medio
1116 4589 1249 4646 latronum
1261 4590 1333 4647 cruci
1350 4589 1538 4663 ignominiosae
1559 4587 1656 4644 terreis
1671 4587 1758 4649 clavis
1771 4587 1810 4643 al·

159 4671 235 4741 prius
250 4680 276 4725 et
290 4671 343 4744 ipsi
352 4672 526 4729 illusionibus
544 4675 727 4746 replevissent
742 4676 861 4734 animam
873 4690 955 4741 tuam.
1010 4676 1103 4745 hrum,
1120 4685 1196 4735 aceto
1211 4678 1238 4733 in
1252 4693 1331 4735 cruce
1346 4686 1478 4749 potatum,
1494 4684 1521 4733 et
1535 4684 1598 4748 post
1612 4685 1736 4734 mortem
1755 4678 1812 4732 lan·

156 4756 229 4827 Quid
244 4758 316 4812 euim
330 4758 367 4814 ait
380 4761 415 4817 de
429 4761 484 4817 illis
494 4763 655 4831 Scriptura?
666 4763 704 4822 nt
713 4773 957 4841 conprepuverunt
1006 4782 1057 4823 eea
1075 4765 1102 4821 in
1117 4768 1200 4822 latere
1214 4765 1391 4833 vulneratum,
1408 4774 1434 4822 et
1450 4766 1562 4837 eopiosa
1575 4765 1730 4837 sauguinis
1744 4766 1813 4821 rivos

156 4846 956 4915 adeumuaioersameolrortem.Eterrueuteaeumoesti-
1010 4871 1043 4911 ex
1058 4855 1177 4928 quinque
1203 4854 1361 4911 vulneribus
1388 4870 1524 4920 manuum,
1549 4854 1652 4924 pedum
1672 4860 1701 4910 et
1727 4853 1814 4910 lateris

156 4937 341 5002 mentissuis,
348 4936 507 4994 induerunt
515 4939 646 4994 turcicum
651 4956 835 5013 purpuream,
846 4949 874 5002 et
880 4945 956 5004 elita-
1010 4942 1318 5013 attundentem.3Ftetum
1333 4942 1466 5011 deducite,
1477 4941 1546 4999 oculi
1561 4940 1627 5004 mei.
1640 4952 1668 4998 et
1681 4942 1812 5016 liquesce,

155 5024 266 5096 mpdem
276 5027 435 5082 coccineam
447 5025 696 5085 circumdederunt
707 5031 743 5084 ei.
755 5033 791 5086 nt
801 5032 957 5103 plectentes
1010 5031 1100 5087 anima
1113 5032 1251 5103 mea,igne
1263 5031 1458 5105 compassionis
1467 5047 1549 5102 super
1564 5029 1734 5089 contritione
1745 5047 1814 5087 ams-

157 5113 441 5188 coroaumdespiais,
452 5117 744 5190 imposuerunteepiti
755 5119 826 5189 ejus,
837 5125 958 5180 etorun·
1009 5120 1071 5177 bilis
1088 5121 1138 5176 viri
1153 5121 1332 5194 huius,quem
1345 5120 1373 5174 in
1388 5129 1459 5177 tante
1472 5117 1561 5178 651
1576 5119 1766 5177 amaritudine
1777 5120 1812 5175 tut

149 5200 255 5265 ‚dinem
269 5205 299 5260 ie
311 5201 432 5262 dexteru
442 5206 514 5278 ejus.
525 5208 560 5262 nt
573 5223 647 5279 penu
660 5207 734 5276 [leae
750 5207 955 5284 illudebantei,
1009 5208 1085 5265 vides
1099 5209 1226 5268 allectum
1235 5210 1386 5266 doloribus.

150 5288 308 5367 uditantes:
328 5295 392 5360 duc,
403 5310 456 5352 ree
469 5293 685 5352 tudoeorumut
695 5294 799 5353 deburat
809 5295 837 5354 ei
847 5296 955 5371 etopus,
1048 5302 1092 5355 ta.
1108 5300 1142 5355 Et
1157 5300 1216 5370 jam
1230 5299 1339 5371 quidem
1354 5296 1460 5354 infirma
1478 5298 1550 5369 eius,
1565 5296 1656 5352 anima
1671 5313 1746 5367 mea,
1775 5296 1814 5353 vi·

156 5380 360 5453 eteaspueates
378 5382 411 5438 in
429 5399 505 5453 eum,
517 5384 883 5457 accipiebanturundiaem,
894 5404 957 5461 per·
1000 5387 1085 5454 disti,
1101 5395 1127 5444 et
1141 5389 1251 5444 miserta
1262 5403 1292 5444 es
1309 5404 1315 5444 :
1332 5404 1403 5444 nuuc
1419 5389 1589 5457 majestatem
1602 5385 1667 5456 ejus
1693 5386 1814 5452 attende,

156 5464 303 5523 curetum
313 5474 400 5545 caput
409 5472 482 5543 ejus.
489 5474 525 5530 tt
533 5476 685 5551 postquem
695 5474 850 5535 illuserunt
856 5475 894 5551 ei,
908 5479 957 5536 iu·
1010 5484 1037 5534 et
1051 5476 1273 5548 miraberis.Quid
1284 5478 1357 5535 enim
1370 5476 1406 5533 sit
1415 5476 1556 5551 Scriptura
1566 5475 1610 5535 ld
1621 5479 1816 5537 suracusas
