3706 5962
10 254 12 261 ,
73 187 121 247 lbi
543 189 639 252 LIBER
659 190 701 250 DE
720 188 852 251 utrum
871 187 911 247 ut
931 187 1108 251 ulduttuttt
1127 192 1250 254 auouls

10 274 12 327 ³
72 311 175 369 babens
184 308 245 378 Dei,
261 310 605 386 novitsemperproiieere,
617 322 644 371 et
654 331 791 387 nunquam
803 311 870 370 delr-
885 318 909 402 Ι

71 416 140 472 ears,
150 400 386 472 etattinffl'tsline
395 402 522 474 usquead
532 401 870 472 finemfortiter,etdispo-

10 516 12 535 =
71 489 106 545 nit
118 488 214 546 omnia
224 489 345 546 suaviter
357 491 435 562 (Sap.
451 506 513 555 virt,
529 493 556 562 l)
569 510 577 554 ς
591 490 729 562 sapienter
744 506 774 545 se
784 504 869 560 agens

10 634 12 657 Ι
71 580 93 633 io
104 576 219 646 divinis
235 585 314 636 caute
326 578 353 634 in
368 578 498 650 physicis,
511 579 661 650 prudenter
671 580 697 634 in
708 578 867 636 moralibus.

10 664 12 671 '
98 667 144 724 ta.
161 666 252 738 lgitur
261 666 373 738 sapiens
389 666 489 732 anima,
502 667 571 722 sicut
582 666 803 739 suprascriptum
815 674 867 735 est,

10 752 13 829 ᾖ
69 754 236 811 tbomnibns
247 752 643 823 alienisailectibusdeiaecata,
656 755 742 810 Deum
750 762 867 808 tantum·

68 846 141 902 uodo
158 844 285 917 sapiens,
311 845 447 900 homiuem
463 844 489 898 in
515 845 624 900 bomine
639 844 730 899 eruit:
755 845 867 914 Deoque

66 934 142 1006 plene
164 942 196 989 et
221 934 249 988 in
277 933 404 990 omnibus
428 932 537 997 allecta,
557 948 665 987 omnem
686 930 756 985 inira
779 930 866 985 Deum

66 1032 221 1078 naturam
241 1036 296 1077 non
305 1022 384 1076 aliter
399 1037 480 1091 quam
495 1021 568 1075 Deus
581 1020 705 1082 attendit,
722 1021 749 1073 in
764 1019 824 1074 luce
840 1025 867 1072 et

65 1110 158 1166 rirtute
173 1109 320 1181 sapientiae
335 1110 426 1164 omnia
440 1108 600 1180 disponens,
618 1115 645 1162 et
668 1105 812 1167 ordinans;
828 1104 867 1175 sic

62 1214 153 1272 gena
170 1198 215 1254 sic
228 1199 265 1254 de
280 1214 320 1253 ets
342 1198 477 1266 iudicans,
495 1196 562 1251 sicut
576 1204 626 1260 est,
642 1195 711 1250 sicut
734 1193 806 1257 vivit,
823 1193 865 1247 in-

61 1288 133 1343 tiens
145 1270 284 1357 judicium
308 1294 336 1341 et
349 1285 480 1354 justitiam
496 1285 531 1340 de
545 1299 578 1339 eo
594 1284 667 1338 urtde
682 1291 734 1348 est,
756 1290 782 1337 et
795 1282 865 1337 undu

1671 196 1724 256 406

925 311 988 369 vitae
1001 313 1197 371 beatitudinem
1211 314 1355 388 praelibare
1364 314 1392 369 in
1408 315 1459 371 hac
1473 317 1528 372 vita
1542 318 1678 385 ridentur,
1695 327 1723 377 et

925 398 1038 468 initiari;
1060 402 1098 458 sic
1113 403 1194 459 etiam
1218 402 1252 458 de
1276 417 1420 473 corporum
1446 412 1557 460 suorum
1580 407 1720 478 glorifica-

925 487 1008 555 tione,
1025 505 1104 560 quam
1128 490 1210 561 plene
1226 489 1262 544 ibi
1278 489 1433 561 percepturi
1456 498 1529 556 sunt,
1545 492 1573 547 in
1596 495 1647 550 hac
1664 494 1721 552 rita

923 577 1045 632 nonnihil
1060 579 1220 649 percipiunt.
1232 578 1353 649 Excepta
1368 578 1449 634 etiam
1462 577 1509 634 illa
1519 580 1606 650 gratia
1616 582 1650 638 de
1667 599 1720 655 qua

923 664 1046 728 diximus.
1071 681 1124 738 qna
1139 667 1291 723 habitantes
1304 666 1331 721 in
1345 683 1430 722 unum
1444 668 1542 740 seipsis
1555 668 1583 722 in
1598 671 1665 734 Deo,
1692 681 1721 726 et

923 756 980 811 Deo
994 755 1021 810 iu
1043 756 1141 827 seipsis
1163 757 1301 824 fruuntur,
1316 755 1400 826 ipsius
1424 758 1514 813 carnis
1538 757 1576 813 sic
1600 757 1721 814 sentiunt

921 844 1063 899 evanuisse
1078 844 1125 917 [ul.
1142 843 1311 916 convenisse]
1323 859 1419 899 omnes
1433 846 1673 912 contradictiones,
1689 854 1721 903 ut

921 932 1045 988 universa
1060 934 1209 989 substantia
1222 934 1312 988 carnis
1322 948 1376 988 non
1390 934 1424 988 sit
1438 934 1478 988 eis
1488 935 1541 989 nisi
1554 935 1720 991 instrumen-

922 1030 976 1076 tum
987 1020 1051 1077 boni
1062 1021 1162 1092 operis.
1173 1023 1241 1076 Nam
1253 1021 1303 1077 etsi
1326 1021 1410 1093 ipsius
1421 1023 1535 1079 miseriis
1560 1030 1587 1078 ct
1601 1022 1719 1079 infirmi-

921 1109 1019 1165 tatibus
1033 1112 1238 1177 contabescunt,
1265 1114 1313 1167 sed
1333 1128 1367 1166 ex
1382 1114 1433 1167 boc
1453 1111 1513 1183 ipso
1529 1112 1651 1169 interiori
1665 1114 1718 1169 bo-

920 1199 991 1253 mine
1007 1199 1101 1254 lortius
1115 1200 1325 1256 convalescunt:
1347 1200 1462 1268 Quttrrdo
1477 1202 1555 1256 erriru
1574 1203 1716 1271 infirmor,

921 1291 989 1342 tuuc
1002 1288 1108 1357 sortior
1121 1306 1193 1355 rum,
1210 1292 1237 1343 et
1246 1293 1354 1359 potrus,
1372 1288 1436 1343 dicit
1447 1290 1594 1360 Apostolus
1608 1290 1646 1362 (ll
1654 1292 1717 1350 Cor.

10 1358 14 1457 ff
60 1375 129 1433 sirit.
142 1374 282 1430 Estenim
293 1373 498 1444 sapientiallei,
512 1372 651 1442 sicutipse
669 1371 742 1436 dicit,
758 1370 866 1428 Candor
919 1389 970 1439 ιιι,
989 1376 1042 1441 ld).
1059 1376 1161 1431 Sensus
1174 1376 1224 1447 ipsi
1238 1390 1335 1433 novam
1351 1377 1496 1449 quamdam
1511 1377 1673 1449 percipiunt,
1690 1385 1718 1436 et

10 1474 12 1499 ¹
60 1465 129 1521 ἰαῦ
139 1468 274 1531 oelerttoe,
287 1468 314 1519 ei
323 1464 469 1535 speculum
479 1462 542 1518 title
551 1461 665 1518 runculo
677 1459 726 1515 Dei
743 1460 866 1528 majesta·
919 1478 1004 1535 prope
1019 1464 1184 1535 spiritualem
1199 1466 1314 1537 gratiam
1326 1483 1332 1521 ;
1349 1465 1419 1522 oculi
1433 1466 1579 1539 simplices,
1595 1477 1623 1523 et
1637 1483 1719 1525 aum

60 1553 90 1606 tis
102 1552 190 1627 (Sap.
202 1567 253 1618 vu,
270 1555 327 1623 ιθ),
341 1558 368 1606 et
383 1549 517 1607 emanatio
532 1549 661 1605 claritatis
672 1545 866 1619 omnipotentis
919 1557 1111 1619 temperantes.
1138 1550 1291 1621 Aliquando
1315 1550 1343 1605 in
1358 1550 1466 1608 fervore
1480 1551 1620 1618 orationis,
1644 1559 1718 1608 tanta

59 1640 104 1698 bat
125 1640 253 1710 sincera,
278 1648 306 1696 et
330 1654 414 1709 vapor
438 1638 543 1695 virtutis
567 1639 637 1708 ejus.
662 1637 729 1692 ldeo
757 1635 866 1706 sapiens
882 1625 904 1703 B
919 1637 1011 1692 odoris
1025 1637 1110 1709 ignoti
1125 1637 1265 1708 cujusdam
1286 1640 1369 1709 spirat
1386 1639 1549 1713 fragrantia3
1566 1647 1642 1697 tanta
1663 1658 1717 1714 gu·

59 1728 149 1785 anina
165 1727 395 1785 sicutcandorem
410 1726 679 1783 lucisaeternaeiutra
694 1741 725 1780 se
740 1723 819 1799 gerit,
837 1728 866 1779 et
919 1736 977 1780 stus
991 1725 1072 1780 etiarn
1088 1739 1143 1781 uon
1157 1727 1292 1798 gustando
1303 1724 1385 1782 28!
1403 1728 1653 1793 suavitas;tantum
1668 1744 1719 1800 per
1784 1789 1788 1796 ,

59 1817 203 1889 mlum
227 1818 277 1873 Dei
291 1817 441 1887 majestatis
465 1816 539 1888 (at);
563 1815 601 1871 sic
623 1831 684 1872 cum
703 1813 732 1868 in
755 1821 866 1869 creatu·
919 1821 1040 1869 mutuum
1057 1821 1156 1869 tactum
1171 1814 1318 1886 spiritualis
1333 1815 1472 1871 charitatis
1496 1818 1672 1882 incentivum,
1688 1825 1720 1874 ut

10 1970 12 1975 ,
60 1920 160 1963 ramea
177 1905 302 1978 exponit,
319 1903 445 1976 exprimit
459 1913 487 1962 et
501 1901 612 1962 exbibet
626 1902 772 1976 irnagiuem
787 1900 866 1958 boui·
918 1901 1061 1958 rideantur
1075 1902 1126 1958 sibi
1145 1903 1216 1958 intra
1233 1903 1337 1973 seipsos
1351 1902 1499 1973 spiritualis
1514 1905 1655 1976 cujusdam
1670 1919 1719 1962 ro·

60 1994 118 2051 tatis
135 1998 168 2052 et
181 1993 296 2066 justitie
308 1994 379 2050 Dei:
406 2002 433 2050 et
456 1993 526 2050 sieut
540 1993 638 2049 virtute
653 1990 703 2047 liei
718 1998 865 2061 vaporatur
917 1990 1030 2061 luptatis
1050 2006 1148 2066 gerere
1171 1991 1337 2063 paradisum.
1362 1991 1457 2048 Vultus
1481 1992 1562 2048 etiam
1587 2001 1616 2051 et
1636 1992 1719 2051 totins

10 2070 13 2087 '
61 2083 184 2149 numus,
200 2084 241 2141 sic
260 2084 390 2141 claritatis
405 2090 433 2140 et
446 2082 585 2141 eharitatis
599 2080 648 2137 Dei
663 2079 865 2135 emanationem
917 2081 1039 2149 corporis
1055 2080 1262 2152 compositione,
1278 2080 1377 2137 vitaer
1388 2096 1494 2138 morum
1510 2090 1537 2138 et
1546 2088 1655 2139 actuum
1669 2083 1718 2142 de·

10 2160 12 2209 i
62 2172 177 2229 effundit
188 2172 321 2240 exterius,
333 2173 405 2228 unde
414 2178 441 2228 et
448 2168 515 2227 alibi
522 2170 588 2227 dicit
598 2170 738 2231 Salomon,
750 2169 866 2240 Sttpiart-
918 2185 992 2233 core,
1009 2174 1110 2225 mutuas
1130 2170 1211 2224 etiam
1231 2169 1367 2226 seruitutis
1381 2171 1424 2226 rel
1441 2170 1548 2227 devotis
1570 2171 1716 2228 exhibitio-

10 2314 12 2325 ,
64 2260 687 2333 bobomiuislucetiunultuejus(liccle.vttr,
699 2259 738 2327 ll3
752 2255 861 2322 etulibi,
917 2258 1008 2317 nibus,
1026 2256 1069 2312 vel
1083 2257 1135 2328 piis
1158 2257 1386 2327 susceptionibus,
1402 2257 1442 2314 sic
1465 2259 1607 2329 cujusdam
1621 2259 1716 2332 gratiae

10 2328 13 2375 Ι
64 2351 145 2417 drab,
158 2349 260 2422 inquit,
271 2350 408 2422 sapientis
419 2352 451 2405 in
461 2352 554 2421 cupite
567 2350 626 2420 ejus
641 2346 745 2419 (decla.
757 2362 787 2415 ιι,
800 2347 861 2431 lil3
917 2345 1089 2417 beneplacito
1102 2345 1155 2401 sibi
1175 2345 1289 2402 invicem
1304 2347 1479 2415 conveniunt,
1495 2355 1522 2403 et
1540 2349 1713 2415 couniuntur,

62 2438 116 2510 quia
131 2454 191 2494 non
206 2437 318 2493 aliunde
329 2453 410 2511 qnam
426 2437 460 2492 de
471 2438 588 2497 naturali
603 2447 630 2494 et
641 2436 749 2492 interna
764 2435 863 2490 uirtute
916 2442 945 2489 ut
960 2450 1024 2489 vere
1039 2432 1092 2488 siut
1106 2450 1152 2489 cor
1175 2450 1269 2502 uuum,
1287 2443 1314 2490 et
1328 2434 1417 2490 anima
1432 2452 1496 2491 una,
1515 2436 1652 2492 Nimirum
1668 2436 1713 2492 iu-

62 2526 164 2583 terebri
181 2526 236 2592 sui,
260 2524 289 2582 id
302 2532 345 2583 est
358 2524 507 2598 sapientie,
524 2524 643 2582 exterius
657 2540 687 2579 se
708 2521 863 2591 effundunt,
917 2533 1004 2580 turam
1028 2537 1173 2594 corpomm
1195 2534 1306 2579 suornm
1329 2522 1444 2596 gloriam
1461 2523 1518 2595 jam
1536 2524 1581 2581 hie
1595 2524 1711 2591 initiant,

63 2622 112 2671 sta
126 2614 222 2687 capite
238 2628 293 2669 non
310 2613 451 2669 recedunt.
464 2613 532 2668 Dicit
542 2612 691 2669 Salomon:
709 2608 863 2668 lluttt'todo
916 2627 949 2667 er
972 2610 1087 2681 puritate
1115 2610 1298 2682 conscientie,
1326 2619 1354 2668 et
1372 2620 1473 2668 mutue
1500 2613 1714 2670 conversationis

64 2697 861 2776 tumentiumrenitescatorbisterrorum(Sapunto).0
915 2699 1712 2774 gratia,perlectaeamhabituriiniuturaetperennivita.

63 2790 149 2847 felices
166 2807 213 2846 res
228 2792 370 2855 humanas,
387 2789 409 2844 si
422 2790 523 2862 ubique
538 2789 707 2860 sapientibus
725 2787 860 2844 servirent
1219 2806 1330 2862 CApUT
1349 2807 1409 2861 xv,

64 2879 236 2950 insipientes!
253 2879 308 2934 Sed
320 2887 348 2934 et
358 2879 450 2935 felices
461 2895 505 2933 res
520 2880 661 2939 humanas,
673 2877 737 2933 dicit
751 2876 860 2949 qttidam
915 2897 953 2951 De
962 2893 1042 2965 sest-cg
1051 2896 1296 2951 mammam
1304 2894 1452 2967 sapientia,
1462 2910 1549 2967 mque
1559 2893 1596 2950 ad
1606 2911 1714 2953 assem,
1796 2890 1803 2903 ·

64 2968 241 3040 pbilosopltus
251 2970 321 3039 (22),
337 2968 360 3022 si
374 2968 480 3022 autsoli
495 2969 632 3038 sapientes
647 2971 862 3039 repuerascam
1042 2966 1147 3022 tmuem
1162 2964 1237 3020 beuti
1250 2967 1327 3035 finis,
1348 2969 1376 3020 et
1391 2967 1495 3021 satmmi
1513 2965 1587 3023 boni.

63 3055 319 3126 philosopharentur
332 3070 427 3111 omues
451 3054 496 3126 qui
511 3051 643 3126 regnanti
667 3053 723 3108 Sed
737 3068 798 3107 cum
813 3067 859 3106 sa·
950 3056 994 3109 tt.
1011 3053 1086 3109 Sicut
1107 3052 1180 3108 enim
1196 3068 1268 3110 nuno
1290 3053 1409 3111 virentia
1432 3053 1524 3110 omnia
1548 3054 1613 3111 solis
1630 3053 1711 3110 cleri·

62 3144 168 3215 pientes
180 3142 291 3218 lugiunt
304 3143 442 3213 sapientes
455 3156 539 3214 super
556 3141 717 3214 insipientes
731 3155 857 3211 regnare,
914 3146 970 3198 late
985 3141 1193 3212 perfunduntur,
1208 3150 1237 3198 et
1255 3142 1421 3200 abinvicem
1431 3141 1559 3215 pertundi
1573 3143 1710 3209 ridentur,

62 3233 138 3288 etism
153 3231 318 3302 insipienter
332 3230 438 3304 lugiunt
451 3230 614 3302 insipientes
628 3229 679 3284 sub
693 3229 860 3301 sapientibus
914 3240 941 3286 et
955 3231 1024 3287 sicut
1039 3245 1090 3286 nos
1104 3230 1220 3287 invicem
1235 3229 1280 3286 bio
1293 3230 1386 3286 rivere
1400 3231 1534 3297 videmus,
1551 3246 1602 3288 nec
1617 3239 1708 3288 tamen

60 3338 136 3379 esse:
154 3321 246 3377 omnia
262 3320 410 3393 desipiunt,
428 3319 518 3375 omnia
531 3315 743 3389 confunduntur,
759 3326 787 3373 at
802 3325 858 3371 tur·
912 3319 995 3375 uitam
1018 3334 1071 3391 qua
1092 3317 1216 3386 risimus,
1240 3317 1363 3375 ridemus
1376 3320 1454 3391 (td):
1477 3319 1516 3374 sic
1538 3318 1566 3374 in
1588 3318 1635 3376 illa
1656 3320 1711 3376 rita

59 3410 167 3467 bsntnr.
177 3408 326 3481 Sapientes
336 3409 423 3464 latent
433 3415 461 3465 et
470 3407 642 3474 delitescunt,
655 3407 731 3478 pueri
743 3416 859 3478 regnant
911 3407 1047 3464 videbitur
1060 3409 1134 3464 Deus
1148 3406 1288 3478 asingulis
1302 3405 1330 3463 iu
1345 3405 1481 3474 omnibns,
1497 3407 1571 3463 stab
1585 3406 1711 3464 omuibus

57 3507 83 3555 et
95 3497 304 3572 priuoipantur:
320 3504 349 3553 et
363 3496 432 3554 fiunt
446 3496 582 3568 principes
597 3496 644 3569 qui
662 3511 742 3550 mane
762 3509 857 3550 come-
912 3494 939 3550 in
953 3494 1086 3568 singulis:
1110 3510 1166 3552 non
1190 3495 1263 3567 quod
1281 3494 1469 3564 corporalibus
1484 3494 1570 3551 oculis
1584 3495 1710 3551 videatur

56 3586 135 3656 deut,
150 3583 543 3655 mraeterraeillillliorle.x,
559 3583 857 3656 to.)Setadpr0p0si·
911 3583 1046 3648 dirimtss,
1081 3583 1131 3640 sed
1159 3582 1331 3654 presentiam
1363 3581 1511 3638 divinitatis
1546 3581 1708 3656 glorificatio

55 3681 112 3732 tum
127 3674 284 3731 oedeemus.
910 3686 1054 3743 corporum
1076 3672 1272 3729 demonstrabit
1294 3670 1440 3728 manifesta
1455 3671 1571 3746 quadsm
1586 3671 1627 3728 sui
1641 3685 1707 3748 gra-

90 3766 139 3821 83.
153 3762 251 3820 Anime
265 3762 349 3834 igitur
365 3761 462 3833 spiritu
476 3758 617 3831 sapientia
635 3759 776 3825 illustrate,
793 3759 857 3831 quia
911 3759 957 3816 da.
972 3761 1015 3817 Ad
1026 3762 1079 3818 boe
1092 3761 1174 3818 etiam
1187 3759 1215 3817 in
1230 3761 1282 3818 bac
1292 3760 1348 3817 rita
1357 3759 1539 3833 corporalium
1553 3776 1708 3817 sacramen·

53 3851 148 3925 diligit
158 3851 292 3922 iustitiam
306 3857 336 3907 et
349 3850 406 3906 odit
415 3849 596 3921 iniquitatem,
612 3857 640 3904 et
650 3857 794 3920 propterea
806 3864 855 3903 un·
910 3856 1000 3905 torum
1013 3850 1085 3906 salet
1103 3849 1214 3922 religio;
1231 3851 1294 3923 quia
1308 3865 1370 3906 cum
1392 3849 1438 3907 vix
1460 3848 1561 3922 aliquid
1576 3848 1628 3906 nisi
1643 3865 1706 3906 cor·

51 3941 95 3999 xit
106 3954 169 3996 earn
185 3940 259 3995 licus
282 3938 343 3995 oleo
358 3938 465 4005 laetitite,
483 3951 537 4009 quo
558 3947 656 3994 unctus
669 3943 711 3992 est
732 3936 856 3992 Christus
909 3953 976 4009 pore
990 3946 1018 3992 at
1031 3938 1185 4009 corporalia
1199 3938 1392 4014 intelligamus,
1409 3937 1529 4011 quandiu
1543 3937 1571 3993 in
1587 3937 1707 4013 imagine

49 4044 113 4104 prae
127 4026 304 4101 participibus
319 4028 375 4083 suis
390 4027 476 4098 (Paul.
492 4040 570 4086 χιιι,
586 4025 624 4097 8),
642 4033 669 4081 et
690 4040 771 4098 quam
791 4040 854 4097 per·
908 4026 1113 4099 pertransimus,
1139 4027 1327 4099 corporalibus
1351 4026 1497 4102 religamur
1515 4027 1705 4094 sacramentis,

52 4116 129 4174 fudit
140 4116 246 4190 gratim
263 4115 388 4172 omnibus
403 4115 502 4185 placet,
514 4121 542 4170 et
551 4114 585 4170 ab
597 4113 723 4170 omnibus
737 4118 851 4168 amatur.
908 4132 943 4172 ne
957 4130 974 4169 a
987 4116 1044 4172 Deo
1054 4116 1232 4173 recedamus:
1249 4117 1321 4173 unde
1332 4115 1414 4172 stiam
1425 4116 1594 4190 araligando
1608 4115 1706 4188 religio

50 4205 110 4277 Ipsi
126 4205 210 4260 etism
225 4207 273 4276 qni
281 4221 316 4261 ex
326 4206 441 4261 attverso
457 4210 532 4268 sunt,
552 4201 677 4259 ridentes
685 4201 852 4272 hujusmodi,
907 4203 1016 4261 dicitur.
1040 4206 1108 4261 Cum
1132 4221 1198 4262 vero
1221 4205 1311 4263 tidelis
1337 4205 1430 4261 anima
1457 4205 1556 4261 talibus
1588 4204 1705 4276 erudite,

50 4293 153 4350 timent
166 4303 195 4348 et
211 4299 383 4353 reverentur.
399 4291 454 4347 Etsi
469 4293 571 4347 bonurn
585 4290 613 4345 in
632 4291 704 4345 bono
718 4307 773 4346 non
795 4290 854 4345 vult
909 4293 1006 4350 talibus
1033 4293 1146 4366 incipiet
1173 4308 1229 4350 non
1253 4293 1388 4369 indigere,
1419 4302 1446 4350 et
1477 4293 1705 4364 acorporalibus

49 4379 157 4439 imitari
177 4379 303 4437 indurata
324 4380 454 4453 nequitia,
485 4378 658 4434 dissimulare
681 4385 771 4433 tamen
800 4393 854 4435 non
907 4381 1025 4439 transire
1047 4383 1081 4437 sd
1104 4380 1263 4455 spiritualia,
1285 4398 1301 4437 a
1324 4380 1508 4452 spiritualibus
1522 4381 1556 4435 ad
1575 4378 1704 4451 spiritua-

49 4476 146 4539 potest
154 4476 266 4525 natura.
276 4468 352 4528 inter
361 4485 392 4525 se
402 4475 491 4524 autem
500 4469 603 4523 habent
612 4466 751 4538 sapientes
760 4482 853 4539 quam·
906 4468 971 4524 lium
987 4476 1014 4526 et
1027 4468 1209 4541 corporalium
1224 4468 1403 4533 conditorem,
1421 4468 1471 4523 boc
1483 4484 1547 4524 rere
1563 4467 1614 4524 erit
1629 4467 1703 4523 exire

48 4557 115 4614 dem
130 4556 264 4630 privatam
278 4558 403 4631 gratiam,
430 4566 458 4612 et
473 4557 618 4631 quamdam
632 4556 750 4628 linguam
766 4572 854 4630 ange·
907 4556 1055 4614 asarcinis.
1066 4556 1249 4630 Relicto'ergo
1261 4571 1377 4628 corpore
1388 4562 1416 4611 et
1430 4554 1705 4627 corporcisomnibus

48 4646 144 4713 bearn,
169 4660 224 4718 qua
239 4645 310 4703 inter
329 4662 360 4703 sc
379 4647 528 4718 loquuntur
540 4645 641 4701 mutuis
653 4643 851 4711 allectionibus,
906 4644 979 4702 curis
1002 4655 1030 4701 et
1051 4643 1262 4718 impedimentis,
1286 4644 1407 4701 omnium
1434 4660 1494 4718 qnae
1517 4652 1580 4700 sunt
1605 4651 1705 4717 prater

48 4732 190 4806 spirituali
214 4732 330 4808 qnedm
345 4733 443 4807 gratia,
469 4734 731 4791 communicantibus
753 4735 780 4789 in
801 4736 853 4792 boc
905 4735 991 4791 Deum
1007 4733 1181 4800 obliviscitur,
1196 4733 1318 4808 nihilque
1331 4742 1431 4807 praeter
1445 4734 1535 4791 Deum
1549 4733 1704 4804 attendens,

50 4822 144 4896 ipsum
160 4824 339 4883 antenoribus
346 4823 504 4896 aspectibus
517 4841 523 4881 :
537 4840 617 4897 quam
632 4825 752 4898 lInguam
762 4824 853 4881 nullus
907 4820 982 4896 quasi
992 4838 1022 4878 se
1033 4821 1120 4881 solam
1130 4822 1273 4896 solumque
1282 4824 1366 4880 θειιιι
1378 4822 1554 4881 existimaus:
1567 4824 1703 4893 dilectur,

50 4908 139 4977 norit,
155 4910 208 4967 nisi
231 4908 291 4970 lter
311 4912 489 4985 Angelorum,
512 4920 540 4968 et
554 4913 653 4988 angeli
671 4915 741 4985 ejus,
765 4913 852 4985 etqui
905 4910 1001 4983 inquit,
1011 4927 1090 4969 meus
1101 4912 1181 4981 milti,
1189 4917 1270 4987 stepo
1280 4912 1429 4987 litimont.
1443 4913 1539 4988 u,lb).
1549 4912 1620 4986 Quid
1628 4914 1706 4969 euim

49 5006 115 5057 sant
128 4998 156 5055 iu
170 5016 275 5071 genere
286 5003 380 5068 lsrael,
391 5008 419 5057 et
429 5001 504 5058 circs
517 4999 677 5059 Jerusalem.
688 5001 783 5058 Nullus
792 5017 852 5059 eam
905 4999 1026 5059 miliest
1036 5001 1068 5058 iu
1077 5001 1144 5059 celo
1155 5006 1210 5059 eta
1221 5002 1326 5076 tepuid
1335 5005 1414 5060 uolut
1423 5020 1510 5078 super
1519 5000 1705 5062 terramilla-

49 5088 126 5147 norit
144 5090 297 5164 Egyptian
323 5090 414 5146 nullus
435 5090 615 5148 Chananeus.
639 5091 802 5149 sicutenim
824 5092 852 5149 in
905 5092 1706 5162 scoticummeo,etcormeum:Deserordismsietpors

48 5178 197 5236 unctitme
212 5178 276 5236 vita
286 5188 312 5236 et
322 5178 440 5237 hominis
453 5178 590 5255 interioris
602 5179 809 5252 glorificatione,
825 5190 854 5239 et
905 5194 968 5236 meo
979 5183 1052 5240 Deus
1062 5183 1246 5239 lanternam
1258 5180 1346 5253 (Psoi.
1362 5196 1451 5247 uxxrt,
1468 5183 1513 5246 25,
1529 5180 1586 5249 ιθ).
1598 5176 1704 5235 Deinde

48 5267 294 5341 wntemplstione,
315 5276 343 5326 et
365 5267 494 5325 fruitione
517 5267 665 5326 divinitatis
677 5270 733 5340 jam
756 5269 853 5327 lutura
905 5259 1014 5331 renitor
1027 5269 1062 5324 ad
1076 5276 1202 5324 mortem.
1226 5268 1304 5324 tlunc
1319 5266 1391 5323 enim
1408 5266 1550 5324 transitum
1574 5268 1609 5323 ad
1624 5266 1706 5326 utam

85 5374 149 5441 (til
168 5373 245 5432 Aliae
259 5375 317 5433 baec
330 5375 439 5442 desunt,
450 5379 478 5431 ct
487 5376 667 5434 emanatio...
679 5377 849 5447 mejestatis.
940 5377 999 5449 (ιι)
1021 5373 1095 5432 ultas
1106 5377 1165 5431 hec
1179 5373 1287 5442 desunt,
1302 5390 1354 5431 nco
1370 5376 1466 5433 tomen
1487 5368 1580 5432 vt'tum¹
1592 5391 1646 5449 pua
1660 5374 1705 5431 vi-

87 5445 147 5520 (82)
162 5445 250 5504 Plato.
904 5450 1009 5511 rrimus,
1033 5444 1169 5505 addemus.
