3706 5962
157 190 212 250 735
852 197 937 259 vltis
954 197 1105 258 ulstlaa.
1749 187 1801 255 736

157 314 261 383 sponsi,
281 315 315 369 ab
329 317 562 376 annuntiatoribus
577 322 652 379 verbi
667 322 719 379 Dei
738 339 768 379 se
781 339 880 395 sponsa
901 322 953 379 fuf-
969 337 992 418 q
1008 321 1102 377 llerito
1115 335 1179 393 ergo
1194 321 1262 377 lava
1280 317 1372 391 sponsi
1391 317 1441 374 sub
1460 314 1546 388 capite
1573 330 1691 388 sponsae,
1718 317 1804 389 super

158 402 206 458 ciri
219 420 225 467 ;
240 403 328 458 sciens
344 404 462 474 profecto
485 409 548 479 quid
562 411 668 467 uirtutis
685 412 820 483 habeant,
845 413 951 484 qualem
1007 427 1087 482 quam
1100 408 1221 465 videlicet
1248 414 1328 480 caput
1342 424 1419 462 suum
1449 405 1575 461 inclinata
1602 414 1749 472 sustentet,
1776 406 1801 461 id

159 489 442 563 effectumoperentur
452 493 479 549 in
494 495 552 564 ipsa
563 499 630 554 tales
644 498 724 556 flores
734 517 784 572 per
799 501 951 557 ministrum
1006 508 1056 564 est,
1073 498 1169 554 mentis
1183 514 1239 553 suaa
1254 497 1402 553 intentione
1418 495 1582 561 incurvetur,
1598 510 1632 549 nc
1655 494 1803 550 inclinetur

158 579 233 636 verbi
247 580 281 634 ad
296 582 452 638 memoriam
467 587 593 653 revocati;
609 590 874 662 qnantumipsamin
889 598 951 646 ten·
1005 589 1040 643 ad
1063 588 1179 644 carnalia
1206 594 1233 641 et
1261 585 1399 641 secularia
1430 582 1582 640 desideria:
1608 584 1674 656 quia
1697 598 1801 656 corpus

96 702 101 706 -
160 668 308 725 tationibus
336 678 363 726 et
391 673 518 742 periculis
546 677 684 746 presentis
710 679 771 735 vitae
789 679 949 748 confortent,
1006 677 1076 750 quod
1104 675 1295 748 corrumpitur,
1311 680 1441 747 aggravat
1466 672 1594 737 animam,
1615 682 1641 727 et
1671 672 1804 740 deprimit

160 764 292 827 quantum
312 759 344 813 ad
361 776 485 832 supernae
498 764 594 833 patria
607 766 771 823 desiderium
786 769 947 828 accendant.
1005 772 1110 822 terrena
1127 763 1287 820 inhabitatio
1303 778 1412 818 sensum
1430 761 1516 815 multa
1540 762 1705 832 cogitantem
1722 762 1802 832 (Sap.

160 843 217 898 Nec
231 844 322 900 dubito
337 847 400 919 quin
416 849 510 905 eadem
525 867 623 922 sponsa
637 854 665 909 in
680 858 785 911 hortum
797 865 950 914 sanctarum
1003 869 1045 918 xr,
1066 855 1122 924 15).
1138 853 1211 908 ldem
1226 866 1291 924 ergo
1304 867 1354 921 ρετ
1366 848 1448 905 flores
1461 857 1487 904 et
1502 848 1617 905 fructum
1631 856 1734 905 nostrae
1758 850 1806 904 vi-

162 931 416 1001 Scripturaramsui
433 939 524 1008 sponsi
546 943 707 1014 quandoque
729 944 807 1001 fuerit
825 945 950 1002 introdu·
1005 941 1048 1006 tis,
1062 949 1087 996 et
1103 959 1153 1014 per
1164 942 1255 999 fmvam
1270 940 1355 1013 ipsius
1369 939 1461 1011 sponsi
1483 936 1638 1010 figuratur:
1667 937 1808 1012 languoris

159 1021 263 1088 ota,ubi
277 1025 371 1095 procul
387 1025 467 1080 dubio
476 1026 583 1098 lignum
592 1029 661 1086 vita.
670 1032 758 1088 Vitem
773 1049 862 1090 reram
878 1034 952 1090 inve·
1008 1041 1098 1086 autem
1113 1031 1216 1086 sanatio
1227 1047 1275 1103 per
1289 1030 1429 1085 dexteram
1445 1028 1516 1098 ejus.

80 1127 82 1132 ·
160 1108 209 1176 nit,
225 1111 303 1179 cujus
317 1111 441 1169 alacriter
458 1114 574 1171 fructum
589 1120 775 1190 apprehendit,
791 1122 903 1178 volvens
927 1122 954 1177 in
1046 1122 1108 1174 toa.
1124 1120 1174 1174 Per
1189 1121 1238 1175 hos
1254 1133 1320 1190 ergo
1345 1118 1428 1171 flores
1450 1126 1477 1171 et
1492 1116 1607 1172 fructum
1622 1114 1692 1170 Vitis
1706 1125 1808 1170 nostre

161 1206 308 1295 mentcsua
323 1207 350 1255 et
364 1202 505 1258 revolvens
519 1213 545 1260 et
558 1204 667 1263 intuens
682 1208 826 1283 diligenter
844 1227 874 1267 ac
890 1227 954 1281 per·
1008 1217 1103 1280 petunt
1118 1224 1148 1263 se
1161 1207 1259 1272 fulciri,
1277 1221 1329 1261 nec
1342 1204 1430 1260 aliena
1447 1203 1592 1259 dilectione
1611 1201 1764 1275 gloriantur
1778 1217 1807 1258 se

161 1286 313 1356 sprcaciter,
328 1290 436 1360 qualem
456 1309 488 1347 ex
502 1294 696 1353 ardoredilecti
710 1301 762 1365 sui,
776 1297 831 1355 imo
845 1315 880 1355 ex
895 1299 955 1372 ipso
1008 1297 1164 1367 sustentari,
1180 1295 1226 1368 qui
1243 1311 1320 1365 spem
1335 1301 1362 1350 et
1377 1293 1500 1348 fiduciam
1515 1306 1594 1346 suam
1608 1306 1663 1348 non
1678 1292 1705 1346 in
1725 1290 1808 1346 rebus

162 1373 261 1430 dilecto
276 1373 355 1432 fuerit
369 1377 487 1435 fructum
501 1393 645 1440 consecuta
671 1387 833 1459 :sensitque
855 1387 956 1446 infalli-
1008 1384 1119 1442 caducis
1141 1392 1313 1457 posueruut:
1344 1381 1391 1437 sed
1419 1381 1464 1435 illa
1488 1388 1590 1435 tantum
1618 1378 1721 1445 anima,
1749 1394 1808 1451 qme

164 1460 247 1528 biter,
264 1475 393 1535 quantum
408 1469 509 1525 amoris
524 1471 548 1527 ei
555 1472 664 1539 debeat,
676 1483 805 1546 quantum
818 1476 851 1531 ad
866 1478 956 1532 omnia
1009 1473 1091 1528 modo
1112 1488 1161 1542 pro
1175 1486 1266 1526 amore
1283 1478 1310 1525 et
1328 1467 1463 1524 desiderio
1478 1467 1567 1523 dilecti
1581 1467 1772 1538 corporalibus
1783 1473 1809 1522 et

162 1549 281 1648 pericula
295 1556 452 1612 sustinenda
466 1559 562 1615 merito
575 1562 672 1620 debeat
686 1562 832 1620 confortari
847 1574 954 1638 gustato
1010 1561 1152 1616 mundanis
1165 1561 1240 1615 curis
1255 1558 1375 1631 languet,
1397 1557 1452 1612 imo
1467 1563 1494 1612 et
1508 1556 1635 1622 moritur,
1661 1556 1705 1611 cni
1725 1564 1754 1610 et
1767 1555 1808 1609 di·

162 1637 259 1708 spiritu
286 1639 524 1717 fructuosissimo,
544 1664 624 1718 quem
652 1666 684 1706 ex
712 1654 882 1710 arboretam
910 1654 954 1708 di·
1007 1651 1157 1720 citur‚Quoe
1172 1648 1280 1705 cstisto
1298 1664 1359 1720 qooe
1375 1645 1501 1703 ascendit
1523 1644 1557 1700 dc
1578 1644 1685 1702 deserto
1700 1644 1811 1700 deliciis

164 1723 233 1781 lecta
248 1731 378 1802 suscepit.
395 1731 476 1806 Optat
490 1751 555 1808 ergo
571 1737 622 1792 sibi
637 1739 735 1810 saepius
750 1742 954 1798 admemoriam
1008 1740 1141 1810 affluens,
1151 1730 1811 1808 tunicampcrditcctumsuomamentarius.)

163 1816 285 1872 revocari
298 1819 348 1874 hos
358 1819 439 1876 flores
450 1832 477 1877 et
490 1824 559 1879 hunc
573 1823 709 1881 fructum:
725 1827 788 1898 quia
801 1839 828 1885 et
843 1830 956 1887 illisful·
1009 1828 1049 1883 De
1070 1825 1176 1882 deserto
1196 1823 1294 1895 quippe
1319 1824 1400 1893 huJus
1414 1822 1507 1876 mundi
1530 1819 1661 1888 ascendit,
1687 1835 1752 1891 quae
1766 1833 1811 1874 cor

165 1902 385 1975 θῖ11,11611ἆ111;
404 1917 430 1962 t'f
454 1909 494 1964 his
508 1911 602 1980 stipari
617 1955 625 1983 ,
641 1929 675 1968 ne
690 1915 779 1986 aliquo
805 1916 883 1972 modo
898 1933 957 1974 mo·
1010 1930 1090 1969 auum
1105 1928 1165 1969 cum
1180 1911 1262 1967 corde
1280 1911 1370 1966 dilecti
1392 1909 1419 1963 in
1439 1926 1470 1965 ea
1490 1909 1622 1966 charitate
1653 1906 1809 1977 connexuit,

166 2001 269 2061 icatur,
284 2005 374 2052 exorat
392 2013 397 2052 :
415 2000 504 2054 sciens
517 1999 643 2056 nimirum
657 2002 721 2074 quid
732 2004 827 2061 virium
843 2007 958 2065 habeant
1011 2017 1133 2075 quaerens
1164 2016 1196 2057 ea
1231 2016 1291 2069 quae
1317 2015 1423 2054 sursum
1453 2008 1526 2066 sunt,
1560 2012 1614 2053 non
1638 2012 1700 2069 qnae
1731 2010 1812 2066 super

167 2088 193 2135 et
204 2082 312 2139 illorum
327 2087 403 2155 odor,
413 2096 439 2143 et
453 2088 535 2157 huius
553 2104 645 2160 sapor.

205 2174 264 2228 168.
277 2173 357 2243 Quod
371 2186 457 2232 autom
471 2177 554 2246 addit,
570 2179 639 2247 Quia
653 2198 748 2239 amore
764 2185 959 2258 fonpoeoqmd

169 2266 219 2326 cst,
242 2260 325 2320 491
340 2266 392 2321 nisi
411 2267 481 2337 quod
497 2283 595 2337 sponsa
613 2269 748 2328 desiderio
770 2289 893 2344 supernae
909 2289 960 2345 pa·

171 2349 227 2404 triae
254 2367 364 2408 accensa
390 2353 546 2410 dilationem
575 2355 729 2414 diuturnam
760 2376 816 2417 non
842 2363 964 2434 patitur?

169 2437 246 2493 Unde
259 2442 285 2496 in
300 2442 396 2498 eodem
414 2461 420 2501 :
436 2444 515 2500 Filiae
528 2447 690 2513 terentem,
702 2451 837 2506 nuntiate
861 2451 963 2509 dilecto

171 2530 238 2601 quio
256 2548 351 2590 amore
361 2535 582 2607 loupueofdont.
598 2553 624 2606 v,
636 2537 673 2608 8).
689 2537 756 2608 Quis
768 2550 809 2597 est
823 2556 899 2597 amor
913 2541 964 2597 iste

170 2623 223 2670 tam
238 2619 355 2686 validus,
370 2631 397 2678 et
410 2622 568 2694 languorem
587 2623 742 2682 inducens?
757 2627 893 2701 Numquid
908 2645 963 2685 non

170 2715 212 2761 est
225 2721 313 2779 amor,
330 2709 432 2782 dequo
451 2709 579 2780 scriptum
595 2723 635 2768 est
652 2716 759 2772 :Fortis
774 2721 818 2773 cat
842 2721 875 2774 ot
889 2734 965 2775 mors

170 2794 408 2866 dilectioffdont.
424 2814 482 2870 utra,
494 2800 532 2870 6).
544 2799 637 2869 Qualis
646 2815 688 2859 est
702 2803 753 2859 ista
762 2804 964 2876 fortitudo,quae

1013 2099 1122 2148 terram.
1160 2089 1235 2145 Unde
1264 2087 1369 2144 deliciis
1395 2088 1523 2143 virtutum
1551 2085 1648 2152 affluit,
1683 2096 1810 2156 tanquam

1012 2186 1149 2250 unguento
1173 2177 1291 2234 delibuta
1316 2176 1484 2233 diversorum
1509 2182 1672 2237 aromatum,
1693 2189 1754 2244 quae
1777 2173 1811 2227 dc

1015 2267 1104 2323 dilecti
1121 2266 1245 2337 paradiso
1255 2264 1374 2337 collegit,
1387 2279 1504 2335 sequens
1515 2270 1575 2318 eum
1587 2262 1634 2333 qui
1649 2276 1699 2332 pro
1708 2276 1742 2316 ea
1752 2275 1812 2330 pas·

1017 2371 1064 2411 sus
1079 2372 1156 2412 suum
1172 2354 1223 2426 ipsi
1237 2354 1344 2425 reliquit
1358 2353 1519 2420 exemplum.
1544 2351 1621 2407 Unde
1637 2358 1666 2406 et
1687 2351 1759 2405 bene
1773 2348 1813 2401 di·

1017 2447 1096 2509 citur,
1111 2446 1216 2502 lunico
1228 2459 1313 2516 super
1322 2440 1456 2497 dilectum
1466 2453 1715 2509 soum,nonsuper
1724 2437 1812 2493 homi·

1019 2550 1097 2599 nem;
1114 2534 1175 2605 quia
1191 2531 1348 2586 maledictus
1370 2532 1450 2585 homo
1465 2528 1512 2600 qni
1526 2525 1636 2584 confidit
1650 2526 1677 2582 in
1693 2527 1811 2595 bomine,

1018 2632 1045 2679 et
1064 2622 1141 2694 ponit
1155 2636 1265 2678 carnem
1285 2617 1423 2675 brachium
1448 2634 1528 2673 suum
1543 2617 1655 2686 (feram.
1676 2631 1745 2679 xvrr,
1761 2615 1810 2686 b):

1018 2728 1067 2768 nec
1089 2727 1171 2779 super
1185 2710 1289 2781 aliquas
1313 2724 1355 2764 res
1380 2714 1509 2773 terrenas,
1526 2720 1587 2778 quae
1601 2703 1691 2761 omnia
1707 2710 1815 2775 reputa-

1018 2801 1055 2856 vit
1070 2800 1146 2872 quasi
1169 2806 1299 2869 stercora,
1325 2806 1355 2853 ut
1382 2795 1519 2851 Christum
1541 2793 1723 2850 lucrifaceret.
1743 2792 1815 2847 Talis

174 2882 354 2943 infirmitatem
377 2888 506 2944 inducit?
524 2888 716 2960 Respondeant
732 2893 771 2948 illi
784 2895 830 2966 qui
854 2893 881 2950 in
896 2895 966 2953 libro
981 2889 1003 2968 0
1019 2903 1083 2960 ergo
1099 2887 1198 2955 11111111,
1213 2902 1275 2959 (111111
1290 2900 1361 2942 1111111
1375 2883 1489 2961 1101111118
1504 2891 1530 2939 θῑ
1554 2884 1644 2939 11111111
1657 2882 1732 2946 Vilis.
1747 2895 1815 2936 vem

174 2973 348 3045 experientiae
375 2977 457 3046 hujus
476 2979 635 3050 quaestionis
649 2981 811 3038 solutionem
837 2983 962 3056 perlege·
1016 2974 1109 3046 sponsi
1125 2975 1167 3029 sui
1182 2973 1301 3039 fulcitur,
1318 2988 1378 3045 quae
1392 2972 1474 3028 modo
1488 2987 1544 3044 prae
1559 2985 1653 3026 amore
1665 2969 1741 3024 illins
1756 2968 1814 3023 lau·

135 3058 139 3067 '
168 3071 240 3118 runt.
255 3063 433 3135 Experientiae
447 3064 512 3120 dixi.
530 3066 563 3121 at
575 3084 658 3139 quare
668 3083 723 3124 non
737 3069 886 3141 sapientiae,
901 3088 963 3142 qnae
1015 3072 1079 3138 guet
1094 3062 1228 3133 usquead
1250 3068 1375 3127 mortem,
1394 3060 1488 3116 dicens
1502 3076 1562 3115 curu
1577 3058 1639 3125 lob,
1656 3057 1813 3130 Despcrouf.

169 3164 186 3204 a
205 3165 302 3221 sapore
323 3150 394 3208 diota
409 3152 468 3207 est?
483 3152 536 3222 Qui
549 3170 616 3228 ergo
640 3155 667 3210 iu
683 3156 752 3213 libro
766 3158 905 3229 sapientiae
918 3157 962 3213 le·
1015 3167 1194 3226 nequequam
1203 3154 1267 3225 jorn
1281 3151 1361 3206 ultro
1372 3151 1464 3205 vivom
1479 3148 1547 3219 (too,
1560 3164 1608 3214 vn,
1623 3150 1680 3219 to),
1691 3147 1763 3213 talis,
1773 3146 1815 3201 in·

168 3247 275 3311 gerant,
294 3239 319 3295 id
334 3247 384 3306 est,
399 3241 445 3312 qui
460 3256 583 3314 saporem
607 3243 742 3302 internum
764 3248 867 3319 experti
888 3256 962 3316 sunt,
1016 3257 1105 3313 quam,
1123 3249 1184 3310 post
1198 3241 1256 3295 baec
1264 3253 1364 3309 sponsa
1386 3237 1540 3294 dulcissima
1555 3237 1664 3292 dextera
1689 3224 1813 3291 ineffabi-

168 3325 257 3381 dicanl
280 3337 306 3384 ct
328 3329 442 3386 doceant
468 3346 526 3396 nos,
543 3332 604 3405 quis
622 3333 656 3388 sit
674 3333 825 3403 ῐετεηιηοτ,
842 3337 963 3408 quicum
1017 3329 1076 3384 liter
1091 3328 1247 3400 amplexari,
1262 3335 1288 3382 et
1303 3329 1390 3384 fructu
1413 3336 1522 3382 aeternae
1538 3324 1716 3394 jucunditatis
1736 3323 1814 3379 satir-

169 3413 203 3468 sit
217 3415 294 3471 fortis
309 3426 340 3471 ut
362 3433 446 3488 mors,
463 3418 527 3476 facit
541 3429 661 3478 amantes
676 3422 806 3496 languere
829 3426 961 3496 usquead
1017 3419 1038 3473 ri
1053 3417 1209 3486 merebitur,
1235 3417 1366 3490 languore
1386 3430 1442 3470 non
1469 3415 1557 3472 solum
1588 3421 1693 3478 sanato,
1719 3414 1766 3469 sed
1790 3417 1816 3465 el

170 3514 281 3560 mortem
299 3520 305 3559 :
322 3506 383 3577 quia
400 3508 427 3563 in
443 3517 530 3565 morte
545 3510 625 3579 huius
639 3513 773 3583 corporis,
789 3522 816 3569 et
830 3529 884 3568 ηοη
903 3522 965 3570 ante
1018 3514 1107 3563 aucto.
1125 3505 1268 3562 sanabitur
1289 3506 1361 3560 enim
1384 3505 1498 3577 languor
1512 3501 1693 3558 intolerabilis
1710 3501 1816 3557 deside-

168 3596 450 3652 ⁸³¹¹³ssfur·P0⁵senf
467 3598 577 3668 quidem
592 3599 840 3674 mediotcmpore,
859 3604 965 3659 durnin
1020 3594 1052 3648 rii
1079 3595 1106 3649 iu
1131 3593 1304 3663 perfruitione
1317 3591 1513 3664 jucundissima
1542 3589 1632 3647 dilecti
1654 3588 1814 3656 desiderati;

170 3681 223 3735 vita
237 3681 287 3736 hac
303 3684 407 3740 mortali
423 3685 522 3739 sivein
538 3686 587 3740 bac
604 3697 688 3742 morte
706 3689 780 3744 vitali
795 3690 909 3762 degunt,
925 3691 966 3746 di·
1019 3691 1174 3738 nontamen
1193 3681 1339 3751 auferetur,
1363 3681 1419 3736 imo
1452 3680 1597 3753 augebitur
1621 3678 1697 3734 idem
1710 3677 1817 3733 deside·

169 3766 231 3822 lecti
247 3784 277 3822 ac
292 3768 476 3826 desiderabilis
498 3771 609 3829 floribus
623 3784 649 3829 ct
668 3775 799 3832 fructibus
819 3777 963 3844 consolari,
1019 3771 1108 3827 rium:
1125 3771 1172 3825 sed
1188 3779 1250 3840 tunc
1265 3786 1320 3827 non
1338 3768 1390 3824 erit
1406 3770 1532 3841 languor,
1548 3765 1596 3821 sed
1605 3766 1731 3836 depulsio
1746 3765 1819 3821 fasti·

169 3864 196 3909 ³²
210 3869 263 3909 ⁰⁰¹¹
279 3855 381 3925 5111111,
404 3859 490 3914 donec
507 3859 598 3914 veniat
615 3861 682 3932 dies,
710 3879 790 3936 quem
816 3879 877 3918 cum
894 3864 966 3919 Pro·
1020 3858 1065 3925 dii,
1082 3874 1143 3913 cum
1162 3858 1318 3914 desiderans
1327 3857 1483 3932 plenissime
1499 3855 1645 3911 satiabitur
1654 3854 1816 3919 desiderato,

169 3943 250 4011 pheta
265 3941 416 3999 desiderant
430 3945 561 4017 dicentes,
578 3949 708 4007 Sotiabor
720 3968 787 4009 com
798 3954 966 4025 apparuerit
1018 3955 1044 4002 et
1058 3947 1168 4002 satiatus
1196 3946 1283 4003 discet
1301 3948 1328 4001 in
1344 3948 1467 4001 satietate
1490 3943 1649 3999 desiderare
1675 3951 1771 3998 mutua
1791 3953 1818 3999 et

170 4029 259 4101 dl‘m'ff
275 4035 326 4086 Μ
337 4033 422 4101 {Ptol
440 4050 494 4100 1111,
511 4037 571 4106 15);
585 4046 611 4092 et
625 4038 653 4092 in
666 4038 719 4093 alio
732 4040 808 4095 loco:
826 4039 966 4113 Adimple·
1019 4035 1213 4092 interminabili
1233 4043 1259 4090 et
1273 4033 1455 4106 inexplicabili
1479 4031 1667 4107 generatione,
1681 4030 1817 4087 desiderio

171 4118 678 4192 bismejocundt'totccomvolfotoo
697 4126 966 4185 :delectationem
1021 4132 1171 4197 generante
1194 4123 1360 4191 satietatem,
1384 4127 1412 4179 ct
1432 4125 1552 4177 satietate
1578 4119 1744 4175 desiderium
1769 4134 1817 4191 pa·

172 4207 289 4266 dextero
305 4214 356 4266 tua
369 4228 457 4285 usque
471 4214 502 4269 in
515 4214 603 4283 finem
616 4215 705 4286 (Psoi.
721 4233 764 4286 xv,
782 4221 836 4279 ll).
860 4219 900 4274 De
914 4234 966 4289 qua
981 4168 1004 4245 n
1021 4212 1115 4269 riente.
1130 4212 1182 4268 Sed
1195 4212 1253 4282 jam
1268 4220 1434 4268 revertamur
1448 4213 1481 4267 ad
1496 4225 1585 4265 uuam.

171 4297 281 4353 dextera
296 4299 362 4354 alias
376 4301 476 4373 legitur
493 4317 499 4357 :
516 4304 595 4358 laevo
609 4305 729 4377 cjuasrdr
743 4306 836 4380 capite
851 4322 922 4372 mco,
938 4311 967 4363 ct
1057 4305 1117 4357 170.
1142 4301 1187 4357 Est
1203 4304 1309 4358 tertium
1326 4317 1441 4373 granum
1464 4300 1490 4354 in
1518 4299 1599 4353 botro
1623 4295 1818 4368 redemptionis

171 4385 290 4443 dextero
305 4388 607 4463 itticccmptecaoitcr
620 4393 805 4466 mcfdonmx,
821 4395 893 4465 6).Et
906 4395 967 4451 vide
1020 4398 1118 4445 nostrae
1141 4389 1275 4453 dominica
1300 4392 1472 4455 resurrectio,
1502 4402 1562 4456 quae
1577 4391 1709 4458 quantum
1725 4382 1818 4440 habuit

172 4490 254 4545 quam
270 4477 338 4532 bene
355 4478 406 4534 ista
422 4481 565 4537 auctoritas
578 4497 640 4538 cnm
651 4483 835 4552 superioribus
859 4499 967 4539 concor·
1021 4479 1170 4550 habeatque
1193 4478 1353 4544 dulcedinis,
1378 4477 1438 4548 quis
1456 4474 1594 4548 explicet?
1619 4474 1705 4530 Ponat
1724 4471 1821 4546 aliquis

172 4563 217 4618 dat
233 4582 240 4619 :
255 4573 284 4619 ut
300 4565 370 4624 laeuo
384 4567 473 4624 dilecti
488 4569 638 4642 appelletur
652 4572 800 4629 recordatio
814 4572 886 4628 illius
904 4574 967 4629 cha·
1022 4576 1119 4634 tamen,
1136 4570 1159 4623 si
1184 4568 1246 4640 quis
1262 4576 1360 4637 potest,
1390 4566 1417 4621 in
1439 4565 1521 4622 corde
1535 4578 1585 4620 suo
1604 4563 1817 4635 magnitudinem

175 4653 342 4726 ritatis,qua
366 4657 440 4712 nulla
454 4659 543 4727 major
567 4667 618 4730 est,
649 4678 729 4730 quana
753 4677 852 4732 eaqua
877 4660 968 4733 posuit
1019 4656 1184 4713 ineffabilem
1209 4655 1280 4711 illius
1306 4655 1471 4712 beatissimae
1497 4660 1525 4709 et
1554 4649 1819 4709 enodatissime

174 4739 289 4795 animam
307 4758 382 4797 suam
413 4760 461 4816 pro
486 4745 580 4800 amicis
605 4747 662 4803 suis
682 4789 689 4802 .
710 4749 740 4802 lo
769 4750 966 4807 dectcrovero
1022 4745 1175 4818 passionis:
1194 4745 1397 4817 videatquanto
1420 4740 1614 4815 desperationis
1636 4754 1756 4796 moerora
1774 4737 1820 4793 illa

175 4827 251 4884 beata
265 4829 313 4884 Dei
335 4830 414 4897 visio,
435 4849 516 4905 quarn
532 4834 654 4905 promisit
667 4836 761 4891 amicis
775 4838 842 4902 suis,
858 4846 884 4894 et
898 4855 965 4911 gau·
1020 4833 1177 4890 dilectorum
1193 4834 1263 4907 passi
1276 4835 1341 4888 lesu
1369 4833 1450 4889 corda
1474 4846 1604 4904 percussa
1628 4831 1761 4886 fuerunt:
1781 4825 1819 4882 ri·

175 4918 250 4974 dium
266 4917 300 4973 de
326 4921 470 4989 praesentia
495 4921 597 4978 divinae
619 4924 775 4993 majestatis.
804 4927 899 4982 llerito
924 4926 970 4980 illa
1019 4924 1079 4977 deat
1094 4923 1200 4977 illarum
1224 4922 1342 4989 fidelium
1362 4923 1504 4977 mulierum
1531 4918 1818 4986 lamentationesque

176 5006 225 5063 Dei
245 5018 272 5062 et
286 5005 379 5061 deifica
392 5007 472 5074 visio,
485 5007 529 5062 illa
544 5007 642 5064 divinae
660 5011 808 5078 praesentiae
823 5012 969 5066 inaestima-
1023 5010 1210 5068 dulcissimum
1236 5013 1327 5068 lesum
1356 5012 1390 5066 ad
1414 5009 1549 5081 passionis
1576 5010 1666 5065 locum
1694 5015 1813 5071 euntem,

176 5095 239 5150 bilis
252 5094 361 5152 dilectio
381 5095 408 5150 in
428 5097 536 5153 dextera
555 5097 707 5169 deputatur,
728 5098 762 5153 de
776 5114 830 5170 qua
853 5100 972 5155 delecta·
1023 5115 1085 5156 oum
1099 5099 1149 5154 sibi
1164 5117 1270 5157 crucem
1285 5101 1430 5171 bajularet,
1446 5109 1474 5155 et
1490 5115 1551 5155 cum
1565 5095 1751 5152 dulcissimam
1760 5093 1819 5148 aui·

176 5183 264 5240 biliter
277 5184 382 5241 canitur
398 5199 403 5240 :
420 5185 626 5244 delectationes
640 5188 671 5242 in
690 5187 807 5244 dextero
822 5191 873 5244 fao
886 5205 971 5263 usquc
1025 5204 1096 5244 mam
1110 5189 1270 5260 exspiraret,
1294 5204 1347 5244 non
1362 5188 1557 5244 deseruerunt.
1575 5185 1671 5241 Videat
1690 5181 1823 5254 praecipuo

178 5272 210 5326 ia
225 5273 312 5342 finem
328 5313 334 5327 .
352 5272 446 5330 blerito
461 5275 487 5330 in
502 5273 568 5331 laeva
582 5275 748 5332 memorialis
764 5275 811 5330 illa
824 5282 851 5330 ct
864 5291 973 5348 semper
1026 5277 1098 5333 illam
1137 5287 1200 5334 tunc
1239 5283 1404 5350 spectantem
1431 5275 1626 5344 mulierculam,
1654 5286 1730 5330 nunc
1757 5284 1824 5326 uero

179 5359 353 5455 memoranda
377 5360 485 5418 dilectio
503 5360 655 5419 collocatur
671 5380 678 5430 ;
692 5375 732 5434 ut,
746 5365 834 5420 donec
857 5370 975 5421 trauseat
1028 5367 1121 5423 mundi
1134 5367 1271 5425 dominam
1289 5367 1397 5424 Matrem
1416 5365 1533 5433 Domini,
1558 5378 1640 5436 quam
1665 5373 1763 5418 acutas
1777 5358 1825 5415 do·

178 5445 313 5517 11111111111.
329 5463 484 5524 supeream
507 5464 607 5525 sponsa
621 5450 772 5528 requieseat
784 5460 811 5509 et
824 5452 972 5512 recumbat.
1030 5456 1095 5512 loris
1118 5455 1225 5529 gladius
1236 5454 1354 5512 animam
1369 5455 1428 5524 eius
1446 5451 1646 5527 pertransierit.
1667 5449 1770 5507 Videat
1786 5455 1826 5506 to
