3706 5962
158 184 206 243 131
275 235 278 241 .

803 177 999 251 clttnssntttl
1016 179 1152 241 hBBthS

1746 185 1800 247 132

156 317 234 385 gunt,
251 307 290 364 sic
304 321 354 362 nec
370 313 455 361 totum
469 302 612 361 effundunt
626 320 634 373 ;
649 318 710 378 quae
724 301 815 360 minus
830 311 949 378 praeten·
1004 308 1073 376 ejus.
1090 307 1150 360 Jam
1164 303 1233 361 fides
1247 305 1299 360 tuis
1313 306 1393 362 rubet
1406 305 1434 361 in
1447 305 1535 380 genis,
1552 312 1579 361 et
1600 305 1663 364 ritae
1677 309 1801 366 colorem

157 398 225 453 dunt
234 397 261 451 in
276 394 377 467 speeie,
394 409 475 467 quam
492 400 585 451 tenent
599 394 627 449 in
641 392 751 452 1111111.

193 490 219 543 3.
236 485 355 540 Possunt
365 483 465 540 haecad
479 483 623 539 interiores
637 483 735 553 animae
746 497 833 555 genas
844 481 951 547 1011111,

158 591 219 649 quae
233 575 262 629 in
279 571 453 629 conscientiae
473 572 542 628 faeie
566 580 639 640 sunt,
653 572 698 626 ubl
722 588 776 628 non
794 573 887 639 homo,
903 570 952 626 sed

157 665 232 722 Deus
246 662 329 719 videt.
340 662 428 717 Habet
435 663 568 734 cujusque
579 661 747 718 conscientia
761 660 879 732 quadam
889 675 953 731 pro·

158 752 246 827 priam
260 751 367 806 faciem.
382 750 450 820 Ejus
469 765 549 820 genae
564 750 718 805 verecundo
733 747 891 802 humilitatis
906 763 952 800 ru·

158 840 224 895 bent
238 839 342 905 colore,
359 839 382 892 si
397 853 482 909 penes
496 854 526 893 se
545 853 628 909 opera
643 853 695 893 non
710 837 805 906 jactet,
821 850 875 890 non
890 850 952 888 ma-

156 927 269 1000 gnificet
284 927 390 996 merita,
408 942 463 982 non
483 926 530 982 illa
544 926 644 982 eximia
661 932 745 996 putet,
762 923 812 979 sed
827 932 881 978 tam
896 921 952 977 exi·

157 1033 211 1089 gnra
226 1015 338 1089 pudeat.
354 1015 422 1084 Quis
436 1016 509 1071 enim
533 1014 695 1090 gloriabitur
716 1021 823 1070 castum
846 1027 877 1066 se
901 1012 951 1064 ba·

157 1106 223 1161 bere
238 1104 307 1161 0111
320 1104 413 1176 (Pron.
424 1119 475 1172 xx,
492 1105 531 1172 9.)
542 1103 575 1160 Si
593 1102 708 1173 accepit,
731 1099 866 1175 quomodo
889 1099 952 1171 glo-

157 1194 272 1250 riabitur
286 1192 365 1266 quasi
376 1208 431 1248 non
445 1191 582 1264 acceperit
592 1192 606 1246 1
615 1191 650 1245 Et
659 1198 752 1245 tamen
762 1190 823 1260 ipsa
837 1204 896 1260 quae
910 1204 953 1244 ac

158 1283 231 1356 cepit
243 1281 326 1347 dona,
352 1281 413 1354 quis
435 1279 585 1353 intelligit?
598 1281 668 1335 Nam
682 1278 706 1333 si
729 1278 827 1334 delicta
841 1292 897 1332 non
911 1277 952 1331 in-

158 1370 265 1443 telhgit,
282 1369 488 1443 quantominus
508 1368 598 1424 dona?
613 1369 691 1424 Dona
716 1367 859 1422 desursum
878 1372 951 1431 sunt,

158 1459 328 1516 descendunt
343 1474 360 1514 a
374 1459 453 1513 Patre
472 1457 614 1512 luminum.
632 1458 777 1526 Quaerere
806 1454 858 1509 Dei
880 1461 953 1522 sunt,

158 1563 240 1619 nemo
256 1548 339 1612 norit,
356 1546 409 1601 nisi
426 1545 543 1616 Spiritus
557 1545 617 1602 Dei.
639 1545 704 1601 lileo
718 1545 742 1600 si
760 1544 804 1601 cui
817 1544 890 1599 Deus
905 1559 954 1614 per

157 1636 290 1709 Spiritum
305 1651 385 1690 suum
400 1635 513 1702 revelat,
533 1649 589 1689 non
608 1643 663 1690 tam
679 1633 739 1704 ipse
762 1633 846 1698 novit,
871 1646 953 1703 quam

1004 395 1143 461 infundit;
1159 393 1209 450 sed
1232 393 1320 451 adhue
1347 393 1411 450 fidei
1435 411 1478 450 res
1496 401 1538 450 est
1557 395 1585 448 in
1600 396 1718 456 occulto.
1735 399 1802 456 ldeo

1003 484 1078 541 sicet
1085 483 1288 557 fragmenmott
1297 486 1408 554 panici,
1423 483 1464 540 sie
1475 500 1563 556 qenoe,
1577 491 1634 541 tua
1643 485 1744 558 absque
1756 505 1802 545 oc·

1004 572 1090 628 cultis
1105 573 1173 627 tuis.
1189 572 1274 626 Grata
1289 571 1355 626 satis
1369 570 1432 627 fidei
1451 572 1547 639 facies,
1567 574 1615 629 sed
1631 574 1664 629 de
1687 577 1802 631 occultis

1006 661 1057 715 tuis
1073 659 1139 714 mibi
1155 660 1399 716 commendabilior
1414 676 1540 732 appares.
1562 662 1701 718 Patientia
1717 664 1803 721 virtus

1002 749 1031 804 in
1045 749 1173 817 evidenti,
1190 755 1217 802 et
1232 748 1310 820 quasi
1334 748 1362 802 in
1376 749 1454 821 genis
1470 749 1523 804 tuis
1538 751 1604 804 satis
1618 752 1675 820 jam
1690 752 1801 823 placet;

1004 838 1053 893 sed
1068 853 1120 909 ego
1135 837 1170 892 de
1184 836 1336 909 posteriore
1348 845 1373 892 te
1383 837 1470 907 magis
1485 837 1591 894 aestimo
1605 839 1704 910 gloria.
1718 843 1751 896 Et
1764 858 1805 896 re·

1004 942 1076 998 vera,
1090 927 1199 993 iratres,
1216 941 1270 980 nan
1286 933 1349 979 suut
1370 926 1524 999 condignae·
1536 942 1592 982 noo
1616 927 1677 984 dico
1692 930 1803 1000 passio-

1004 1031 1065 1080 nes,
1082 1015 1130 1070 sed
1145 1021 1174 1069 et
1187 1015 1247 1085 ipsa
1260 1013 1395 1086 patientia
1409 1015 1491 1084 huius
1517 1016 1659 1087 temporis,
1676 1019 1711 1073 ad
1729 1020 1804 1074 futu·

1005 1120 1064 1157 ram
1079 1102 1194 1175 gloriam
1210 1118 1271 1175 quae
1295 1102 1461 1158 revelabitur
1486 1104 1515 1157 in
1536 1104 1614 1160 nobis
1633 1104 1723 1177 (11011.
1739 1123 1801 1173 vrri,

1004 1192 1063 1260 18).
1079 1191 1164 1260 Cujus
1177 1192 1234 1259 jam
1245 1190 1371 1262 quaedam
1385 1190 1413 1246 in
1428 1191 1508 1247 nobis
1522 1193 1595 1261 jacta
1608 1203 1671 1248 sunt
1686 1196 1802 1262 semina,

1005 1295 1065 1352 quae
1075 1279 1182 1335 occulta
1192 1265 1350 1348 operatione
1371 1293 1400 1333 se
1412 1277 1471 1349 ipsa
1485 1279 1520 1333 ad
1534 1281 1718 1337 maturitatem
1736 1299 1804 1354 per-

1005 1366 1116 1434 ducunt,
1126 1374 1154 1422 et
1168 1366 1203 1421 ad
1218 1366 1332 1437 perfecti
1347 1365 1450 1422 fructus
1461 1368 1651 1426 substantiam.
1668 1370 1803 1426 Substan-

1006 1456 1042 1512 tia
1056 1456 1115 1510 baee
1128 1471 1179 1527 per
1192 1453 1340 1526 quamdam
1354 1455 1514 1510 seminalem
1533 1457 1650 1527 gratiam
1665 1475 1738 1515 nunc
1753 1476 1805 1517 oc·

1006 1546 1125 1601 cultatur
1140 1543 1167 1597 in
1183 1543 1274 1598 nobis
1292 1543 1455 1599 Substantia
1471 1561 1543 1612 mea,
1560 1545 1657 1618 inquit,
1673 1551 1704 1603 in
1728 1552 1805 1618 insa-

1007 1631 1128 1690 rtert'bus
1143 1637 1237 1687 terrae.
1249 1631 1483 1703 (Psatcrxxvur,
1497 1633 1551 1704 ts).
1561 1632 1641 1690 Vides
1651 1637 1697 1690 ubl
1712 1638 1807 1692 occul-

156 1724 275 1800 Spiritus
289 1723 339 1779 Dei
354 1723 381 1777 in
400 1722 456 1778 illo.
482 1724 546 1788 flos,
560 1722 648 1794 inquit
663 1722 773 1788 Paulus,
793 1720 953 1792 accepimus
969 1709 991 1786 B
1008 1728 1157 1776 tatameam
1171 1718 1486 1789 dicit‘tininseriertbus
1500 1724 1592 1777 terra.
1608 1721 1807 1779 felicitercum

158 1814 298 1888 Spiritum
309 1812 357 1883 qui
371 1827 408 1867 ea
422 1814 475 1867 Dee
492 1816 543 1877 est,
556 1815 589 1865 ut
600 1814 724 1867 sciamus
736 1826 827 1882 quiea
840 1812 895 1865 Dea
910 1808 955 1866 do
1007 1822 1040 1862 eo
1056 1806 1128 1878 quod
1142 1822 1197 1860 non
1210 1805 1345 1860 inintlnis.
1356 1809 1414 1880 Ego
1425 1807 1550 1878 quaedam
1566 1815 1653 1895 terrae⁸
1661 1811 1809 1880 superiora

157 1906 229 1957 nata
242 1904 309 1958 sunt
319 1899 399 1957 nobis
411 1901 435 1969 (1
450 1900 512 1956 Cor.
527 1914 559 1968 rr,
572 1903 628 1969 11).
638 1899 778 1971 Numquid
787 1898 897 1954 omnia?
907 1901 954 1952 aut
1008 1893 1121 1965 accipio,
1137 1894 1260 1965 quaedam
1284 1893 1421 1961 inferiora,
1436 1894 1562 1965 quaedam
1589 1894 1692 1951 infima.
1714 1897 1808 1968 Supe-

157 1990 181 2047 ai
204 1989 296 2045 omnia
310 1989 381 2046 scire
395 1989 492 2060 potuit,
513 1987 646 2060 numquid
661 1987 773 2043 omnino
786 1986 800 2040 t
814 1987 856 2043 Ne
870 2001 955 2040 uuum
1008 1982 1081 2041 riore
1095 1992 1157 2037 sunt
1171 1983 1229 2053 ipsa
1252 1982 1376 2052 corporis
1389 1983 1501 2037 humani
1517 1991 1614 2039 natura
1629 2003 1635 2041 :
1662 1984 1810 2055 inferiora,

159 2077 279 2151 quidem,
300 2085 330 2132 ut
353 2077 479 2143 arbitror,
496 2092 528 2132 ex
547 2076 673 2148 integro:
701 2083 728 2132 et
743 2075 766 2130 si
785 2076 813 2130 in
835 2075 953 2149 flagello,
1008 2070 1094 2141 ipsius
1107 2078 1211 2125 naturae
1226 2069 1380 2142 corruptela
1397 2085 1404 2123 :
1419 2070 1521 2138 intima,
1539 2072 1663 2143 quaedam
1678 2071 1810 2143 iniquitas

158 2183 215 2223 non
229 2167 317 2239 potuit
330 2166 484 2239 intelligere
499 2165 611 2222 donum.
632 2165 738 2223 Utiliter
750 2165 811 2237 ipsa
824 2164 876 2235 sibi
890 2179 956 2218 cou-
1010 2167 1038 2215 11
1053 2159 1130 2230 culpa
1144 2158 1178 2213 de
1198 2159 1356 2228 corruptela
1378 2158 1541 2229 procedens,
1558 2168 1585 2214 11
1604 2160 1692 2230 ipsam
1717 2160 1809 2231 magis

159 2256 271 2313 scientia
299 2256 477 2312 absconditur
504 2255 534 2310 in
556 2261 643 2329 parte,
665 2262 692 2310 et
715 2255 773 2326 ipse
796 2251 956 2325 proficiendi
1010 2262 1199 2318 corrumpens.
1218 2247 1282 2302 ldeo
1305 2262 1359 2301 non
1382 2246 1448 2302 dicit
1472 2247 1652 2302 substantiam
1677 2264 1754 2302 suam
1781 2249 1810 2303 in

159 2360 237 2401 amor
250 2344 351 2400 nimius
364 2345 534 2401 incrementa
549 2345 593 2400 sui
612 2342 749 2415 profectus
768 2344 885 2414 ignorat.
902 2342 957 2396 De·
1010 2332 1120 2402 intimis,
1138 2335 1210 2406 quod
1233 2334 1336 2390 nullum
1353 2336 1453 2390 babeat
1466 2335 1613 2405 spiritualis
1627 2336 1715 2406 gratia
1734 2337 1811 2407 (quae

161 2433 245 2505 nique
265 2449 319 2490 non
333 2433 394 2504 ipse
408 2434 538 2490 virtutum
553 2433 627 2490 velut
644 2448 788 2504 pommum
807 2431 955 2503 integritas,
1011 2440 1118 2480 summa
1136 2424 1277 2493 Prophetae
1295 2423 1457 2492 substantia)
1477 2440 1538 2478 cum
1562 2423 1704 2496 iniquitate
1728 2441 1811 2481 eom-

163 2520 214 2575 aed
228 2527 334 2575 tantum
348 2520 481 2592 fragmina
504 2519 532 2575 in
546 2521 626 2592 genis
645 2535 754 2593 sponsae
777 2519 899 2575 eminere
914 2517 958 2572 di·
1008 2511 1145 2581 mercium
1163 2527 1170 2568 :
1186 2511 1245 2578 sed,
1261 2511 1293 2565 in
1314 2512 1495 2581 insntortbus
1520 2517 1614 2568 terra.
1638 2513 1811 2570 Substantia

164 2615 262 2664 cuntur
277 2624 285 2674 ;
309 2606 373 2679 quia
392 2608 465 2679 quod
479 2607 508 2662 in
522 2608 603 2680 genis
617 2615 669 2674 eat,
686 2608 714 2663 in
728 2607 846 2666 evidenti
860 2613 910 2663 est.
926 2606 960 2660 Et
1012 2616 1135 2667 1111,οο
1150 2600 1224 2673 quod
1239 2599 1436 2655 medicinaliter
1450 2600 1539 2672 gratia
1555 2601 1672 2672 Spiritus
1686 2603 1714 2656 in
1729 2601 1810 2657 11111-

163 2696 187 2752 11
201 2695 277 2751 11111
291 2695 352 2766 quis
366 2710 461 2752 reram
480 2695 509 2749 in
532 2712 561 2751 se
579 2695 686 2751 virtutis
700 2695 815 2766 alicuius
828 2693 957 2768 gratiam,
1006 2690 1105 2753 ,1111111
1116 2688 1207 2745 carnis
1225 2688 1259 2742 sit
1274 2688 1420 2755 occultata,
1438 2696 1464 2744 et
1475 2689 1555 2760 quasi
1569 2689 1730 2745 fermentum
1744 2693 1810 2746 abs·

162 2779 296 2852 numquid
305 2780 516 2848 vehementiam,
532 2780 664 2851 numquid
677 2782 868 2850 constantiam,
878 2798 959 2837 num·
1013 2778 1122 2836 condita
1136 2792 1238 2833 sanans
1254 2785 1281 2832 et
1295 2793 1422 2849 operans,
1435 2777 1524 2834 donec
1541 2779 1722 2834 absorbeatur
1735 2796 1811 2835 mor-

157 2867 960 2946 ¹quidperseverautiam‘tltenest,inquit,oceultatumes
1013 2866 1103 2925 talitas
1128 2881 1144 2920 a
1167 2866 1232 2923 vita.
1256 2866 1326 2922 Nam
1350 2879 1406 2921 non
1433 2866 1515 2924 debet
1529 2882 1619 2922 massa
1647 2867 1811 2924 fermentum

162 2973 259 3013 meum
273 2974 291 3012 a
304 2962 340 3023 te,
357 2957 428 3028 qaod
440 2959 534 3027 fecisti
547 2957 579 3011 in
593 2958 702 3016 occulto
717 2958 806 3030 (Psal.
820 2973 958 3024 cxxxvlii,
1014 2970 1201 3027 corrumpere,
1220 2955 1268 3010 sed
1282 2954 1370 3026 magn
1386 2970 1402 3009 a
1417 2954 1551 3011 fermento
1567 2956 1595 3010 in
1611 2955 1726 3013 similem
1742 2973 1810 3013 con·

163 3045 220 3116 tt).
236 3045 271 3098 Et
282 3044 306 3098 si
320 3043 387 3098 mibi
400 3044 538 3100 occultum
559 3054 611 3112 est,
627 3062 682 3101 non
699 3053 790 3103 tamen
803 3046 862 3101 tibi.
875 3046 960 3118 Spirl-
1013 3044 1085 3101 verti
1100 3058 1239 3116 saporem.

163 3141 207 3188 tus
223 3133 296 3189 enirn
311 3141 373 3188 tuus
387 3133 479 3189 omnia
492 3142 639 3202 scrutatur,
656 3135 739 3191 etiam
759 3136 865 3192 occulta
886 3092 998 3192 mea.c
1048 3135 1075 3189 5.
1092 3132 1147 3188 Sed
1161 3142 1189 3188 et
1203 3131 1268 3187 alibi
1277 3131 1351 3188 idem
1365 3129 1430 3188 dicit
1446 3149 1453 3189 :
1470 3131 1637 3189 Substantia
1647 3150 1709 3189 mea
1734 3132 1810 3206 apud

162 3221 271 3280 Utinam
291 3221 355 3278 talia
377 3222 405 3277 in
432 3239 477 3279 me
497 3224 603 3280 occulta
617 3225 704 3281 multa
717 3226 835 3282 habeam
850 3225 959 3296 cognita
1015 3226 1096 3281 tecet
1111 3222 1197 3292 (Psat.
1207 3236 1328 3288 11111111,
1340 3224 1378 3295 8).
1390 3222 1464 3292 Ergo
1474 3229 1502 3276 11
1512 3221 1719 3278 ininferiorihus
1731 3231 1811 3277 111111

163 3309 222 3377 tibi,
237 3312 304 3366 lesu
317 3311 399 3382 bone,
416 3318 443 3367 et
458 3313 575 3384 reposita
589 3313 618 3367 io
639 3313 773 3370 thesauris
797 3313 858 3368 tuis.
883 3312 959 3370 Peri·
1013 3313 1074 3381 eius
1088 3311 1239 3366 substantia
1253 3319 1304 3376 111,
1321 3319 1349 3366 11
1361 3310 1434 3383 apud
1455 3310 1609 3366 Dominum.
1635 3311 1809 3378 Distantibus

163 3399 258 3456 culosa
272 3398 400 3472 repositio
415 3399 528 3456 istarum
552 3402 582 3456 in
601 3417 664 3458 mea
682 3403 805 3469 scientia,
821 3403 885 3459 ideo
908 3410 960 3458 111

158 3486 250 3563 Ι1111111
264 3494 321 3543 1111
335 3486 382 3544 illa
395 3489 544 3545 committo.
557 3489 610 3545 Sed
621 3507 676 3546 non
691 3507 743 3563 ega
758 3497 813 3546 tam
828 3489 960 3547 11111111-

161 3575 240 3632 mitto
255 3576 313 3646 tibi,
329 3593 410 3649 quam
435 3585 464 3633 tu
483 3595 539 3634 non
563 3580 708 3636 committis
731 3579 806 3634 milri.
823 3580 909 3639 Penes
935 3586 960 3634 te

163 3665 252 3720 adhuc
277 3664 360 3719 tutius
382 3665 458 3721 foves
487 3668 560 3738 quod
591 3667 676 3722 fecisti
705 3668 734 3722 in
762 3667 878 3725 occulto.
902 3669 960 3725 Nec

162 3767 272 3823 sponsae
287 3752 415 3824 perfectio
430 3759 506 3809 tanta
520 3755 618 3810 sinitur
632 3756 683 3826 ipsi
697 3763 793 3828 patere
808 3767 835 3812 et
849 3757 959 3829 prodire

162 3856 192 3896 m
205 3856 301 3911 genas.

200 3931 227 3984 t.
243 3929 299 3995 Sic,
319 3929 417 4002 inquit,
434 3946 512 4009 genre
531 3935 599 4003 tua,
623 3931 724 4005 absque
746 3932 867 3991 occultis
890 3932 959 3989 tuis.

158 4015 234 4087 ¹Sunt
246 4016 371 4090 quaedam
386 4019 494 4075 occulta
508 4025 631 4093 tempore
647 4035 770 4093 congruo
786 4022 961 4093 producenda

162 4105 306 4176 inlunem,
322 4113 350 4162 et
377 4105 405 4161 in
425 4105 493 4163 faeie
517 4107 688 4166 collocanda.
704 4109 815 4167 Interim
832 4110 960 4167 latentia

163 4193 268 4251 semina
292 4202 413 4267 tempore
437 4211 487 4254 suo
517 4196 627 4269 plenam
655 4207 801 4271 acceptura
829 4198 960 4271 speciem.

162 4281 243 4339 Nune
265 4283 349 4358 igitur
372 4300 472 4356 sponsa
493 4301 535 4354 es,
551 4287 601 4343 sed
625 4287 746 4344 nondum
768 4296 882 4360 apparet
896 4288 959 4361 qnid

163 4370 229 4430 cris.
245 4372 320 4442 Quis,
335 4380 425 4446 putas,
441 4372 538 4429 similis
552 4375 605 4432 mei
620 4372 676 4432 δῦ
697 4392 758 4433 cum
781 4377 961 4448 apparuero?

162 4459 199 4519 Et
210 4477 283 4519 nunc
298 4461 504 4519 similitudinem
519 4471 595 4520 tenes
610 4463 638 4519 in
652 4473 739 4537 parte,
756 4465 819 4538 quia
833 4481 867 4521 ex
880 4471 959 4537 parte
974 4479 998 4559 n
1015 4468 1066 4523 bus
1080 4467 1146 4523 dicit
1161 4483 1167 4521 :
1185 4467 1229 4523 lta
1242 4484 1321 4541 pena
1333 4471 1400 4535 tua,
1412 4468 1512 4541 absque
1528 4467 1649 4525 occultis
1665 4469 1733 4523 tuis.
1744 4466 1810 4522 ldeo

163 4551 319 4624 cognoscis.
335 4551 465 4609 1111111111
475 4551 545 4609 11111
555 4554 612 4623 jam
631 4554 746 4629 gloriam
761 4569 852 4609 meam
866 4569 962 4625 specu-

162 4635 241 4707 laris,
262 4640 309 4696 sed
326 4648 416 4697 amen
434 4641 524 4697 adbuc
540 4642 771 4698 transformarisa
794 4642 917 4700 claritate
932 4643 961 4698 in

165 4725 316 4783 claritatem
340 4728 379 4800 (11
404 4731 466 4788 Cer.
489 4744 531 4796 111,
563 4731 617 4802 ta).
644 4731 715 4786 Dum
746 4732 959 4800 transformaris,

164 4814 284 4872 nondum
301 4815 406 4893 integre
428 4826 514 4873 tenes.
538 4818 739 4875 'transformari
753 4820 886 4892 proficere
906 4829 958 4889 est,

123 4924 126 4931 ·
164 4920 220 4962 non
234 4921 296 4961 esse
310 4904 473 4977 perfectum.
497 4906 650 4964 Perfectum
673 4916 764 4965 autem
789 4921 864 4966 tuum
888 4925 959 4966 non·

164 4987 295 5062 dumtui;
311 4992 360 5048 sed
382 4992 439 5063 jam
454 4994 525 5050 oculi
539 4994 593 5051 mei
613 4994 705 5052 vident
723 5011 730 5050 :
745 5013 831 5070 penes
846 4999 959 5067 mejam

164 5083 297 5156 aequalis
311 5081 401 5138 futura
425 5100 464 5140 es.
480 5085 540 5139 tarn
554 5085 581 5141 in
596 5085 666 5142 libro
680 5086 819 5160 descripta
832 5103 862 5143 es
886 5087 956 5154 ritae,

164 5177 193 5226 et
205 5172 234 5226 in
248 5172 376 5228 manibus
390 5173 498 5245 depinxi
514 5184 550 5232 te.
561 5174 654 5231 Facies
664 5184 711 5231 tua
726 5191 819 5232 eoram
834 5192 878 5231 me
889 5191 959 5232 sem·

163 5274 225 5333 per,
241 5276 331 5317 coram
346 5279 390 5319 me
403 5263 500 5335 fulget,
516 5264 619 5337 quaein
633 5272 660 5320 te
674 5280 747 5321 nunc
756 5271 797 5320 est
806 5262 958 5323 obfuscata.

164 5345 225 5401 tam
239 5344 398 5405 drachmam
416 5350 544 5427 imaginis
558 5368 627 5409 meae
648 5349 831 5418 1111111111,
848 5351 898 5408 sed
914 5353 960 5408 ad-

151 5432 352 5523 ,1111111111
366 5437 473 5515 1111111
487 5440 623 5516 rubigine,
639 5447 666 5499 et
684 5440 838 5500 occultatur
852 5442 959 5515 species

1009 3401 1098 3467 estin
1120 3399 1186 3455 locis
1210 3399 1379 3466 abscondita,
1397 3401 1424 3454 in
1442 3400 1629 3472 superioribus
1643 3400 1715 3465 coeli,
1739 3410 1766 3455 11
1781 3400 1809 3455 11

1012 3487 1185 3545 inferioribus
1202 3497 1300 3554 terrae3
1318 3489 1346 3544 in
1360 3488 1523 3558 eternitate,
1538 3488 1608 3543 etin
1627 3488 1784 3543 infirmitate
1801 3503 1808 3541 :

1013 3579 1051 3633 ibi
1073 3594 1121 3650 per
1149 3578 1357 3649 providentiam,
1388 3578 1432 3634 bic
1455 3593 1505 3650 per
1531 3577 1719 3648 inoperantem
1744 3594 1809 3648 gra-

1013 3667 1088 3722 tiam.
1116 3666 1152 3721 Et
1178 3667 1249 3722 hona
1277 3667 1372 3742 gratia,
1396 3683 1457 3740 quae
1480 3667 1519 3722 sic
1552 3667 1683 3722 virtutum
1716 3665 1809 3738 prof-

1012 3765 1073 3814 ctus
1102 3764 1240 3828 operatur,
1272 3765 1302 3811 11
1337 3756 1483 3828 quemdam
1519 3755 1697 3828 perfectionis
1727 3770 1810 3826 sapo-

1012 3860 1073 3902 rem
1087 3845 1165 3901 nobis
1187 3844 1306 3902 vicissim
1331 3844 1443 3917 aspiret,
1469 3854 1498 3901 et
1525 3851 1631 3901 eructet
1650 3843 1811 3900 abscondita

1012 3933 1047 3988 ab
1084 3933 1189 4008 origine
1227 3934 1330 4001 mundi,
1368 3933 1528 3990 abscondita
1555 3933 1667 4014 nunde,
1697 3941 1726 3989 et
1758 3933 1810 3987 ab·

1013 4022 1138 4079 scondita
1169 4023 1197 4079 in
1230 4025 1297 4092 Deo,
1331 4022 1378 4078 ubi
1414 4023 1467 4079 vila
1512 4031 1606 4079 nostra
1648 4021 1811 4078 abscondita

1014 4120 1056 4168 est
1069 4127 1131 4168 cum
1146 4111 1266 4170 Christo.
1281 4114 1314 4166 Et
1329 4128 1391 4168 vere
1405 4127 1506 4184 magna
1520 4111 1663 4167 multitudo
1687 4109 1810 4166 dulcedi-

1014 4201 1128 4266 1111111,
1145 4200 1270 4268 Domine,
1287 4216 1369 4272 quam
1383 4200 1562 4266 abscondisti,
1578 4200 1627 4256 sed
1651 4199 1810 4255 timentibus

1014 4276 1051 4356 te,
1067 4304 1122 4345 non
1137 4289 1301 4346 amantibus.
1316 4289 1379 4346 ldeo
1395 4305 1446 4346 uec
1461 4304 1568 4361 sponsae
1587 4289 1657 4345 forte
1676 4290 1734 4344 baec
1750 4285 1809 4342 lur-

1013 4377 1068 4435 tiva
1082 4378 1207 4434 dulcedo.
1224 4379 1272 4434 llla
1294 4378 1352 4449 ipsa
1367 4378 1473 4434 occulta
1491 4385 1553 4432 sunt
1567 4393 1683 4449 sponsae,
1700 4377 1735 4432 de
1751 4376 1812 4448 qui·

1014 4573 1070 4613 non
1094 4566 1206 4629 propter
1233 4558 1305 4612 illam
1330 4563 1434 4610 tantum
1448 4557 1506 4611 haec
1521 4571 1573 4610 vox
1595 4554 1667 4610 facta
1682 4562 1733 4620 est,
1760 4554 1811 4609 sed

1012 4654 1125 4719 propter
1139 4647 1356 4710 circumstantes,
1380 4644 1468 4715 magis
1492 4659 1566 4709 vero,
1593 4650 1705 4714 propter
1728 4642 1810 4714 longe

1014 4743 1116 4791 stantes
1129 4743 1156 4791 et
1169 4743 1283 4806 propter
1297 4734 1460 4788 resistentes
1477 4751 1483 4789 :
1504 4740 1618 4804 propter
1636 4731 1697 4786 illos
1712 4732 1758 4803 qui
1781 4746 1810 4786 se

1015 4823 1107 4878 timide
1123 4823 1264 4878 retrahunt
1280 4832 1404 4878 asancta
1419 4821 1637 4886 conversatione,
1654 4827 1681 4875 11
1698 4827 1811 4890 propter

1013 4909 1074 4967 illos
1098 4910 1144 4983 qui
1168 4911 1257 4967 invide
1272 4911 1428 4966 detrahunt.
1451 4908 1573 4978 Quorum
1597 4908 1642 4963 alii
1666 4908 1748 4964 vitam
1770 4923 1811 4962 se

1012 5007 1124 5064 cretam,
1144 4997 1226 5054 vitam
1251 5010 1413 5065 sanctorum,
1436 5015 1548 5055 vacuam
1573 5005 1670 5070 putant
1696 5003 1724 5052 et
1750 4995 1810 5050 sine

1011 5087 1125 5143 honore.
1141 5086 1193 5142 dlii
1204 5088 1314 5158 quidem
1324 5096 1351 5143 et
1366 5088 1388 5143 si
1402 5105 1458 5144 nan
1468 5102 1593 5153 vacuam,
1608 5093 1701 5140 tamen
1724 5093 1810 5140 totum

1012 5177 1072 5246 ejus
1097 5190 1242 5232 excursum
1264 5192 1325 5238 cum
1345 5193 1452 5232 summo
1472 5177 1585 5232 horrore
1603 5193 1609 5240 ;
1627 5189 1691 5228 nam
1706 5171 1810 5229 exitum

1012 5264 1070 5320 sine
1085 5264 1189 5320 honore
1204 5260 1337 5336 suspicari
1359 5280 1414 5320 non
1437 5264 1549 5321 audent.
1564 5261 1616 5317 dlii
1638 5276 1748 5329 vanam,
1764 5259 1809 5315 alii

1012 5368 1135 5410 amaram
1149 5353 1306 5429 religionem
1320 5360 1428 5426 putant.
1443 5353 1485 5410 llll
1500 5368 1556 5407 non
1579 5356 1756 5415 venerantur,
1782 5356 1810 5405 et

1011 5441 1057 5500 isti
1067 5451 1196 5504 verentur
1211 5442 1353 5503 10111111.
1376 5443 1440 5500 1110
1455 5443 1489 5500 de
1504 5441 1619 5529 01011111
1633 5454 1743 5517 eponsae
1760 5453 1809 5497 cu-
