3706 5962
96 207 165 266 tuat
680 195 789 256 Sssllth
807 192 948 255 Hhsstltts
967 191 1001 254 ΙΝ
1020 189 1158 252 stione.
1677 192 1746 252 1088

94 346 156 389 nam
172 344 225 384 non
240 325 384 390 sustinent,
395 323 442 379 sed
457 330 616 380 coacervant
629 323 680 379 sibi
696 323 841 398 magistros
855 322 889 379 ad
906 336 930 417 Α
945 318 1187 394 temporariam.
1203 332 1231 386 x,
1247 316 1283 389 1).
1299 316 1600 390 Messisutiquemutta,
1612 327 1642 375 et
1657 333 1749 376 sacen

94 416 229 478 desideria
245 430 305 481 sua,
320 413 346 467 in
362 412 488 485 quibusa
507 412 617 469 veritate
630 428 660 468 se
673 420 807 480 avertunt,
823 415 889 470 etad
944 408 1021 465 dotes
1035 407 1110 462 multi
1127 424 1134 461 :
1150 411 1178 462 et
1192 405 1350 462 mercenarii
1361 406 1449 472 multi,
1460 407 1506 463 sed
1522 408 1641 478 operarii
1656 408 1750 480 pauci.

95 507 200 565 fabulas
219 512 246 561 ct
267 502 400 559 vanitates
423 501 503 571 hujus
530 501 622 558 saeculi
650 509 843 558 convertuntur
855 503 894 570 (ll
945 498 1026 553 Pauci
1041 497 1121 567 plane
1134 494 1262 565 operarii,
1281 504 1308 550 et
1330 494 1477 550 admodum
1491 497 1544 552 rari
1563 496 1751 555 inconfusibi-

99 596 171 654 Tim.
187 610 226 660 rv,
238 593 264 658 3,
282 591 320 665 l).
336 591 398 646 llaec
422 598 485 645 snnt
510 589 630 662 inquam,
664 590 809 647 novissima
823 598 891 646 tem·
944 588 994 650 les,
1011 585 1057 656 qui
1072 582 1235 654 aspicientes
1249 582 1277 638 in
1292 593 1430 641 auctorem
1449 584 1511 641 fidei
1526 592 1553 642 et
1567 600 1749 644 consumma·

96 699 171 756 pora,
186 683 212 738 in
224 680 323 754 quibus
337 677 489 752 refrigescit
501 679 626 744 charitas,
646 688 673 735 et
695 678 813 734 abundat
834 677 890 733 iui-
945 681 1030 731 torem
1044 673 1146 741 Jesnm,
1162 687 1231 745 qnos
1244 672 1382 729 instruunt
1395 675 1477 731 verbo
1492 684 1591 732 sancte
1612 677 1750 748 predica·

96 771 186 845 quitas
200 770 358 825 multorum.
369 767 461 838 Quare
483 765 764 836 hocdicoiouia,ut
778 767 891 823 audistis
944 763 1035 833 tionis,
1052 778 1106 818 uon
1133 762 1275 818 destruunt
1297 762 1422 833 exemplo
1446 780 1536 835 prava
1560 766 1751 838 operationis,

96 869 151 918 tres
165 873 303 931 personas,
319 857 384 923 imo,
402 864 429 912 ut
445 856 551 928 planius
579 856 675 923 dicam,
707 857 758 913 tria
789 871 890 930 genera
943 852 1079 910 efficacius
1093 866 1176 923 opere
1192 867 1273 923 quam
1287 853 1371 908 verbo
1385 852 1578 923 predicantes.

95 950 237 1007 doctorum
260 953 382 1003 sanctum
411 945 539 1002 describit
566 945 755 1018 Evangelium.
771 946 889 1003 Primum
979 942 1006 996 l.
1020 926 1174 995 Notandum
1189 955 1252 996 vero
1271 941 1344 1012 quod
1359 938 1498 997 liliusuon
1520 941 1596 1010 dicit,
1625 943 1681 1000 Fac
1706 960 1749 1002 me

97 1053 185 1111 genus
203 1036 319 1106 aliquam
345 1034 455 1105 quidem
483 1042 596 1106 partem,
616 1036 664 1091 sed
679 1035 889 1108 unumquodque
943 1045 1026 1085 unum
1041 1029 1321 1086 demeroensriistuis
1336 1046 1343 1084 z
1361 1031 1419 1097 sed,
1439 1030 1492 1087 Fac
1507 1032 1642 1089 meamet
1656 1049 1749 1091 cnam

97 1126 211 1183 duorum
222 1123 395 1196 sequentium
412 1123 551 1198 copiosam
565 1132 594 1182 et
606 1124 788 1196 perniciosam
803 1125 890 1181 inehr·
943 1117 976 1176 dc
986 1117 1169 1175 rnerccnmiis
1178 1117 1319 1186 laistim.
1328 1132 1377 1184 xv,
1391 1119 1453 1188 19),·
1469 1128 1498 1173 ut
1512 1119 1640 1176 uidelicet
1655 1120 1750 1177 eaaibi

96 1213 137 1270 dit
149 1213 349 1270 multitudinem
363 1213 535 1284 praelatorum
547 1233 556 1284 ς
570 1215 618 1271 sed
634 1213 696 1270 illos
705 1213 826 1271 defendit
840 1231 889 1270 nn·
943 1207 1050 1275 offerii.
1066 1204 1210 1273 benefici&
1229 1205 1329 1278 quibus
1342 1204 1381 1260 illi
1405 1207 1607 1263 communicant
1621 1208 1650 1264 in
1672 1225 1747 1280 prae-

97 1317 200 1360 merus.
214 1303 245 1358 ln
263 1301 351 1374 primo
369 1302 427 1359 soto
454 1318 553 1376 genere
567 1303 684 1358 abundat
702 1303 838 1375 charitas3
862 1304 890 1360 in
944 1296 1024 1352 senti.
1048 1294 1137 1367 lnquil
1161 1294 1301 1351 Psalmis&
1317 1311 1325 1348 ²
1339 1295 1447 1352 cibavit
1463 1312 1507 1353 ⁸0⁸
1525 1313 1563 1353 ex
1577 1299 1661 1371 adipe
1680 1302 1745 1370 [111-

45 1444 48 1449 ,
98 1391 158 1448 aliis
170 1391 398 1449 duobusomnino
415 1392 527 1467 refriget
552 1391 598 1448 ubi
626 1391 751 1448 nimirum
774 1393 891 1449 abundat
943 1387 1036 1443 menti
1050 1385 1137 1456 (Psoi.
1152 1399 1238 1451 tux,
1256 1382 1396 1453 ¹71·Q¹10⁵
1411 1384 1563 1440 0⁰87A11di
1578 1387 1656 1458 quod
1681 1405 1749 1458 itrae·

97 1480 232 1552 iniquitas.
247 1481 369 1538 Audistis
383 1481 564 1554 proprietates
591 1481 769 1553 singulorum.
798 1482 891 1538 Bonus
945 1475 1060 1531 mittitur
1080 1472 1221 1531 :Inimici
1240 1473 1355 1531 Domini
1365 1474 1484 1530 mentiti
1497 1480 1568 1531 sont
1577 1475 1618 1532 ei.
1633 1476 1668 1532 lli
1686 1487 1750 1532 suut

97 1579 192 1643 pastor
206 1580 247 1628 est
263 1571 309 1643 qui
325 1573 402 1643 punit
416 1571 532 1627 animam
560 1587 636 1627 snam
650 1587 699 1643 pro
712 1571 807 1627 ouibus
817 1572 889 1626 suis:
945 1580 1014 1637 quos
1028 1562 1235 1633 eihatexadipe
1255 1561 1393 1629 frumenti,
1415 1569 1443 1617 et
1466 1563 1545 1618 melle
1574 1565 1667 1620 satiat.
1696 1566 1749 1635 Qui

98 1660 280 1717 mercenarius
294 1660 393 1732 estqui
407 1660 479 1717 videt
507 1660 600 1733 lupum
623 1661 783 1730 venientem,
803 1670 830 1716 et
846 1659 892 1716 fu·
907 1617 930 1696 Β
947 1657 1010 1710 sunt
1023 1650 1260 1722 itliilferceuarii,
1277 1651 1324 1723 qui
1338 1650 1442 1707 licetad
1458 1654 1552 1708 horam
1565 1654 1693 1726 credant,
1722 1656 1749 1710 in

97 1750 138 1822 git
155 1749 218 1805 :fur
230 1748 326 1819 estqui
340 1754 437 1804 mactat
454 1758 481 1805 et
500 1750 609 1808 occidit.
623 1751 713 1806 Bonus
728 1757 819 1823 pastor
838 1765 892 1805 non
947 1751 1068 1813 tempore
1088 1749 1176 1797 tamen
1191 1739 1345 1796 tentationis
1366 1740 1496 1795 recedunt
1517 1742 1596 1812 (Luc.
1612 1758 1677 1813 vrri,
1692 1746 1748 1816 13).

98 1853 174 1893 suam
192 1838 355 1894 voluntatem
370 1836 469 1904 facere,
482 1839 529 1893 scd
545 1838 653 1893 Domini
664 1837 706 1893 sui
728 1837 824 1910 quaerit
837 1837 890 1893 uti·
945 1832 1023 1889 Unde
1038 1838 1110 1903 patet
1125 1829 1200 1901 quod
1223 1828 1303 1886 amici
1323 1835 1386 1883 sunt
1400 1830 1504 1885 mundi.
1527 1830 1638 1888 Amicam
1657 1843 1750 1890 antem

99 1925 212 1983 litatem.
226 1927 281 1999 lpsi
295 1925 346 1980 soli
361 1933 450 1981 servat
472 1923 562 1994 fidem,
587 1926 640 1999 ipsi
663 1926 777 1995 laborat,
802 1927 890 1999 ipsum
946 1922 1027 1991 hujus
1040 1918 1144 1986 mundi,
1155 1918 1279 1976 inimicus
1290 1918 1338 1973 Dei
1353 1918 1524 1975 constituitur
1534 1920 1645 1992 (tmoli
1657 1936 1698 1987 tv,
1711 1922 1748 1992 1).

98 2015 224 2072 honorat,
240 2014 295 2085 ipsi
308 2014 537 2088 quaeriigtoriam‚
555 2031 610 2072 non
636 2016 697 2072 sibi,
720 2016 786 2089 11891
814 2017 893 2072 enim
945 2009 1044 2066 lterum
1059 2017 1183 2080 quaerunt
1196 2023 1256 2081 quae
1269 2024 1319 2064 sua
1334 2014 1406 2077 sunt,
1423 2023 1479 2065 non
1493 2024 1553 2082 quae
1566 2010 1632 2066 lesu
1650 2011 1752 2066 Christi

99 2104 268 2162 seculorum
280 2103 452 2171 immortali,
468 2104 607 2160 invisibili
615 2105 668 2162 soli
681 2106 746 2171 Deo,
763 2104 851 2164 honor
865 2109 893 2160 ct
946 2097 1084 2171 (Phihpp-
1098 2114 1129 2166 1¹,
1144 2099 1191 2169 Ἡ)
1204 2115 1211 2153 ²
1224 2105 1251 2152 ei
1264 2097 1286 2152 ³1
1300 2112 1355 2154 1¹⁰ss
1371 2106 1498 2169 (luaefflfli
1513 2115 1575 2171 quae
1589 2097 1665 2155 illius
1676 2109 1750 2167 suni,

97 2194 188 2266 glorio
206 2193 239 2250 in
252 2194 546 2250 soecntasoeeulornm.
559 2195 658 2251 Amen.
676 2194 700 2264 (l
717 2195 786 2250 Tim.
799 2210 817 2260 ι,
835 2193 892 2265 17).
946 2212 1008 2251 cum
1022 2210 1054 2251 eo
1069 2211 1123 2252 non
1147 2202 1220 2251 sunt.
1243 2195 1278 2250 Et
1291 2194 1413 2265 quicum
1427 2209 1460 2249 eo
1474 2209 1529 2250 non
1549 2202 1625 2266 suut,
1651 2207 1751 2254 contra

98 2283 159 2338 Non
173 2281 262 2347 nobis,
274 2280 357 2338 ano
366 2282 489 2351 Domine,
498 2298 553 2339 non
566 2283 652 2351 nobis,
664 2284 711 2340 sed
727 2283 830 2340 nomini
844 2285 893 2340 tuo
947 2301 1007 2342 eum
1017 2291 1093 2353 suut;
1108 2285 1172 2358 qnia
1185 2285 1243 2353 ipse
1257 2285 1307 2340 ait:
1322 2283 1445 2340 Gaison
1462 2288 1503 2340 cst
1514 2298 1636 2353 meeum,
1646 2289 1752 2343 contre

98 2370 134 2425 da
148 2369 263 2442 gloriam
280 2370 369 2441 (Pantz
388 2386 464 2438 erin,
481 2372 526 2443 1).
540 2371 626 2428 Nobis
651 2372 757 2428 miseris
780 2373 816 2428 da
845 2389 894 2428 ve·
946 2379 1048 2432 maest
1064 2374 1141 2447 (inc.
1156 2388 1196 2439 xi,
1210 2375 1267 2444 13).
1283 2372 1316 2427 lit
1331 2373 1377 2444 qni
1392 2380 1488 2428 contra
1513 2389 1575 2428 eum
1595 2381 1670 2440 suut,
1699 2374 1752 2428 iui-

100 2458 182 2526 niam,
206 2458 241 2515 da
250 2461 374 2536 gratiam,
395 2461 442 2516 tibi
458 2477 536 2519 serva
549 2461 673 2535 gloriam,
699 2469 792 2533 utpote
811 2478 894 2536 aquo
947 2463 1011 2520 mici
1026 2464 1086 2533 ejus
1114 2469 1186 2518 sunt.
1216 2459 1247 2515 lii
1272 2477 1319 2531 per
1333 2461 1466 2515 exteriora
1489 2461 1658 2517 mentiuntur
1691 2463 1751 2518 Deo

101 2555 142 2603 est
160 2548 237 2605 venia
265 2557 448 2623 peccatorum,
464 2564 490 2607 et
508 2551 597 2623 gratia
621 2552 787 2609 meritorum.
804 2552 895 2608 Bonus
947 2552 983 2608 de
996 2547 1337 2607 interioribus.Cumcnim
1351 2563 1414 2603 sane
1430 2547 1585 2617 predicent,
1606 2553 1634 2604 et
1647 2550 1752 2604 munde

101 2645 192 2710 pastor
207 2640 236 2692 iu
250 2639 322 2695 omui
339 2639 431 2697 labore
444 2639 616 2698 villicationis
634 2657 692 2698 suae
710 2642 808 2715 quaerit
840 2657 894 2697 non
947 2641 1047 2707 vivant,
1056 2638 1197 2695 sanitatem
1206 2638 1352 2709 loquuntur
1366 2636 1525 2691 intentionis
1546 2644 1600 2692 :ut
1623 2637 1753 2695 videlicet

100 2742 162 2798 quae
177 2742 225 2782 sua
240 2735 311 2792 sunt,
328 2728 376 2782 sed
391 2729 573 2801 quaeChristi;
586 2729 895 2802 quodpropriumhabet
948 2731 1035 2787 Deum
1048 2730 1163 2785 habeant
1182 2728 1210 2782 in
1228 2741 1320 2792 causa,
1346 2732 1374 2781 et
1388 2725 1479 2780 omnia
1498 2725 1631 2782 interiora
1654 2741 1752 2781 eorum

102 2809 229 2866 charitas.
252 2811 329 2867 Unde
354 2812 377 2867 si
405 2814 566 2886 quandoque
594 2815 750 2882 excesserit,
776 2815 894 2871 charitas
947 2818 1104 2876 benedicant
1130 2815 1234 2872 nomini
1264 2824 1357 2871 saneto
1383 2816 1456 2884 ejns;
1486 2829 1549 2871 cum
1568 2823 1633 2871 tunc
1659 2822 1755 2872 umen

103 2901 189 2970 operit
199 2901 609 2976 multitudinempeccatorumll
617 2907 693 2961 Petr.
705 2909 802 2971 vaiet
811 2908 894 2961 Pron.
911 2894 1002 2975 cnon
1018 2908 1114 2971 Deum,
1135 2906 1183 2961 sed
1209 2904 1356 2971 mundum;
1378 2918 1433 2957 uon
1459 2904 1611 2969 Dominum,
1637 2904 1688 2960 sed
1725 2921 1755 2960 se

103 3004 133 3054 x,
156 2991 198 3056 tat
210 3007 216 3046 :
229 2989 276 3043 sed
291 2998 318 3044 et
331 2990 390 3061 ipse
403 2991 561 3046 advocatum
576 2993 657 3049 habet
672 2993 699 3048 iu
715 2993 790 3048 coelis
803 2994 896 3049 lesum
949 2999 1024 3070 ipsos
1035 2996 1150 3051 habeant
1164 2994 1191 3048 in
1200 3008 1294 3049 causa.
1308 2991 1476 3048 Mentiuntur
1489 2992 1578 3064 potius
1590 2993 1648 3048 Deo
1664 3008 1756 3062 quam

104 3075 237 3131 Christum
252 3076 397 3130 Dominum
421 3087 552 3149 nostrum,
568 3078 669 3150 etipse
688 3087 729 3135 est
744 3079 896 3151 propitiatio
950 3084 1115 3150 hominibus,
1129 3083 1164 3137 ad
1177 3082 1255 3151 cujus
1269 3081 1462 3136 contumeliam
1487 3088 1587 3152 spectat
1599 3087 1678 3137 tanta
1693 3083 1756 3138 col·

103 3162 285 3237 propeccatis
303 3163 404 3220 nostris
420 3166 444 3236 ll
461 3167 543 3222 loon.
553 3182 582 3232 u,
600 3171 626 3234 1,
642 3168 681 3240 i).
950 3173 1013 3228 latio
1034 3171 1183 3244 gratiarum
1199 3170 1317 3241 :quihus
1332 3185 1388 3224 uon
1404 3173 1534 3228 honorem
1549 3169 1609 3236 Ue‘i,
1638 3171 1688 3225 sed
1702 3171 1757 3226 ho·

140 3252 358 3309 &berecharius
372 3262 422 3321 est,
439 3262 468 3311 nt
482 3255 613 3324 diximus,
631 3259 676 3329 qui
692 3257 787 3314 videns
801 3259 897 3330 lupum
950 3277 1045 3318 norem
1063 3259 1180 3317 hominis
1208 3268 1313 3316 constat
1333 3260 1444 3332 acquiri,
1473 3277 1523 3317 nec
1550 3259 1684 3331 charitati,
1706 3262 1756 3318 sed

104 3341 265 3408 venientem,
282 3341 360 3416 fugit.
376 3342 478 3412 Quarit
492 3359 558 3420 ergo
582 3362 643 3416 quae
670 3362 718 3402 sua
742 3355 814 3415 sunt,
843 3364 897 3403 nou
951 3351 1093 3423 cupiditati
1119 3349 1260 3416 deserviri,
1292 3350 1369 3406 Unde
1397 3350 1539 3422 operarius
1557 3349 1756 3406 inconfusibilis

38 3459 41 3464 ·
103 3447 163 3503 quae
176 3431 242 3487 lesu
256 3431 367 3488 Christi.
382 3432 507 3505 Alioquin
521 3437 613 3507 utique
635 3450 690 3490 non
714 3434 829 3509 fugeret,
851 3437 898 3492 sed
951 3440 1069 3513 postulat
1082 3455 1136 3497 non
1154 3439 1209 3495 duo
1236 3446 1350 3510 tantum,
1364 3438 1412 3494 sed
1427 3433 1500 3495 tria:
1528 3438 1592 3511 quia
1615 3437 1756 3495 funiculus

104 3535 163 3592 saa,
178 3522 233 3578 imo
246 3529 273 3577 et
286 3536 317 3576 se
335 3521 425 3595 ipsum
439 3524 689 3598 superimpenderet
700 3523 801 3598 potius,
818 3541 899 3598 quam
949 3529 1047 3600 triplex
1065 3526 1174 3583 difficile
1189 3524 1324 3597 rumpitur
1349 3525 1451 3596 (Enete.
1468 3540 1508 3592 iv,
1526 3529 1582 3594 11).
1594 3525 1656 3581 Nou
1679 3528 1754 3583 enim

106 3625 217 3683 gregem
232 3625 309 3667 suum
323 3613 480 3682 raptoribus
491 3627 647 3686 exponeret.
668 3614 743 3669 flulti
756 3624 817 3670 sunt
829 3630 897 3670 mer·
952 3618 1070 3691 postulat
1097 3613 1268 3689 disciplinam
1301 3622 1329 3670 et
1352 3614 1501 3681 scientiam,
1531 3629 1600 3685 quas
1628 3625 1756 3689 possunt,

82 3765 88 3777 .
105 3697 215 3767 cenarii,
231 3697 318 3769 quiin
332 3701 510 3771 prosperitate
524 3699 750 3757 leviterdiscerni
770 3717 824 3757 uon
838 3718 900 3774 pos·
951 3708 1086 3763 habetest
1097 3703 1277 3761 mercenarii:
1294 3703 1342 3760 sed
1354 3702 1429 3770 dicit,
1450 3703 1626 3776 Bonitctem,
1647 3709 1677 3761 ct
1697 3705 1757 3762 de·

105 3794 170 3842 ⁸⁰0²
193 3787 302 3843 ³b⁰¹¹i³
330 3789 494 3858 latwlibus·
530 3790 633 3846 Habent
653 3790 726 3846 essim
742 3792 824 3847 multa
837 3807 899 3847 cum
952 3796 1115 3869 scipiinnm,
1131 3799 1159 3851 et
1173 3792 1327 3850 scientiam
1341 3792 1406 3849 doce
1420 3808 1465 3851 me
1487 3793 1683 3864 (Pectcxvrn,
1698 3795 1756 3865 66),

103 3875 170 3947 ipsis
183 3876 345 3931 communia.
362 3876 518 3934 liabuerunt
541 3893 661 3950 namque
676 3895 767 3935 sanam
788 3880 900 3937 electio·
952 3901 1013 3960 quae
1030 3884 1080 3940 tria
1093 3883 1122 3938 in
1133 3881 1199 3938 solis
1217 3879 1280 3936 filiis
1291 3881 1473 3953 requiruntur.
1496 3881 1565 3950 Quid
1593 3883 1669 3938 enim
1696 3900 1758 3955 pro·

104 3980 166 4018 nem
181 3964 210 4018 in
225 3964 370 4036 ingraaau;
386 3965 819 4026 habentnihilominusmuudam
836 3985 900 4025 con·
953 3975 1045 4030 desset
1059 3971 1227 4044 disciplinam
1253 3967 1332 4025 m
1358 3969 1458 4025 habere
1479 3969 1507 4024 iu
1536 3972 1758 4039 conversatione,

103 4051 283 4111 versationem
297 4054 325 4110 in
340 4069 487 4127 progressu
501 4073 508 4110 :
524 4071 617 4126 pacem
631 4055 761 4113 Ecclesiae
772 4066 862 4113 amant
873 4065 900 4115 et
952 4061 1092 4119 scientiam
1110 4059 1139 4116 in
1153 4058 1355 4131 predicatione,
1371 4058 1424 4114 nisi
1450 4058 1521 4116 adsit
1540 4060 1649 4116 bonitas
1674 4061 1704 4118 in
1719 4061 1759 4116 iu-

106 4150 240 4217 qnoerunt‚
265 4142 366 4200 utiliter
389 4159 423 4200 ae
449 4144 562 4204 viriliter
589 4146 778 4204 ecclesiasticis
805 4147 899 4220 impli-
956 4150 1093 4208 tentione?
1119 4150 1260 4221 Nusquam
1279 4148 1475 4219 scriptumest,
1495 4148 1648 4205 autcamis
1672 4151 1760 4206 obse·

107 4240 200 4289 cantur
213 4233 345 4308 negotiis;
362 4243 548 4292 nonrecusant
562 4235 722 4310 gravedines
738 4237 840 4303 nuens,
852 4240 900 4295 sed
953 4240 1058 4314 quium,
1077 4247 1125 4295 aut
1145 4236 1257 4293 rationis
1277 4237 1415 4293 scientiam
1438 4235 1582 4309 sufficere3
1603 4238 1653 4293 sed
1690 4241 1760 4296 bona

106 4321 159 4380 hoc
181 4323 243 4380 ideo
265 4324 329 4396 qnia
361 4325 484 4382 ambiunt
515 4325 629 4399 gloriam
652 4326 771 4384 honoris.
801 4327 901 4384 Amant
954 4333 1081 4388 voluntas
1107 4327 1221 4386 sufficit.
1246 4327 1347 4384 Sancta
1360 4340 1428 4400 ergo
1447 4328 1595 4398 voluntate,
1612 4327 1688 4384 utilis
1710 4328 1762 4386 erit

106 4413 178 4469 enim
200 4415 304 4487 primos
327 4414 466 4473 recubitus
494 4414 522 4470 iu
541 4415 637 4484 coeuis,
670 4416 846 4475 salutationes
872 4417 901 4475 in
954 4429 982 4477 et
1009 4417 1152 4491 praemiosa
1167 4425 1223 4472 tam
1233 4415 1372 4489 castigatio
1396 4415 1484 4471 earnis
1499 4430 1547 4487 per
1569 4416 1759 4490 disciplinam,

106 4502 176 4574 iuro,
187 4510 215 4560 et
228 4506 318 4561 vocari
333 4506 367 4562 ab
379 4505 535 4562 hominibus
550 4504 627 4563 rabbi
641 4505 753 4579 (hatti.
769 4522 856 4578 xnus,
871 4512 899 4579 6,
954 4524 1035 4584 quarn
1050 4505 1209 4563 illuminatio
1225 4505 1337 4560 rationis
1351 4520 1400 4577 per
1414 4505 1567 4561 scientiam.

105 4597 134 4648 et
147 4591 233 4650 lfcrc.
247 4609 298 4661 xii,
314 4596 371 4665 39).
386 4593 520 4653 hiultoties
534 4596 615 4652 etiam
632 4596 755 4653 cibantur
771 4611 839 4669 pane
856 4595 900 4653 la·
989 4604 1016 4656 6.
1028 4600 1142 4670 Propter
1156 4611 1240 4668 supra
1253 4595 1338 4650 dictas
1351 4609 1418 4666 ergo
1434 4594 1563 4664 rationes,
1578 4604 1607 4651 et
1620 4594 1696 4654 alias
1709 4599 1761 4654 hu·

95 4672 271 4753 crymnrnm,
288 4694 315 4738 et
336 4683 401 4741 vino
422 4685 899 4758 compunctionispotanture11re·
951 4688 1083 4763 jusmodi,
1097 4687 1216 4743 diximus
1230 4684 1291 4756 quia
1312 4683 1339 4739 in
1363 4683 1544 4755 prosperitate
1572 4686 1762 4744 mercenarius

105 4767 262 4828 cordatione
278 4781 451 4841 peccatorum
467 4790 473 4829 ι
490 4773 560 4830 sicut
574 4779 688 4829 testatur
710 4774 802 4841 jnnior
817 4773 900 4846 tilius,
952 4779 1049 4837 leviter
1069 4775 1185 4833 discerni
1213 4787 1267 4830 nou
1291 4779 1377 4845 potest
1403 4774 1513 4831 abono
1542 4786 1669 4848 pastore;
1699 4777 1763 4852 qnia

104 4859 152 4932 qni
164 4861 192 4916 in
207 4861 319 4933 regione
338 4861 486 4936 longinqua
509 4860 680 4935 consumpsit
706 4876 813 4918 omnem
833 4863 901 4920 sub·
954 4869 1021 4924 dum
1034 4865 1109 4938 pacis
1123 4863 1222 4920 arridet
1241 4861 1383 4928 securitas,
1405 4861 1562 4918 intentionis
1578 4865 1642 4934 ejus
1662 4865 1761 4938 pallia·

108 4949 236 5008 stantiam
261 4967 339 5008 suam
353 4952 471 5009 vivendo
493 4951 641 5008 luxuriose.
667 4951 744 5008 Unde
767 4962 792 5009 et
813 4953 900 5010 uiuit:
956 4967 1001 5014 tur
1022 4954 1172 5011 infirmitas.
1188 4951 1259 5008 Nihil
1286 4952 1420 5009 occultum
1443 4951 1516 5024 quod
1539 4969 1595 5008 nou
1624 4956 1762 5015 reveletur

113 5042 220 5111 Quincti
234 5043 408 5100 mercenarii
426 5044 458 5099 in
477 5043 559 5100 domo
570 5045 661 5116 patris
680 5045 737 5101 mci
754 5042 902 5100 abundum
957 5046 1069 5119 (licitis
1082 5059 1121 5108 x,
1149 5042 1205 5113 26).
1226 5041 1295 5097 Vasa
1321 5039 1398 5116 figuli
1421 5041 1517 5112 probat
1541 5041 1638 5102 fornax
1658 5046 1762 5118 (Uesti.

106 5132 382 5206 coelestianam,
399 5134 456 5207 ll.)
476 5133 505 5191 si
520 5134 633 5206 panibus
648 5132 783 5188 abundant
803 5149 904 5191 merce·
957 5152 1046 5206 xxvn,
1058 5135 1098 5206 6).
1122 5132 1215 5188 flante
1230 5138 1312 5188 uento
1334 5131 1514 5198 adversitatis,
1531 5132 1619 5187 statim
1636 5137 1766 5207 quoniu-

109 5223 187 5293 narii,
207 5223 331 5296 nunquid
354 5224 427 5282 fame
450 5225 579 5298 peribunt
601 5223 738 5297 operarii?
758 5222 903 5294 Operariua
957 5226 1064 5281 firmum
1078 5233 1119 5282 est
1133 5220 1299 5287 intentionis,
1316 5220 1559 5279 ostenditeffectus
1578 5225 1763 5294 operationis.

109 5311 181 5380 dico,
199 5312 359 5385 quiquanto
384 5315 541 5372 rarioresin
561 5314 651 5381 terris,
681 5321 754 5369 tanto
769 5312 905 5369 chariores
964 5314 1041 5372 Videt
1050 5319 1127 5372 enim
1138 5314 1238 5388 lupum
1250 5312 1419 5379 recentem,
1431 5315 1458 5368 et
1468 5313 1554 5384 fugit.
1566 5312 1620 5385 Qui
1635 5315 1765 5388 nuntiati

111 5398 223 5458 incoeliu
237 5405 379 5462 habentur.
405 5407 445 5462 lle
459 5407 592 5479 paucitate
615 5419 708 5463 eorum
731 5401 906 5475 conqueritur
958 5405 1041 5477 inpii
1058 5403 1175 5476 Tyranni
1190 5413 1217 5460 et
1231 5412 1352 5474 raptores
1362 5400 1465 5468 saeculi,
1480 5401 1526 5472 qui
1540 5400 1654 5474 propria
1665 5393 1763 5462 iuna

112 5485 574 5577 lenasdesmsltmtsquttm
587 5495 691 5560 motta,
706 5491 833 5569 operarii
852 5508 906 5552 cn·
959 5492 1187 5568 concupiscentia,
1201 5492 1244 5551 vel
1262 5491 1382 5566 ingenita
1405 5490 1538 5563 compulsi
1567 5492 1766 5553 malevolentia
