3706 5962
164 232 234 296 tatu

727 236 826 298 LIBER
846 235 889 295 litt
908 236 998 297 MODO
1016 233 1102 294 BENE
1121 232 1267 294 vitiant.

1747 231 1802 291 titt

162 364 236 421 omni
249 370 359 421 terreno
375 379 457 435 opere
471 379 584 419 cessare.
601 364 676 420 Unde
691 364 718 419 in
742 363 843 421 eisdem
859 364 949 420 Canti-
965 377 989 456 p
1005 361 1113 429 bendat,
1130 361 1191 432 qula
1204 359 1231 414 in
1247 358 1389 430 semetipso
1403 358 1486 414 multa
1501 358 1602 430 reperit
1615 374 1681 431 quae
1709 359 1802 432 lugeat.

163 452 203 510 cis
216 465 319 524 sponsa
333 454 367 508 de
379 467 408 508 se
425 452 512 508 dicit:
537 455 590 524 Epo
616 453 732 520 dormio,
754 457 952 511 circumeam
1011 449 1065 520 Qui
1079 449 1251 520 semetipsum
1277 449 1345 503 bene
1369 447 1532 516 considerat,
1556 446 1584 502 in
1601 447 1757 520 semetipso
1770 451 1804 505 iu-

162 541 261 612 nipitct
273 540 398 612 (Contio.
416 556 442 608 v,
459 541 497 612 h).
514 541 552 596 hc
561 540 584 595 si
603 550 695 612 aperte
720 557 796 596 mens
811 547 902 596 saneta
918 541 957 596 lo

163 634 292 699 queretur
302 629 415 685 dicens:
433 629 502 684 Dum
518 644 535 684 a
549 630 691 684 mundanis
708 628 866 686 tumultibus
880 640 958 685 orte·

163 714 219 770 rius
233 715 350 782 dormio,
366 717 393 771 in
408 716 527 773 interiori
537 715 700 787 cogitatione
714 732 774 788 quta
787 727 849 772 sunt
862 716 958 772 coeles·

164 800 199 856 tia
223 808 302 872 atque
329 801 479 873 spiritualia
499 818 594 874 penso.
615 802 705 857 Etiam
730 817 792 858 arca
806 803 872 870 Noe,
897 817 957 873 quae

164 888 413 959 bicamerataidea.
425 891 462 961 rr)
477 889 582 957 dieitur,
593 889 729 961 significat
743 891 847 946 activos
861 897 887 946 et
896 904 957 946 con-

164 977 356 1046 templativos;
373 992 488 1048 quorum
504 978 582 1034 achai
596 978 722 1034 deorsum
744 988 824 1046 stant,
840 987 959 1035 contem-

163 1064 256 1135 plativi
269 1080 335 1123 vero
353 1071 424 1119 stant
442 1080 559 1123 sursum.
579 1063 658 1134 Quod
678 1067 761 1122 etiarn
782 1082 843 1123 aron
861 1067 959 1124 dicitur

162 1153 339 1218 tricamerata,
366 1152 499 1226 significat
518 1160 574 1210 tres
588 1154 698 1211 ordines
718 1155 747 1210 in
761 1163 851 1212 sancta
864 1155 959 1212 Eccle-

163 1240 222 1300 sia:
236 1240 339 1297 scilicet
352 1242 568 1314 conjugatorum,
584 1244 791 1313 continentium,
811 1254 890 1317 atque
906 1245 959 1301 tir-

164 1329 266 1404 giuum.
282 1332 320 1385 De
340 1330 389 1386 hac
403 1332 608 1400 contemplativa
636 1333 689 1388 uita
709 1333 773 1388 dicit
786 1333 917 1388 hominus
932 1333 960 1387 iu

165 1417 326 1487 Evangelio:
342 1420 374 1476 st
387 1421 427 1476 oia
441 1423 584 1492 periectas
602 1438 669 1491 erae,
685 1423 772 1480 arande
785 1425 881 1482 omnio
895 1440 959 1496 qaae

167 1507 344 1576 hedenoldo
354 1510 535 1580 paoperibus,
560 1514 590 1566 et
612 1511 722 1568 habebis
749 1511 914 1569 thesauram
928 1513 961 1567 ia

1012 539 1084 594 teuit
1107 539 1190 592 multa
1208 552 1269 608 quae
1282 536 1404 608 plangat.
1423 536 1501 591 Unde
1514 534 1613 591 beatus
1634 536 1805 609 Gregorius:

1013 651 1025 677 a
1044 629 1098 682 Nos
1110 632 1182 681 tanto
1200 624 1291 680 minus
1314 624 1445 680 debemus
1458 623 1548 680 aliena
1561 626 1649 680 corda
1661 628 1806 697 reprehen-

1013 715 1085 779 dere,
1111 720 1210 784 quanto
1229 715 1329 769 scimus
1354 711 1411 769 visu
1433 719 1525 766 nostro
1542 718 1596 767 nort
1613 728 1701 782 posse
1720 713 1808 770 aliena

1012 801 1184 874 cogitationis
1205 801 1329 857 tenebras
1355 799 1497 857 iilustrare.
1514 800 1639 856 »Etiam
1660 802 1809 858 bertoald-

1013 890 1095 944 dorus
1109 889 1146 944 ait
1162 907 1168 946 :
1187 907 1199 939 a
1215 887 1330 944 Facilius
1344 887 1568 959 reprehendimus
1587 888 1660 946 vitia
1683 891 1809 947 uniuscu-

1011 981 1109 1048 p'usque
1138 976 1263 1040 hominis,
1297 991 1376 1047 quam
1404 975 1517 1032 virtutes
1545 976 1742 1034 intendimus:
1768 995 1811 1033 nee

1013 1064 1158 1138 quidboni
1179 1064 1293 1137 quisque
1320 1062 1413 1120 iecerit
1434 1078 1588 1137 agnoscere
1612 1066 1811 1138 cupimus,sed

1012 1154 1075 1228 quid
1090 1154 1161 1210 male
1174 1153 1259 1224 egerit
1274 1158 1504 1224 perscrutamur.»

1050 1247 1111 1299 tat.
1127 1243 1224 1315 igitur,
1249 1256 1326 1298 soror
1349 1242 1414 1296 mibi
1428 1240 1455 1295 in
1471 1241 1578 1297 Christo
1593 1243 1712 1308 dilecta,
1725 1259 1813 1300 moneo

1012 1335 1048 1388 te,
1065 1336 1095 1382 ut
1115 1326 1231 1398 amplius
1254 1326 1436 1396 reprehendas
1458 1335 1504 1382 tua
1524 1325 1590 1380 attia
1620 1344 1706 1399 qnam
1723 1328 1813 1384 aliena

1012 1415 1091 1471 Prius
1114 1414 1175 1470 vide
1189 1423 1233 1469 tua
1247 1415 1357 1486 propria
1381 1430 1461 1486 quam
1484 1413 1568 1470 aliena
1583 1415 1701 1472 delicta.
1722 1419 1815 1473 Detur

1014 1505 1182 1562 correctione
1197 1512 1257 1559 osto
1271 1502 1399 1570 sollicita;
1415 1504 1503 1560 detua
1513 1503 1607 1560 salute
1618 1512 1680 1560 esto
1697 1514 1813 1572 attenta;

166 1597 250 1663 celo;
264 1600 292 1653 et
313 1597 385 1665 neni,
405 1612 518 1669 aequare
544 1615 590 1655 mc
602 1600 716 1672 (hatra.
735 1616 792 1666 arx,
808 1604 862 1670 al).
883 1600 915 1655 ltt
928 1601 962 1655 de
1015 1593 1049 1648 de
1064 1600 1110 1647 tua
1128 1590 1318 1647 emendatione
1338 1602 1396 1648 esto
1420 1591 1553 1662 provida:
1579 1594 1660 1664 quod
1676 1599 1713 1648 ad
1729 1603 1755 1648 te
1768 1610 1814 1650 non

165 1683 248 1740 llaria
262 1682 481 1756 hlagdalenaait:
495 1687 582 1743 ldorio
596 1692 734 1762 optimam
742 1693 854 1762 partein
864 1689 959 1760 elegit,
975 1669 997 1747 Β
1014 1683 1141 1752 pertinet,
1157 1680 1215 1736 ⁰0¹5
1232 1695 1376 1751 ‘luaelelfli
1402 1695 1540 1750 ”unquam
1553 1681 1705 1736 dffifflffl
1719 1698 1815 1755 ⁰⁰h¹¹⁰·

166 1788 229 1844 que
241 1789 299 1831 aaa
313 1775 501 1842 aufereturob
515 1791 548 1831 eo
558 1776 636 1846 (lac.
653 1793 682 1842 x,
694 1780 750 1848 ia).
768 1778 827 1832 Vita
840 1785 961 1832 contem·

168 1860 268 1930 platina
280 1874 336 1915 non
349 1859 483 1915 auferetur
491 1864 518 1916 in
534 1865 585 1920 hoc
599 1866 707 1929 saeculo,
724 1880 810 1936 neque
821 1865 849 1919 in
860 1866 960 1920 iuturo.
973 1924 985 1934 ‚‚

168 1947 259 2004 hctiva
273 1946 327 2004 rita
341 1945 480 2003 auferetur
497 1950 531 2005 ab
556 1952 663 2008 homine
690 1955 716 2008 in
745 1952 835 2008 loturo
850 1953 960 2020 saeculo,

167 2032 254 2088 aetina
271 2031 326 2086 vita
338 2029 367 2086 in
382 2031 434 2087 hoc
456 2035 554 2091 saeculo
569 2038 647 2092 babet
666 2035 745 2091 tinem
767 2053 772 2090 :
794 2039 961 2109 contempla-

166 2121 223 2177 tiva
236 2135 299 2175 vero
321 2134 386 2181 non,
402 2121 465 2191 quia
488 2139 594 2194 semper
609 2131 781 2196 perseverat:
798 2125 891 2181 hatita
906 2127 963 2183 vita

166 2209 194 2264 in
210 2209 260 2265 hoc
273 2211 370 2266 saeculo
392 2212 513 2281 deliotet;
538 2215 743 2284 contemplativa
776 2231 838 2271 vero
869 2215 896 2270 in
913 2217 963 2271 hoc

167 2297 269 2353 saeculo
285 2299 389 2372 incipit,
400 2300 448 2357 sed
462 2303 489 2356 in
498 2301 568 2357 coelo
582 2301 731 2371 perficitur.
747 2303 864 2360 lionesta
874 2304 961 2375 virgo,

168 2400 266 2442 moneo
281 2394 314 2456 te,
329 2398 360 2445 ut
375 2397 484 2461 propter
499 2390 584 2445 Deum
604 2389 737 2460 despicias
747 2407 867 2462 praesens
881 2406 964 2447 secu·

165 2473 238 2544 luur;
257 2485 368 2546 propter
382 2478 467 2534 Deum
480 2477 515 2532 ab
529 2477 654 2533 omuibus
666 2478 739 2534 curis
753 2480 848 2535 saeculi
861 2489 885 2534 te
899 2495 963 2535 sus-

166 2562 265 2633 pende.
282 2564 348 2621 Sine
361 2567 554 2639 impedimento
569 2566 661 2623 saeculi
676 2566 735 2624 Deo
750 2568 853 2624 servire
874 2569 962 2625 stude.

167 2651 247 2707 Nulla
257 2669 319 2708 cura
329 2656 423 2712 saeculi
438 2656 577 2712 subtrahat
588 2667 639 2712 tea
653 2655 747 2713 timore
762 2658 905 2715 Dotttuua
914 2662 966 2714 sal-

166 2738 279 2796 licitudo
294 2759 384 2800 rerum
400 2752 426 2800 te
435 2745 573 2801 subtrahat
585 2745 619 2800 ab
630 2745 779 2803 intentione
793 2748 862 2804 Dei:
878 2749 965 2818 abjice

168 2836 226 2884 ate
248 2831 380 2905 quidquid
404 2840 494 2905 potest
515 2833 648 2901 impedire
673 2836 960 2908 bonumpropositum.

1014 1785 1099 1838 scere,
1119 1770 1191 1840 quod
1217 1769 1285 1824 inter
1298 1783 1327 1823 so
1350 1768 1496 1839 loquuntur
1509 1768 1650 1826 homines.
1667 1770 1731 1824 Noli
1745 1786 1814 1842 qua-

1016 1873 1075 1913 rere
1090 1858 1153 1928 quid
1183 1857 1297 1928 quisque
1325 1855 1395 1912 dicat
1412 1856 1455 1910 vel
1471 1857 1558 1913 laniat.
1575 1856 1653 1913 Cave
1671 1859 1813 1915 curiosita-

1015 1954 1079 2011 tem,
1094 1945 1188 2001 omitte
1199 1961 1278 2000 curas
1291 1944 1385 1999 alienae
1400 1945 1461 2000 vite
1476 1961 1483 2000 ε
1508 1944 1581 1999 nulla
1606 1945 1755 2003 euriositas
1768 1948 1814 2002 ani

1015 2049 1091 2089 mum
1110 2040 1187 2088 tuum
1203 2031 1330 2105 decipiat,
1352 2032 1426 2088 nulla
1439 2033 1669 2104 concupiscentia
1681 2035 1815 2093 detesao-

1015 2122 1058 2177 dae
1084 2120 1248 2177 curiositatis
1275 2129 1301 2177 te
1325 2121 1463 2194 subrepat,
1488 2137 1524 2179 ne
1547 2130 1575 2177 tu
1603 2123 1692 2180 oblita
1715 2134 1813 2181 tuorum

1017 2208 1103 2265 8²2
1124 2225 1232 2264 matrum
1260 2209 1364 2265 alienos
1392 2209 1544 2282 perquiras.
1573 2211 1682 2268 Christi
1712 2229 1813 2285 sponsa,

1017 2305 1089 2353 tanta
1114 2313 1179 2352 cura
1202 2298 1309 2367 corrige
1328 2306 1372 2353 tua
1388 2297 1461 2368 titia,
1477 2305 1580 2369 quanto
1604 2301 1699 2357 studio
1728 2318 1813 2373 repre·

1017 2387 1113 2442 hendis
1126 2385 1214 2441 aliena
1228 2401 1235 2441 :
1248 2386 1321 2441 nulla
1345 2386 1392 2441 tibi
1416 2385 1453 2444 sit
1468 2402 1531 2443 cura
1559 2388 1670 2445 sciendi
1702 2391 1812 2446 latentia

1017 2475 1088 2530 Cave
1109 2475 1248 2546 inquirere
1275 2490 1308 2528 ea
1331 2490 1394 2546 quae
1407 2490 1464 2530 non
1485 2475 1569 2532 debes
1589 2477 1685 2533 scire:
1711 2489 1815 2550 praeter-

1019 2563 1094 2620 mitte
1111 2564 1188 2637 quasi
1204 2572 1337 2619 secretum
1353 2566 1424 2635 quod
1439 2565 1586 2638 Scripturae
1604 2576 1710 2624 saumae
1726 2580 1813 2625 aueto-

1018 2652 1095 2707 ritate
1115 2667 1168 2708 uon
1184 2651 1322 2708 didicisti:
1339 2651 1406 2709 nibil
1421 2654 1491 2717 ultra
1516 2668 1625 2725 quaeras
1646 2672 1733 2729 quam
1752 2659 1813 2713 scri·

1019 2752 1095 2813 ptum
1128 2750 1187 2797 est:
1216 2740 1284 2797 nihil
1313 2742 1428 2812 amplius
1458 2743 1599 2815 perquiras
1623 2762 1706 2816 quam
1723 2747 1814 2801 divine

1016 2830 1123 2885 Litteras
1163 2831 1358 2886 demonstrant.
1398 2832 1473 2888 Scire
1509 2848 1649 2906 nunquam
1680 2834 1816 2890 desideres

167 2916 237 2974 Toto
252 2922 342 2976 animo
357 2921 402 2978 odi
417 2932 443 2976 et
457 2922 556 2976 damna
570 2925 641 2993 qaod
658 2923 745 2996 diligit
764 2927 891 2992 manuue,
907 2934 963 2982 esto
979 2940 1000 3018 g
1016 2919 1088 2989 quoe
1103 2918 1170 2974 seire
1189 2932 1243 2974 noa
1267 2917 1361 2974 debes.
1390 2917 1471 2976 Soror
1485 2921 1658 2987 veneramus,
1680 2923 1752 2978 seira
1770 2938 1817 2993 pro

168 3015 274 3062 mortua
288 3011 401 3078 mundo,
417 3012 574 3064 otmundus
590 3011 652 3066 tibi:
670 3021 798 3082 unquam
813 3024 921 3070 mortua
931 3017 964 3071 ab

168 3108 261 3148 amore
287 3096 431 3166 praesentis
456 3097 518 3151 vitae
547 3103 572 3151 te
593 3114 697 3167 separa,
715 3107 838 3170 tanquam
858 3110 965 3158 mortua

170 3181 264 3237 mundi
278 3184 393 3256 gloriam
409 3200 462 3240 non
476 3185 663 3257 concupiscas.
681 3186 765 3243 Soror
778 3188 844 3244 mihi
859 3191 964 3245 amalri-

169 3268 202 3324 lis
211 3269 238 3325 in
253 3271 372 3345 Citristo,
391 3272 460 3328 siout
474 3273 580 3345 sepulto
595 3273 621 3329 in
640 3289 824 3345 monumento,
846 3295 901 3335 non
916 3281 965 3333 he·

169 3359 236 3414 beas
250 3376 340 3416 curam
357 3362 390 3417 de
403 3363 521 3418 seculo:
542 3370 668 3433 tanquam
690 3364 817 3421 deiuncta
831 3367 856 3422 iu
870 3369 964 3438 sepul-

170 3462 226 3515 cro,
244 3447 278 3502 ab
293 3450 367 3505 omni
390 3457 498 3507 terreno
523 3459 547 3507 te
572 3452 647 3523 priva
665 3454 785 3527 negotio.
802 3456 887 3511 Soror
901 3456 964 3511 milti

170 3533 199 3589 in
212 3535 321 3592 Christo
335 3538 470 3605 amabilis,
482 3549 622 3595 contemne
637 3540 738 3607 viteus,
751 3558 811 3614 quae
827 3553 887 3614 post
897 3559 969 3598 mor-

170 3631 224 3679 tem
240 3625 338 3680 habere
352 3641 405 3682 non
421 3627 533 3698 poteris.
544 3627 571 3684 Si
587 3630 645 3685 haec
656 3631 691 3685 ita
703 3630 809 3699 feceris,
821 3642 883 3703 post
892 3649 966 3688 mor-

170 3719 224 3768 tem
238 3719 313 3770 tuam
323 3715 407 3771 vium
422 3725 550 3771 aeternam
567 3718 690 3774 habebis.

318 3820 321 3825 ¹
396 3804 757 3865 t,1X.-bacaaioaitota.

209 3891 268 3944 tao.
290 3891 375 3945 Soror
393 3891 561 3961 alienissima,
585 3909 683 3949 moneo
698 3905 734 3961 te,
759 3898 844 3954 atde
871 3899 915 3955 dia
939 3900 967 3954 in

172 3976 243 4030 diem
258 3977 365 4031 studeas
376 3978 509 4048 proficere
525 3981 551 4034 in
571 3980 651 4035 bonis
675 3983 814 4054 operibus,
829 3995 857 4041 et
871 3996 900 4042 ut
914 4003 968 4043 non

172 4063 327 4120 consideres
343 4064 413 4119 mala
427 4082 488 4138 quae
500 4067 542 4122 alii
558 4066 668 4131 iaciunt.
683 4070 731 4125 aed
746 4073 886 4129 considero
897 4076 965 4130 bona

172 4167 233 4223 quae
248 4160 275 4207 tu
290 4152 378 4209 iacere
392 4155 486 4213 debes.
506 4155 584 4212 Unde
606 4157 715 4230 quidam
731 4161 838 4232 sapiens
851 4163 908 4217 ait:
935 4166 966 4220 la

144 4244 148 4253 '
171 4242 355 4314 superuacuis
367 4244 964 4322 rebaaaoliaeratorimoltiplieiter(liceli.

172 4345 215 4395 nt,
231 4331 287 4401 hh).
312 4333 373 4386 Non
389 4343 429 4388 est
448 4333 496 4389 tibi
506 4351 616 4391 necesse
633 4351 667 4390 ea
680 4351 845 4409 cognoscere
860 4358 921 4413 quta
934 4346 968 4398 ab

1018 3013 1093 3062 certo
1118 3005 1182 3076 quia
1206 3004 1346 3061 curiositas
1374 3006 1525 3078 periculosa
1549 3010 1725 3079 presumptio
1756 3021 1815 3077 est;

1018 3094 1158 3150 curiositas
1186 3095 1318 3150 damnosa
1344 3095 1439 3165 peritia
1460 3104 1519 3153 est:
1547 3096 1579 3151 ad
1593 3098 1725 3152 haeresim
1749 3115 1814 3170 pro·

1019 3191 1106 3248 vocat,
1136 3181 1163 3236 in
1189 3181 1293 3236 tabulas
1327 3182 1471 3257 sacrilegas
1496 3185 1647 3258 precipitat
1677 3196 1813 3255 mentem

1019 3271 1048 3325 in
1066 3270 1154 3326 causis
1183 3270 1304 3325 obscuris
1334 3271 1420 3327 reddit
1433 3273 1557 3341 audaces,
1571 3273 1600 3328 in
1615 3275 1698 3330 rebus
1720 3275 1816 3348 ignaris

1019 3359 1084 3417 lacit
1111 3360 1234 3416 homiues
1258 3358 1422 3432 praecipites.
1452 3361 1747 3432 Sororamantrssima‚
1761 3381 1816 3421 eun

1020 3450 1093 3504 omni
1120 3448 1211 3503 studio
1237 3448 1318 3503 vitam
1345 3455 1419 3504 tuam
1452 3451 1575 3522 emenda,
1606 3466 1638 3507 ut
1666 3463 1730 3524 post
1755 3456 1817 3510 hanc

1020 3536 1101 3593 vitam
1123 3537 1253 3593 merearis
1269 3538 1409 3607 pervenire
1431 3539 1464 3594 ad
1481 3547 1583 3596 aeterna
1596 3543 1709 3611 gautlia.
1726 3543 1815 3598 Amen.

1269 3625 1323 3682 Lv.
1339 3657 1373 3667 —
1392 3628 1431 3681 lle
1441 3628 1600 3700 crepitantia.

1059 3715 1118 3771 132.
1136 3715 1236 3771 Dilecta
1258 3729 1345 3781 soror,
1362 3715 1425 3769 audi
1445 3716 1593 3772 Dominum
1609 3717 1717 3775 -Jesum
1746 3721 1816 3774 Cha-

1022 3812 1092 3855 stum
1108 3802 1134 3855 in
1150 3801 1296 3871 Etartgolio
1310 3802 1455 3872 dicentem,
1475 3806 1607 3876 Vigilate,
1627 3808 1699 3881 qaia
1710 3811 1816 3865 nescitis

1022 3890 1280 3962 quondollominas
1296 3896 1432 3948 uenturus
1446 3898 1487 3950 eat
1502 3894 1616 3964 (aaran,
1629 3913 1709 3963 ratu,
1723 3900 1768 3968 ia)
1778 3917 1785 3952 :
1795 3910 1818 3951 et

1022 3978 1131 4044 iterum,
1150 3977 1282 4036 Omnibus
1297 3979 1368 4044 dico.
1385 3980 1502 4052 vigilate
1515 3983 1598 4053 (ullor.
1625 4000 1682 4039 xrtr
1705 3989 1760 4041 Sit.
1791 3985 1818 4039 it

1023 4068 1117 4122 Petrus
1130 4064 1290 4137 apostolus:
1309 4070 1401 4124 Estote
1423 4069 1591 4142 prudentes,
1608 4078 1636 4129 et
1662 4076 1814 4146 vigilatam

1021 4155 1195 4214 creationibus
1205 4156 1239 4226 (l.
1255 4158 1332 4212 Patr.
1349 4173 1386 4221 tv,
1401 4157 1440 4227 i).
1458 4159 1528 4215 dam
1541 4160 1675 4218 homines
1688 4164 1817 4226 diaertat,

1022 4247 1082 4302 Pax
1096 4249 1148 4315 ost,
1159 4251 1187 4301 et
1197 4248 1355 4311 aerumma,-
1372 4251 1440 4303 tanc
1450 4249 1620 4320 repentinas
1632 4256 1733 4311 ueniet
1746 4270 1818 4325 saper

1023 4351 1067 4391 eor
1077 4335 1214 4391 interitus
1225 4335 1251 4405 (l
1270 4334 1363 4391 Thess.
1384 4353 1409 4404 v,
1427 4339 1462 4405 3).
1484 4338 1515 4392 lit
1532 4339 1664 4396 Salomon
1682 4345 1742 4398 ait:
1756 4346 1818 4400 Sati

173 4419 296 4474 humanis
315 4420 441 4475 sensibus
465 4428 526 4476 sunt
551 4433 662 4481 remota.
692 4425 809 4497 Dignum
834 4437 874 4483 est
892 4431 969 4487 valde
1018 4424 1601 4496 Jaattarqaeaapieaeaeapamiarum
1618 4430 1652 4483 ia
1666 4432 1818 4495 monades

174 4516 203 4560 ut
225 4516 330 4562 mentes
355 4509 494 4565 hominnm
519 4511 626 4567 desinat
646 4513 780 4581 judicare,
804 4516 849 4586 qui
878 4518 968 4574 aliena

173 4595 356 4652 cardinatis
371 4597 487 4668 perfecte
501 4615 678 4671 cognoscere.
703 4603 818 4673 Quare‘l
839 4605 909 4673 Quia
932 4607 970 4663 in·

174 4692 244 4738 certa
259 4700 309 4738 uos
330 4682 496 4754 judicamus,
523 4688 700 4757 quoadusque
724 4692 811 4749 veniat
827 4694 969 4760 Dominus,

174 4771 221 4843 qui
233 4780 261 4827 et
273 4771 433 4828 illuminabit
457 4775 614 4831 abscondita
634 4780 817 4847 tenebrarum,
833 4794 858 4839 et
886 4786 971 4839 mani-

175 4861 282 4916 festabit
296 4860 408 4915 consilia
422 4862 544 4918 cordium
560 4867 585 4935 (l
607 4866 668 4922 Gor.
685 4883 722 4935 tv,
740 4869 777 4938 5).
798 4870 915 4941 Dignum
931 4885 972 4929 est

176 4958 254 5007 ettam
272 4956 300 5003 ut
320 4949 424 5004 desinat
446 4966 567 5022 peccare,
597 4953 642 5026 qui
667 4955 780 5011 alienam
809 4961 891 5015 'tilam
915 4964 972 5019 vult

176 5039 387 5112 reprehendero.
420 5039 499 5096 Stulti
529 5043 651 5099 homines
664 5045 728 5100 dunt
744 5046 847 5104 alienos
863 5066 972 5106 errores

176 5129 270 5185 volunt
296 5126 528 5198 reprenhendere,
551 5135 736 5189 demonstrant
758 5150 832 5191 suos.
860 5137 971 5193 Tamdiu

176 5218 257 5272 homo
284 5216 392 5288 ignorat
413 5225 521 5288 peccata
549 5236 596 5276 sua
625 5237 686 5293 quae
711 5222 839 5279 debuerat
867 5225 973 5285 ilereet

177 5318 352 5378 cognoscere,
376 5307 505 5376 quamdiu
525 5309 612 5365 aliena
632 5309 697 5366 uitia
711 5313 828 5385 exquirit
843 5318 969 5372 curiose:

178 5391 308 5449 sedeam
336 5395 418 5451 homo
439 5397 471 5452 ad
497 5399 673 5471 semetipsum
694 5404 846 5471 revertitur,
862 5416 889 5460 et
912 5422 973 5462 sese

179 5476 250 5533 bene
269 5482 432 5553 considerat,
456 5500 509 5540 non
536 5488 654 5560 exquirit
671 5489 744 5560 quod
758 5491 785 5547 in
798 5492 857 5549 aliis
872 5510 971 5566 repre·

1024 4518 1052 4570 ct
1063 4516 1159 4569 tornea
1173 4512 1264 4569 nescit
1275 4513 1356 4569 bomo
1370 4517 1471 4568 atrurn
1481 4531 1579 4572 oraora
1594 4534 1634 4572 ηη
1649 4520 1719 4578 odio
1730 4523 1819 4594 dignas
1839 4594 1842 4599 Ι

1023 4603 1072 4658 sit.
1089 4601 1178 4670 Quare
1188 4603 1201 4655 i
1211 4599 1279 4669 Quia
1290 4602 1387 4657 omnia
1397 4604 1429 4657 in
1438 4603 1575 4672 fetarum
1583 4615 1776 4667 reserarentur
1788 4610 1820 4662 in

1023 4696 1102 4748 certa
1117 4693 1202 4759 (licei.
1219 4705 1256 4754 tx,
1274 4693 1299 4752 l,
1318 4697 1349 4757 lt.
1371 4691 1454 4747 Soror
1467 4692 1613 4750 iuCltristo
1637 4697 1754 4765 dilecta,
1771 4700 1820 4753 ioco

1025 4779 1154 4835 Dominus
1167 4779 1265 4835 celavit
1281 4779 1360 4834 nobis
1389 4790 1495 4852 tempus
1508 4781 1550 4836 sui
1565 4783 1720 4856 adventus,
1734 4797 1764 4844 ut
1781 4802 1821 4842 nos

1024 4868 1103 4940 longa
1119 4867 1322 4938 exspectatione
1346 4871 1450 4937 incerti,
1467 4886 1575 4942 sempor
1590 4877 1746 4934 credamus
1758 4878 1822 4947 judi·

1024 4972 1081 5012 cem
1098 4971 1189 5011 verum
1213 4971 1275 5011 esse
1299 4965 1451 5023 venturum,
1482 4960 1545 5030 quia
1563 4962 1680 5031 quando
1707 4977 1824 5022 venturas

1024 5041 1069 5112 sii,
1085 5045 1252 5117 ignoramus.
1271 5046 1358 5101 Verba
1374 5054 1437 5102 suut
1455 5047 1525 5104 beati
1542 5048 1678 5124 Gregorii
1692 5076 1699 5112 :
1721 5077 1736 5107 a
1751 5055 1822 5111 Leti-

1027 5134 1063 5188 tia
1092 5133 1234 5204 praesentis
1261 5135 1322 5190 vitae
1343 5147 1386 5192 est
1405 5137 1520 5210 agenda,
1544 5145 1573 5193 ut
1598 5144 1762 5203 amaritudo
1788 5159 1824 5197 se-

1025 5224 1134 5295 quentis
1149 5223 1246 5292 judicii
1260 5239 1398 5296 nunquam
1414 5227 1523 5281 recedat
1547 5243 1563 5281 a
1585 5234 1743 5287 meritoria.
1759 5235 1825 5299 Sara

1025 5311 1149 5369 diabolus
1166 5311 1274 5383 decepit
1298 5314 1435 5369 homiaem
1459 5317 1493 5369 ad
1516 5316 1709 5388 peccandum,
1725 5332 1753 5378 et
1775 5335 1826 5375 run

1025 5401 1059 5456 de
1081 5401 1158 5456 ruina
1184 5401 1317 5471 consriicit
1347 5418 1409 5458 enm
1433 5402 1574 5471 alflictum,
1595 5406 1704 5466 iterum
1724 5428 1777 5484 per
1788 5427 1827 5467 se-

1026 5489 1168 5546 caaitatent
1178 5489 1278 5561 decipit
1299 5504 1403 5545 catari.»
1434 5491 1527 5565 igitur,
1551 5508 1632 5550 soror
1647 5497 1757 5556 dilecta
1769 5502 1828 5559 nubi
