3706 5962
681 213 767 278 vnis
787 216 927 284 ursum
1540 164 1544 173 ¹
1581 217 1637 280 ror

76 337 126 396 ntis
149 338 272 412 &puali
287 340 357 411 pede
371 341 459 416 ipsius
473 342 542 415 bani
558 342 697 414 adjutorio
711 357 781 400 con·
797 360 821 440 ss
837 349 975 422 Erontque
988 349 1059 406 sicut
1076 347 1105 403 in
1119 345 1227 403 cantico
1240 358 1349 415 sponsae
1362 343 1470 413 dicitur,
1481 344 1551 403 sicut
1564 345 1629 404 vius

76 442 123 484 ³¹?-
835 439 963 496 coccinea
975 436 1047 494 labia
1060 436 1207 512 virginum,
1222 442 1251 490 et
1277 433 1415 506 eloquium
1435 449 1528 490 earum
1555 437 1633 492 dulce

76 528 87 574 ἰ
103 512 230 584 Quintum
246 517 342 577 folium
364 522 439 578 floris
460 522 508 578 lilii
532 523 654 595 quintam
667 539 781 580 etustm
833 529 930 599 (dont.
948 542 990 595 ta,
1010 531 1049 600 ³).
1065 527 1140 583 Sicut
1154 523 1227 581 enim
1244 523 1310 581 vitta
1328 522 1455 579 coccinea
1470 533 1532 579 sunt
1550 523 1631 591 labia,

76 614 124 671 1⁸1,
144 615 255 678 propter
278 626 358 681 quam
376 611 520 683 virginitas
538 622 580 669 est
603 614 779 685 oppetenda3
834 632 895 687 quae
916 632 1026 688 suuper
1047 614 1138 674 verbis
1161 613 1283 671 ardentis
1313 610 1454 670 charitatis
1481 611 1630 680 abundant,

76 692 172 751 l⁰i¹i⁰0²
193 697 258 764 <luia
280 700 423 753 cantabunt
448 699 585 756 canticum
601 715 702 756 novum
718 710 782 756 ante
835 706 1032 779 quibosrerbis
1042 713 1134 761 motus
1147 711 1176 759 ot
1184 701 1364 777 cogitationes
1384 701 1508 756 carnales
1519 702 1632 755 restriu-

76 797 117 837 um
135 782 185 839 Dei
199 791 225 838 et
244 786 327 858 ligni,
341 787 414 856 quod
428 795 529 858 praeter
552 788 674 860 virgines
701 803 781 845 nemo
835 802 945 864 guntur.
971 794 1021 849 Per
1044 792 1199 849 coccineum
1219 790 1321 864 quippe
1345 789 1475 854 colorem,
1499 787 1630 854 charitas;

76 868 189 928 dicere.
199 871 222 928 0
233 871 325 929 felices
338 874 469 946 virgines,
485 887 512 930 et
525 876 630 932 ceteris
645 876 781 933 feliciores

77 973 119 1024 et,
129 975 189 1029 quae
199 960 302 1017 allrrtis
316 963 349 1017 ad
358 962 418 1018 illas
432 963 504 1035 rigni
519 964 628 1034 nuptias
637 965 781 1023 aeternales

76 1062 123 1103 rum
138 1064 250 1118 norum,
267 1053 338 1122 quod
352 1052 493 1109 csumbitis
506 1053 533 1108 in
548 1055 659 1111 citharis
673 1055 781 1120 restris,

77 1135 152 1207 tique
166 1138 228 1203 tale,
250 1141 330 1204 orate
347 1149 438 1199 motat
452 1143 579 1200 universe
594 1151 676 1210 terra,
692 1155 722 1200 ut
736 1145 781 1199 di-

83 1224 203 1283 doatote
216 1230 333 1287 Domino
352 1232 501 1288 canticum
520 1248 647 1300 novumr
666 1238 782 1291 contule

76 1328 116 1381 to,
128 1315 223 1374 omnis
233 1322 309 1374 terro
324 1321 414 1390 (Paul.
426 1335 494 1384 xcv,
505 1324 533 1391 l)
548 1334 555 1374 :
570 1322 616 1376 sed
627 1321 688 1387 tale,
705 1323 783 1395 quale

86 1411 170 1471 potest
190 1406 289 1476 dicere,
310 1408 361 1463 nisi
376 1423 435 1466 vos.
452 1409 551 1464 Audiet
563 1419 667 1476 tamen,
687 1420 716 1467 et
730 1411 782 1467 de-

76 1490 130 1547 itur
144 1495 233 1550 omnis
252 1497 396 1553 multitudo
418 1496 541 1554 fidebam
561 1510 651 1556 restro
671 1500 781 1570 proprio

76 1583 231 1637 concedenti
246 1588 328 1639 dono.
345 1587 400 1641 Vos
414 1596 506 1641 autem
522 1603 582 1657 qnae
592 1596 620 1644 et
633 1587 742 1652 dicetis,
753 1597 781 1644 et

835 897 884 951 per
897 884 1000 946 vittam,
1016 898 1069 952 qua
1082 880 1171 938 onnes
1186 880 1399 952 restringuntur,
1408 875 1541 934 restrictio
1555 875 1632 949 cogi·

836 969 966 1027 monum
975 969 1132 1038 carnalium,
1146 985 1208 1041 qum
1222 985 1272 1039 per
1295 967 1386 1025 crines
1408 965 1567 1038 ligurantur,
1585 981 1631 1022 ac·

835 1058 943 1125 oipitnr.
965 1058 1133 1129 sponsarum
1155 1072 1222 1130 ergo
1241 1056 1324 1128 igni,
1348 1055 1403 1111 hoc
1424 1061 1466 1110 est
1493 1054 1631 1126 virginum

836 1146 1028 1215 consancta
1040 1146 1176 1219 precipue
1194 1145 1274 1202 decet
1293 1160 1353 1201 esse
1369 1143 1439 1200 sicut
1454 1143 1518 1198 vitta
1537 1141 1631 1198 cocci·

838 1249 898 1305 nea,
913 1245 943 1292 nt
955 1251 1047 1291 sermo
1060 1250 1153 1291 earum
1162 1249 1272 1303 semper
1284 1231 1414 1290 chmltate
1437 1230 1541 1294 ardeat,
1565 1245 1631 1302 pas·

837 1325 914 1379 sione
927 1321 1001 1394 Aeni
1016 1322 1150 1394 etrpousi
1164 1320 1268 1385 rubeat,
1281 1319 1328 1391 qui
1338 1334 1446 1389 semper
1456 1318 1538 1374 debet
1567 1333 1631 1375 esse

836 1411 864 1467 iu
877 1411 968 1480 corde,
983 1426 1091 1483 semper
1103 1410 1138 1466 sit
1152 1409 1181 1465 in
1195 1424 1242 1465 ore
1256 1408 1389 1466 candidus
1409 1418 1437 1465 et
1463 1406 1631 1465 rubicundus

837 1500 1024 1558 dulcislesus.
1037 1502 1093 1556 Nec
1116 1499 1195 1555 timeo
1218 1497 1317 1555 talibus
1336 1496 1372 1554 de
1391 1495 1541 1562 mendacio,
1566 1496 1632 1569 quis

836 1589 940 1645 mentiri
954 1590 1065 1646 omnino
1080 1587 1185 1653 uolunt,
1207 1602 1271 1644 cum
1291 1586 1326 1645 de
1347 1585 1460 1642 veritate
1483 1585 1633 1655 loquuntur

76 1668 114 1738 is,
129 1671 192 1740 quia
210 1672 273 1727 illud
290 1674 395 1730 dicetur
410 1691 426 1729 a
443 1675 535 1740 vobim
560 1675 667 1731 felicius
680 1678 776 1733 exsul·
797 1661 819 1738 Β
834 1677 990 1734 dulcissimo
1004 1678 1078 1733 lesu.
1104 1674 1232 1732 Sourrrlia
1255 1689 1331 1741 vero,
1350 1673 1448 1744 turpia,
1471 1675 1576 1744 jocosa,
1592 1680 1633 1729 et-

79 1767 129 1822 ,et
146 1760 294 1829 jucundius
314 1764 468 1835 regnabitis.
485 1762 552 1832 Quis
565 1764 644 1819 istam
661 1765 779 1821 felicita·

76 1846 160 1901 oterit
174 1849 331 1913 explicare?
346 1851 400 1906 imo
411 1852 472 1923 quis
482 1853 602 1907 bumana
611 1861 703 1907 mente
717 1867 781 1909 con·

85 1941 165 1990 tantae
185 1938 375 1995 exsultationis
396 1938 539 2009 jubilum?
562 1940 664 1996 iamsi
687 1956 782 1997 omues

79 2034 110 2075 es
136 2025 272 2080 cauticum
298 2026 369 2082 istud
399 2029 553 2096 cantabunt,
582 2028 707 2101 nunquid
737 2029 782 2086 illa

98 2109 233 2183 virginum
258 2116 410 2182 primiceria
425 2133 480 2173 uon
502 2117 642 2174 cantabit?
656 2118 783 2174 cantabit

76 2213 91 2264 r,
108 2208 135 2253 et
160 2209 234 2258 tanto
250 2204 407 2272 jactandius,
424 2214 528 2277 quanto
543 2207 644 2263 castior
664 2206 782 2265 ceteris.

76 2286 173 2358 abitque
186 2290 234 2346 toti
249 2292 336 2348 choro
352 2295 377 2348 in
393 2296 525 2351 cantando
539 2295 702 2363 exemplum,
712 2311 783 2367 quas

76 2376 200 2448 ¹pinitatia
215 2395 335 2437 aurorem
357 2399 406 2438 suo
421 2384 543 2440 incitavit
557 2385 691 2457 exemplo.
706 2388 780 2440 Can·

76 2473 162 2537 tergo
180 2469 302 2539 virgines
318 2473 343 2526 iu
359 2471 403 2527 illa
420 2473 588 2539 iucunditate
602 2473 697 2530 l'estiva
711 2489 781 2529 ceu·

90 2572 168 2611 suum
184 2557 211 2612 in
235 2574 282 2613 cor
305 2563 377 2630 Agrai
391 2561 505 2633 virginis
519 2561 613 2631 sponsi
627 2562 681 2632 sui,
696 2576 713 2616 a
726 2578 782 2634 quo

76 2646 233 2700 scanticum
247 2657 356 2704 cantare
376 2659 496 2719 possent,
521 2659 695 2719 acceperunt.
710 2649 782 2714 Quid

76 2733 104 2787 a?
118 2733 244 2803 Nunqnid
259 2746 286 2790 et
301 2736 360 2805 ipse
379 2744 475 2810 Agnus
496 2752 550 2793 non
566 2738 655 2793 solum
668 2737 782 2793 aliarum

76 2831 245 2893 inmutatum,
261 2826 309 2879 sed
323 2824 405 2880 edam
418 2826 505 2896 ipsam
523 2826 661 2895 Virginem
673 2828 782 2882 llatrem

836 1766 925 1822 otiosa
946 1765 1038 1836 verba,
1060 1765 1151 1822 serbis
1168 1762 1304 1835 passionis
1323 1763 1470 1818 convenire
1489 1777 1544 1817 non
1568 1777 1632 1833 pos-

836 1863 910 1910 sunt.
924 1853 997 1925 Quid
1010 1852 1081 1909 enim
1098 1849 1200 1915 utilius,
1215 1849 1282 1921 quid
1297 1848 1429 1916 amarius,
1449 1848 1514 1921 quid
1530 1849 1633 1905 decen·

836 1943 892 1999 tius
904 1942 1030 2014 passione
1043 1943 1108 1997 lesu
1122 1937 1244 1995 Christi?

874 2036 936 2090 tls.
951 2031 976 2089 0
1003 2029 1162 2088 dulcissime
1175 2036 1256 2102 atque
1269 2026 1454 2084 amantissime
1468 2027 1546 2092 lesu,
1563 2040 1633 2097 agne

836 2122 1019 2191 lmmsculrte‚
1046 2117 1160 2177 candide
1190 2132 1238 2186 per
1262 2116 1454 2182 innocentiam,
1481 2113 1632 2170 rubicunde

837 2228 888 2284 per
902 2207 1062 2282 sauguinem
1079 2205 1224 2279 passionis,
1241 2221 1323 2277 qnam
1335 2203 1486 2273 jucundum
1500 2201 1630 2276 cogitare,

838 2316 919 2372 quam
932 2297 1043 2354 salubre
1057 2295 1131 2367 loqui
1146 2294 1181 2351 de
1196 2303 1223 2350 te
1238 2293 1244 2349 l
1262 2296 1301 2350 Tu
1316 2292 1388 2351 anim
1404 2292 1438 2346 de
1451 2300 1477 2347 te
1492 2289 1631 2363 loquenti-

836 2388 889 2444 bus
903 2401 1034 2458 prmsens,
1063 2394 1181 2441 mentem
1208 2383 1324 2439 dulciter
1338 2379 1477 2451 accendis,
1500 2377 1632 2460 informas

835 2477 928 2542 verba,
939 2481 967 2533 et
989 2473 1111 2532 omnium
1124 2471 1152 2528 in
1170 2480 1197 2527 te
1211 2468 1382 2543 loquentium
1397 2466 1479 2524 trabis
1501 2465 1629 2522 allectus:

837 2571 1002 2634 curruntque
1026 2563 1053 2616 in
1073 2561 1158 2617 odore
1180 2570 1377 2631 unguentorum
1401 2562 1519 2621 tuorum,
1544 2554 1632 2610 donec

837 2651 1039 2709 introducentur
1054 2665 1070 2704 a
1084 2657 1120 2719 te,
1137 2649 1195 2703 Rex
1223 2662 1327 2719 regum,
1344 2645 1373 2700 in
1394 2642 1501 2700 cellaria
1515 2650 1571 2709 tua,
1584 2641 1630 2698 bi·

837 2743 959 2812 bantque
971 2738 1064 2797 vinum
1091 2735 1255 2794 dulcissimae
1269 2732 1464 2792 consolationis
1482 2741 1536 2787 tuae
1550 2731 1576 2785 in
1586 2731 1632 2800 ju·

836 2824 1136 2891 cunditstecurdissui,
1152 2824 1317 2896 audiantque
1336 2820 1523 2878 suavissimam
1540 2834 1634 2876 rocem

89 2913 318 2981 superexcellens,
334 2928 349 2966 a
367 2929 421 2983 quo
441 2913 542 2969 habeut
562 2931 617 2969 non
637 2912 736 2978 solum,
753 2919 819 3012 ωε
836 2919 911 2974 tuam
928 2916 1070 2980 dicentem,
1081 2912 1172 2970 Bidite
1196 2916 1225 2969 et
1246 2911 1445 2977 inebriamini,
1461 2909 1632 2979 ,eboriaci-mi

76 2997 199 3069 'ifssinfflr
232 3001 278 3054 Sed
305 3002 385 3057 etiam
410 3002 480 3067 sint;
505 3002 636 3072 nunquid,
659 3001 781 3072 iuquam,
834 3007 930 3073 (cunt.
943 3020 964 3062 tt
984 3005 1012 3077 l)
1026 3022 1036 3073 3
1050 3003 1221 3072 sentiantque
1235 2999 1483 3074 indignosamaria
1497 3012 1523 3054 te
1538 2997 1631 3071 graus,

76 3100 115 3140 rus
128 3085 263 3157 virginum
278 3089 364 3157 virgo,
390 3091 465 3161 virgo
486 3091 605 3156 optimus
629 3105 682 3144 uon
700 3092 781 3145 etiam
835 3094 1002 3152 amicissime
1017 3101 1044 3150 et
1060 3091 1215 3166 gratissime
1229 3092 1304 3148 lesu.
1316 3092 1434 3148 Videsne
1453 3087 1536 3162 igitur
1546 3102 1632 3158 quor·

76 3171 197 3231 ritilmo
211 3193 272 3232 aero
287 3178 386 3247 etipse
401 3179 528 3244 cantabit,
548 3189 574 3233 et
586 3177 782 3247 jucundissima
835 3200 895 3240 sum
919 3183 1032 3241 tendant
1054 3184 1134 3240 rerba
1157 3181 1295 3240 charitatis
1317 3189 1345 3237 et
1365 3179 1499 3251 passionis
1523 3177 1632 3253 benigni

76 3280 98 3320 ⁸¹
112 3264 195 3322 Verbi
206 3266 292 3322 Patris
306 3268 409 3332 aett'tni,
424 3283 487 3323 cum
500 3267 637 3330 erunibus,
654 3283 709 3336 pre
723 3283 782 3323 om·
833 3272 899 3329 lesu
913 3273 927 3330 i
940 3274 1020 3342 cujus
1038 3287 1137 3327 nomen
1157 3271 1230 3342 quod
1254 3282 1296 3325 est
1321 3285 1404 3340 super
1423 3282 1503 3323 omno
1523 3282 1630 3337 nomen,

76 3393 80 3419 ,
104 3358 132 3409 et
156 3354 184 3408 in
204 3355 329 3410 omnibus
354 3354 591 3413 evacuaretur.
616 3354 781 3413 Olelioissi·

98 3442 250 3498 canticum!
290 3459 307 3500 o
341 3444 515 3500 testivitatem
546 3441 780 3514 jucundissimam,

76 3531 187 3587 tratione
201 3531 296 3587 etline
319 3530 477 3589 carituram!
495 3529 560 3600 Quis
583 3533 617 3587 ad
640 3530 704 3586 illud
727 3547 781 3588 non

76 3620 119 3675 st?
134 3621 195 3693 quis
205 3623 329 3677 laborare
339 3629 494 3678 contemnat
508 3629 537 3678 ut
551 3621 614 3676 illoc
630 3620 780 3692 perveniat,

76 3713 190 3765 antarum
203 3710 340 3784 virgiuum
355 3712 489 3767 cauticum
501 3726 600 3766 novum
614 3709 718 3774 audiat,
733 3708 781 3765 ubi

75 3795 142 3853 iliter
156 3815 212 3867 prae
227 3801 333 3856 ceteris
352 3800 503 3874 virginibus
518 3799 715 3855 redundantem
731 3812 781 3855 ro-

835 3360 901 3415 nulli
915 3360 1006 3432 potius
1020 3357 1222 3423 nominandum,
1239 3356 1320 3412 nullis
1333 3355 1443 3410 dulcius
1470 3353 1632 3426 sapiendum

835 3457 886 3513 est,
901 3462 982 3517 quam
996 3444 1147 3516 virginibus
1168 3445 1263 3513 sacris,
1279 3442 1388 3513 sponsis
1402 3443 1462 3512 ejus
1478 3459 1485 3495 z
1506 3449 1536 3496 ot
1559 3457 1631 3497 uun-

834 3551 915 3608 quam
933 3537 969 3591 ab
982 3550 1078 3590 earum
1092 3550 1139 3589 ore
1155 3533 1262 3588 recedat
1272 3548 1373 3588 nomen
1387 3528 1537 3587 dulcissimi
1552 3530 1629 3598 lesu,

835 3624 863 3679 in
877 3638 932 3695 quo
954 3622 1008 3694 ipsi
1025 3622 1105 3695 agno
1125 3619 1246 3679 coelestis
1264 3621 1351 3676 Patris
1368 3618 1502 3675 canticum
1526 3634 1629 3674 uorum

834 3712 900 3769 solae
920 3712 1074 3771 sanabunt.
1098 3710 1211 3783 lucipite
1231 3725 1299 3782 ergo
1320 3719 1451 3782 quantum
1474 3705 1515 3763 fas
1536 3713 1589 3773 est,
1613 3723 1630 3763 o

834 3801 964 3872 virgines,
977 3799 1029 3858 lrui
1044 3816 1145 3871 sponso
1159 3807 1259 3858 vestro.
1286 3801 1379 3870 ipsum
1397 3813 1503 3867 semper
1521 3795 1550 3850 in
1573 3811 1630 3863 ore,

76 3885 153 3941 latria
173 3889 244 3958 Agri
269 3891 419 3960 percipiam
437 3889 483 3944 ubi
507 3896 535 3946 et
558 3888 649 3958 ipsum
672 3888 780 3957 Quum
832 3905 940 3960 semper
964 3891 992 3947 in
1007 3892 1090 3946 corde
1113 3896 1251 3961 gestantes
1267 3895 1317 3945 :ut
1342 3887 1408 3944 liant
1433 3886 1458 3943 ei
1474 3886 1543 3943 sicut
1564 3885 1631 3943 aitte

75 3990 141 4028 num
159 3984 187 4030 et
208 3975 397 4034 dulcissimum
424 3978 518 4043 melos,
547 3985 631 4033 totum
654 3976 780 4032 melleum
833 3978 959 4037 coccinea
977 3979 1045 4035 labia
1063 3988 1165 4046 restra,
1185 3991 1210 4035 ct
1226 3979 1363 4049 eloquium
1382 3978 1471 4044 dulce,
1487 3984 1516 4032 ut
1539 3975 1630 4049 dignm

76 4061 302 4120 tconcinentem‘l
318 4066 347 4121 Si
361 4066 432 4121 enim
447 4066 558 4136 eloquia
577 4065 696 4134 Domini,
715 4075 782 4120 teste
835 4068 988 4125 babeamini
1004 4069 1177 4140 postmodum
1200 4067 1317 4124 osculari
1330 4069 1365 4124 ab
1379 4066 1474 4123 osculo
1488 4065 1545 4122 oris
1559 4066 1628 4135 ejus,

76 4148 137 4220 ista,
159 4160 187 4206 et
208 4152 235 4207 in
252 4153 310 4225 ipso
325 4169 439 4223 corpore
453 4168 549 4213 morus
563 4157 706 4213 existentis
720 4156 780 4212 uui·
835 4160 903 4214 etab
915 4157 975 4227 ipso
985 4156 1118 4214 introduci
1131 4157 1160 4212 in
1175 4156 1317 4214 coelestem
1332 4154 1489 4211 thalamum.

78 4255 103 4294 nr
120 4248 170 4293 tam
185 4240 278 4297 dulcia
291 4251 363 4307 sunt,
381 4251 409 4298 ut
427 4245 480 4298 mel
497 4253 524 4299 et
540 4244 630 4302 larum
646 4252 778 4317 superent
797 4205 819 4282 ὓ
872 4250 934 4302 tta.
953 4246 1036 4302 Serta
1052 4254 1079 4301 et
1099 4243 1191 4300 ultima
1203 4259 1295 4309 causa,
1314 4249 1424 4314 propter
1442 4256 1522 4311 quam
1539 4237 1629 4312 virgi·

99 4342 191 4397 crrrn,
217 4330 280 4399 10³)
295 4348 303 4397 ;
318 4338 418 4403 quauta
432 4340 512 4402 putas
530 4346 562 4387 ea
576 4331 718 4388 dulcedine
731 4349 777 4388 su·
832 4335 901 4391 uitas
915 4344 957 4390 est
968 4334 1139 4403 appetenda,
1163 4338 1241 4389 serto
1256 4331 1320 4387 lolio
1336 4330 1410 4385 lloris
1427 4328 1475 4383 litii
1502 4327 1628 4398 designa-

76 4417 173 4473 nndare
188 4420 298 4486 debere,
318 4419 364 4475 ubi
390 4420 478 4475 omnis
502 4420 664 4485 mortalitas,
688 4422 779 4477 omnis
832 4429 885 4479 tur.
901 4421 1060 4480 Ostenditur
1074 4420 1146 4475 enirn
1162 4419 1241 4475 nobis
1252 4434 1313 4488 quae
1334 4417 1371 4472 ait
1385 4418 1445 4471 baec
1458 4431 1538 4471 causa
1554 4415 1628 4474 testi·

85 4506 173 4561 omnis
188 4508 265 4563 dolor
278 4509 373 4579 procul
388 4510 571 4580 transierunt3
589 4509 635 4565 rabi
648 4509 777 4565 amaritu-
831 4511 923 4566 monio
936 4509 1014 4567 lsaiae
1037 4507 1176 4563 dicentis:
1200 4503 1344 4562 dunocbis
1368 4503 1396 4558 id
1419 4509 1461 4558 ost
1482 4502 1628 4573 uirginibus

76 4593 157 4650 rullus
182 4597 343 4667 relinquitur
366 4600 452 4664 locus,
478 4599 526 4655 sed
545 4614 641 4655 omnes
660 4609 777 4654 torrenta
832 4600 908 4665 meis,
923 4596 1189 4656 doboindomomeo
1201 4595 1270 4651 otia
1281 4592 1531 4651 incrementorum
1542 4594 1629 4648 nomi·

76 4680 130 4736 atis
165 4683 262 4740 divinas
296 4691 471 4757 potabuntur,
500 4686 627 4743 inebriati
656 4686 778 4742 ubertate
830 4685 1028 4746 antummutto
1041 4684 1196 4749 meliorem,
1212 4681 1629 4755 pucmfilicramatqnefilic·

76 4788 79 4822 ι
100 4772 183 4837 ejus‘l
207 4774 323 4830 llarima
349 4778 475 4833 omnibus
495 4776 620 4845 felicitas,
644 4773 778 4831 canticum
830 4793 899 4833 rum
914 4770 1328 4842 :omnenoeternamdoboeis,
1344 4769 1628 4844 qnodauaqanmde·

76 4874 137 4915 eum
155 4861 227 4932 Agni
253 4864 436 4920 dulcissimum
461 4865 635 4922 audientibus
661 4879 668 4918 :
691 4863 773 4920 abun·
830 4866 984 4936 ficietllso.
1000 4878 1059 4934 cat,
1074 4865 1112 4932 ὅ).
1125 4861 1149 4919 Ο
1163 4859 1278 4916 sublime
1291 4859 1419 4917 meritum
1435 4859 1566 4930 virgiuum
1585 4876 1591 4924 ;
1612 4872 1628 4913 ο

76 4963 89 5002 r
109 4959 197 5004 tamen
220 4950 369 5023 virginibus
389 4953 498 5022 Christi,
519 4971 581 5009 cum
613 4954 674 5025 ipso
697 4953 778 5025 arno
831 4953 946 5028 gloriam
960 4954 1148 5018 excellentem,
1162 4966 1179 5008 o
1193 4950 1337 5024 premium
1352 4949 1508 5023 spirituale!
1525 4948 1628 5018 Logant

78 5036 160 5093 tibus·
831 5053 858 5101 et
869 5042 1025 5116 intelligant,
1038 5041 1233 5110 memoriaeque
1239 5039 1431 5097 commendent
1441 5038 1552 5094 verbum
1564 5037 1626 5104 hoc,

76 5163 81 5180 .
100 5125 207 5194 Quanta
220 5128 401 5184 sollicitudine
416 5129 663 5189 merito-custodire
677 5131 777 5188 debent
830 5135 945 5190 verbum
961 5134 1060 5191 bonum
1077 5138 1104 5186 et
1119 5145 1204 5188 suave
1224 5128 1343 5199 virgines
1356 5143 1468 5195 omues;
1484 5124 1562 5196 pueri
1577 5141 1627 5196 pa-

76 5228 103 5269 es
116 5228 166 5270 ora
180 5231 239 5278 aua,
254 5218 388 5273 canticum
413 5218 480 5273 solis
498 5219 649 5291 virginibus
662 5227 775 5275 motan-
831 5219 894 5277 riter
909 5231 936 5276 et
951 5219 1050 5292 puella
1063 5218 1211 5289 gaudeant,
1227 5228 1254 5272 et
1267 5223 1475 5287 perseveranter
1503 5222 1623 5280 currant,

76 5311 191 5368 manre,
221 5313 249 5360 et
273 5322 334 5362 cum
358 5308 432 5360 cmm
451 5308 583 5362 mundius
605 5321 775 5371 conservare,
828 5309 876 5381 qui
887 5310 944 5378 jam
957 5307 1151 5364 continentiam
1173 5313 1315 5381 vorarunt,
1343 5302 1625 5372 doneccomprebeu·

76 5387 140 5446 dum
151 5393 184 5446 ab
199 5394 272 5449 omni
287 5402 347 5450 acta
364 5394 476 5466 polluto,
491 5396 539 5452 sed
553 5395 589 5450 ad
603 5395 677 5450 omni
692 5396 777 5451 aerbo
830 5400 905 5455 dant.
919 5393 1037 5451 Audiam
1052 5394 1098 5465 qui
1122 5391 1243 5448 noudum
1270 5398 1402 5447 coierunt
1417 5411 1425 5461 ;
1449 5400 1475 5449 st
1489 5392 1625 5450 delecten-

76 5490 130 5549 cso,
161 5481 244 5551 turpi,
273 5482 392 5553 scurrili,
408 5483 515 5554 jocoso,
540 5483 594 5542 imo
615 5491 642 5541 et
666 5481 775 5542 otioso?
828 5494 872 5542 tur
886 5485 914 5541 in
927 5480 1070 5539 altitudine
1082 5480 1267 5553 praemiorum,
1283 5490 1311 5537 ut
1327 5488 1441 5540 termut
1463 5480 1545 5545 otiam
1572 5481 1624 5561 ipsi
