3706 5962
158 236 210 302 tot
707 222 820 286 hauh.-
840 221 883 282 bh
906 220 1044 283 flbhlhl
1063 220 1267 287 cohbtrtohtt.
1753 199 1809 287 qpp

159 375 240 434 quem
256 357 279 413 si
293 354 376 411 semel
387 367 487 424 ponere
506 366 555 423 pro
569 351 676 408 Christo
691 367 745 408 non
761 358 846 423 potes,
859 346 956 440 saltem
976 366 999 443 st
1016 348 1095 406 fletus
1109 360 1135 406 et
1158 334 1301 422 planctus,
1322 349 1438 420 gemitus
1461 357 1487 404 et
1515 350 1644 421 ululatus,
1676 367 1811 408 moerores

159 447 259 506 mitiori
273 444 400 517 quodam,
426 442 474 496 sed
498 441 614 514 longiori
639 441 769 512 martyrio
791 454 872 510 pone.
897 434 958 491 Noh
1017 448 1097 509 atque
1116 439 1244 496 stridores
1257 438 1378 493 dentium
1396 457 1402 492 :
1419 437 1539 510 nihilque
1554 438 1591 493 ibi
1607 439 1749 507 ridebitur,
1761 441 1812 496 nisi

159 537 300 596 attendere
327 533 393 605 qnid
417 545 481 585 caro
500 530 575 596 velit,
591 532 639 586 sed
656 529 721 602 quid
736 528 844 601 spiritus
864 524 958 596 poscit.
1015 542 1130 594 uermes,
1146 535 1172 584 ot
1191 528 1307 587 larvales
1322 526 1405 581 lacios
1420 534 1561 592 tortorum,
1578 536 1656 599 atque
1680 530 1812 585 teterrima

159 628 235 684 'lunc
250 623 321 679 enim
337 620 471 694 gloriosus
486 619 547 683 erit,
567 634 627 674 cum
651 619 683 673 ad
710 620 795 674 Deum
822 631 900 670 sunm
916 628 961 667 re-

158 713 249 782 dierit,
266 713 302 767 ita
316 721 404 766 tamen
427 708 451 762 si
466 707 500 763 de
511 722 624 778 corpore
642 707 747 762 nullum
760 711 899 776 peccatum
915 717 961 756 se·

159 817 221 859 cum
236 800 337 869 tulerit,
364 805 391 853 et
405 795 548 852 deterserit
562 811 644 852 omne
671 794 821 852 sordidum.
844 790 872 845 Si
896 803 961 846 vero

161 890 240 962 dicis,
268 889 357 944 Durus
384 893 426 941 est
452 884 496 941 hic
515 900 620 951 sermo;
637 899 690 940 non
707 898 817 953 possum
833 878 960 933 mundum

159 993 298 1052 spernere,
313 985 339 1031 et
357 989 464 1032 carnem
491 989 577 1051 meam
602 973 666 1029 odio
688 973 787 1028 habere
805 986 811 1024 :
828 968 871 1024 dic
885 965 961 1033 mibi,

160 1068 207 1124 nbi
222 1075 286 1123 sunt
310 1072 445 1120 amatores
467 1061 573 1127 muudi,
595 1062 717 1132 quiante
736 1075 822 1132 pauca
840 1065 961 1126 tempora

160 1155 300 1213 nobiscum
320 1151 419 1207 erant?
434 1150 506 1205 Nihil
521 1166 553 1205 ex
569 1149 608 1203 eis
631 1147 769 1215 remansit,
787 1147 838 1201 nisi
858 1143 963 1201 cineres

159 1253 187 1301 et
211 1257 327 1300 vermes
349 1239 466 1296 Attende
495 1237 642 1310 diligenter
664 1236 728 1308 quid
752 1246 825 1299 sunt,
843 1231 884 1287 uel
899 1228 962 1300 quid

161 1333 281 1388 luerunt.
299 1329 427 1385 Homines
441 1327 546 1383 luerunt
560 1326 628 1382 sicut
648 1336 695 1382 tu:
719 1324 907 1383 comederunt,
921 1317 963 1372 bi·

163 1422 271 1488 berunt,
289 1419 417 1482 riserunt,
433 1417 568 1470 duxerunt
583 1414 612 1468 in
628 1414 707 1470 bonis
717 1412 776 1468 dics
790 1426 853 1466 suos
869 1415 914 1474 ;et
937 1404 964 1459 in

162 1517 263 1582 puncto
278 1508 312 1563 ad
327 1507 428 1562 interna
452 1504 650 1561 descenderunt
665 1504 733 1574 (Iob.
758 1517 814 1567 xxx,
845 1498 899 1568 la).
915 1495 965 1550 llic

162 1612 225 1655 caro
240 1612 334 1653 eorum
353 1594 502 1661 vermibus,
517 1599 545 1648 et
559 1593 614 1647 illic
637 1593 726 1647 anima
748 1590 856 1664 ignibus
882 1586 967 1655 depu-

163 1694 247 1755 tatur,
263 1684 350 1740 donec
362 1698 457 1738 rursus
474 1680 574 1737 inlelici
585 1681 702 1752 collegio
727 1677 855 1751 colligati,
867 1672 971 1743 ‚sempi-

162 1775 246 1831 ternis
260 1773 428 1832 involvantur
448 1769 590 1835 inoendiis,
605 1768 651 1839 qni
675 1768 740 1824 socii
756 1767 866 1822 luerunt
880 1764 908 1818 in
923 1762 963 1819 vi-

163 1862 219 1920 tiis.
236 1862 296 1918 Una
312 1875 430 1932 namque
453 1873 534 1930 poena
558 1856 686 1926 implicat,
702 1871 773 1927 quos
798 1869 871 1910 unus
889 1866 964 1906 amor

162 1950 313 2024 incrimine
328 1948 404 2020 ligat.
420 1945 492 2014 Quid
507 1944 608 2017 proluit
621 1944 676 1999 illis
691 1942 779 1998 inanis
791 1940 885 2015 gloria,
900 1939 962 1993 bre-

162 2040 204 2098 vis
219 2039 321 2107 laetitis,
342 2035 438 2092 mnndi
458 2034 585 2106 potentia,
611 2033 702 2090 carnis
726 2032 860 2102 voluptas,
889 2027 963 2082 falsae

162 2127 274 2195 divitiae,
290 2139 390 2199 magna
402 2121 515 2188 familia,
525 2128 552 2178 et
566 2122 636 2176 mala
650 2117 896 2190 concupiscentis?
911 2114 962 2170 Ubi

164 2217 247 2283 risus,
273 2214 319 2269 ubi
333 2215 423 2283 jocuS,
440 2211 486 2267 ubi
504 2209 641 2281 jactantia,
663 2208 710 2264 ubi
723 2205 902 2277 arrogantia?
924 2205 963 2258 De

162 2312 240 2377 qanta
260 2301 360 2369 laetitia,
381 2308 485 2373 quanta
499 2298 604 2355 tristitia
621 2300 627 2354 t
644 2306 705 2368 post
729 2295 858 2352 tantillam
882 2293 963 2351 volu·

161 2400 274 2466 ptatem‚
301 2405 380 2464 quam
410 2388 501 2463 gravis
515 2387 640 2443 miseris!
663 2388 702 2441 De
728 2382 773 2439 illa
786 2381 963 2437 exsultatione

162 2481 318 2538 ceciderunt
337 2479 363 2533 in
390 2493 515 2550 magnam
538 2475 688 2544 miseriam,
705 2474 731 2528 in
755 2472 891 2544 grandem
905 2468 964 2524 rui·

162 2587 224 2626 nam
244 2571 313 2625 etin
332 2583 428 2641 magna
440 2575 583 2622 tormenta.

200 2663 244 2714 ιθ.
266 2656 403 2728 Quidquid
431 2655 486 2710 illis
511 2653 615 2723 aedidit,
641 2652 688 2706 tibi
717 2652 839 2708 accidere
865 2659 961 2721 potest,

163 2745 228 2819 quia
243 2746 325 2800 bomo
343 2758 390 2797 es:
406 2743 488 2796 homo
512 2742 545 2795 de
576 2740 670 2810 humo,
688 2739 769 2795 limus
788 2739 823 2793 de
836 2740 910 2793 limo.
925 2737 964 2792 De

164 2843 237 2892 terra
256 2849 296 2904 es,
312 2842 338 2889 et
354 2832 388 2886 de
404 2837 472 2888 terra
486 2829 567 2897 vivis,
585 2836 612 2885 et
625 2828 653 2882 in
684 2839 780 2883 terram
810 2825 961 2897 reverteris,

1015 627 1135 672 monstra
1149 617 1312 672 daemonum.

1024 705 1129 763 Vererer
1144 705 1269 763 crudeles
1289 704 1458 760 mordebunt
1479 705 1584 762 intimo
1597 704 1705 762 cordis:

1020 794 1088 850 lliac
1104 796 1191 859 dolor,
1217 794 1284 851 inde
1297 809 1394 866 pavor,
1410 793 1542 868 petulius,
1558 799 1668 866 stupor,
1684 790 1714 850 ’ct
1730 799 1816 852 timor

1672 873 1812 956 [horrens.

1015 971 1208 1044 sedebuntque
1231 970 1322 1028 miseri
1346 970 1373 1026 in
1397 971 1460 1044 igne
1482 978 1583 1028 aeterno
1602 971 1629 1026 in
1644 980 1775 1029 aternum
1789 983 1816 1029 rt

1018 1058 1097 1116 ultra.
1116 1060 1144 1114 ln
1159 1075 1239 1117 osrne
1262 1060 1453 1116 cruciabuntur
1477 1075 1526 1128 per
1548 1061 1650 1133 ignem,
1667 1060 1694 1116 in
1718 1060 1816 1133 spiritu

1019 1164 1067 1220 per
1081 1148 1253 1205 conscientiae
1266 1164 1393 1205 vermem.
1411 1148 1449 1203 lbi
1464 1147 1514 1204 erit
1530 1148 1607 1205 dolor
1627 1149 1814 1214 intolerabilis,

1019 1237 1100 1292 timor
1115 1236 1264 1303 horribilis,
1283 1236 1350 1292 letor
1366 1236 1594 1308 incomparabilis,
1623 1253 1698 1294 mors
1720 1237 1818 1294 animae

1020 1333 1047 1381 et
1061 1328 1183 1396 eorporis
1197 1327 1254 1382 sine
1270 1341 1318 1398 spo
1332 1326 1418 1382 venire
1446 1335 1473 1381 et
1486 1325 1688 1382 misericordiae.
1712 1326 1757 1383 Sic
1775 1334 1818 1382 ta-

1024 1430 1084 1470 men
1101 1415 1261 1484 morientur,
1278 1425 1308 1472 ut
1331 1430 1437 1486 semper
1453 1414 1560 1481 vivant3
1582 1414 1661 1471 etsie
1675 1414 1775 1483 vivent,
1790 1423 1818 1470 ut

1021 1519 1130 1575 sempor
1144 1504 1301 1559 moriantur.
1328 1503 1370 1558 lta
1393 1502 1481 1558 anima
1500 1503 1645 1576 peccatoris
1659 1509 1705 1559 aut
1719 1503 1747 1558 in
1770 1503 1816 1558 irr-

1022 1590 1098 1647 lerno
1124 1607 1173 1664 pro
1193 1592 1307 1662 peccatis
1331 1592 1476 1660 cruciatur,
1501 1603 1548 1647 aut
1577 1592 1604 1646 in
1628 1591 1750 1665 paradiso
1769 1608 1818 1664 pro

1023 1680 1102 1737 bonis
1115 1681 1216 1736 meritis
1231 1681 1386 1738 collocatur.
1413 1682 1490 1738 Nunc
1512 1695 1578 1754 ergo
1593 1677 1731 1737 alterume
1746 1680 1817 1736 duo-

1017 1770 1067 1825 bus
1082 1770 1230 1841 eligamus:
1247 1776 1293 1824 aut
1312 1785 1417 1838 semper
1436 1769 1551 1826 cruciari
1572 1785 1635 1826 cum
1656 1769 1757 1840 impiis,
1773 1779 1818 1824 aut

1021 1858 1211 1930 perpetualiter
1230 1859 1315 1915 laetari
1337 1875 1397 1914 curn
1417 1859 1528 1915 sanctis.
1556 1858 1657 1914 Bonum
1681 1857 1816 1930 siqnidem

1018 1955 1045 2001 et
1062 1948 1236 2014 malum,rita
1250 1958 1276 2004 et
1294 1965 1377 2015 mors,
1395 1955 1458 2007 ante
1475 1965 1525 2006 nos
1544 1955 1606 2002 sunt
1621 1947 1715 2019 posita,
1733 1954 1763 2002 ut
1781 1948 1815 2002 ad

1018 2035 1090 2105 quod
1107 2037 1274 2092 voluerimus
1299 2053 1406 2093 manum
1422 2037 1611 2094 extendamus.
1636 2036 1665 2091 Si
1685 2044 1815 2093 tormenta

1019 2139 1071 2180 non
1089 2134 1188 2183 terrent
1198 2144 1257 2194 noe,
1273 2128 1365 2183 saltem
1381 2127 1493 2182 inritent
1507 2126 1628 2198 praemia.

1319 2217 1433 2272 CAPUT
1465 2216 1510 2271 lv.

1196 2307 1233 2360 lle
1245 2306 1364 2377 proemio
1383 2304 1489 2377 patriae
1504 2303 1635 2361 ccelesiis.

1055 2393 1097 2443 lt.
1114 2390 1261 2447 Praemium
1276 2402 1317 2448 est
1336 2392 1427 2447 videre
1442 2393 1539 2460 Deum,
1563 2390 1654 2448 vivere
1672 2406 1734 2446 cum
1748 2390 1814 2459 Deo,

1018 2478 1109 2534 vivere
1123 2479 1157 2536 de
1171 2480 1240 2550 Deo,
1256 2496 1315 2536 esse
1336 2497 1397 2537 cum
1420 2481 1488 2549 Deo,
1503 2496 1562 2536 esse
1573 2480 1599 2534 in
1614 2480 1681 2548 Deo,
1707 2479 1818 2551 quierit

1018 2567 1108 2621 omnia
1126 2567 1153 2624 in
1168 2569 1308 2638 omnibus3
1332 2570 1430 2624 habere
1447 2571 1544 2638 Deum,
1561 2568 1606 2641 qui
1621 2579 1663 2624 est
1681 2584 1816 2623 summum

1019 2656 1130 2710 bonum.
1142 2659 1177 2712 Et
1190 2659 1235 2713 ubi
1257 2669 1299 2713 est
1316 2675 1450 2713 summum
1466 2660 1577 2724 bonum,
1593 2656 1631 2712 ibi
1645 2665 1685 2712 est
1713 2673 1817 2712 summa

1019 2743 1140 2814 felicitas,
1158 2762 1263 2802 summa
1277 2748 1440 2818 jucunditas,
1461 2763 1526 2804 vera
1554 2746 1673 2812 libertas,
1697 2745 1817 2816 perlecta

1017 2833 1146 2898 charitas,
1168 2844 1267 2890 eterna
1282 2836 1423 2907 securitas,
1452 2847 1479 2893 et
1502 2852 1596 2892 secura
1610 2833 1765 2905 aeternitas3
1782 2835 1818 2890 ibi

164 2922 272 2997 quando
292 2921 394 2979 uenerit
408 2920 468 2975 dies
484 2917 529 2974 illa
549 2916 654 2986 ultima,
670 2932 731 2987 quse
749 2916 838 2973 subito
857 2917 964 2984 venict;
981 2923 1003 3000 c
1018 2928 1061 2975 est
1075 2939 1137 2978 vera
1152 2923 1252 2991 laetitia,
1266 2926 1347 2996 plena
1369 2925 1496 2996 scientia,
1525 2925 1612 2981 omnis
1632 2924 1817 2996 pulchritudo,

165 3022 193 3068 et
207 3009 319 3068 forsitan
333 3009 412 3066 hodie
427 3007 488 3064 erit.
499 3009 608 3063 Certum
627 3007 740 3078 estquis
755 3005 899 3074 morioris,
914 3005 962 3062 sed

166 3100 299 3158 incertum
325 3097 442 3170 quaudo,
472 3105 517 3151 sut
538 3094 685 3166 quomodo,
701 3093 743 3148 rel
759 3093 813 3149 ubi.
830 3093 962 3161 Quoniam

167 3203 242 3244 mors
270 3185 369 3257 ubique
398 3191 424 3239 te
451 3170 597 3252 exspectat,
628 3189 781 3252 tuquoque,
807 3180 829 3236 si
858 3180 964 3250 sapiens

165 3275 258 3344 lucris,
286 3273 385 3345 ubique
393 3286 452 3328 eam
468 3267 646 3341 exspectabis.
663 3269 690 3325 Si
705 3284 814 3324 carnem
833 3269 963 3340 sequeris,

164 3364 286 3437 punieris
296 3363 323 3419 in
336 3376 435 3427 carne;
461 3359 485 3415 si
499 3360 617 3414 incarne
631 3357 784 3424 delectaris,
800 3356 965 3413 cruciaberis

164 3453 305 3509 incarne.
333 3449 361 3506 Si
383 3449 506 3506 curiosas
531 3454 621 3502 vestes
640 3444 764 3517 requiris,
792 3460 841 3516 pro
869 3452 965 3500 ornatu

162 3539 277 3599 restium
300 3537 394 3608 subter
422 3544 446 3592 te
473 3542 607 3590 sternetur
627 3531 708 3603 tinea,
723 3539 749 3587 et
767 3531 965 3604 operimentum

163 3637 241 3687 tuum
259 3636 337 3685 erunt
363 3641 468 3685 uermes
500 3625 577 3691 (leui.
608 3637 666 3698 xxv,
694 3623 749 3693 ll).
769 3622 873 3678 lustitia
892 3622 964 3678 enim

165 3720 215 3777 Dei
235 3717 310 3774 aliud
331 3715 450 3786 judicare
474 3729 529 3768 non
548 3719 647 3783 potest,
667 3711 718 3765 nisi
741 3711 814 3783 qnod
829 3721 966 3768 merentur

163 3824 247 3882 opera
274 3815 376 3861 nostra.
392 3803 445 3872 Qui
461 3801 534 3858 enim
558 3801 619 3872 plus
636 3798 725 3871 diligit
740 3802 871 3857 mundum
885 3818 966 3873 quam

164 3899 261 3963 Deum
277 3893 404 3950 saeculum
418 3906 499 3964 quam
518 3891 674 3956 claustrum,
693 3888 783 3960 gulam
800 3904 882 3960 quarn
902 3890 965 3945 abs-

163 3983 316 4052 tinentiam,
353 3979 486 4036 luxuriam
523 3993 602 4049 quam
643 3977 802 4043 castitatem,
845 3979 967 4048 sequitur

97 4117 101 4125 .
164 4074 313 4140 diabolum,
337 4078 364 4127 et
379 4069 427 4126 ibit
440 4084 501 4124 oum
516 4080 548 4122 eo
572 4064 600 4119 in
615 4064 778 4134 supplicium
786 4063 873 4121 em
884 4073 964 4121 ator·

164 4179 240 4219 num.
269 4160 346 4230 Quis,
376 4165 465 4231 putas,
494 4163 559 4210 tunc
583 4167 685 4208 moeror
704 4152 764 4219 crit,
785 4153 846 4224 quis
869 4155 964 4216 luctus,

1018 3018 1045 3065 et
1058 3011 1299 3068 omnisbeatitudo.

1053 3102 1101 3154 Est
1117 3100 1228 3172 idipsum,
1239 3104 1341 3174 pictas,
1356 3103 1477 3170 bonitus,
1489 3103 1663 3170 tractatus,
1673 3101 1817 3167 honestae,

1056 3188 1176 3255 Gaudia,
1193 3190 1319 3257 lutitiae,
1336 3192 1460 3258 dulcedo,
1485 3193 1546 3249 vita
1566 3193 1711 3264 pereurris.

1056 3277 1161 3343 Gloria,
1177 3277 1249 3342 tuus,
1267 3279 1384 3352 requies,
1401 3295 1490 3347 certor,
1502 3285 1529 3337 et
1543 3278 1694 3336 concordio
1714 3278 1817 3336 dulcis.

1020 3365 1064 3419 Sic
1080 3382 1142 3421 cum
1157 3366 1215 3422 Deo
1227 3367 1308 3421 bomo
1328 3369 1423 3424 beatus
1438 3368 1498 3438 orit,
1521 3369 1548 3423 in
1563 3371 1639 3438 cnjus
1653 3368 1821 3425 conscientia

1019 3463 1158 3527 peccatum
1178 3455 1315 3513 inventum
1326 3471 1379 3512 non
1395 3457 1485 3513 luerit.
1499 3457 1607 3515 Videbit
1617 3458 1705 3514 Deum
1719 3458 1755 3512 ad
1769 3473 1819 3514 vo·

1019 3543 1160 3610 luntatem,
1177 3543 1287 3600 babebit
1311 3545 1345 3600 ad
1360 3545 1536 3616 uoluptatem,
1552 3547 1657 3603 truatur
1671 3547 1705 3601 ad
1720 3548 1821 3618 jucun-

1020 3631 1142 3687 ditatem.
1154 3632 1184 3687 ln
1200 3633 1348 3690 eternitate
1360 3635 1469 3708 vigebit,
1486 3635 1639 3692 inveritate
1652 3634 1778 3709 fulgebit,
1794 3636 1819 3690 in

1021 3718 1140 3776 bonitate
1154 3721 1292 3792 gaudebit.
1317 3722 1392 3777 Sicut
1412 3724 1521 3778 habebit
1542 3724 1720 3794 permanendi
1734 3733 1817 3782 aeter-

1022 3808 1141 3873 nitatem,
1158 3810 1197 3864 sic
1218 3811 1401 3883 cognoscendi
1424 3811 1578 3868 larilitatem
1604 3819 1630 3867 et
1647 3813 1817 3886 requiescen-

1022 3896 1049 3951 di
1070 3896 1237 3956 felicitatem.
1253 3900 1325 3956 Civis
1340 3900 1470 3974 siquidem
1486 3901 1536 3958 erit
1550 3902 1626 3956 illius
1640 3909 1744 3959 sancte
1753 3903 1815 3960 ciri-

1023 3986 1094 4055 tatis,
1111 3989 1189 4057 cujus
1202 3988 1300 4060 Angeli
1311 3990 1385 4045 cives
1400 3999 1472 4057 sunt,
1492 3990 1564 4046 Dens
1579 3990 1659 4046 Pater
1674 3991 1814 4064 templum,

1023 4074 1105 4130 Filius
1126 4077 1186 4145 ejus
1209 4077 1346 4148 splendor,
1371 4077 1489 4148 Spiritus
1515 4087 1623 4135 sanctus
1652 4079 1813 4136 charitas.0

981 4163 1113 4275 ncivitas
1127 4163 1261 4223 coelestis!
1288 4167 1392 4222 mansio
1420 4182 1526 4235 secum,
1554 4168 1641 4240 patria
1669 4167 1767 4224 fertilis
1792 4175 1815 4222 et

165 4268 226 4326 quae
241 4250 356 4319 tristitia,
378 4263 440 4304 oum
464 4243 659 4314 separabuntur
683 4241 757 4313 impii
786 4258 802 4297 a
830 4243 964 4298 consortio
1020 4252 1119 4323 ampla,
1137 4262 1223 4310 totum
1238 4256 1381 4311 continens
1395 4257 1467 4326 quod
1483 4256 1622 4312 delectat:
1636 4257 1814 4330 populnssine

165 4348 329 4405 sanctolum,
345 4343 373 4393 θῐ
386 4352 402 4390 2
416 4334 520 4390 Vi850¹¹⁰
535 4330 585 4386 Dei
600 4347 606 4385 ἲ
623 4339 651 4385 θῑ
661 4330 752 4385 “adili
763 4331 791 4385 5¹¹
806 4339 965 4403 P0²0⁸¹³²⁰ffl
1019 4358 1169 4414 murmure,
1200 4344 1293 4398 incolae
1308 4344 1401 4416 quieti,
1426 4343 1549 4400 homines
1574 4345 1677 4400 nullam
1696 4345 1816 4419 indigen·

164 4437 329 4496 demonum,
345 4427 424 4483 ibunt
442 4439 502 4480 eum
517 4421 583 4493 ipsis
606 4419 634 4474 in
652 4420 743 4494 ignem
758 4430 899 4487 aeternnm,
916 4422 965 4477 ibi·
1020 4430 1083 4484 tiam
1096 4431 1246 4488 habentes!
1266 4435 1353 4501 Quom
1363 4434 1648 4504 plora'osadictusurtt
1664 4434 1817 4505 detepui-

88 4565 89 4568 ,
164 4539 217 4596 que
228 4535 337 4593 semper
355 4528 436 4574 eruut
450 4514 508 4569 sine
523 4511 576 4567 line
592 4509 619 4564 in
634 4510 708 4565 luctu
725 4516 752 4564 et
766 4509 878 4584 gemitu!
895 4511 963 4566 Pro·
1021 4521 1140 4578 taslteil
1150 4521 1227 4577 sicut
1238 4523 1781 4583 tutantiumomniumhahitutt'oestiu
1792 4529 1816 4581 te

167 4611 212 4667 cul
237 4610 338 4682 quippe
351 4622 368 4661 a
381 4606 458 4661 beata
472 4599 590 4674 paradisi
604 4598 688 4669 patria
711 4599 873 4666 exsulantes,
899 4615 963 4654 eru·
1021 4609 1108 4678 (psat,
1120 4625 1239 4677 mm,
1266 4615 1292 4677 3,
1321 4614 1357 4677 7),
1379 4612 1480 4670 omne,
1491 4612 1617 4669 laegmwr
1635 4613 1661 4667 jn
1684 4613 1780 4669 mma
1793 4621 1817 4670 91

170 4695 312 4756 ciebantur
323 4694 350 4750 in
366 4693 489 4767 gehenna
500 4691 641 4760 perpetua,
667 4702 804 4758 nunquam
820 4688 907 4743 lucem
924 4688 963 4744 vi·
1021 4698 1200 4754 exsultatione
1213 4717 1219 4754 :
1236 4715 1329 4756 omnes
1340 4700 1506 4757 delectantur
1516 4702 1627 4769 cheo,
1641 4702 1812 4774 coiusaspe-

172 4785 239 4852 suri,
254 4797 394 4850 nunquam
417 4773 586 4849 'rolrigerium
599 4775 738 4846 adepturi;
763 4777 809 4831 sed
821 4793 868 4846 por
882 4777 966 4831 millia

173 4873 287 4932 millium
310 4884 443 4927 annorum
466 4864 493 4924 in
519 4863 623 4920 inlerno
643 4864 799 4932 cruciandi;
827 4881 878 4921 nec
905 4864 966 4921 inde

168 4979 289 5039 unquam
313 4957 454 5024 liberandi,
487 4954 532 5009 ubi
555 4969 603 5010 nec
625 4953 671 5025 qui
684 4962 802 5024 torquet,
821 4953 967 5024 aliquando

172 5054 321 5129 fatigatum
348 5063 398 5105 neo
425 5044 472 5117 qni
499 5050 649 5116 torquetur,
677 5042 821 5115 aliquando
841 5043 966 5100 moritur.

171 5143 217 5202 Sic
237 5141 309 5201 enim
335 5136 405 5214 ignis
431 5134 468 5190 ibi
496 5132 639 5200 consumit,
654 5140 685 5188 nt
698 5147 807 5202 semper
823 5141 942 5189 reservet
957 5152 965 5202 3

172 5233 212 5289 sic
227 5236 360 5290 tormenta
376 5231 504 5301 aguntur,
519 5231 548 5279 ut
561 5237 668 5294 semper
692 5227 865 5278 renoventur.
890 5220 968 5277 Juxta

172 5336 237 5378 raro
260 5318 414 5393 qualitatem
431 5312 520 5386 culpae
543 5326 666 5382 poenams
679 5308 805 5365 ustinebit
826 5311 968 5383 unusquis·

165 5423 231 5481 ⁴qne
262 5408 403 5480 gehenne,
418 5410 445 5461 et
470 5401 565 5457 similis
594 5401 680 5472 culpae
708 5398 746 5455 roi
766 5399 824 5456 suis
836 5398 967 5462 similibus

165 5494 324 5571 ‘jungantur
341 5490 490 5551 cruciandi.
513 5488 585 5545 Nihil
607 5487 679 5543 aliud
705 5487 745 5542 ibi
770 5488 891 5547 audietur
916 5495 967 5551 nisi

1021 4795 1080 4841 etus
1095 4786 1218 4858 pulcher,
1234 4787 1314 4844 iacies
1327 4789 1436 4858 decora,
1453 4790 1590 4863 eloquium
1613 4790 1705 4848 dulce.
1734 4788 1813 4847 Dele-

1020 4875 1124 4930 ctabilis
1139 4877 1226 4931 estad
1249 4877 1404 4944 videndum,
1424 4880 1515 4937 suavis
1528 4879 1561 4934 ad
1576 4878 1741 4948 babendum,
1757 4880 1816 4935 dul·

1022 4963 1062 5017 cis
1076 4963 1110 5017 ad
1134 4965 1337 5035 perfruendum.
1362 4967 1422 5039 lpse
1450 4984 1498 5039 per
1520 4984 1548 5023 se
1572 4968 1668 5040 placet,
1685 4976 1710 5025 ot
1724 4984 1774 5039 per
1788 4984 1816 5023 se

1025 5051 1124 5108 sullieit
1139 5055 1172 5107 ad
1188 5058 1324 5124 meritum,
1338 5056 1433 5112 sullioit
1449 5056 1482 5112 ad
1503 5056 1663 5128 praemium
1680 5072 1732 5112 nec
1745 5066 1818 5113 extm

1027 5139 1102 5196 illum
1118 5142 1266 5214 quidquam
1280 5147 1419 5217 quaeritur,
1439 5145 1501 5216 quia
1512 5155 1596 5203 totum
1611 5147 1638 5201 in
1653 5144 1699 5202 illo
1715 5146 1819 5203 inveni·

1025 5231 1205 5305 turquidquid
1225 5233 1401 5289 desideretur.
1426 5235 1539 5306 Semper
1562 5235 1629 5292 libet
1642 5250 1704 5291 eum
1719 5235 1819 5307 aspice

1023 5334 1063 5388 rc,
1080 5336 1189 5393 semper
1204 5322 1317 5396 babere;
1335 5337 1441 5396 semper
1457 5325 1483 5378 in
1506 5323 1552 5381 illo
1567 5323 1703 5394 delectari,
1724 5331 1752 5380 et
1771 5323 1818 5379 illo

1025 5408 1139 5480 perfrui.
1165 5412 1195 5465 ln
1210 5411 1256 5469 illo
1269 5411 1431 5471 clarificatur
1445 5412 1607 5486 intellectus,
1622 5420 1649 5470 et
1663 5413 1820 5487 purificatur

1038 5496 1153 5555 aflectus
1171 5501 1206 5555 ad
1216 5502 1430 5574 cognoscendam
1446 5510 1473 5560 et
1490 5501 1653 5580 diligendam
1667 5503 1816 5563 veritatem.
