3706 5962
103 180 155 244 tte
746 175 947 242 'subarctat
965 174 1100 239 taetus
1696 180 1748 241 tto

85 286 302 382 exemplisHle
311 305 408 362 talibus
418 304 565 379 Apostolus
573 303 711 378 loquitur:
726 306 898 380 Omnesque
952 303 986 359 de
1001 308 1093 359 monte
1105 299 1219 371 Galaad,
1226 318 1342 375 operum
1352 300 1452 358 Christi
1460 302 1567 373 maiora
1577 301 1629 358 sibi
1639 319 1749 376 semper

102 415 156 457 aaa
170 401 240 455 rant
255 399 399 469 quaerunt,
414 412 472 452 aaa
487 413 551 468 qaae
563 398 629 452 lesa
640 395 748 452 Christi
761 395 895 469 (Philipp.
952 393 987 448 ad
1013 391 1172 448 imitandum
1196 392 1323 465 exempla
1346 391 1526 449 cumulantes.
1551 390 1657 447 Utinam
1685 391 1748 450 frdei

100 476 133 556 ir,
145 486 202 560 at).
219 485 298 540 Tales
312 493 447 556 occupant
462 484 564 554 locum,
580 491 607 540 et
621 490 781 556 pervertunt
794 500 873 538 usum
889 500 896 549 ;

98 566 161 635 curn
175 575 306 632 ediverso
322 573 377 629 sint
391 573 446 641 alii,
458 573 505 646 qui
518 573 588 630 oculi
599 589 652 627 non
664 574 766 628 habent
780 571 898 628 cilicium

14 699 18 703 -
101 681 134 722 cx
155 663 338 736 promotione,
354 663 403 718 sed
422 671 553 732 usurpant
577 679 609 718 ex
627 661 849 734 praesumptione.
865 661 900 715 Et

100 752 210 828 quidem
235 750 365 823 frequens
384 752 443 808 haec
462 751 553 806 turba.
569 751 656 819 Quem
677 750 755 806 dabis
778 765 851 806 nuuc
867 766 900 805 ex

99 857 214 900 numero
229 841 435 914 discipulorum,
452 840 498 913 qui
520 841 694 912 praelatorum
709 856 793 912 opera
814 853 900 910 penes

98 949 139 999 ae,
155 932 230 987 velut
250 930 369 1003 quodam
391 930 497 986 locatus
517 930 544 984 in
559 929 701 994 tribunali,
717 945 772 984 non
795 936 898 998 carpat,

99 1037 154 1078 nou
170 1019 303 1093 corrigat,
319 1035 373 1076 nou
394 1018 534 1093 castiget?
548 1019 663 1074 lsti'nou
677 1020 735 1090 jam
750 1005 902 1073 suntoculi

99 1108 297 1179 membrorum,
308 1108 357 1164 sed
372 1109 482 1180 quidam
496 1107 566 1164 oculi
580 1104 721 1163 oculorum
738 1123 745 1164 :
762 1105 900 1178 quomodo

100 1199 124 1256 si
137 1214 236 1271 pennae
249 1206 277 1255 et
293 1198 395 1269 plumae
420 1197 449 1252 in
464 1194 728 1268 corporacolumbae
742 1195 801 1267 ipsa
815 1193 900 1250 velint

74 1293 78 1300 '
99 1289 240 1345 oculorum
261 1285 381 1359 dirigere
406 1286 518 1342 lumina.
534 1286 604 1342 Nolo
623 1284 713 1341 locum
728 1285 801 1341 huna
820 1281 900 1339 nimis

98 1394 208 1452 urgere,
238 1393 274 1433 ue
297 1392 356 1446 vos,
382 1375 490 1443 iratres,
513 1374 655 1448 exagitare
677 1372 782 1429 videar.
802 1372 898 1428 Estote

96 1474 189 1522 vestra
211 1463 333 1521 contenti
352 1479 489 1519 mensura.
509 1463 581 1518 Nihil
605 1461 718 1519 omnino
736 1462 765 1517 in
784 1476 898 1534 corpore

35 1579 39 1584 ·
97 1553 232 1611 columbae
246 1551 337 1608 allicio
347 1558 434 1617 vacat,
447 1550 516 1606 nihil
530 1559 606 1608 caret
615 1553 719 1607 honore
732 1566 738 1605 :
753 1558 781 1607 et
795 1567 898 1623 eaquae

98 1641 258 1700 abscondita
280 1647 354 1706 sunt,
376 1639 605 1696 abundantiorem
627 1641 730 1695 habent
754 1640 896 1696 honorem.

953 498 1035 556 quam
1048 483 1137 538 habeo
1152 481 1180 536 iu
1196 480 1312 546 Christo,
1328 480 1420 536 omnia
1433 495 1518 552 opera
1539 496 1600 535 mea
1616 488 1748 537 attesten-

955 577 1006 638 tur,
1024 579 1050 626 et
1067 571 1125 645 jugi
1146 570 1269 642 proiectu
1286 579 1415 643 congesta
1431 585 1558 625 acervum
1573 569 1640 624 mihi
1654 586 1748 626 ascen·

952 659 1038 716 sionis
1059 660 1233 717 constituant.
1249 661 1336 730 Quam
1351 673 1452 730 paucos
1465 673 1517 731 ego
1538 657 1604 712 mihi
1628 659 1750 716 testimo·

953 749 992 805 nii
1006 751 1088 820 hujus
1101 748 1203 805 contuli
1218 745 1338 819 lapidesl
1356 748 1461 803 Vereor
1476 746 1613 818 equidem,
1629 763 1664 801 ne
1679 747 1748 802 etin

954 839 1118 894 contrarium
1132 834 1232 893 multos
1245 835 1437 908 congesserim.
1454 834 1526 905 Quid
1545 835 1643 892 enirn?
1657 851 1749 892 nonne

955 928 1002 984 tibi
1016 928 1144 983 videntur
1163 942 1218 982 non
1241 941 1290 998 pro
1305 925 1368 993 fide,
1385 925 1435 980 sed
1449 924 1537 998 magis
1556 931 1653 980 contra
1667 923 1749 980 fidem

954 1014 1107 1072 testimonia
1131 1012 1319 1090 congessisse,
1334 1013 1380 1086 qui
1404 1013 1444 1070 sic
1466 1012 1569 1080 vivunt,
1586 1021 1615 1068 ut
1635 1013 1750 1070 alterius

953 1105 1097 1162 videantur
1121 1102 1195 1171 fidei,
1221 1119 1302 1175 quam
1326 1101 1503 1173 christianael
1526 1101 1650 1173 Denique
1680 1102 1749 1158 tales

954 1210 1035 1267 quam
1050 1193 1149 1250 multos
1165 1191 1299 1260 videmus,
1316 1191 1350 1246 de
1373 1189 1471 1263 quibus
1492 1190 1553 1262 jure
1567 1190 1621 1247 dici
1637 1191 1747 1260 possit:

953 1282 1002 1338 isti
1015 1298 1070 1338 non
1085 1281 1125 1338 sic
1147 1289 1355 1351 conversantur,
1369 1287 1398 1336 ut
1420 1278 1465 1352 qui
1479 1278 1579 1335 Christi
1591 1279 1750 1352 redemptos

953 1388 984 1428 se
1004 1370 1137 1445 sanguine
1151 1369 1271 1436 credant,
1289 1368 1335 1441 qui
1358 1369 1439 1425 aliam
1466 1376 1575 1441 sperent
1594 1368 1685 1439 vitam,
1702 1369 1750 1441 qui

952 1460 1072 1516 futurum
1086 1466 1232 1517 vereantur
1245 1458 1386 1529 judicium,
1404 1456 1450 1530 qui
1465 1459 1574 1514 tandem
1590 1458 1750 1531 evangelica

952 1558 1089 1622 praecepta
1107 1547 1236 1607 divinitus
1250 1549 1313 1603 deta
1326 1547 1480 1603 fateantur?
1494 1546 1570 1604 Talia
1584 1547 1688 1602 utinam
1704 1565 1749 1620 pe·

952 1658 1002 1697 nes
1017 1656 1061 1695 me
1075 1637 1231 1695 testimonia
1240 1652 1325 1709 pauca
1339 1636 1528 1709 reperiantur:
1544 1635 1651 1693 mallem
1662 1637 1746 1703 nulla,

98 1730 224 1803 Denique
246 1739 271 1786 et
286 1729 390 1803 capillis
404 1745 512 1801 sponsae
526 1745 591 1784 suus
614 1736 656 1784 est
670 1730 766 1785 honos.
781 1729 810 1784 Si
824 1729 898 1785 cuim
914 1713 936 1790 Β
952 1747 985 1786 ne
1004 1728 1142 1785 modicum
1165 1727 1330 1784 termentum
1348 1742 1476 1782 acervum
1499 1724 1618 1782 fidelium
1632 1742 1747 1797 operum

98 1818 128 1875 in
141 1817 228 1875 oculis
250 1817 375 1890 praelati3
390 1817 418 1872 in
438 1817 552 1889 capillis.
564 1816 610 1890 qui
635 1825 699 1873 sunt
712 1817 896 1892 intelligendi,
952 1826 1037 1875 totum
1056 1817 1193 1891 denigret.

99 1905 152 1962 nisi
167 1905 316 1978 discipuli?
331 1906 364 1960 Et
389 1905 454 1961 boni
468 1905 603 1976 discipuli,
619 1906 664 1978 qui
686 1922 716 1961 se
739 1907 898 1978 capillorum
987 1911 1014 1963 3.
1030 1909 1075 1975 Et,
1090 1906 1189 1961 iratres
1204 1903 1256 1961 mci
1279 1905 1318 1974 (ut
1333 1903 1469 1961 modicum
1484 1903 1520 1961 de
1533 1905 1670 1961 communi
1685 1905 1748 1979 glo·

99 2009 176 2052 more
201 1993 356 2050 tractabiles
379 2002 406 2049 et
425 1992 556 2050 flexibiles
580 1994 708 2050 exhibent
732 1995 766 2049 ad
789 2011 898 2051 omnem
952 1995 1016 2063 rier,
1033 1994 1080 2068 qui
1097 1996 1131 2050 de
1146 1993 1252 2066 privato
1267 2009 1322 2049 uon
1340 1996 1474 2066 possum),
1491 1994 1514 2049 si
1528 1993 1611 2049 totius
1625 1994 1686 2048 ritae
1700 2011 1748 2050 ve·

99 2092 194 2140 nutum
205 2082 340 2157 magistri,
357 2083 427 2139 sicut
439 2083 473 2138 ad
488 2092 591 2138 motum
606 2084 680 2139 venti
696 2084 761 2156 :qui
771 2085 896 2157 graciles,
952 2093 1016 2140 strae
1031 2084 1204 2156 respexeritis
1220 2084 1361 2153 ordinem,
1378 2091 1406 2138 et
1420 2083 1554 2157 regularis
1568 2083 1750 2142 observantiae

99 2181 127 2229 et
141 2171 325 2246 spiritualibus
341 2172 480 2228 extenuati
496 2171 661 2243 discipliniS,
676 2188 747 2244 pene
765 2173 822 2229 sine
837 2188 898 2229 cor·
952 2189 1078 2239 cursum;
1093 2189 1149 2229 nan
1160 2172 1212 2229 erit
1226 2173 1350 2244 exiguus,
1365 2189 1448 2244 quem
1461 2172 1526 2228 boui
1540 2172 1688 2228 testimonii
1701 2190 1749 2231 co-

98 2278 166 2334 pore
181 2269 254 2332 eunt,
269 2270 296 2317 et
310 2261 420 2334 penitus
431 2261 490 2318 siue
504 2277 597 2329 carne,
610 2262 644 2315 ad
659 2277 767 2317 omnem
782 2262 898 2318 insensi-
951 2261 1100 2328 aedilicatis,
1128 2277 1252 2317 acervus.
1280 2262 1349 2316 Nam
1377 2261 1399 2315 si
1426 2278 1442 2315 a
1467 2261 1607 2316 nocturnis
1631 2260 1746 2333 Vigiliis,

99 2349 165 2407 biles
180 2349 319 2421 injuriam,
331 2358 361 2405 ut
375 2366 427 2406 nec
443 2349 579 2406 tondentis
593 2350 766 2406 instrumenti
782 2351 899 2408 sentiant
952 2365 1019 2425 quas
1033 2350 1151 2422 impigro
1165 2349 1238 2405 velut
1253 2347 1385 2420 primitias
1400 2349 1534 2421 quasdam
1549 2347 1696 2419 praelibatis
1710 2350 1748 2405 al-

98 2438 258 2506 laesionem;
274 2439 302 2494 in
316 2440 368 2495 hoc
383 2445 489 2495 tantum
503 2437 640 2510 passionis
656 2440 822 2495 sustinentes
837 2456 897 2496 mo·
952 2437 1034 2506 lectu,
1044 2447 1072 2495 et
1084 2437 1222 2495 ellunditis
1232 2453 1248 2492 a
1258 2434 1392 2509 principio
1404 2437 1556 2509 vigiliarum
1567 2437 1637 2493 sicut
1647 2453 1747 2510 aquam

98 2527 203 2601 lestias,
219 2527 273 2583 sia
297 2527 384 2600 capite
398 2527 442 2583 cui
457 2527 634 2595 inhaeserunt,
652 2528 791 2599 contingat
809 2528 896 2587 evelli.
952 2543 1000 2586 cor
1022 2535 1142 2584 restrum
1164 2534 1226 2583 ante
1245 2532 1421 2598 conspectum
1445 2526 1519 2581 Dei:
1544 2525 1576 2591 si,
1593 2525 1713 2598 inquam,
1730 2544 1748 2584 a

97 2616 214 2691 Reliqua
229 2615 303 2673 euim
325 2623 450 2672 emortuo
471 2631 597 2688 corpore,
612 2615 723 2673 vitalem
742 2617 780 2672 ibi
795 2624 899 2674 tautum
952 2618 1040 2690 capite
1068 2616 1189 2688 singulos
1214 2631 1262 2686 per
1285 2615 1386 2686 gradus
1411 2613 1624 2671 conversationis
1647 2615 1747 2673 divinae

100 2721 220 2769 sensum,
236 2710 384 2773 retentant,
400 2702 448 2759 ubi
462 2703 554 2775 capiti,
571 2704 605 2760 de
620 2719 674 2777 quo
689 2703 823 2774 oriuntur,
836 2707 899 2777 jun·
952 2706 1072 2764 seriatim
1092 2704 1180 2762 velitis
1199 2703 1345 2771 incedcre;
1363 2704 1429 2777 quid
1451 2703 1488 2759 ibi
1507 2703 1659 2775 reperietur
1674 2705 1749 2777 quod

99 2801 211 2864 guntur.
226 2792 279 2862 Qui
293 2791 346 2863 ipsi
359 2791 441 2848 vicini
462 2792 590 2858 cerebro,
609 2792 656 2848 ubi
679 2792 819 2866 sapientiae
833 2795 900 2852 dici-
951 2795 1121 2867 disciplinam
1135 2809 1190 2849 non
1205 2802 1294 2864 sonet,
1310 2792 1383 2865 quod
1403 2809 1458 2847 nan
1478 2793 1603 2849 concinat
1622 2791 1683 2848 srdei
1698 2809 1750 2850 no·

99 2889 144 2937 tur
159 2897 296 2949 recessus,
311 2879 389 2953 quasi
408 2878 443 2936 ad
456 2879 551 2935 intima
566 2880 652 2953 ipsius
666 2896 767 2939 aroana
776 2883 899 2940 nituntur
952 2892 1026 2954 strae,
1042 2884 1116 2957 quod
1131 2899 1186 2938 non
1200 2884 1243 2939 vel
1262 2898 1362 2954 corpus
1378 2890 1484 2950 atterat,
1501 2883 1543 2938 vel
1557 2881 1748 2937 mentem-eri·

98 2970 201 3026 intrare
217 2986 223 3026 :
239 2968 338 3042 quibus
363 2971 415 3026 hoc
441 2969 574 3025 eradicari
592 2978 619 3026 et
643 2971 721 3044 quasi
740 2972 801 3029 inde
820 2974 897 3029 evelli
952 2981 1008 3048 gat,
1025 2973 1069 3029 vel
1090 2971 1188 3044 dirigat
1211 2972 1353 3027 erectam?
1367 2973 1440 3027 inter
1461 2969 1631 3042 psallendum
1646 2978 1748 3042 quanta

98 3058 214 3129 ridetur,
231 3058 265 3113 ad
280 3057 431 3115 exteriores
446 3058 567 3132 qualibet
587 3060 730 3117 occasione
745 3076 825 3118 curas
845 3078 896 3118 vo·
952 3070 994 3119 est
1007 3060 1149 3133 disciplina
1163 3059 1190 3115 iu
1203 3075 1327 3130 corpore,
1339 3067 1365 3115 et
1375 3076 1458 3131 quam
1467 3061 1553 3130 major
1566 3060 1747 3132 quorumdam

99 3145 165 3202 cari.
181 3148 249 3201 Nam
263 3147 307 3218 qui
323 3146 387 3202 inde
401 3146 460 3203 siue
475 3163 560 3203 sensu
575 3147 678 3205 doloris
693 3149 816 3220 ellluunt,
832 3167 898 3222 quo
952 3152 980 3207 in
994 3157 1095 3215 mente,
1111 3149 1176 3203 dum
1191 3163 1225 3203 ne
1239 3147 1273 3202 ad
1287 3146 1434 3216 modicum,
1446 3148 1489 3203 vel
1503 3154 1577 3204 certe
1592 3155 1697 3204 tantum
1713 3148 1748 3203 ad

98 3235 180 3292 modo
195 3235 233 3291 ibi
251 3245 299 3291 aut
312 3235 378 3305 nati,
392 3242 439 3292 aut
458 3234 570 3293 radicati
585 3238 756 3296 credentur?
952 3239 1117 3296 modicuma
1131 3254 1214 3293 sensu
1223 3237 1369 3292 verborum
1385 3235 1459 3291 illam
1472 3234 1563 3291 sinunt
1573 3236 1667 3291 abire?
1677 3237 1747 3292 Nam

73 3334 75 3338 ’
135 3327 161 3383 2.
177 3322 300 3398 Denique
314 3325 389 3398 quod
402 3340 458 3381 non
473 3324 601 3382 decidant
617 3327 709 3398 capilli
723 3342 840 3399 sponsae,
851 3328 899 3385 sed
952 3328 1000 3396 ibi,
1013 3328 1041 3383 id
1056 3330 1098 3384 est
1112 3327 1140 3382 in
1155 3325 1220 3398 ipsis
1236 3342 1296 3398 quae
1310 3332 1456 3381 cantantur
1466 3324 1565 3392 verbis,
1578 3334 1622 3379 aut
1636 3324 1747 3397 ligatam

98 3421 256 3487 assurgant,
275 3414 339 3469 audi
362 3414 435 3486 quad
458 3413 604 3487 sequitur:
633 3416 738 3489 Capilli
755 3418 799 3475 tal
822 3417 899 3474 sicot
953 3425 1057 3484 teuent,
1073 3423 1119 3471 aut
1141 3415 1176 3470 ad
1190 3422 1306 3489 cognata
1326 3414 1463 3483 relaxant,
1479 3414 1514 3469 ad
1536 3414 1684 3487 peregrina
1699 3430 1748 3470 ue·

97 3519 168 3578 praa
181 3519 346 3576 capraram,
359 3502 621 3577 praeascenderaat
631 3502 665 3559 de
675 3505 897 3563 montecalaad.
953 3522 1100 3580 quaquam.
1117 3504 1195 3574 Quod
1217 3505 1240 3559 si
1255 3503 1395 3576 contingat
1410 3503 1504 3576 (fugax
1523 3510 1566 3559 est
1581 3503 1654 3559 enim
1669 3519 1748 3558 mons

97 3591 181 3662 Quasi
197 3607 266 3664 grex
286 3605 440 3661 caprarum,
458 3605 491 3645 eo
510 3591 583 3664 quod
607 3591 636 3646 in
651 3591 814 3648 sublimibus
827 3593 899 3665 pasti
952 3597 1091 3665 humana),
1106 3599 1206 3666 quanta
1222 3592 1311 3648 statim
1326 3592 1462 3668 castigant
1475 3607 1601 3662 censura,
1622 3599 1650 3647 et
1663 3607 1748 3648 morae

99 3686 126 3736 et
140 3677 231 3750 positi,
247 3679 391 3733 tendentes
406 3693 516 3748 semper
530 3678 565 3733 ad
586 3679 639 3733 alta
654 3688 683 3733 ut
697 3696 798 3751 caprae,
813 3681 899 3737 altum
952 3686 1035 3755 hujus
1045 3699 1143 3738 usuras
1158 3699 1173 3737 a
1188 3699 1218 3738 se
1233 3683 1405 3752 reposcunt?
1419 3681 1472 3736 Sed
1488 3696 1538 3737 nec
1552 3681 1613 3752 ipsa
1626 3697 1749 3737 commu·

99 3775 189 3822 tamen
203 3765 242 3821 nil
256 3763 374 3837 sapiunt,
390 3766 440 3820 sed
454 3765 572 3821 earnalis
586 3767 689 3823 conscii
704 3777 767 3823 sunt
781 3768 898 3824 infirmi-

99 3854 170 3918 tatis.
186 3853 276 3911 Elatia
291 3868 409 3927 namque
420 3853 480 3925 ipsa
495 3854 647 3922 descendit,
665 3856 788 3913 ascendit
807 3857 898 3914 humi-

98 3943 170 4000 litas.
188 3943 251 3999 ldeo
264 3942 342 4015 quasi
360 3957 461 4012 caprae,
476 3943 550 4014 quod
565 3960 672 4016 semper
686 3954 712 4001 et
727 3945 781 4002 alta
795 3955 898 4019 petant,

952 3774 1028 3828 nium
1056 3774 1186 3827 horarum
1213 3771 1353 3827 intervalla
1382 3779 1516 3826 nocturna
1543 3778 1650 3826 vacant.
1676 3771 1750 3828 Deus
1787 3766 1790 3768 ’

952 3863 1033 3929 bone,
1049 3863 1115 3917 hora
1138 3861 1184 3916 illa
1205 3860 1303 3927 noetis,
1320 3876 1401 3932 quum
1426 3858 1483 3915 sine
1498 3866 1577 3914 nocte
1596 3868 1646 3925 est,
1665 3877 1748 3932 quam

953 3969 1007 4007 nox
1031 3952 1075 4007 illa
1096 3950 1256 4006 illuminatio
1273 3950 1301 4005 in
1320 3947 1444 4005 deliciis!
1462 3947 1605 4004 Orationes
1626 3947 1677 4004 illae
1692 3949 1750 4020 pri·

99 4040 127 4088 et
141 4031 176 4087 ad
188 4029 296 4087 infirma
310 4046 360 4086 sua
372 4037 541 4102 respectent.
558 4032 591 4086 Et
605 4033 677 4090 bene
691 4034 726 4090 de
741 4045 833 4091 monte
842 4036 899 4092 Ga·
953 4042 1035 4097 vatim
1049 4039 1128 4105 fiunt,
1139 4039 1190 4096 sed
1204 4039 1311 4110 prirata
1326 4054 1380 4094 non
1395 4046 1497 4110 petunt.
1509 4035 1675 4092 Submissior
1690 4037 1751 4109 qui·

100 4119 161 4176 laad
171 4119 340 4176 ascendunt:
356 4118 404 4176 sed
416 4126 504 4177 tamen
514 4120 624 4176 nonnisi
638 4122 666 4177 in
680 4131 773 4180 monte
784 4124 897 4193 Galaad,
953 4130 1015 4187 dem
1029 4144 1092 4196 vox,
1104 4128 1152 4184 sed
1168 4144 1247 4185 mens
1262 4127 1404 4197 intensior,
1421 4135 1448 4182 et
1463 4141 1558 4198 preces
1572 4124 1659 4180 tacitae
1674 4126 1749 4182 mul-

99 4209 147 4283 qui
168 4207 318 4264 testImonii
344 4211 466 4265 acervus
492 4208 694 4281 interpretatur.
719 4213 755 4267 Et
772 4212 834 4286 quis
853 4214 898 4271 ille
953 4228 1010 4275 tum
1024 4218 1126 4274 habent
1136 4215 1278 4273 acuminis.
1291 4216 1413 4288 Denique
1424 4213 1582 4287 frequenter
1593 4229 1689 4270 vocem
1699 4215 1751 4271 eri·

97 4297 152 4354 nisi
162 4297 296 4367 Christus,
311 4313 395 4370 super
412 4312 495 4370 quem
509 4299 600 4355 omnia
614 4300 813 4372 Prophetarum
831 4319 898 4360 coa-
952 4307 991 4381 pit
1004 4307 1090 4363 oratio
1104 4307 1272 4362 vehemens:
1290 4313 1317 4361 et
1331 4304 1421 4361 verbis
1435 4319 1486 4359 nec
1501 4309 1573 4376 eget,
1586 4318 1638 4359 nec
1653 4302 1746 4370 utitur,

98 4393 205 4443 cerreta
220 4394 284 4442 sunt
299 4384 462 4453 testimonia,
476 4385 520 4442 eui
538 4387 691 4458 Propheta,
703 4391 746 4446 cui
769 4392 896 4459 loannes,
952 4413 1014 4469 quae
1027 4411 1096 4467 puro
1118 4403 1144 4452 et
1162 4396 1244 4468 pleno
1267 4393 1354 4451 fertur
1367 4392 1478 4450 allectu.
1494 4397 1578 4448 Amor
1593 4391 1621 4447 in
1637 4391 1749 4448 auribus

98 4475 144 4533 cui
156 4476 250 4545 Pater,
262 4474 307 4532 oui
321 4490 406 4547 opera
420 4475 480 4546 ipsa
494 4475 678 4532 testimonium
693 4478 835 4537 reddunt‘l
848 4480 898 4537 llic
952 4484 1062 4541 Domini
1076 4483 1150 4540 solus
1164 4485 1340 4555 obstrepens,
1356 4479 1538 4553 corporalium
1556 4479 1684 4552 strepitus
1698 4480 1748 4537 de·

99 4580 178 4621 mons
187 4563 318 4621 Ecclesia
333 4572 415 4636 caput
428 4564 548 4621 est.Noli
557 4564 591 4620 de
601 4566 653 4623 hoc
663 4575 755 4624 monte
765 4568 896 4640 defluere,
952 4574 1080 4648 dignatur
1087 4574 1245 4641 verborum,
1257 4589 1318 4645 quae
1333 4571 1403 4628 sicut
1416 4568 1555 4627 inchoanti
1568 4569 1750 4626 excitamenta

100 4652 123 4707 si
137 4651 250 4724 capillus
270 4667 311 4710 es.
331 4650 402 4720 Quid
420 4651 499 4707 nobis
513 4654 714 4724 separationem
728 4655 854 4726 minaris,
871 4666 898 4714 et
951 4669 1024 4730 suut,
1040 4663 1080 4720 sic
1101 4662 1294 4735 impedimenta
1315 4661 1402 4716 solent
1427 4675 1487 4716 esse
1503 4658 1625 4732 perfecte
1649 4657 1748 4716 oranti.

99 4740 172 4797 velut
186 4739 308 4796 avulsum
332 4739 366 4793 iri
386 4754 402 4793 a
424 4740 591 4812 reliquorum
606 4758 695 4816 grege
713 4745 898 4816 capillorum?
950 4750 1022 4820 Quid
1037 4751 1156 4808 deinde?
1175 4750 1242 4820 ipsis
1257 4748 1331 4806 horis
1345 4748 1485 4805 matutinis
1500 4747 1579 4819 quasi
1593 4745 1629 4802 de
1642 4746 1749 4805 recenti

96 4828 237 4902 Numquid
252 4844 332 4885 casus
348 4833 408 4883 tuus
427 4829 557 4887 Ecclesiae
571 4831 749 4889 calvationem
763 4834 897 4895 inducet?
950 4841 1087 4896 orationes
1111 4839 1273 4907 instaurant,
1298 4837 1472 4909 frequentant
1494 4835 1699 4904 confessiones,
1723 4845 1749 4892 et

97 4918 192 4975 Nescit
205 4917 252 4973 illa
267 4917 412 4973 decalvari.
426 4917 496 4973 Nam
512 4926 539 4974 et
553 4921 642 4992 capilli
657 4923 717 4993 ejus
736 4938 832 4979 omncs
846 4940 896 4980 uu·
949 4926 1115 4996 verecunda,
1131 4928 1180 4983 sed
1195 4926 1337 4982 manifesta
1357 4925 1522 4983 revelatione
1538 4923 1621 4981 etiam
1635 4925 1750 4998 exiguos

97 5008 195 5064 merati
215 5015 289 5063 sunt.
310 5006 352 5063 hd
367 5006 542 5082 synagogam
562 5009 608 5064 illa
623 5009 805 5068 interminatio
825 5012 897 5069 lacta
950 5024 1069 5091 purgant
1082 5031 1222 5072 excessus.
1237 5016 1299 5072 Non
1319 5023 1410 5071 tamen
1429 5015 1558 5086 exiguum
1573 5021 1709 5086 reputant,
1726 5013 1749 5070 si

98 5097 178 5154 estin
190 5099 323 5169 propheta
341 5098 422 5153 :Erit
434 5112 486 5169 pro
502 5099 644 5171 crispanti
657 5100 736 5157 ariae
746 5101 897 5157 calvitium
949 5124 965 5163 a
980 5106 1087 5163 Christo
1104 5106 1146 5162 vel
1160 5105 1235 5162 tenui
1250 5104 1383 5161 anemoria
1398 5105 1523 5160 titubant.
1539 5103 1631 5160 Hostis
1646 5102 1747 5175 callidi,

97 5188 163 5256 (lea.
184 5201 225 5252 ru,
248 5185 304 5257 tt).
322 5184 410 5256 Crispi
428 5184 481 5242 n
504 5195 567 5242 sunt
588 5187 717 5244 Ecclesiae
740 5189 846 5256 crines,
862 5191 897 5246 ad
950 5196 973 5253 si
987 5195 1052 5268 quid
1066 5194 1147 5250 luerit
1161 5193 1335 5266 improbitate
1354 5203 1525 5267 suggestum,
1548 5193 1599 5248 sibi
1613 5193 1749 5264 imputant

97 5289 179 5330 suurn
195 5288 306 5345 semper
321 5282 497 5330 recurrentes
512 5284 604 5348 caput,
621 5275 694 5333 circa
711 5275 779 5332 illud
794 5278 897 5334 ambitu
950 5284 1035 5358 iniqui
1050 5285 1079 5339 in
1093 5286 1143 5340 hac
1157 5291 1233 5356 parte
1252 5283 1444 5353 aestimatores,
1460 5285 1525 5339 dum
1543 5283 1686 5355 proprium
1701 5299 1748 5338 ar-

95 5361 183 5419 amico
198 5360 323 5428 revoluti,
340 5362 368 5418 in
381 5361 442 5435 ipsa
461 5363 558 5436 capiiis
578 5373 685 5421 Secield
704 5374 836 5422 conantes
855 5365 896 5423 in·
949 5358 1199 5441 biimnilll'casum,
1214 5374 1288 5446 quod
1302 5372 1398 5430 alienae
1414 5380 1477 5427 sunt
1491 5369 1596 5426 fraudis
1610 5386 1750 5429 0833000.

92 5458 180 5509 trare.
195 5450 262 5511 ldeo
277 5450 369 5526 capilli
383 5453 443 5527 ejus
455 5453 662 5540 nongdecidunt,
679 5454 728 5512 sed
742 5455 896 5516 ascendunt
948 5471 1013 5521 natu
1037 5470 1141 5523 tentum
1164 5461 1315 5538 provocati.
1332 5459 1403 5534 Quid
1421 5458 1596 5535 quotidianus
1615 5475 1749 5519 manuum
