3706 5962
158 188 223 250 l‘lll

726 188 824 251 LIBER
844 190 887 249 ΒΕ
904 189 994 250 MODO
1012 189 1099 251 BENE
1119 190 1262 252 ttvsnnt.

1742 188 1798 250 llll

157 316 273 389 refulget
286 315 382 390 gretia,
397 331 459 387 quae
478 315 540 372 huic
559 315 660 372 mundo
675 317 886 387 contemptibilis
901 324 951 374 est.
969 330 992 408 Α
1008 325 1120 389 propter
1134 319 1219 373 Deum
1235 318 1436 382 dereliquerunt
1451 319 1591 376 saeculum.
1601 319 1677 374 Nam
1687 316 1800 372 Philisci

156 407 222 462 Nam
238 421 330 463 revers
352 420 463 461 necesse
482 413 522 461 est
547 413 576 460 ut
598 421 658 478 quae
673 406 789 463 mundns
803 408 871 473 odit,
886 407 952 462 dili·

158 503 256 569 gantur
274 510 290 549 a
305 495 373 550 Deo.
388 494 476 550 Sancti
491 494 544 550 uiri
563 494 700 569 peregrini
716 503 778 550 sunt
792 503 820 552 et
833 497 954 566 hospites

157 583 185 639 iu
200 584 302 640 soeculo
319 586 412 639 :unde
426 583 631 655 reprehenditur
654 585 757 655 Petrus,
772 586 844 656 quod
866 587 954 640 taber-

158 673 285 728 naculum
302 673 328 726 in
344 683 435 728 tnonte
452 671 510 727 lieri
524 672 639 730 voluerit
653 673 763 742 (Multis.
780 674 868 741 xvir);
892 673 955 747 quia

159 761 257 817 sanctis
269 760 297 816 in
312 762 364 816 boc
377 761 479 817 mundo
495 761 694 818 tabernaculum
719 778 772 817 non
787 770 838 827 est,
857 761 955 835 quibus

158 848 187 905 in
215 849 284 906 coelo
311 849 396 919 patria
419 858 446 904 et
469 850 566 906 domus
594 859 645 905 est.
677 851 758 906 Soror
782 850 952 919 venerabilis,

159 943 256 994 carseta
269 937 426 1008 temporalia
451 939 527 1008 quasi
543 940 630 993 berbae
654 948 803 995 marcentes
819 940 955 995 siccantur

159 1034 186 1084 et
208 1033 348 1082 transeunt
364 1032 407 1082 :et
422 1025 483 1082 ideo
497 1042 554 1097 prae
576 1028 683 1083 sternis
698 1028 781 1083 rebus
805 1043 865 1099 quae
884 1044 954 1082 nun·

159 1130 238 1188 quum
253 1120 387 1178 arescunt,
403 1122 475 1170 recte
489 1115 563 1171 servi
576 1114 627 1170 Dei
648 1117 698 1172 ists
725 1123 900 1173 contemnunt
928 1124 954 1170 et

158 1202 320 1275 despiciunt,
349 1202 414 1275 quia
436 1201 464 1258 in
490 1202 530 1258 eis
557 1203 657 1260 nullam
681 1202 852 1260 stabilitatem
881 1203 954 1276 sspi-

159 1292 244 1347 ciunt.

197 1383 241 1436 te.
258 1378 349 1436 Sancti
361 1379 414 1436 siri
429 1379 474 1453 qui
490 1379 609 1452 perfecte
624 1380 752 1437 saeculum
768 1388 952 1448 contemnunt,

157 1467 194 1524 ita
208 1467 271 1525 huic
286 1469 385 1525 mundo
404 1469 564 1537 moriuntur,
582 1476 610 1524 ut
631 1469 680 1525 soli
698 1470 756 1527 Deo
770 1471 859 1526 vivere
876 1469 953 1526 dele-

158 1564 276 1613 ctentur.
299 1557 334 1615 Et
358 1568 457 1632 quanto
480 1575 510 1614 se
535 1558 731 1615 conversationi
758 1559 841 1628 huius
864 1559 954 1615 saeculi

1009 406 1078 461 sicut
1095 407 1241 475 junxerunt
1263 423 1359 462 vaccas
1382 407 1512 476 plaustro,
1534 406 1697 477 vitulosque
1719 419 1801 460 somn

1008 495 1177 551 recluserunt
1191 495 1276 560 domi,
1292 503 1319 551 et
1343 512 1426 567 super
1449 495 1596 566 plaustrum
1621 495 1802 568 imposueram

1007 600 1095 639 ercam
1120 585 1268 640 imminenti
1292 583 1402 640 Domini
1426 586 1453 655 (l
1475 587 1537 656 ltep.
1553 587 1595 655 ιι)
1623 603 1630 638 :
1654 585 1696 638 ita
1717 583 1803 655 jugum

1006 671 1104 729 Christi
1118 675 1176 728 leve
1190 683 1217 729 et
1237 690 1320 730 suave
1342 672 1497 745 impositum
1522 681 1563 728 est
1587 689 1677 743 super
1700 672 1805 728 ceruices

1007 778 1146 819 servorum
1161 763 1222 817 Dei.
1238 763 1270 818 Et
1285 763 1355 818 sicut
1368 778 1457 819 vaccae
1477 777 1567 819 amore
1585 763 1738 818 vitulorum
1751 776 1806 816 soc

1007 868 1067 906 rum
1083 852 1252 922 mugiebant,
1273 861 1299 907 ot
1314 859 1401 906 tamen
1417 867 1470 906 non
1486 850 1664 907 declinabant
1690 851 1728 906 ad
1747 852 1806 905 dex·

1008 946 1089 995 teram
1105 956 1192 1012 neque
1216 941 1249 996 ad
1275 940 1419 1004 sinistram,
1435 941 1481 995 sed
1507 947 1578 995 recto
1601 939 1716 994 tramite
1743 939 1807 994 ince-

1007 1028 1106 1085 debant
1136 1046 1222 1102 usque
1247 1029 1281 1084 ad
1302 1030 1466 1096 bethsames,
1483 1044 1543 1101 quae
1565 1033 1625 1083 erat
1650 1027 1683 1082 iu
1709 1027 1809 1083 introitu

1008 1125 1087 1173 terrae
1107 1118 1213 1173 lsrael:
1239 1117 1276 1172 ita
1290 1117 1360 1174 servi
1387 1116 1434 1172 Dei
1460 1127 1532 1174 recto
1557 1116 1670 1172 tramite
1688 1116 1810 1172 incedere

1008 1205 1116 1275 debent,
1131 1216 1158 1261 et
1172 1221 1221 1277 pro
1236 1221 1327 1262 umore
1347 1213 1489 1278 parentum
1504 1219 1615 1260 suornm
1637 1220 1700 1260 non
1719 1204 1810 1260 debeu

1007 1294 1042 1349 ad
1056 1295 1193 1350 dexteram
1213 1310 1303 1364 neque
1325 1295 1358 1350 ad
1383 1293 1518 1349 sinistram
1535 1292 1679 1348 declinere
1703 1307 1721 1346 a
1744 1292 1809 1348 bono

1007 1398 1090 1452 opere
1104 1384 1145 1439 rel
1162 1383 1311 1455 proposito,
1327 1383 1375 1438 sed
1392 1392 1464 1439 recto
1489 1381 1581 1437 itinere
1596 1396 1690 1453 usque
1715 1383 1748 1436 ad
1762 1382 1809 1437 lle·

1007 1473 1136 1538 thsames,
1157 1473 1184 1526 id
1205 1480 1246 1529 est
1264 1487 1349 1544 usque
1368 1475 1400 1526 ad
1424 1470 1563 1526 introitum
1586 1469 1713 1526 coelestis
1737 1469 1808 1543 regni

1009 1559 1158 1630 pervenire.
1183 1560 1216 1615 Et
1240 1560 1308 1616 sicut
1328 1574 1413 1615 raccae
1434 1573 1482 1629 pro
1505 1556 1568 1612 filiis
1583 1557 1640 1612 suis
1664 1557 1809 1631 mugiendo

159 1645 331 1714 subtrabunt,
355 1654 428 1704 muto
452 1646 538 1719 magis
556 1646 640 1704 oculis
667 1646 765 1702 montis
784 1646 953 1716 presentiam
970 1603 993 1680 B
1008 1650 1166 1723 pergebant,
1189 1648 1226 1702 ita
1247 1647 1372 1704 conuenit
1393 1647 1479 1702 serris
1502 1646 1550 1700 Dei
1576 1662 1627 1716 pro
1652 1647 1810 1716 parentibus

161 1734 221 1802 Dei,
233 1743 259 1790 et
275 1736 403 1806 angelicae
418 1735 555 1792 societatis
569 1735 749 1806 frequentiam
765 1735 956 1805 comtemplan·
1008 1739 1066 1792 suis
1080 1736 1202 1807 mugirs;
1218 1737 1244 1790 id
1260 1743 1300 1793 est
1315 1750 1363 1807 pro
1378 1736 1417 1790 eis
1432 1736 1531 1790 debent
1545 1749 1624 1789 orare
1644 1741 1676 1788 ut
1694 1735 1764 1789 bene
1780 1733 1810 1788 sit

161 1828 203 1876 tur
220 1838 227 1876 ε
242 1824 364 1892 quamvis
378 1823 450 1878 enirn
465 1821 550 1880 82AE
565 1824 639 1877 Deus
659 1823 686 1877 in
708 1823 798 1878 medio
815 1824 956 1879 hominum
1005 1827 1055 1889 eis,
1066 1833 1093 1880 et
1107 1833 1166 1880 uta
1185 1825 1254 1880 malo
1275 1824 1434 1892 liberentur,
1454 1832 1535 1896 atque
1560 1822 1585 1877 in
1608 1823 1684 1880 hono
1710 1822 1809 1880 conor·

161 1910 307 1964 carnalium
331 1909 412 1967 vitam
437 1911 587 1966 electorum
614 1918 748 1982 protegat,
775 1919 864 1966 tamen
879 1912 957 1967 ualde
1005 1921 1123 1973 mentor.

161 2012 253 2052 rarum
267 2005 309 2053 est
323 2008 352 2054 ut
366 1999 447 2055 homo
466 1997 641 2054 intersaepti
656 1997 806 2068 voluptates
821 1999 927 2071 positus
942 2015 958 2054 a
1042 2007 1085 2059 et.
1101 2003 1183 2060 Soror
1209 2005 1234 2058 in
1258 2003 1365 2059 Christo
1389 2001 1510 2056 amabilis
1537 2001 1615 2069 mibi,
1636 2001 1713 2057 sicut
1732 2015 1811 2071 supe·

161 2085 278 2156 peccatis
296 2088 331 2142 sit
353 2085 464 2144 alienus.
486 2087 546 2143 Nou
566 2087 618 2141 erit
636 2102 747 2158 semper
764 2103 888 2154 securus,
910 2088 957 2161 qui
1005 2092 1129 2148 eiusdixi
1145 2093 1203 2162 tibi,
1227 2108 1280 2148 non
1305 2092 1436 2147 debemus
1462 2099 1585 2160 parentes
1611 2099 1727 2145 nostros
1751 2089 1810 2146 odio

159 2173 279 2246 periculo
297 2173 378 2229 tuerit
391 2174 540 2245 proximus.
562 2175 646 2230 Soror
664 2175 772 2244 dilecta,
795 2176 895 2232 bonum
915 2185 958 2232 est
1005 2183 1116 2252 habere,
1138 2186 1182 2239 sed
1209 2183 1332 2253 diligere.
1356 2182 1420 2248 Sed,
1447 2181 1517 2238 sicut
1537 2180 1574 2235 ait
1597 2181 1698 2235 heatus
1718 2180 1811 2251 Augu·

159 2271 189 2319 ut
212 2262 294 2318 homo
317 2261 351 2319 sit
374 2262 550 2333 corporaliter
574 2273 696 2319 remotus
724 2279 739 2317 a
764 2264 880 2333 mundo;
910 2264 957 2320 eod
1007 2272 1102 2338 sarnus,
1119 2271 1142 2327 st
1156 2273 1182 2327 in
1203 2272 1245 2329 vis
1259 2271 1308 2327 oei
1328 2270 1406 2325 nonis
1430 2270 1528 2326 tuerint
1541 2269 1682 2331 contrarii,
1705 2285 1811 2325 nesse

159 2353 243 2406 multo
256 2361 297 2407 est
312 2353 409 2409 melius
422 2361 452 2408 nt
466 2353 500 2407 sit
515 2351 651 2408 uoluntate
665 2353 832 2427 elongatusa
847 2354 957 2410 saeculo.
1007 2361 1114 2432 pultnra
1128 2377 1144 2415 a
1159 2359 1239 2416 nobis
1252 2360 1306 2416 illis
1320 2358 1441 2413 debetur.
1457 2359 1507 2425 Tu,
1522 2358 1695 2422 charissima,
1713 2373 1810 2429 egres·

158 2438 232 2513 Ergo
247 2439 293 2496 ille
309 2447 350 2497 est
365 2441 508 2510 perlectus,
530 2441 578 2511 qni
592 2447 682 2495 mente
705 2448 732 2496 et
745 2456 858 2512 corpore
873 2458 888 2497 a
902 2456 958 2496 sae·
1009 2463 1039 2505 sa
1054 2464 1084 2502 es
1098 2465 1159 2503 eum
1174 2448 1309 2504 Abraham
1324 2447 1358 2502 de
1379 2453 1449 2502 terra
1464 2455 1518 2513 tria,
1535 2453 1561 2500 et
1585 2446 1620 2500 de
1643 2446 1813 2518 cognatione

107 2531 114 2542 '
158 2527 220 2584 culo
234 2538 275 2584 est
289 2529 440 2600 elongatus.
456 2527 532 2585 Unde
545 2529 641 2584 beatus
657 2528 710 2585 Job
731 2546 738 2587 :
763 2530 871 2602 Oncpcr
890 2547 959 2587 con·
1008 2547 1066 2604 tua,
1088 2549 1115 2594 ei
1136 2538 1171 2593 de
1195 2537 1278 2593 domo
1300 2536 1384 2607 patris
1409 2539 1462 2606 tui3
1488 2544 1515 2590 et
1536 2534 1635 2590 uenisti
1660 2537 1690 2591 in
1716 2544 1812 2591 terram

161 2620 265 2675 temnit
274 2618 418 2675 civilatem
440 2618 509 2689 (lob,
526 2632 629 2687 ΜΠ,
642 2620 669 2687 5,
689 2620 728 2686 7)·
744 2618 778 2673 El
797 2635 892 2676 sellus
910 2619 961 2675 Dei
1008 2644 1089 2700 quam
1102 2627 1174 2682 Deus
1190 2627 1348 2681 monstrauit
1363 2624 1408 2681 tibi
1428 2626 1510 2694 (Gen.
1526 2626 1588 2691 ιιι),
1604 2623 1689 2679 idest
1711 2624 1740 2678 in
1755 2638 1815 2678 mo·

160 2707 309 2762 contemnit
340 2707 509 2763 saecularium
539 2706 682 2760 homiuum
713 2707 885 2763 societatem.
909 2705 962 2774 Qui
1010 2715 1168 2771 nasutium,
1185 2714 1305 2773 obsecro
1322 2728 1390 2786 ergo
1406 2723 1435 2770 ui
1460 2727 1616 2784 perseveres
1638 2711 1666 2767 in
1688 2727 1726 2767 eo
1749 2713 1816 2769 bene

159 2794 283 2866 perfecte
298 2796 430 2850 mundum
456 2794 616 2866 despiciunt,
637 2796 747 2851 adversa
770 2795 832 2850 vite
858 2806 958 2852 nostrae
1010 2805 1133 2868 vivendo,
1146 2805 1273 2878 quiescas
1288 2806 1313 2860 in
1331 2803 1391 2858 sinu
1410 2799 1533 2873 esusdem
1549 2803 1677 2871 Abrahae,
1697 2803 1753 2859 hoe
1767 2812 1819 2867 aa,

160 2890 302 2955 θΡΡθῑῦὓῑ,
319 2891 348 2940 0²
364 2898 502 2954 lll⁰⁸lll²la
519 2890 703 2950 θθΰῑθῐΰῦὓῦῑι
727 2889 753 2940 θῑ
777 2883 843 2939 dum
867 2885 902 2938 lb
917 2884 957 2941 eie
1009 2895 1038 2949 in
1058 2895 1134 2948 beata
1155 2893 1254 2964 requie,
1277 2899 1307 2947 ut
1333 2898 1395 2962 post
1420 2900 1536 2945 mortem
1561 2897 1632 2944 tuam
1656 2889 1753 2959 possis
1775 2905 1819 2944 re·

119 3031 125 3044 ,
161 2970 214 3026 vita
244 2972 303 3028 haec
329 2971 522 3039 contemnitur,
548 2971 665 3026 coelestis
693 2971 835 3039 inuenitur,
864 2971 957 3044 Longe

160 3058 260 3130 quippe
275 3074 291 3113 a
307 3059 363 3113 Deo
387 3068 428 3114 est
448 3059 565 3124 animus,
586 3059 629 3113 cui
649 3059 706 3112 brec
725 3058 884 3114 miserabilis
902 3061 958 3116 vita

159 3144 246 3202 dulcis
260 3153 311 3202 est.
327 3145 381 3200 iste
396 3144 469 3200 enim
483 3145 589 3217 quidde
603 3143 759 3201 coelestibus
772 3146 955 3219 concupiscat,

160 3234 202 3289 rel
218 3234 282 3303 quid
298 3234 332 3289 de
352 3233 467 3289 terrenis
487 3233 625 3303 despiciat,
648 3232 764 3305 ignorat.
789 3233 866 3305 Nam,
887 3237 957 3293 sicut

159 3322 290 3395 scriptum
304 3329 368 3380 est:
391 3324 448 3393 Qui
464 3324 582 3394 apponit
603 3323 766 3390 aebutium,
788 3328 906 3396 apponit
927 3330 956 3381 ct

159 3411 283 3469 dolorem
302 3410 404 3483 (Eeclc.
420 3425 439 3481 ι,
456 3412 512 3481 ts).
528 3408 635 3479 Quanto
643 3411 724 3467 bomo
736 3411 797 3482 plns
812 3419 898 3482 potest
911 3429 957 3468 su·

160 3516 243 3568 perna
268 3514 431 3574 cognoscere
453 3515 513 3571 que
535 3499 717 3571 concupiscat,
741 3507 816 3556 tanto
839 3501 956 3572 amplius

159 3589 253 3645 dolere
268 3589 350 3646 debet
364 3589 397 3643 de
412 3590 526 3644 terrenis
538 3597 565 3644 et
579 3587 743 3643 transitoriis
762 3590 844 3645 rebus
856 3590 956 3663 quibus

158 3676 314 3734 inuoluitur.

192 3769 238 3822 2⁰.
263 3765 340 3823 Servi
363 3764 410 3821 Dei
443 3765 489 3837 qui
514 3774 655 3836 parentum
679 3781 789 3821 snorum
813 3767 956 3823 utilitatem

157 3862 313 3927 procurant,
338 3870 353 3908 a
378 3853 426 3907 Dei
449 3867 540 3909 amore
564 3870 594 3908 se
616 3862 752 3925 separent.
775 3853 850 3911 Unde
875 3855 957 3924 spiri·

158 3942 236 3998 tualis
256 3942 293 3996 ita
315 3941 443 4012 prodesse
466 3941 547 3996 debet
569 3941 626 3995 suis
650 3941 817 4009 parentibus,
844 3949 872 3999 nt
891 3944 955 3999 dum

157 4031 212 4087 illis
226 4029 341 4106 gratiam
360 4028 449 4085 carnis
461 4034 588 4099 praestare
600 4027 700 4097 studet,
720 4027 777 4098 ipse
791 4045 809 4084 a
822 4031 955 4101 spirituali

1011 2983 1162 3056 quiescere.
1187 2982 1239 3048 Tu,
1259 2995 1339 3037 soror
1360 2979 1426 3034 mibi
1444 2977 1472 3033 in
1496 2978 1600 3035 Christo
1618 2976 1729 3046 dilecta,
1751 2992 1818 3034 curu

1011 3069 1060 3124 Lot
1074 3085 1183 3140 egressa
1197 3085 1227 3124 es
1241 3068 1276 3125 de
1291 3069 1409 3125 Sodoma
1424 3068 1505 3139 (Gen.
1522 3066 1593 3134 ιιι),
1613 3063 1641 3119 id
1656 3073 1699 3120 est
1715 3065 1752 3121 de
1767 3080 1819 3121 sae·

1010 3157 1096 3215 culari
1109 3157 1163 3213 vita
1178 3175 1185 3212 :
1202 3157 1263 3213 ideo
1278 3171 1378 3212 moneo
1393 3164 1418 3211 te
1434 3172 1468 3211 ne
1493 3171 1554 3211 cum
1570 3168 1653 3209 uxore
1669 3152 1744 3208 illius
1767 3170 1816 3209 re·

1010 3256 1051 3303 tro
1066 3246 1213 3318 respicias;
1232 3262 1274 3312 ne,
1290 3245 1362 3317 qood
1381 3244 1466 3300 absitl
1482 3244 1510 3299 iu
1526 3242 1677 3313 exemplum
1705 3259 1817 3313 perter-

1010 3335 1099 3393 sitatis
1122 3335 1246 3393 omuibus
1268 3333 1423 3390 bominibus
1446 3332 1505 3388 iias.
1532 3333 1585 3388 Sed
1607 3346 1676 3403 rogo
1700 3340 1731 3386 ut
1751 3347 1813 3388 cum

1009 3427 1060 3482 Lot
1073 3424 1100 3479 in
1114 3432 1216 3491 monte,
1233 3423 1259 3479 id
1284 3431 1324 3478 est
1345 3422 1373 3478 in
1392 3422 1566 3492 monasterio,
1592 3421 1694 3476 selvam
1721 3429 1749 3475 te
1773 3419 1814 3474 ia-

1010 3515 1075 3580 cias,
1095 3523 1121 3570 et
1143 3512 1202 3567 aliis
1221 3512 1373 3582 exemplum
1398 3510 1549 3565 sanctitatis
1566 3508 1678 3567 tribuas.
1692 3509 1747 3575 Tu,
1764 3509 1814 3563 bo-

1011 3612 1089 3659 nesta
1103 3600 1189 3673 virgo,
1200 3615 1311 3675 egressa
1321 3615 1419 3655 escum
1433 3599 1447 3652 J
1451 3614 1516 3653 osne
1526 3597 1560 3654 de
1575 3598 1693 3672 AEgypto
1709 3596 1812 3667 (Exod.

1011 3707 1072 3756 ιιιι,
1089 3698 1116 3746 et
1130 3689 1202 3760 xiv),
1219 3690 1270 3745 hoc
1285 3696 1333 3756 est,
1345 3688 1380 3744 de
1395 3688 1496 3743 saeculo
1513 3691 1560 3742 :et
1574 3702 1637 3742 cum
1647 3701 1680 3741 eo
1696 3685 1814 3740 moraris

1011 3778 1037 3833 in
1052 3779 1157 3834 deserto
1172 3777 1272 3849 (Eeod.
1289 3776 1362 3847 ιιι),
1379 3775 1405 3831 id
1428 3775 1510 3831 estin
1530 3772 1692 3830 monasterio
1712 3773 1741 3826 in
1757 3789 1814 3844 qno

1011 3868 1084 3923 Deus
1106 3880 1204 3921 manns
1228 3863 1297 3937 pluit
1325 3863 1390 3929 tibi,
1417 3864 1470 3919 hoc
1494 3869 1546 3931 est,
1569 3876 1666 3933 panem
1692 3860 1814 3917 coelestis

1011 3954 1084 4011 verbi
1099 3953 1145 4008 dat
1167 3953 1227 4010 tibi.
1248 3952 1320 4018 ideo,
1344 3968 1422 4008 soror
1444 3950 1630 4008 amantissima
1654 3951 1682 4004 in
1703 3947 1814 4005 Christo

1012 4043 1086 4113 mibi,
1103 4057 1200 4098 moneo
1224 4048 1250 4098 te
1274 4053 1303 4099 nt
1326 4057 1484 4115 perseveres
1506 4040 1534 4094 in
1556 4039 1723 4095 monasterio
1743 4038 1813 4095 sicut

159 4134 240 4189 ΟΡΘΓΘ
254 4118 295 4175 lel
314 4116 453 4189 lll0ll⁰⁵i¹⁰
477 4132 530 4172 ⁰⁰¹¹
554 4115 677 4173 ᾱθθῑῑῦθῑ·
702 4117 784 4172 5⁰l⁰l
799 4116 826 4172 i¹¹
850 4118 956 4177 Chll³l⁰
972 4123 995 4200 ὓ
1011 4131 1127 4203 coepisti,
1143 4140 1171 4186 ut
1187 4133 1213 4185 in
1234 4131 1428 4203 compilando,
1450 4130 1562 4196 orando,
1580 4127 1731 4198 psallendo,
1747 4144 1812 4184 eou-

157 4205 256 4264 dilecta
271 4206 348 4275 mihi,
363 4206 425 4261 andi
445 4205 606 4261 senteutiam
621 4205 690 4260 beati
706 4204 803 4261 Isidori
820 4224 826 4261 :
846 4228 857 4257 ι
881 4209 958 4265 ttutu

158 4297 358 4362 canonicorum,
396 4293 603 4364 monachorum,
634 4293 880 4352 sanctimonialium
913 4296 954 4353 ie-

157 4387 292 4443 minarum
314 4399 368 4456 prae
391 4397 485 4439 amore
506 4398 617 4439 suorum
644 4392 785 4452 parentum
807 4384 955 4445 involvun-

157 4483 201 4532 tur
226 4474 340 4531 terrenis
364 4471 446 4539 curis,
473 4478 501 4526 et
523 4470 712 4541 phrenesibus,
740 4482 766 4527 et
788 4474 894 4546 jurgiis,
924 4492 955 4532 ac

156 4562 284 4636 negotiis,
310 4567 336 4617 et
368 4576 417 4631 pro
441 4559 582 4631 temporali
605 4560 691 4615 salute
715 4574 825 4618 suorum
857 4580 957 4635 puren-

159 4660 216 4709 tum
239 4651 355 4722 perdunt
377 4649 480 4704 animas
502 4665 578 4705 suas.
603 4671 613 4697 r
645 4649 746 4704 Tamen
768 4650 891 4708 ordinata
914 4654 956 4709 di·

158 4741 258 4799 scretio
273 4748 325 4806 est,
340 4747 371 4794 ut
384 4739 456 4810 quod
471 4737 606 4794 extraneis
620 4736 829 4796 misericorditer
846 4741 956 4809 impen-

157 4830 239 4896 ditur,
255 4828 412 4901 pareutibus
424 4842 479 4881 non
489 4833 611 4896 negetur.
623 4825 740 4895 Dignum
763 4835 844 4884 estut
860 4830 956 4887 demus

159 4918 317 4993 parentibus
341 4915 449 4983 nostris,
466 4913 538 4986 quod
559 4911 769 4970 misericorditer
791 4917 886 4975 damus
906 4937 956 4975 ex-

157 5010 267 5067 traneis.
283 5004 443 5062 Parentibus
457 5003 528 5058 eninr
551 5002 693 5058 carnaliter
714 5013 866 5075 praestatur,
882 5009 956 5080 qitod

159 5099 294 5156 extraneis
310 5096 353 5170 pie
369 5092 542 5165 impenditur.
558 5093 675 5148 Honesta
691 5107 778 5164 soror,
801 5110 855 5150 non
869 5098 956 5152 debe-

1012 4232 1052 4278 tra
1065 4221 1201 4277 diabolum
1220 4220 1330 4277 viriliter
1352 4219 1510 4293 pugnando,
1534 4214 1620 4274 895
1639 4215 1674 4270 sd
1698 4228 1812 4287 postre-

1011 4327 1084 4366 mum
1103 4309 1215 4366 devictis
1228 4309 1351 4365 hostibus
1375 4307 1586 4377 concussitque
1610 4305 1741 4361 omnibus
1756 4320 1809 4359 sae·

1010 4400 1064 4456 culi
1077 4397 1300 4455 delectationibus
1314 4396 1462 4469 superatis,
1472 4412 1532 4452 cum
1543 4393 1638 4450 eodem
1653 4394 1739 4449 losue
1751 4410 1811 4466 per·

1009 4489 1102 4544 uenire
1121 4487 1210 4559 possis
1233 4485 1267 4540 ad
1290 4493 1386 4541 terram
1407 4483 1601 4555 promissionis,
1623 4482 1677 4537 hoc
1695 4491 1752 4548 est,
1777 4482 1810 4537 ad

1009 4575 1199 4634 beatitudinem
1215 4575 1276 4630 vite
1290 4574 1418 4639 coelestis,
1434 4582 1516 4645 atque
1531 4570 1568 4626 ibi
1587 4569 1679 4627 ridere
1700 4587 1811 4628 merea·

1009 4667 1047 4723 ris
1061 4665 1154 4721 faciem
1169 4662 1299 4720 indefessi
1314 4663 1391 4719 Solis.
1408 4663 1506 4717 Amen.

1169 4752 1239 4808 vill.
1254 4781 1289 4791 -
1304 4752 1342 4807 Dc
1355 4755 1518 4823 contemptu
1531 4747 1644 4805 mundi.

1045 4845 1089 4899 22.
1128 4841 1209 4896 Soror
1241 4839 1406 4907 charissima,
1439 4839 1503 4895 andi
1533 4836 1678 4893 Dominum
1718 4838 1812 4893 lesum

1010 4931 1146 4987 Christum
1159 4927 1293 4984 dicentem
1310 4929 1337 4983 in
1359 4927 1504 5001 Evangelio
1526 4947 1532 4982 ε
1558 4925 1653 4984 Omnis
1675 4926 1726 4998 pul
1747 4928 1814 4986 reli·

1010 5017 1683 5092 quert'tdomum,uutpctrcm,uutmatrcm‚uut
1692 5016 1812 5084 fratrer,

1009 5112 1059 5164 cut
1070 5121 1186 5169 sorores,
1198 5111 1249 5161 cut
1259 5121 1340 5177 apros
1348 5110 1465 5177 propter
1478 5119 1582 5160 nomen
1593 5118 1700 5162 metten,
1713 5108 1815 5159 centu-

158 5207 218 5245 mus
247 5188 311 5244 odio
335 5186 436 5241 hebere
460 5193 587 5255 parentes
611 5190 737 5251 ⁰0⁸ll⁰⁸3
768 5183 816 5239 sed
839 5185 956 5256 impodi-
1007 5195 1364 5268 pluruuccipiet,etoitum
1375 5188 1810 5264 oeterncmpcsct‘dcbit(.tlcttb.

158 5287 248 5334 menta
262 5292 357 5332 eorum
373 5272 421 5347 qui
449 5288 499 5327 nos
521 5286 538 5326 a
557 5276 630 5328 recto
649 5269 745 5327 itinere
766 5271 883 5330 deviant.
908 5275 957 5331 Per

160 5378 256 5420 vaccas
276 5364 470 5418 Philistteorum
492 5376 552 5432 quae
575 5360 712 5417 ducebant
734 5377 823 5418 arcam
847 5363 956 5421 Domini

149 5447 194 5545 ‘sd
216 5455 316 5507 terram
336 5448 436 5517 lsrael,
456 5443 631 5519 intelligimus
652 5449 768 5526 ὓςιιιιιι
791 5465 886 5512 sorum
908 5451 955 5523 qui

1010 5300 1070 5353 ιιι,
1085 5282 1140 5356 29).
1157 5284 1233 5340 Unde
1248 5282 1328 5337 ualde
1342 5282 1444 5336 bonum
1458 5291 1501 5337 est
1520 5280 1609 5348 nobis,
1635 5279 1731 5334 omnia
1751 5287 1810 5334 ter-

1009 5387 1073 5428 rene
1088 5379 1200 5445 propter
1224 5387 1324 5428 nomen
1347 5369 1456 5427 Domiru
1481 5369 1645 5440 relinquere.
1670 5376 1699 5423 ut
1722 5369 1759 5423 ab
1777 5382 1812 5423 eo

1008 5460 1145 5532 possimus
1157 5460 1280 5520 ecclesus
1291 5459 1426 5534 accipere.
1443 5458 1603 5532 Quicunque
1614 5455 1733 5517 votnuit
1747 5470 1809 5516 esse
