3706 5962
162 199 215 260 683

858 188 938 248 tt'lts
958 189 1109 250 blt'suul.

1755 195 1804 256 sul

160 321 263 379 Folium
277 333 343 375 vero
359 315 475 388 aridum,
496 313 591 371 lolium
615 312 664 368 tttii
688 327 743 368 non
758 321 807 368 est.
830 312 858 367 Si
885 328 950 384 erpo
966 331 989 411 Α
1005 317 1052 383 lis,
1067 320 1160 374 merle
1174 317 1340 378 moriemini
1354 319 1433 387 (Gen.
1450 331 1479 383 ιι,
1494 317 1550 384 tl).
1566 325 1655 376 morte
1678 318 1808 376 videlicet

158 412 199 470 vis
215 424 276 466 esse
290 406 391 471 lilium,
404 405 504 460 habeto
518 404 600 459 rerba
612 401 740 466 virtuosa,
765 400 829 456 folia
842 400 949 473 viridia,
1005 405 1101 460 animae
1117 407 1187 473 :rel
1198 414 1228 463 ut
1241 407 1284 460 alii
1294 415 1447 476 exponunt:
1462 407 1627 476 lloriemirti,
1646 407 1672 463 id
1684 417 1727 464 est
1737 425 1810 468 mor.

159 498 304 572 dequibus
318 495 447 567 scripturn
468 500 532 549 est:
555 492 667 549 Folium
682 492 743 562 ejus
766 507 823 546 nnn
847 491 952 560 dellml

159 589 247 664 (Paul.
265 583 335 656 t,3).
352 583 401 638 Vis
416 589 503 637 aulem
531 579 635 645 videre,
655 578 726 650 quod
755 578 864 632 rerbttnt
887 579 953 634 olio

160 696 217 737 sum
235 675 325 730 lolium
341 671 444 726 aridum
460 669 521 724 ost‘l
535 668 605 722 Audi
621 669 708 739 ipsam
728 666 882 733 Veritatem,
898 668 953 720 Do-

159 767 264 823 minum
274 764 363 817 lesum
379 777 385 815 :
405 761 491 815 Omne
504 759 595 829 ipilur
609 755 723 811 sterium
751 757 870 811 otiosam
881 754 953 826 qaod

161 856 248 912 locali
256 846 510 924 luerinlltomirres,
518 846 635 901 reddent
642 844 676 898 de
683 859 713 899 eo
720 845 898 900 rationemors
908 841 953 898 die

155 943 262 1018 judicil
277 940 386 1010 (Malli.
407 952 459 1001 stt,
475 935 531 1003 36).
554 931 707 1002 Oquantus
737 932 837 987 terror!
867 931 953 984 ludex

159 1029 382 1103 sapientissimus,
400 1028 447 1097 qui
461 1030 585 1080 numerat
600 1037 696 1077 omnes
721 1021 820 1092 pluviae
849 1028 952 1090 guttas,

158 1122 289 1178 diseretor
303 1115 423 1172 omnium
437 1113 630 1187 cogitationum
657 1109 778 1165 omniunt
803 1110 953 1176 bominum,

160 1210 275 1280 aprime
297 1205 386 1260 Adam
400 1199 531 1272 usquead
546 1197 679 1291 ultimum,
708 1196 754 1268 qui
783 1195 833 1251 erit
851 1196 878 1249 in
902 1195 955 1249 fine

159 1296 262 1362 saeeuli,
291 1292 348 1349 vult
375 1290 469 1346 audire
500 1287 633 1343 rationem
657 1288 802 1341 verborum
834 1285 953 1340 omnium

159 1389 319 1448 otiosomm,
344 1396 404 1435 cunt
433 1375 533 1432 sederit
552 1375 580 1429 in
609 1376 675 1429 sede
701 1369 957 1442 ntajestatisjudicii

159 1472 212 1540 sui,
227 1471 273 1527 ubi
288 1485 342 1524 non
361 1467 418 1536 jam
434 1461 524 1520 460
543 1461 737 1527 misericordia,
757 1460 806 1515 sed
824 1458 956 1529 judicium

1005 495 1072 547 tales
1086 492 1250 559 efficiemini,
1266 494 1374 563 scilieet,
1391 505 1418 550 ut
1434 496 1693 554 necessitatemlttnc
1708 500 1805 553 habea-

1006 582 1040 635 tis
1053 581 1199 647 moriendi,
1219 581 1264 654 qui
1283 583 1364 637 ruodo
1379 583 1490 652 potestis
1505 598 1557 638 non
1582 584 1660 639 mori.
1679 585 1709 639 Si
1730 589 1804 642 enirn

1006 667 1034 722 in
1057 667 1214 725 obedientia
1235 670 1457 740 permansissent,
1479 671 1578 725 mortui
1599 688 1651 726 non
1679 673 1805 732 ittissenl.

1005 757 1126 811 Cantavit
1141 766 1167 811 et
1182 758 1268 812 Adam
1283 759 1413 812 canticum
1435 760 1619 815 excusationis
1636 761 1663 815 itt
1680 773 1806 834 peccato,

1005 860 1064 900 cunt
1076 845 1142 900 dixit
1159 861 1164 900 :
1184 849 1282 903 Mulier
1291 864 1378 919 qaam
1391 847 1465 902 milti
1479 848 1582 905 dedisti
1595 851 1713 922 sociam,
1730 853 1807 909 dedit

1005 934 1088 1000 milti,
1105 939 1133 992 el
1147 937 1254 992 comedi
1268 936 1347 1007 (Gon.
1359 951 1399 1000 ttt,
1413 938 1475 1006 lu);
1488 953 1518 992 ac
1528 937 1550 991 si
1560 939 1661 996 diceret
1679 954 1685 994 :
1703 941 1743 996 Tu
1760 959 1807 1010 po·

1009 1024 1061 1076 tius
1085 1024 1251 1079 accusandus
1266 1039 1352 1093 esses,
1373 1024 1419 1094 qni
1434 1025 1515 1080 talem
1529 1027 1594 1082 mihi
1607 1026 1721 1100 junxisti
1742 1047 1806 1086 mu·

1008 1109 1111 1176 lierrnr,
1128 1127 1190 1182 quae
1204 1128 1249 1165 me.
1264 1114 1295 1165 ad
1315 1113 1479 1181 peccandum
1495 1114 1645 1172 induceret.

1044 1201 1089 1253 st.
1113 1199 1289 1268 Cltarissinti,
1305 1208 1396 1256 vetera
1411 1203 1513 1257 cantica
1539 1213 1601 1260 snnt
1617 1207 1688 1273 nee.
1717 1210 1805 1265 canti-

1008 1303 1072 1343 eum
1086 1289 1231 1360 superbla,
1248 1289 1383 1345 canticum
1398 1290 1583 1362 detractionis,
1599 1295 1737 1352 canticum
1756 1299 1805 1352 dn·

1010 1376 1146 1431 bitationis
1160 1417 1168 1442 ,
1183 1379 1318 1433 canticum
1347 1379 1476 1435 mendacii
1496 1388 1523 1435 et
1537 1383 1672 1438 canticum
1689 1399 1805 1440 excusa-

1010 1463 1099 1520 tionis.
1111 1466 1234 1522 Cavenda
1249 1473 1320 1531 sunt,
1337 1474 1364 1521 et
1377 1482 1426 1536 per
1440 1483 1547 1523 onmem
1564 1471 1674 1526 modum
1685 1475 1805 1530 cavenda

160 1561 309 1618 cantabitur
324 1551 531 1621 Domino.Quid
548 1561 603 1605 turn
619 1549 712 1604 miseri
737 1556 765 1602 et
792 1547 958 1602 miserabiles
1010 1554 1068 1609 haec
1095 1554 1210 1621 cantica,
1234 1570 1250 1609 o
1275 1553 1395 1625 virgines
1417 1555 1526 1625 Cltristi,
1552 1558 1575 1613 si
1598 1574 1699 1615 novum
1724 1563 1806 1619 vullis

159 1642 536 1714 iaciemusiSapientissintus
546 1652 587 1709 es,
596 1635 721 1699 Domine,
736 1634 853 1690 lallinon
865 1643 954 1707 potes,
973 1613 1144 1697 Beanticum
1171 1643 1322 1699 decantare.
1345 1644 1398 1699 Sed
1418 1660 1507 1717 neque
1521 1662 1601 1702 aures
1621 1658 1728 1705 vestras
1744 1652 1805 1706 tali·

157 1735 325 1809 justissimns
338 1746 377 1799 es,
393 1726 531 1797 corrumpi
546 1740 599 1779 non
616 1732 706 1794 potes.
734 1723 854 1794 Tempus
872 1723 954 1777 mise-

159 1825 236 1881 rendi
248 1832 310 1875 tune
320 1818 483 1889 praeteritum
493 1810 624 1882 erit,quia
628 1809 761 1880 judicabis
771 1810 864 1864 orbem
875 1818 954 1865 terrae

160 1911 187 1966 in
203 1908 329 1979 aequitate
344 1922 352 1969 l
368 1900 504 1972 judicabis
517 1899 633 1970 populos
645 1898 672 1951 in
686 1897 798 1967 justitia,
818 1897 865 1968 qui
879 1897 954 1969 prins

159 1994 429 2073 permisericordiam
445 1988 599 2063 pepercisti.
615 1986 685 2054 Quid
700 2001 766 2056 ergo
780 1986 891 2042 dicam?
905 1988 953 2040 tlt-

160 2101 260 2153 serere,
276 2096 380 2157 quaeso,
390 2080 453 2134 dum
471 2090 576 2147 tempus
587 2082 629 2131 est
644 2074 798 2142 miserendi,
815 2077 893 2130 Pater
907 2075 954 2129 rni-

158 2173 374 2232 sericordiarurn‚
384 2176 414 2223 ut
427 2179 482 2223 non
491 2164 599 2234 judices
609 2179 653 2218 me
663 2164 690 2217 in
701 2171 820 2233 tempore
831 2164 954 2232 judican-

157 2264 197 2320 di.
209 2263 282 2318 Pone
295 2256 445 2315 custodiam
460 2256 501 2310 ori
515 2268 585 2318 meu,
596 2267 622 2307 et
635 2253 733 2307 ostinnt
748 2252 954 2308 circumstantia

158 2349 235 2405 labiis
250 2346 326 2416 meis,
341 2353 372 2400 ut
388 2359 442 2399 non
461 2342 550 2396 solunt
575 2355 591 2394 a
607 2338 756 2394 maledictis
780 2347 808 2394 et
832 2338 955 2410 turpibus

158 2438 301 2502 declinem,
320 2449 415 2491 verum
442 2430 522 2486 etiarn
543 2428 630 2484 otiosa
653 2430 734 2484 verba
757 2427 889 2496 devitem3
919 2446 955 2486 ne

156 2532 192 2583 de
209 2525 264 2582 iltis
276 2541 318 2578 nte
328 2529 451 2593 oporteat
466 2518 550 2573 indie
564 2516 657 2586 judieii
672 2519 786 2573 reddere
812 2518 953 2584 rationem,

157 2615 203 2672 ubi
217 2615 274 2684 jam
289 2626 343 2666 non
357 2610 391 2663 de
407 2609 484 2664 bonis
506 2618 533 2660 et
547 2604 681 2660 viridibus
700 2603 771 2659 loliis
796 2604 952 2677 verbomm,

157 2704 206 2758 sed
217 2701 250 2754 de
261 2697 340 2753 malis
350 2696 432 2751 aridis
446 2693 513 2749 ratio
528 2699 570 2748 est
584 2691 731 2748 reddenda.

194 2793 239 2844 83.
255 2786 324 2853 Quid
350 2796 391 2840 est
412 2793 500 2838 autern
525 2783 639 2837 verbum
666 2776 809 2837 otiosum?
828 2779 952 2837 Otiosum

1009 1731 1059 1786 bus
1073 1731 1184 1786 canticis
1203 1732 1339 1803 aperietis,
1354 1733 1401 1804 qui
1422 1749 1516 1790 rocem
1538 1735 1640 1792 Christi
1659 1740 1807 1808 specialius

1009 1819 1038 1873 et
1065 1816 1220 1873 familiarius
1238 1819 1331 1876 andire
1353 1819 1521 1880 desideratis.
1548 1822 1618 1880 Vivit
1640 1826 1731 1883 adhuc
1764 1827 1807 1883 ille

1009 1904 1142 1978 malignus
1155 1921 1277 1976 serpens,
1293 1915 1319 1962 et
1334 1908 1384 1962 sub
1398 1907 1518 1982 virginea
1542 1910 1630 1977 lacie,
1647 1913 1675 1967 id
1700 1922 1741 1970 est
1756 1916 1806 1972 sttb

1009 1994 1099 2063 speeie
1114 1994 1192 2049 bonae
1207 1996 1394 2052 collocutionis
1409 2038 1416 2062 ,
1433 2014 1489 2053 suae
1504 1999 1679 2072 malignitatis
1702 2019 1804 2060 venena

1009 2081 1139 2137 distillat.
1160 2081 1251 2139 Canlat
1264 2084 1352 2141 adbuc
1365 2085 1393 2140 in
1408 2087 1535 2143 sordibus
1558 2090 1712 2146 auditorum
1741 2109 1806 2148 sno·

1010 2186 1070 2227 runt
1084 2170 1217 2227 eanbcum
1232 2174 1376 2245 superbiae,
1391 2190 1452 2230 cum
1468 2175 1521 2230 illis
1535 2178 1647 2233 latenter
1661 2181 1805 2255 suggerit,

1010 2265 1040 2313 ut
1056 2260 1087 2312 ad
1103 2260 1220 2314 bonores
1238 2267 1264 2315 el
1277 2260 1419 2333 dignitates
1434 2272 1462 2319 et
1485 2265 1644 2334 praelaturas
1665 2269 1803 2340 aspirent,

1009 2346 1051 2403 vel
1065 2354 1178 2418 propter
1193 2348 1372 2419 nobilitatem,
1391 2353 1433 2406 vel
1450 2361 1562 2422 propter
1577 2354 1731 2430 scientiam,
1750 2359 1805 2414 sive

1010 2435 1088 2489 eliam
1105 2445 1216 2506 propter
1229 2437 1376 2492 bonitatem
1391 2455 1476 2497 suant.
1489 2440 1559 2510 Quin
1575 2451 1602 2498 el
1617 2444 1660 2497 his
1675 2446 1805 2518 deceptas

1010 2522 1059 2579 luit
1072 2523 1143 2596 ipse,
1159 2526 1205 2596 qni
1221 2543 1251 2581 se
1266 2527 1404 2596 praelatum
1420 2529 1446 2582 in
1462 2531 1602 2586 nobilitate.
1622 2534 1805 2604 pulchritudi-

1008 2611 1060 2677 nis,
1077 2621 1105 2666 et
1117 2611 1247 2681 sapientia
1262 2624 1288 2670 et
1302 2615 1466 2681 virtutibus,
1482 2617 1540 2673 aliis
1553 2620 1620 2676 vidit
1643 2623 1735 2679 choris
1759 2641 1805 2680 an·

1008 2699 1155 2771 gelatum,
1185 2712 1211 2755 el
1240 2702 1362 2772 prorupit
1390 2704 1416 2757 in
1435 2706 1567 2763 canticum
1587 2712 1735 2780 superbiae,
1758 2732 1805 2785 per

1008 2804 1087 2856 quam
1102 2791 1216 2854 cecidit3
1233 2790 1340 2846 elalius
1359 2793 1453 2848 eadere
1472 2794 1543 2866 lacit,
1559 2807 1697 2874 quotquot
1713 2817 1803 2859 secura

158 2876 336 2940 sumebam,
353 2881 419 2928 teste
435 2871 580 2942 Gregorio,
601 2871 674 2939 quod
694 2868 797 2923 ratione
808 2869 891 2938 juslae
905 2886 957 2925 ne·
971 2887 993 2966 c
1006 2875 1078 2931 ident
1088 2877 1221 2933 canticum
1238 2888 1346 2935 cantare
1360 2894 1538 2950 praesumunt.

158 2965 302 3033 cessitatis,
315 2964 356 3018 trel
378 2960 526 3015 intentione
546 2958 598 3030 piae
619 2956 741 3012 utilitatis
755 2967 828 3013 caret
841 2959 951 3029 (llorul.

156 3055 205 3112 tib.
219 3069 271 3119 ιιι,
287 3067 348 3122 cap.
364 3051 420 3118 ts).
436 3046 573 3117 Quidquid
584 3062 651 3118 ergo
661 3044 790 3115 loqueris,
804 3044 856 3100 nisi
871 3047 954 3102 inten-

157 3141 294 3199 dasalieui
309 3139 449 3211 prodesse,
461 3138 575 3189 otiosum
592 3141 643 3189 est.
668 3131 734 3202 Quis
751 3133 786 3188 de
807 3133 850 3187 his
864 3136 952 3189 omni-

156 3234 208 3290 bus
223 3231 336 3288 reddere
350 3235 438 3299 potest
448 3224 580 3279 rationem
590 3223 605 3275 ‘l
615 3220 768 3277 eluderetur
782 3238 849 3295 ergo
863 3226 954 3280 omnis

157 3323 238 3378 bento
253 3319 372 3392 linguatn
387 3330 473 3380 suatn,
490 3313 537 3367 sed
554 3310 689 3382 praecipue
699 3310 820 3384 virgines
833 3311 933 3367 Christi
946 3329 953 3382 ς

156 3419 185 3467 ut
197 3411 293 3472 sciant,
308 3405 415 3480 quando
431 3404 471 3459 vel
495 3401 601 3474 qualern
628 3402 765 3470 proterant
789 3416 953 3457 sennonem.

156 3501 217 3557 Non
232 3499 304 3553 enirn
318 3497 397 3550 docet
411 3508 444 3547 ex
471 3505 517 3546 ore
532 3497 675 3546 cantaturo
698 3490 829 3545 canticum
854 3505 953 3545 nevum

155 3603 257 3659 sponso
279 3600 338 3649 suo,
366 3580 474 3652 aliquod
503 3578 614 3634 verbum
640 3581 788 3646 procedere
815 3579 888 3649 qnod
917 3578 955 3632 illi

157 3677 261 3733 cantico
277 3675 313 3727 sit
325 3671 499 3726 eontrarium.
525 3665 595 3733 Quid
618 3672 657 3719 est
680 3679 747 3737 ergo
762 3665 895 3722 canticum
910 3681 956 3721 no·

157 3763 246 3823 runt‘l
261 3759 400 3816 Canticum
415 3753 561 3811 charitatis.
577 3751 665 3821 Quare
687 3754 807 3811 norunt?
820 3753 889 3823 Quin
909 3755 957 3808 ini-

159 3855 196 3910 tio
211 3850 336 3905 saeculia
359 3846 454 3917 prinus
480 3841 609 3899 creaturis
632 3843 765 3896 canticum
794 3841 844 3897 luit
868 3854 953 3911 vetus,

159 3941 295 3999 canticum
322 3932 484 3992 contrarium
510 3929 643 3985 charitati.
678 3929 725 3984 Vis
753 3945 818 4000 ergo
839 3932 955 3987 nosse‘l

160 4030 280 4088 Cantav‘tt
293 4025 405 4100 angelus
423 4020 560 4093 periturus
582 4019 609 4073 in
625 4018 694 4074 eoelo
713 4022 844 4074 canticum
858 4036 956 4092 super·

1289 3003 1405 3061 CAPUT
1414 3005 1513 3064 xxttt.

1111 3112 1149 3168 Ile
1163 3126 1233 3167 nouo
1248 3113 1360 3171 caelico
1373 3114 1529 3184 viminibus
1543 3118 1695 3177 cantando.

1042 3219 1086 3271 85.
1102 3217 1162 3273 Nou
1176 3217 1214 3272 ita
1229 3217 1346 3273 cantavit
1364 3220 1428 3275 novi
1449 3221 1546 3277 cantici
1570 3225 1698 3281 imitatrix
1720 3235 1805 3284 mater

1007 3303 1116 3369 Christi,
1131 3319 1224 3359 verum
1240 3304 1324 3359 liliam
1340 3322 1400 3362 rere
1413 3307 1590 3365 viridantibus
1608 3312 1682 3368 loliis
1696 3315 1804 3370 reditni·

1009 3399 1075 3447 turn.
1098 3392 1146 3447 Vis
1173 3393 1263 3448 ridere
1286 3394 1353 3448 lolia
1372 3395 1431 3464 ejus
1450 3395 1464 3453 l
1480 3396 1520 3453 sis
1547 3398 1641 3454 audire
1669 3403 1803 3459 canticam

1008 3480 1067 3550 ejus
1080 3482 1095 3536 ‘l
1109 3479 1240 3548 Esaltattt,
1257 3492 1284 3537 et
1298 3499 1380 3554 supra
1394 3500 1476 3555 quam
1490 3486 1544 3542 dici
1559 3496 1605 3543 attt
1623 3489 1739 3563 cogitari
1752 3508 1803 3564 po·

1009 3578 1070 3635 lest,
1092 3570 1141 3625 toti
1157 3567 1236 3626 effi!
1258 3572 1358 3628 mundo
1386 3575 1514 3644 coelisque
1531 3578 1654 3647 praelata,
1678 3594 1733 3635 nun
1763 3597 1805 3637 as·

1009 3660 1099 3714 cendit
1112 3673 1195 3730 supra
1214 3675 1252 3725 se,
1270 3660 1317 3714 sed
1341 3663 1458 3716 cantavit
1483 3663 1616 3719 canticum
1630 3668 1803 3736 humilitatis,

1008 3747 1080 3818 quod
1095 3757 1122 3802 et
1136 3745 1274 3802 clientelis
1300 3751 1342 3804 est
1358 3791 1367 3816 ,
1384 3749 1447 3820 quia
1460 3753 1576 3807 charitas
1604 3770 1660 3810 non
1683 3756 1804 3815 intlatar.

1010 3835 1197 3889 uructrvttde
1215 3835 1297 3890 eorde
1323 3851 1375 3892 suo
1400 3840 1531 3896 inebriato
1559 3843 1673 3898 terbum
1702 3847 1804 3903 bonum

1008 3929 1035 3977 et
1062 3937 1155 3988 suave,
1176 3924 1309 3979 canticum
1333 3940 1433 3983 novum
1456 3929 1608 4000 virginibus
1627 3937 1801 3993 cantandum.

1008 4011 1041 4066 tlt
1055 4009 1120 4081 quid
1134 4009 1190 4066 sill
1205 4011 1368 4083 llopnt'ieot
1380 4020 1549 4076 animemed
1562 4022 1717 4080 Dominum
1727 4024 1803 4096 (Lae.

158 4121 221 4188 biae,
237 4119 331 4173 dicens
346 4131 353 4168 ι
371 4109 580 4169 Penumsedem
594 4107 736 4166 meemad
749 4109 954 4180 aquilonemet
1009 4113 1029 4163 t,
1052 4097 1110 4169 lb).
1134 4098 1213 4170 Vide,
1234 4115 1316 4170 quant
1345 4108 1509 4160 contrarium
1534 4119 1574 4164 est
1597 4110 1732 4168 canticum
1756 4115 1805 4170 hoc

160 4207 268 4269 similis
281 4221 328 4263 ere
353 4201 498 4260 ditissime
521 4198 588 4268 (lsai
610 4212 670 4267 xtr,
695 4200 739 4267 ts,
765 4196 820 4268 ll).
835 4175 993 4254 cantavisti
1010 4187 1338 4261 candcoangeliruituri.
1354 4192 1520 4263 lncoepitille
1536 4195 1561 4250 in
1575 4197 1640 4266 alto,
1665 4215 1698 4256 ac
1708 4203 1805 4273 proin.

160 4311 255 4373 postea
278 4290 453 4350 detractionis
466 4287 602 4345 canticum
615 4287 643 4341 in
659 4286 794 4356 paradiso,
810 4303 869 4341 curn
884 4303 955 4344 acce·

159 4393 227 4445 dens
242 4388 275 4441 ad
290 4383 429 4439 mulierem
447 4377 484 4433 ait
499 4392 505 4433 :
526 4373 771 4454 Quareproltibait
786 4377 859 4432 Deus
872 4378 954 4450 oolla,

160 4471 386 4536 pessumdaretis
406 4470 438 4525 de
453 4469 527 4540 liqna
540 4467 668 4523 sciertlioe
677 4464 743 4521 beni
752 4469 780 4519 el
792 4466 885 4521 malit
899 4474 956 4521 tan·

162 4583 243 4641 quant
259 4566 362 4617 diceret
378 4577 385 4617 r
402 4559 471 4613 trata
492 4556 639 4610 intentione
655 4555 800 4626 prohibuit.
818 4553 956 4611 Canticum

161 4651 337 4711 dubitationis
351 4644 468 4703 cantavit
493 4644 598 4712 mulier,
627 4644 720 4700 dicens
741 4660 749 4696 ι
772 4644 810 4698 lle
831 4643 957 4700 comede-

162 4756 234 4809 mus,
251 4744 278 4796 el
289 4740 360 4808 [erle
370 4736 537 4792 meriamur.
553 4731 673 4802 Osorte,
696 4742 824 4801 quantum
840 4731 957 4786 infirmi-

162 4831 225 4890 tatis
244 4829 322 4882 nobis
346 4821 492 4880 induxisti!
524 4821 624 4875 videns
647 4826 738 4873 autem
753 4819 876 4875 diabolus
898 4836 959 4875 mu·

163 4923 256 4981 liereut
271 4917 448 4977 dubitantem,
463 4911 588 4982 prorupit
609 4906 642 4960 ad
665 4908 796 4962 canticum
815 4909 959 4975 mendacii,

163 5013 256 5068 dicens
272 5006 468 5077 :Nequaquam
477 4998 640 5054 moriemini
650 4995 732 5067 (Gen.
743 5011 784 5064 ut,
801 4997 899 5070 l-l).0
914 5015 960 5053 ne·

163 5117 256 5175 quatu,
277 5107 437 5165 ouequam,
457 5088 501 5143 ubi
517 5087 648 5143 estmodo
664 5092 739 5139 tunm
762 5087 961 5159 nequaquam?

161 5192 232 5248 Ecce
245 5184 346 5243 mortui
356 5186 420 5241 sunt
433 5177 531 5249 duplici
546 5183 644 5241 morte,
662 5188 730 5247 quos
757 5174 847 5229 dixisti
862 5191 966 5248 nequa·

164 5296 245 5355 quant
254 5278 406 5334 morituros.
419 5267 711 5352 Nequaquaminquit,
726 5266 899 5322 moriemini.
910 5268 961 5324 bia·

166 5374 221 5426 tnm
246 5379 272 5422 et
285 5372 366 5423 velus
380 5362 515 5420 canticum
537 5359 589 5414 hoc
602 5357 714 5414 verbum
730 5353 835 5410 veritati
850 5365 960 5413 contra-

164 5457 247 5519 rium.
256 5454 367 5511 Dixerat
380 5452 453 5507 enirn
463 5451 536 5507 Deus
550 5466 557 5508 :
574 5450 741 5522 Quocunque
750 5446 796 5505 die
804 5444 961 5504 comedere.

1011 4276 1082 4333 dein
1097 4277 1152 4332 ima
1165 4294 1219 4334 nen
1233 4279 1382 4352 descendit,
1397 4283 1445 4336 sed
1458 4284 1569 4341 corruit.
1585 4285 1698 4360 lncoepit
1725 4293 1807 4348 ilaris

1010 4367 1117 4435 altimo,
1133 4377 1164 4424 ιιι
1186 4367 1214 4423 in
1242 4370 1326 4425 altntn
1340 4371 1537 4432 sublevaretur.
1567 4376 1723 4448 Magnifirat
1751 4383 1808 4439 bac

1009 4455 1162 4523 Dominum,
1177 4471 1232 4511 nou
1256 4472 1309 4525 se;
1336 4457 1398 4513 licet
1422 4461 1646 4520 inestimabiliter
1674 4470 1805 4541 exaltata,

1012 4546 1205 4614 servansquod
1221 4545 1352 4615 scriplum
1367 4555 1408 4601 est
1425 4562 1431 4600 z
1446 4550 1555 4617 Quanto
1565 4557 1660 4626 major
1674 4561 1810 4628 enitami-

1011 4630 1052 4687 lt'e
1067 4636 1094 4687 le
1108 4633 1139 4688 iri
1153 4633 1282 4689 emelim
1297 4634 1397 4705 (uerti.
1408 4651 1447 4702 ιιι,
1456 4640 1512 4708 20).
1524 4641 1600 4697 Unde
1614 4650 1640 4697 ot
1655 4660 1738 4716 super
1748 4662 1808 4701 ont·

1012 4736 1059 4776 nes
1073 4722 1349 4793 chorosaugelorum
1374 4730 1471 4781 meruit
1484 4729 1600 4784 elevari.
1625 4732 1809 4803 magnificavit

1011 4824 1042 4866 se
1054 4809 1099 4865 ille
1113 4825 1194 4880 supra
1212 4811 1367 4880 Dominum,
1384 4814 1457 4870 unda
1481 4816 1551 4873 inlra
1575 4834 1655 4876 ontne
1670 4823 1742 4893 quod
1757 4832 1807 4888 est,

1014 4902 1110 4954 meruit
1121 4899 1291 4970 praecipitari.
1311 4902 1460 4960 Exsultatit
1470 4904 1581 4975 spiritus
1596 4907 1705 4965 humilis
1719 4910 1809 4967 liariae

1014 4986 1041 5040 in
1055 4987 1246 5044 Dontiuolesu
1261 5005 1330 5056 suo;
1350 4994 1422 5047 unde
1437 4993 1496 5049 oleo
1510 4995 1676 5068 laetitiaeprae
1690 5013 1805 5055 consor-

1014 5077 1085 5131 tibus
1108 5079 1164 5132 suis
1178 5078 1275 5151 inungi
1297 5082 1444 5150 promeruit
1459 5100 1465 5138 :
1481 5085 1627 5141 exsultavit
1641 5088 1740 5144 stultus
1763 5090 1808 5146 ille

1014 5165 1128 5234 angelus
1136 5165 1164 5220 itt
1180 5183 1223 5234 se;
1241 5169 1393 5225 undeluctu
1414 5180 1545 5242 perpetuo
1561 5177 1660 5230 meruit
1674 5179 1805 5233 condent·

1014 5254 1082 5311 nari.
1099 5253 1236 5313 Gloriatur
1255 5258 1306 5315 isla
1327 5262 1507 5319 humilitatem
1526 5279 1602 5319 suattt
1625 5281 1686 5322 essa
1714 5284 1808 5340 respe-

1014 5354 1103 5417 ctam3
1123 5350 1193 5402 unde
1205 5349 1314 5405 babebit
1329 5351 1446 5407 fructum
1465 5354 1493 5409 in
1519 5356 1689 5425 respectione
1703 5357 1809 5413 anima·

1014 5451 1074 5494 rum
1101 5447 1253 5494 sanctarum
1278 5455 1285 5499 ;
1310 5439 1477 5515 gloriabatur
1505 5443 1549 5499 ille
1577 5444 1606 5500 in
1638 5446 1810 5506 multitudine
