3706 5962
262 639 635 760 PRAEFATIO
700 641 770 759 ΙΝ
831 640 1081 761 TOMUM
1137 643 1185 756 V
1241 645 1330 760 ET
1386 644 1479 764 Vl.

71 1428 91 1483 l.
111 1425 261 1481 Genuiuis
273 1423 359 1481 sancti
375 1425 507 1483 bernardi
522 1425 657 1499 Operibus
670 1426 797 1485 omuibus
809 1422 837 1479 in
851 1420 970 1497 primum
988 1422 1116 1481 volumen
1131 1424 1280 1499 congestis,
1295 1435 1421 1500 superest
1434 1436 1464 1486 ut
1477 1430 1505 1485 iu
1521 1431 1573 1488 boc
1585 1432 1701 1489 alterum

42 1514 219 1587 supposititia
233 1520 263 1570 et
276 1513 364 1570 aliena
378 1515 582 1572 concludamus.
597 1516 677 1586 Quod
692 1531 745 1589 qua
759 1513 875 1581 ratione,
886 1527 975 1585 quove
989 1511 1085 1569 ordine
1100 1510 1156 1582 liet,
1173 1513 1217 1570 hic
1228 1514 1320 1586 paucis
1335 1517 1526 1588 explicandum
1541 1526 1593 1576 est.

73 1604 189 1660 111166
214 1603 353 1675 posterius
378 1603 504 1661 rolumeu
519 1604 626 1662 duobus
641 1605 722 1661 tomis
737 1608 860 1661 constat:
882 1600 910 1657 iu
938 1616 1055 1673 quorum
1069 1601 1154 1658 altero
1168 1600 1312 1660 Gilleberti
1335 1604 1508 1663 continuatio
1531 1608 1558 1663 in
1578 1607 1699 1679 Cantica,

42 1693 150 1765 alisque
167 1691 296 1761 ejusdem
310 1691 416 1748 abbatis
429 1693 567 1765 Opuscula
582 1701 610 1751 et
623 1693 769 1766 Epistolse3
787 1689 920 1762 simulque
936 1690 1018 1746 dubia
1032 1705 1081 1747 seu
1097 1701 1283 1761 controversa,
1300 1699 1328 1749 et
1346 1693 1485 1751 Bernardo
1499 1694 1567 1751 laiso
1583 1697 1702 1770 ascripta

41 1783 243 1839 conuneutur:
259 1781 287 1835 in
300 1781 387 1838 altero
400 1792 507 1838 exstant
521 1782 646 1840 Guerrici
668 1782 787 1849 abbatis,
806 1779 894 1836 sancti
917 1778 1044 1836 Doctoris
1062 1778 1196 1850 discipuli,
1219 1781 1374 1848 Sermones,
1400 1784 1574 1841 bernardinis
1588 1784 1659 1858 stylo
1674 1794 1703 1843 et

40 1872 143 1945 pietate
158 1869 279 1936 allides,
296 1869 427 1942 Guigonis
445 1871 569 1942 ejusdem
597 1872 677 1928 amici
699 1871 823 1945 quaedam
847 1868 987 1941 epistolae3
1012 1868 1077 1924 varii
1101 1867 1163 1923 libri
1178 1869 1212 1926 de
1228 1870 1256 1926 S.
1273 1871 1401 1927 Bernardi
1418 1872 1477 1931 Vita
1492 1883 1519 1931 et
1544 1874 1701 1943 miraculis;

41 1959 171 2016 Gaulridi
188 1959 298 2014 abbatis
309 1960 433 2032 quedam
448 1961 596 2032 opuscula;
613 1961 742 2017 nonnulla
757 1960 791 2016 de
806 1959 835 2016 S.
851 1956 983 2015 Dernardi
1005 1957 1234 2029 Canouizatioue;
1260 1960 1380 2033 denique
1406 1963 1571 2021 Testimouia
1583 1965 1704 2022 virorum

41 2048 194 2103 ilustrium
209 2049 247 2102 de
260 2058 353 2104 sancto
372 2049 490 2106 Doctore
505 2049 613 2120 eodem,
629 2065 751 2107 necnon
766 2048 882 2104 diversae
895 2047 965 2103 Vitae
981 2045 1008 2102 S.
1025 2045 1166 2113 Beruardi,
1183 2054 1236 2105 ete.

73 2139 121 2195 111.
140 2137 272 2193 Primum
287 2137 314 2193 iu
329 2144 402 2196 tomo
421 2139 516 2211 quinto
537 2140 626 2197 locum
651 2139 703 2195 sibi
727 2138 848 2195 vindicat
860 2135 1017 2194 continuata
1036 2151 1087 2208 per
1100 2136 1280 2194 Gillebertum
1295 2138 1435 2211 Expositis
1449 2140 1477 2197 iu
1491 2140 1602 2198 Cantica
1614 2142 1704 2199 canti-

43 2242 156 2285 corum:
175 2234 209 2281 ut
224 2242 309 2299 quam
324 2227 446 2298 proxime
461 2227 644 2285 Demardiuos
668 2227 697 2283 iu
710 2225 808 2284 eadem
832 2224 943 2281 Cantica
965 2224 1124 2295 Sermones,
1140 2225 1187 2299 qui
1208 2236 1363 2284 extremum
1377 2229 1404 2286 iu
1420 2229 1553 2301 superiori
1568 2231 1705 2288 uolumine

43 2317 132 2373 166616
148 2321 304 2386 occupant,
333 2317 390 2372 baec
417 2317 588 2373 6661166666
604 2316 797 2388 subsequatur.
813 2313 962 2370 Gilleberto
981 2329 1135 2385 cognomen
1159 2313 1210 2370 luit
1231 2316 1266 2372 de
1290 2317 1443 2387 lloilandia,
1457 2318 1529 2390 quod
1544 2320 1706 2376 vocabulum

47 2416 86 2463 611
99 2404 204 2461 insulae
219 2419 272 2461 seu
287 2404 472 2476 provinciola,
497 2404 594 2478 buglis
616 2412 644 2461 et
667 2403 756 2461 Scotis
779 2400 967 2467 contermina,
987 2417 1068 2473 quam
1088 2400 1228 2459 velandus
1247 2409 1275 2458 et
1297 2404 1398 2462 Lindus
1412 2406 1485 2463 lluvii
1499 2407 1705 2466 circumlinunt:

56 2495 140 2562 66616
154 2492 350 2547 insulasitnm
372 2501 430 2546 erat
445 2493 641 2549 monasterium
667 2491 867 2559 Sminhetense,
892 2490 936 2546 cui
964 2489 1128 2545 Gillebertus
1149 2490 1236 2545 abbas
1258 2493 1375 2560 praefuit,
1400 2494 1581 2549 lincolniensi
1596 2495 1710 2551 dioecesi

52 2580 223 2635 utributum.
241 2578 351 2651 Duplex
373 2579 479 2636 uidetur
493 2579 577 2635 luisse
604 2579 671 2635 illud
687 2579 890 2645 monasterium,
912 2576 1032 2632 virorum
1056 2591 1088 2632 ac
1110 2575 1254 2648 virginum,
1271 2577 1345 2650 quod
1368 2586 1423 2635 tum
1439 2596 1472 2636 ea
1487 2581 1596 2638 AElredo
1609 2583 1708 2640 abbate

48 2666 231 2736 lterattensi,
252 2675 307 2722 tum
328 2682 362 2723 ex
381 2666 465 2738 ipsius
479 2667 622 2724 Gilleberti
635 2666 808 2724 sermonibus
826 2663 963 2722 nonnullis
986 2663 1021 2719 ad
1035 2665 1146 2720 casdem
1165 2665 1287 2741 virgines
1310 2666 1409 2722 habitis
1422 2667 1569 2740 colligitur.
1584 2671 1709 2727 AElrcdus

48 2756 152 2830 quippe
168 2771 298 2812 sermone
312 2756 435 2813 secundo
449 2756 476 2812 in
491 2756 588 2813 isaiam
603 2757 768 2813 mentionem
788 2753 850 2810 lacit
864 2754 899 2809 de
914 2752 1081 2809 monasterio
1094 2752 1241 2827 virgiuum,
1259 2776 1271 2805 s
1289 2771 1349 2827 quae
1364 2757 1415 2811 sub
1429 2757 1590 2825 venerabili,
1608 2768 1710 2815 etcum

49 2861 163 2900 summa
180 2844 336 2900 reverentia
363 2845 531 2903 nominando
546 2855 642 2903 sancto
656 2852 734 2917 patre
758 2842 909 2900 Gilleberto
931 2843 1032 2898 uberes
1055 2842 1192 2914 pudicitiae
1214 2842 1318 2900 fructus
1343 2844 1463 2917 nilotidis
1479 2847 1664 2905 transmittunt
1676 2846 1711 2904 ad

46 2935 150 2991 coelos.
171 2954 185 2986 a
205 2934 239 2988 111
256 2933 363 3004 quidem
394 2933 560 2991 Gillebertus
585 2934 644 3009 ipse
669 2934 816 2990 Sermones
831 2930 962 3004 quosdam
978 2929 1005 2987 in
1020 2929 1133 2987 Cantica
1147 2931 1219 3002 apud
1235 2931 1294 2988 illas
1308 2932 1427 3005 virgines
1450 2936 1596 3006 peroravit,
1612 2951 1711 3008 nempe

50 3028 80 3080 ll
99 3032 132 3080 61
153 3026 199 3077 18.
216 3023 244 3076 16
259 3022 342 3094 priori
357 3022 429 3079 enim
445 3024 516 3081 inter
544 3024 596 3079 alia
616 3024 744 3097 leguntur
767 3022 826 3077 haee
848 3020 944 3084 verba,
960 3035 1035 3075 num.
1051 3024 1086 3077 8:
1105 3042 1117 3071 s
1134 3020 1203 3085 Tibi,
1220 3021 1346 3089 Domine,
1367 3024 1529 3081 commendo
1544 3026 1615 3082 bunc
1630 3026 1712 3082 Liba·

50 3129 130 3179 uum,
149 3111 294 3183 egregium
308 3111 380 3169 huuc
392 3114 505 3169 eborum
519 3112 666 3186 virginum,
682 3127 819 3169 sacrarum
834 3115 934 3167 coetum
955 3107 1128 3165 feminarum.
1147 3130 1158 3160 ι
1177 3110 1270 3182 ltaque
1285 3110 1383 3182 partim
1396 3113 1602 3182 ad‘monecbos,
1614 3115 1713 3188 partim

51 3202 86 3255 ad
104 3200 331 3257 sanctimoniales
344 3202 427 3258 habiti
441 3208 504 3258 sunt
526 3201 570 3258 isti
594 3216 749 3271 sermones,
765 3214 880 3256 numero
897 3205 959 3254 octo
975 3205 1002 3253 et
1017 3196 1208 3272 quadraginta,
1233 3198 1280 3270 qui
1299 3200 1379 3272 paulo
1403 3201 1491 3257 miuus
1511 3203 1612 3260 babent
1627 3203 1712 3274 succi,

51 3289 241 3357 sublimitatis,
263 3298 291 3347 61
316 3291 423 3347 virtutis
452 3292 485 3347 66
508 3290 740 3364 persuadendum,
757 3304 838 3362 quam
852 3285 1021 3345 Demardiui.
1037 3286 1092 3342 llos
1114 3301 1196 3359 porro
1211 3285 1351 3345 Gilleberti
1367 3291 1525 3360 Sermones,
1540 3292 1628 3365 quiin
1643 3308 1714 3349 nove

51 3381 109 3436 bac
124 3378 248 3434 editione
268 3379 418 3436 innumeris
441 3381 550 3437 mendis
572 3378 712 3452 repurgati
735 3378 880 3451 prodeunt,
896 3391 958 3433 euru
975 3375 1061 3432 veteri
1077 3376 1226 3449 exemplari
1241 3376 1428 3435 Vallis-Clarae
1442 3381 1588 3455 diligenter
1602 3382 1714 3438 contulit

54 3477 160 3539 rogatu
173 3475 265 3523 nostro
280 3467 424 3543 religiosus
437 3486 468 3526 ac
482 3468 542 3542 pius
555 3469 597 3527 rir
609 3470 643 3524 D.
659 3469 785 3537 loannes,
806 3463 926 3537 Baptista
950 3464 986 3519 66
1006 3463 1152 3532 Noiusilla,
1169 3465 1293 3535 ejusdem
1316 3467 1369 3522 loci
1392 3468 1478 3537 Prior,
1495 3469 1609 3535 amicus,
1625 3485 1712 3537 mens,

52 3557 107 3630 qui
122 3564 153 3611 et
165 3555 284 3611 Gsulridi
297 3557 328 3614 S.
347 3557 476 3614 Bernardi
492 3558 588 3615 6616611
612 3557 732 3613 libellum
754 3555 885 3613 aduersus
907 3552 1023 3609 Gilbcrti
1048 3552 1189 3608 Porretaui
1204 3568 1314 3610 errores
1335 3571 1369 3610 ex
1394 3555 1489 3613 codice
1517 3556 1715 3631 Longi-Pontis

55 3645 145 3703 nobis
160 3646 348 3717 suppeditavit.
365 3647 406 3704 De
425 3647 575 3705 Gilleberto
591 3646 690 3704 abbate
713 3644 787 3719 quod
808 3649 942 3716 superest,
957 3658 1020 3698 eum
1044 3641 1072 3697 in
1095 3640 1234 3699 Gallicano
1249 3643 1394 3701 Treceusis
1408 3646 1534 3703 dioecesls
1548 3647 1715 3705 monasterio

55 3734 200 3807 liipntorio
213 3735 363 3792 decessisse
376 3736 458 3793 tradit
472 3737 626 3794 Chronicou
648 3733 880 3792 Clarus-vallense
902 3731 945 3786 his
959 3730 1050 3789 verbis
1066 3746 1073 3785 τ
1092 3753 1103 3784 ι
1128 3732 1208 3788 Auno
1226 3732 1334 3789 Domini
1351 3737 1418 3792 ttlt
1433 3734 1608 3805 Gillebertus,
1624 3752 1714 3810 quou-

56 3825 122 3879 dam
138 3824 274 3881 abbasde
292 3825 444 3891 1161166616,
464 3826 511 3899 qui
534 3825 599 3885 lecit
617 3827 765 3883 Sermones
786 3837 868 3894 super
889 3820 1000 3878 Cantica
1023 3820 1191 3877 canticorum
1215 3820 1243 3876 in
1263 3821 1374 3878 modurn
1394 3824 1465 3879 beati
1481 3825 1624 3895 Darnardi,
1640 3825 1715 3899 apud

58 3915 230 3987 llipatorium
244 3913 321 3972 obiit.
338 3916 412 3971 silis
433 3915 608 3972 Serruouibus
633 3912 815 3985 subjiciuntur
841 3908 951 3983 quidam
973 3909 1124 3978 Tractatus,
1149 3917 1176 3965 et
1200 3910 1338 3967 nonnullae
1361 3912 1485 3981 ejusdem
1510 3915 1630 3971 auctoris
1649 3915 1715 3987 Epi·

59 4003 161 4058 stolsc:
177 4018 240 4075 quae
259 4001 348 4059 omnia
362 4005 481 4061 loannes
495 4004 600 4062 Pitssus
613 4004 648 4059 iu·
664 4003 735 4058 libro
750 4001 790 4058 De
810 3997 960 4056 illustribus
982 3998 1087 4073 llugliae
1107 3997 1284 4069 scriptoribus
1312 3998 1439 4057 iudicavit
1462 4016 1523 4058 cum
1548 4003 1607 4059 aliis
1631 4004 1715 4076 ipsius

62 4091 205 4148 Gilleberti
219 4093 493 4150 commentationibus
515 4093 543 4149 in
566 4091 735 4158 Psalterium,
751 4089 780 4146 iu
803 4088 969 4154 llattbaeum,
985 4085 1013 4141 in
1039 4085 1175 4158 Epistulas
1190 4085 1275 4157 Pauli,
1290 4094 1356 4158 etc,
1371 4089 1417 4145 ubi
1436 4089 1534 4146 librum
1553 4092 1618 4148 item
1633 4108 1717 4149 unum

65 4180 107 4235 De
121 4180 181 4236 lita
201 4181 229 4236 S.
243 4180 375 4238 Deruardi
389 4181 478 4240 eidem
493 4182 587 4239 tribuit
604 4189 666 4255 post
690 4179 862 4238 Gesnerum:
877 4175 924 4249 qui
939 4176 1009 4232 liber
1019 4174 1133 4232 16616666
1148 4191 1204 4231 666
1218 4175 1288 4231 alius
1302 4176 1346 4245 sit,
1363 4193 1447 4250 quam
1461 4179 1533 4236 liber
1546 4179 1686 4238 Guillelmi
1700 4196 1718 4237 a

62 4267 351 4327 Sancto-Theoderico
364 4272 398 4328 de
412 4273 464 4328 boc
477 4275 651 4345 argumento.
668 4268 747 4328 Plura
760 4268 794 4325 de
815 4264 965 4323 Gilleberto
980 4262 1081 4321 videsis
1095 4263 1168 4336 apud
1192 4263 1295 4320 Slxtum
1309 4264 1472 4337 Senensem,
1487 4275 1515 4325 ct
1529 4270 1601 4342 apud
1615 4269 1717 4326 Manri-

60 4374 124 4415 cum
141 4358 175 4414 66
190 4375 292 4415 666616
308 4363 389 4432 1163,
404 4376 466 4433 cap.
482 4364 510 4418 3.

98 4447 144 4503 tv,
160 4447 193 4502 lu
207 4448 266 4503 istis
279 4447 424 4507 Gilleberti
439 4449 616 4507 Sermouibus
631 4446 715 4503 multa
734 4452 881 4503 occurrunt
894 4441 922 4498 in
936 4440 1033 4514 primis
1044 4441 1117 4498 lectu
1132 4447 1159 4498 et
1172 4441 1364 4501 observatione
1378 4443 1462 4517 digna
1477 4446 1512 4501 ad
1527 4461 1633 4502 momm
1650 4445 1717 4502 aedi·

62 4536 232 4609 ficationem,
248 4554 303 4595 uon
317 4538 405 4596 solum
416 4554 478 4612 ,pro
502 4537 652 4608 monacbis,
672 4535 722 4593 sed
736 4534 818 4592 etiam
832 4546 883 4606 pro
903 4531 1095 4589 ecclesiasticis
1109 4530 1182 4588 uiris.
1199 4532 1299 4587 Contra
1312 4547 1360 4588 eos
1376 4533 1423 4603 qui
1437 4533 1497 4604 plus
1511 4533 1622 4591 lectioni
1637 4553 1718 4608 quam

62 4626 216 4698 precationi
226 4627 359 4695 tribuunt,
374 4628 538 4687 insermona
552 4631 569 4684 'l
582 4625 714 4700 preclara
735 4623 882 4692 habentur,
897 4635 973 4676 uum.
989 4624 1016 4675 s.
1038 4617 1133 4688 Qualis
1161 4617 1260 4675 debeat
1289 4636 1350 4677 esse
1368 4621 1592 4680 concionatorum
1621 4625 1718 4696 oratio,

64 4716 145 4771 docet
159 4731 251 4772 sermo
267 4720 310 4785 16,
327 4734 403 4778 num.
424 4721 451 4774 6.
466 4717 563 4775 Sermo
585 4732 650 4774 vero
678 4728 798 4787 sequeus
825 4708 1026 4784 predicationis
1049 4706 1169 4764 officium
1196 4724 1251 4765 nou
1275 4710 1346 4766 ultro
1359 4726 1375 4766 a
1390 4728 1527 4785 quoquam
1542 4715 1719 4787 captandum.

69 4805 104 4858 11
117 4820 243 4863 sermone
258 4809 303 4877 26,
318 4822 396 4866 num.
412 4809 439 4879 2,
454 4807 566 4880 egregia
580 4803 736 4880 perstringit
750 4808 845 4859 auctor
865 4797 1081 4864 concionatores,
1102 4797 1225 4870 plausum
1249 4807 1276 4855 et
1291 4800 1432 4875 gloriolam
1452 4810 1597 4860 sectantes.
1618 4804 1720 4860 lbidem

68 4892 150 4948 etiam
171 4896 236 4952 utile
258 4896 364 4954 eisdem
388 4897 521 4955 monitum
544 4896 600 4964 dat,
617 4902 648 4954 ut
668 4892 813 4951 conciones
834 4905 897 4946 suas
919 4888 953 4943 ad
972 4894 1081 4958 captum
1095 4896 1123 4944 et
1137 4888 1280 4944 utilitatem
1296 4890 1449 4946 auditorum
1465 4891 1646 4950 conforment.
1662 4891 1721 4946 lluc

65 4982 153 5039 etiam
168 4984 305 5055 pertinent
318 5002 410 5044 sermo
425 4991 471 5055 31,
484 5002 559 5043 uum.
577 4988 603 5051 1,
619 4993 647 5042 61
662 4998 750 5040 sermo
766 4984 811 5049 36,
827 4994 902 5035 uum.
917 4981 944 5033 6.
956 4975 1124 5032 Admirabile
1134 4976 1197 5034 vitae
1210 4976 1347 5050 religiose
1360 4981 1501 5053 specimen
1511 4981 1620 5037 exhibet
1629 4991 1720 5036 sermo

65 5076 123 5142 233
138 5082 166 5128 et
175 5090 304 5132 sermone
319 5079 364 5147 ts,
378 5092 454 5132 num.
470 5081 497 5145 s,
513 5074 637 5148 apprime
648 5071 886 5146 reprehenduntur
896 5066 1010 5139 praelati,
1025 5067 1097 5131 curis
1111 5072 1139 5121 et
1153 5067 1233 5122 rebus
1248 5069 1445 5140 temporalibus
1457 5071 1520 5142 plus
1532 5082 1612 5139 aequo
1627 5067 1721 5124 dediti.

64 5162 185 5218 1611666
211 5165 353 5222 scribendi
379 5166 498 5223 madium
522 5167 550 5222 in
574 5163 717 5221 monachis
740 5158 946 5218 commendatur
960 5171 1087 5212 scurrone
1103 5157 1157 5212 ll:
1179 5163 1207 5212 at
1221 5157 1357 5214 scribendi
1379 5157 1554 5214 nibilominus
1569 5155 1725 5214 facultatem

66 5267 124 5307 non
139 5252 226 5310 cnivis
238 5270 301 5312 esse
315 5255 519 5312 concedendam
544 5253 727 5328 subjungitur.
743 5251 879 5308 Caeterum
901 5244 1023 5316 theologi
1045 5244 1180 5317 elogium,
1195 5246 1268 5318 quod
1289 5247 1458 5303 recentiores
1471 5245 1560 5302 eidem
1576 5246 1727 5304 Gilleberto

67 5341 205 5408 tribuunt,
220 5345 404 5417 comprobant
417 5343 491 5401 varia
505 5343 533 5400 iu
547 5343 653 5401 eisdem
675 5340 854 5400 Sermouibus
876 5335 947 5402 loca,
961 5334 988 5390 in
1012 5333 1108 5406 primis
1123 5351 1184 5407 quae
1198 5335 1233 5389 de
1250 5333 1337 5390 libem
1350 5333 1461 5391 arbitrio
1482 5335 1611 5408 leguntur
1623 5337 1652 5394 in
1665 5352 1729 5394 ser-

68 5446 153 5486 mone
169 5434 215 5500 39,
230 5440 257 5489 61
270 5452 334 5507 quse
348 5434 382 5491 de
395 5433 572 5491 sanctissimae
585 5430 762 5489 Eucharistiae
775 5433 946 5485 sacramento
964 5424 992 5479 in
1007 5438 1133 5479 sermone
1150 5424 1178 5490 ¹1,
1194 5437 1269 5479 num.
1285 5426 1311 5477 8.
1328 5423 1477 5480 Ardentem
1493 5441 1524 5481 ac
1540 5442 1636 5496 purum
1651 5426 1728 5496 eius·

184 5541 307 5598 11661.
329 5543 498 5599 ccxxxiv.
1621 5537 1634 5588 l

126 5734 169 5811 0

47 5791 136 5912 8⁰
