<?xml version="1.0" encoding="UTF-8"?>
<!DOCTYPE html PUBLIC "-//W3C//DTD XHTML 1.0 Transitional//EN"
    "http://www.w3.org/TR/xhtml1/DTD/xhtml1-transitional.dtd">
<html xmlns="http://www.w3.org/1999/xhtml" xml:lang="en" lang="en">
 <head>
  <title>
</title>
<meta http-equiv="Content-Type" content="text/html;charset=utf-8" />
  <meta name='ocr-system' content='tesseract 3.04.00' />
  <meta name='ocr-capabilities' content='ocr_page ocr_carea ocr_par ocr_line ocrx_word'/>
</head>
<body>
  <div class='ocr_page' id='page_1' title='image "./patrologiaecurs00unkngoog_0152.png"; bbox 0 0 3706 5962; ppageno 0'>
   <div class='ocr_carea' id='block_1_1' title="bbox 146 140 1803 255">
    <p class='ocr_par' dir='ltr' id='par_1_1' title="bbox 146 140 1803 255">
     <span class='ocr_line' id='line_1_1' title="bbox 146 140 1803 255; baseline 0.001 -9"><span class='ocrx_word' id='word_1_1' title='bbox 146 191 202 255; x_wconf 80' lang='lat' dir='ltr'><strong>sor.</strong></span> <span class='ocrx_word' id='word_1_2' title='bbox 257 140 261 145; x_wconf 61' lang='grc'><strong>’</strong></span> <span class='ocrx_word' id='word_1_3' title='bbox 799 181 997 248; x_wconf 81' lang='lat' dir='ltr'><strong>animaru</strong></span> <span class='ocrx_word' id='word_1_4' title='bbox 1014 176 1153 247; x_wconf 75' lang='lat' dir='ltr'><strong>sostris</strong></span> <span class='ocrx_word' id='word_1_5' title='bbox 1748 175 1803 247; x_wconf 67' lang='lat' dir='ltr'><strong>tta</strong></span> 
     </span>
    </p>
   </div>
   <div class='ocr_carea' id='block_1_2' title="bbox 113 300 1802 482">
    <p class='ocr_par' dir='ltr' id='par_1_2' title="bbox 113 300 1802 482">
     <span class='ocr_line' id='line_1_2' title="bbox 113 300 1802 387; baseline -0.011 -12"><span class='ocrx_word' id='word_1_6' title='bbox 113 377 118 385; x_wconf 79' lang='grc'>,</span> <span class='ocrx_word' id='word_1_7' title='bbox 146 324 235 374; x_wconf 85' lang='lat' dir='ltr'><strong>tecum</strong></span> <span class='ocrx_word' id='word_1_8' title='bbox 258 313 363 387; x_wconf 88' lang='lat' dir='ltr'><strong>loquer,</strong></span> <span class='ocrx_word' id='word_1_9' title='bbox 378 321 405 367; x_wconf 88' lang='lat' dir='ltr'><strong>et</strong></span> <span class='ocrx_word' id='word_1_10' title='bbox 420 327 453 368; x_wconf 91' lang='lat' dir='ltr'><strong>ex</strong></span> <span class='ocrx_word' id='word_1_11' title='bbox 468 311 558 368; x_wconf 89' lang='lat' dir='ltr'><strong>cordis</strong></span> <span class='ocrx_word' id='word_1_12' title='bbox 580 311 634 367; x_wconf 90' lang='lat' dir='ltr'><strong>mei</strong></span> <span class='ocrx_word' id='word_1_13' title='bbox 648 310 784 368; x_wconf 85' lang='lat' dir='ltr'><strong>sententia</strong></span> <span class='ocrx_word' id='word_1_14' title='bbox 799 328 806 366; x_wconf 76' lang='grc' dir='ltr'>ι</span> <span class='ocrx_word' id='word_1_15' title='bbox 826 310 943 367; x_wconf 78' lang='lat' dir='ltr'><strong>weleta-</strong></span> <span class='ocrx_word' id='word_1_16' title='bbox 1004 305 1082 379; x_wconf 86' lang='lat' dir='ltr'><strong>qussi</strong></span> <span class='ocrx_word' id='word_1_17' title='bbox 1102 302 1180 375; x_wconf 84' lang='lat' dir='ltr'><strong>pictis</strong></span> <span class='ocrx_word' id='word_1_18' title='bbox 1194 300 1299 374; x_wconf 83' lang='lat' dir='ltr'><strong>epulis,</strong></span> <span class='ocrx_word' id='word_1_19' title='bbox 1314 309 1344 356; x_wconf 90' lang='grc' dir='ltr'><strong>ιιι</strong></span> <span class='ocrx_word' id='word_1_20' title='bbox 1354 315 1494 374; x_wconf 89' lang='lat' dir='ltr'><strong>nunquam</strong></span> <span class='ocrx_word' id='word_1_21' title='bbox 1505 300 1607 357; x_wconf 90' lang='lat' dir='ltr'><strong>esuriat</strong></span> <span class='ocrx_word' id='word_1_22' title='bbox 1619 308 1648 361; x_wconf 90' lang='lat' dir='ltr'><strong>et</strong></span> <span class='ocrx_word' id='word_1_23' title='bbox 1661 316 1802 375; x_wconf 88' lang='lat' dir='ltr'><strong>nunquam</strong></span> 
     </span>
     <span class='ocr_line' id='line_1_3' title="bbox 145 388 1802 482; baseline -0.008 -22"><span class='ocrx_word' id='word_1_24' title='bbox 145 411 200 460; x_wconf 85' lang='lat' dir='ltr'><strong>tem</strong></span> <span class='ocrx_word' id='word_1_25' title='bbox 211 413 287 482; x_wconf 61' lang='lat' dir='ltr'><strong>¹inum</strong></span> <span class='ocrx_word' id='word_1_26' title='bbox 306 400 396 471; x_wconf 88' lang='lat' dir='ltr'><strong>optavi</strong></span> <span class='ocrx_word' id='word_1_27' title='bbox 411 407 440 456; x_wconf 92' lang='lat' dir='ltr'><strong>et</strong></span> <span class='ocrx_word' id='word_1_28' title='bbox 454 407 533 473; x_wconf 91' lang='lat' dir='ltr'><strong>opto;</strong></span> <span class='ocrx_word' id='word_1_29' title='bbox 545 399 595 456; x_wconf 90' lang='lat' dir='ltr'><strong>sed</strong></span> <span class='ocrx_word' id='word_1_30' title='bbox 611 398 712 469; x_wconf 92' lang='lat' dir='ltr'><strong>distuli,</strong></span> <span class='ocrx_word' id='word_1_31' title='bbox 729 407 758 455; x_wconf 92' lang='lat' dir='ltr'><strong>ut</strong></span> <span class='ocrx_word' id='word_1_32' title='bbox 774 398 945 456; x_wconf 69' lang='lat' dir='ltr'><strong>immundius</strong></span> <span class='ocrx_word' id='word_1_33' title='bbox 1002 395 1129 467; x_wconf 88' lang='lat' dir='ltr'><strong>degustet</strong></span> <span class='ocrx_word' id='word_1_34' title='bbox 1143 406 1227 464; x_wconf 92' lang='lat' dir='ltr'><strong>qnam</strong></span> <span class='ocrx_word' id='word_1_35' title='bbox 1241 390 1332 447; x_wconf 87' lang='lat' dir='ltr'><strong>suavis</strong></span> <span class='ocrx_word' id='word_1_36' title='bbox 1345 399 1388 446; x_wconf 92' lang='lat' dir='ltr'><strong>est</strong></span> <span class='ocrx_word' id='word_1_37' title='bbox 1402 388 1545 445; x_wconf 80' lang='lat' dir='ltr'>Dominus.</span> <span class='ocrx_word' id='word_1_38' title='bbox 1557 389 1629 459; x_wconf 84' lang='lat' dir='ltr'>Quid</span> <span class='ocrx_word' id='word_1_39' title='bbox 1654 391 1727 446; x_wconf 89' lang='lat' dir='ltr'><strong>enim</strong></span> <span class='ocrx_word' id='word_1_40' title='bbox 1742 390 1802 457; x_wconf 86' lang='lat' dir='ltr'><strong>,nisi</strong></span> 
     </span>
    </p>
   </div>
   <div class='ocr_carea' id='block_1_3' title="bbox 143 477 1807 5176">
    <p class='ocr_par' dir='ltr' id='par_1_3' title="bbox 143 477 1807 5176">
     <span class='ocr_line' id='line_1_4' title="bbox 147 477 1802 561; baseline -0.007 -14"><span class='ocrx_word' id='word_1_41' title='bbox 147 490 234 553; x_wconf 87' lang='lat' dir='ltr'><strong>tieret,</strong></span> <span class='ocrx_word' id='word_1_42' title='bbox 248 488 345 545; x_wconf 87' lang='lat' dir='ltr'><strong>solatio</strong></span> <span class='ocrx_word' id='word_1_43' title='bbox 366 496 392 543; x_wconf 94' lang='lat' dir='ltr'><strong>te</strong></span> <span class='ocrx_word' id='word_1_44' title='bbox 419 488 505 560; x_wconf 86' lang='lat' dir='ltr'><strong>magis</strong></span> <span class='ocrx_word' id='word_1_45' title='bbox 524 504 604 561; x_wconf 89' lang='lat' dir='ltr'><strong>quam</strong></span> <span class='ocrx_word' id='word_1_46' title='bbox 632 487 710 545; x_wconf 89' lang='lat' dir='ltr'><strong>oneri</strong></span> <span class='ocrx_word' id='word_1_47' title='bbox 738 487 804 542; x_wconf 85' lang='lat' dir='ltr'><strong>milri</strong></span> <span class='ocrx_word' id='word_1_48' title='bbox 827 488 944 544; x_wconf 84' lang='lat' dir='ltr'><strong>laturum</strong></span> <span class='ocrx_word' id='word_1_49' title='bbox 1001 481 1093 539; x_wconf 88' lang='lat' dir='ltr'><strong>suavis</strong></span> <span class='ocrx_word' id='word_1_50' title='bbox 1107 478 1259 537; x_wconf 75' lang='lat' dir='ltr'><strong>Dominus?</strong></span> <span class='ocrx_word' id='word_1_51' title='bbox 1273 478 1363 551; x_wconf 80' lang='lat' dir='ltr'><strong>[Fert.</strong></span> <span class='ocrx_word' id='word_1_52' title='bbox 1378 477 1449 546; x_wconf 85' lang='lat' dir='ltr'><strong>Quid</strong></span> <span class='ocrx_word' id='word_1_53' title='bbox 1473 478 1547 534; x_wconf 91' lang='lat' dir='ltr'><strong>enirn</strong></span> <span class='ocrx_word' id='word_1_54' title='bbox 1570 494 1653 536; x_wconf 88' lang='lat' dir='ltr'><strong>suave</strong></span> <span class='ocrx_word' id='word_1_55' title='bbox 1677 479 1729 534; x_wconf 89' lang='lat' dir='ltr'><strong>nisi</strong></span> <span class='ocrx_word' id='word_1_56' title='bbox 1748 480 1802 536; x_wconf 88' lang='lat' dir='ltr'><strong>Do-</strong></span> 
     </span>
     <span class='ocr_line' id='line_1_5' title="bbox 146 565 1802 652; baseline -0.001 -18"><span class='ocrx_word' id='word_1_57' title='bbox 146 592 326 652; x_wconf 80' lang='lat' dir='ltr'><strong>praesumcns,</strong></span> <span class='ocrx_word' id='word_1_58' title='bbox 349 584 460 648; x_wconf 88' lang='lat' dir='ltr'><strong>propter</strong></span> <span class='ocrx_word' id='word_1_59' title='bbox 484 592 588 632; x_wconf 91' lang='lat' dir='ltr'><strong>morum</strong></span> <span class='ocrx_word' id='word_1_60' title='bbox 611 576 723 633; x_wconf 77' lang='lat' dir='ltr'><strong>forsitan</strong></span> <span class='ocrx_word' id='word_1_61' title='bbox 739 575 945 648; x_wconf 88' lang='lat' dir='ltr'><strong>studiorumque</strong></span> <span class='ocrx_word' id='word_1_62' title='bbox 1000 568 1124 642; x_wconf 76' lang='lat' dir='ltr'><strong>munst]</strong></span> <span class='ocrx_word' id='word_1_63' title='bbox 1138 567 1263 625; x_wconf 83' lang='lat' dir='ltr'><strong>Delectat</strong></span> <span class='ocrx_word' id='word_1_64' title='bbox 1277 574 1304 623; x_wconf 86' lang='lat' dir='ltr'><strong>le</strong></span> <span class='ocrx_word' id='word_1_65' title='bbox 1327 569 1517 633; x_wconf 60' lang='lat' dir='ltr'><strong>vehemesslelt</strong></span> <span class='ocrx_word' id='word_1_66' title='bbox 1532 565 1653 622; x_wconf 67' lang='lat' dir='ltr'><strong>animum</strong></span> <span class='ocrx_word' id='word_1_67' title='bbox 1667 583 1802 624; x_wconf 69' lang='lat' dir='ltr'><strong>amorem·</strong></span> 
     </span>
     <span class='ocr_line' id='line_1_6' title="bbox 146 654 1804 735; baseline -0.007 -13"><span class='ocrx_word' id='word_1_68' title='bbox 146 664 360 722; x_wconf 90' lang='lat' dir='ltr'><strong>similitudinem.</strong></span> <span class='ocrx_word' id='word_1_69' title='bbox 386 665 493 719; x_wconf 88' lang='lat' dir='ltr'><strong>Utinam</strong></span> <span class='ocrx_word' id='word_1_70' title='bbox 509 672 639 720; x_wconf 78' lang='lat' dir='ltr'><strong>eternum</strong></span> <span class='ocrx_word' id='word_1_71' title='bbox 660 674 685 720; x_wconf 86' lang='lat' dir='ltr'><strong>te</strong></span> <span class='ocrx_word' id='word_1_72' title='bbox 701 665 796 735; x_wconf 85' lang='lat' dir='ltr'><strong>magis,</strong></span> <span class='ocrx_word' id='word_1_73' title='bbox 817 681 897 735; x_wconf 88' lang='lat' dir='ltr'><strong>qnam</strong></span> <span class='ocrx_word' id='word_1_74' title='bbox 911 665 945 719; x_wconf 89' lang='lat' dir='ltr'><strong>ad</strong></span> <span class='ocrx_word' id='word_1_75' title='bbox 1001 675 1054 730; x_wconf 92' lang='lat' dir='ltr'><strong>que</strong></span> <span class='ocrx_word' id='word_1_76' title='bbox 1077 656 1190 728; x_wconf 85' lang='lat' dir='ltr'><strong>arripuit</strong></span> <span class='ocrx_word' id='word_1_77' title='bbox 1212 656 1378 727; x_wconf 77' lang='lat' dir='ltr'><strong>attraxitque</strong></span> <span class='ocrx_word' id='word_1_78' title='bbox 1400 655 1433 711; x_wconf 89' lang='lat' dir='ltr'><strong>ad</strong></span> <span class='ocrx_word' id='word_1_79' title='bbox 1452 672 1482 711; x_wconf 89' lang='lat' dir='ltr'><strong>se</strong></span> <span class='ocrx_word' id='word_1_80' title='bbox 1498 664 1573 711; x_wconf 92' lang='lat' dir='ltr'><strong>tunm</strong></span> <span class='ocrx_word' id='word_1_81' title='bbox 1589 654 1689 728; x_wconf 83' lang='lat' dir='ltr'><strong>exigna</strong></span> <span class='ocrx_word' id='word_1_82' title='bbox 1703 657 1763 712; x_wconf 86' lang='lat' dir='ltr'><strong>baec</strong></span> <span class='ocrx_word' id='word_1_83' title='bbox 1777 667 1804 712; x_wconf 87' lang='lat' dir='ltr'><strong>et</strong></span> 
     </span>
     <span class='ocr_line' id='line_1_7' title="bbox 147 743 1802 824; baseline -0.007 -15"><span class='ocrx_word' id='word_1_84' title='bbox 147 762 254 824; x_wconf 90' lang='lat' dir='ltr'><strong>tempus</strong></span> <span class='ocrx_word' id='word_1_85' title='bbox 268 751 405 822; x_wconf 82' lang='lat' dir='ltr'><strong>recipiam,</strong></span> <span class='ocrx_word' id='word_1_86' title='bbox 426 752 461 806; x_wconf 90' lang='lat' dir='ltr'><strong>ad</strong></span> <span class='ocrx_word' id='word_1_87' title='bbox 485 752 659 816; x_wconf 88' lang='lat' dir='ltr'><strong>manendum,</strong></span> <span class='ocrx_word' id='word_1_88' title='bbox 685 767 738 807; x_wconf 95' lang='lat' dir='ltr'><strong>non</strong></span> <span class='ocrx_word' id='word_1_89' title='bbox 763 752 795 807; x_wconf 93' lang='lat' dir='ltr'><strong>ad</strong></span> <span class='ocrx_word' id='word_1_90' title='bbox 818 767 946 807; x_wconf 91' lang='lat' dir='ltr'><strong>remean-</strong></span> <span class='ocrx_word' id='word_1_91' title='bbox 1001 746 1128 819; x_wconf 87' lang='lat' dir='ltr'><strong>ambigna</strong></span> <span class='ocrx_word' id='word_1_92' title='bbox 1152 753 1311 803; x_wconf 89' lang='lat' dir='ltr'><strong>naturarum</strong></span> <span class='ocrx_word' id='word_1_93' title='bbox 1335 745 1525 817; x_wconf 83' lang='lat' dir='ltr'><strong>rationumque</strong></span> <span class='ocrx_word' id='word_1_94' title='bbox 1550 743 1654 810; x_wconf 87' lang='lat' dir='ltr'><strong>notitia,</strong></span> <span class='ocrx_word' id='word_1_95' title='bbox 1672 745 1802 817; x_wconf 88' lang='lat' dir='ltr'><strong>adquam</strong></span> 
     </span>
     <span class='ocr_line' id='line_1_8' title="bbox 147 830 1802 915; baseline -0.006 -18"><span class='ocrx_word' id='word_1_96' title='bbox 147 841 223 897; x_wconf 90' lang='lat' dir='ltr'><strong>dum.</strong></span> <span class='ocrx_word' id='word_1_97' title='bbox 240 839 316 896; x_wconf 84' lang='lat' dir='ltr'><strong>Vale.</strong></span> <span class='ocrx_word' id='word_1_98' title='bbox 860 878 863 883; x_wconf 84' lang='lat'><strong>.</strong></span> <span class='ocrx_word' id='word_1_99' title='bbox 992 832 1044 891; x_wconf 76' lang='lat' dir='ltr'><strong>vix</strong></span> <span class='ocrx_word' id='word_1_100' title='bbox 1060 833 1142 908; x_wconf 89' lang='lat' dir='ltr'><strong>longo</strong></span> <span class='ocrx_word' id='word_1_101' title='bbox 1157 831 1271 915; x_wconf 65' lang='lat' dir='ltr'><strong>circuita</strong></span> <span class='ocrx_word' id='word_1_102' title='bbox 1283 830 1621 897; x_wconf 68' lang='lat' dir='ltr'><strong>eumosbamractions</strong></span> <span class='ocrx_word' id='word_1_103' title='bbox 1633 834 1802 905; x_wconf 87' lang='lat' dir='ltr'><strong>pervenitur.</strong></span> 
     </span>
     <span class='ocr_line' id='line_1_9' title="bbox 440 919 1805 995; baseline -0.005 -13"><span class='ocrx_word' id='word_1_104' title='bbox 440 926 610 986; x_wconf 75' lang='lat' dir='ltr'><strong>aristoni</strong></span> <span class='ocrx_word' id='word_1_105' title='bbox 630 927 662 985; x_wconf 90' lang='lat' dir='ltr'><strong>ii.</strong></span> <span class='ocrx_word' id='word_1_106' title='bbox 1001 920 1072 992; x_wconf 85' lang='lat' dir='ltr'><strong>Quid</strong></span> <span class='ocrx_word' id='word_1_107' title='bbox 1086 938 1155 995; x_wconf 90' lang='lat' dir='ltr'><strong>ergo</strong></span> <span class='ocrx_word' id='word_1_108' title='bbox 1170 919 1238 993; x_wconf 87' lang='lat' dir='ltr'><strong>ipsa,</strong></span> <span class='ocrx_word' id='word_1_109' title='bbox 1254 937 1271 976; x_wconf 89' lang='lat' dir='ltr'><strong>a</strong></span> <span class='ocrx_word' id='word_1_110' title='bbox 1285 937 1339 994; x_wconf 89' lang='lat' dir='ltr'><strong>qua</strong></span> <span class='ocrx_word' id='word_1_111' title='bbox 1353 921 1444 978; x_wconf 90' lang='lat' dir='ltr'><strong>omnia</strong></span> <span class='ocrx_word' id='word_1_112' title='bbox 1459 921 1517 976; x_wconf 86' lang='lat' dir='ltr'><strong>baec</strong></span> <span class='ocrx_word' id='word_1_113' title='bbox 1532 930 1559 976; x_wconf 89' lang='lat' dir='ltr'><strong>et</strong></span> <span class='ocrx_word' id='word_1_114' title='bbox 1577 920 1755 977; x_wconf 91' lang='lat' dir='ltr'><strong>instituuntur</strong></span> <span class='ocrx_word' id='word_1_115' title='bbox 1775 929 1805 976; x_wconf 92' lang='lat' dir='ltr'><strong>ut</strong></span> 
     </span>
     <span class='ocr_line' id='line_1_10' title="bbox 378 1008 1803 1098; baseline -0.001 -32"><span class='ocrx_word' id='word_1_116' title='bbox 378 1051 415 1090; x_wconf 51' lang='lat' dir='ltr'><strong>A„</strong></span> <span class='ocrx_word' id='word_1_117' title='bbox 432 1050 569 1098; x_wconf 57' lang='lat' dir='ltr'><strong>Quum</strong></span> <span class='ocrx_word' id='word_1_118' title='bbox 587 1049 705 1091; x_wconf 59' lang='lat' dir='ltr'><strong>mu„</strong></span> <span class='ocrx_word' id='word_1_119' title='bbox 1001 1008 1065 1077; x_wconf 88' lang='lat' dir='ltr'><strong>sint,</strong></span> <span class='ocrx_word' id='word_1_120' title='bbox 1082 1017 1109 1067; x_wconf 93' lang='lat' dir='ltr'><strong>et</strong></span> <span class='ocrx_word' id='word_1_121' title='bbox 1122 1011 1290 1067; x_wconf 89' lang='lat' dir='ltr'><strong>illustrantur</strong></span> <span class='ocrx_word' id='word_1_122' title='bbox 1304 1017 1334 1067; x_wconf 94' lang='lat' dir='ltr'><strong>ut</strong></span> <span class='ocrx_word' id='word_1_123' title='bbox 1347 1019 1412 1066; x_wconf 90' lang='lat' dir='ltr'><strong>nota</strong></span> <span class='ocrx_word' id='word_1_124' title='bbox 1427 1009 1491 1076; x_wconf 91' lang='lat' dir='ltr'><strong>sint,</strong></span> <span class='ocrx_word' id='word_1_125' title='bbox 1503 1009 1624 1064; x_wconf 78' lang='lat' dir='ltr'><strong>creatrix</strong></span> <span class='ocrx_word' id='word_1_126' title='bbox 1639 1009 1803 1083; x_wconf 74' lang='lat' dir='ltr'><strong>Sapientia?</strong></span> 
     </span>
     <span class='ocr_line' id='line_1_11' title="bbox 149 1076 1802 1196; baseline -0.002 -41"><span class='ocrx_word' id='word_1_127' title='bbox 149 1127 286 1185; x_wconf 52' lang='lat' dir='ltr'><strong>portatur</strong></span> <span class='ocrx_word' id='word_1_128' title='bbox 301 1127 450 1189; x_wconf 52' lang='lat' dir='ltr'><strong><em>Mamm,</em></strong></span> <span class='ocrx_word' id='word_1_129' title='bbox 464 1129 498 1180; x_wconf 59' lang='lat' dir='ltr'><strong>ut</strong></span> <span class='ocrx_word' id='word_1_130' title='bbox 508 1121 663 1196; x_wconf 56' lang='lat' dir='ltr'><strong><em>anquando</em></strong></span> <span class='ocrx_word' id='word_1_131' title='bbox 677 1076 785 1182; x_wconf 60' lang='lat' dir='ltr'><em>m&#39;mor</em></span> <span class='ocrx_word' id='word_1_132' title='bbox 797 1120 947 1196; x_wconf 50' lang='lat' dir='ltr'><strong>proposui,</strong></span> <span class='ocrx_word' id='word_1_133' title='bbox 1000 1112 1094 1155; x_wconf 84' lang='lat' dir='ltr'><strong>nonne</strong></span> <span class='ocrx_word' id='word_1_134' title='bbox 1108 1099 1192 1157; x_wconf 87' lang='lat' dir='ltr'><strong>multo</strong></span> <span class='ocrx_word' id='word_1_135' title='bbox 1207 1097 1379 1155; x_wconf 87' lang='lat' dir='ltr'><strong>ambitiosius</strong></span> <span class='ocrx_word' id='word_1_136' title='bbox 1393 1099 1455 1169; x_wconf 85' lang='lat' dir='ltr'><strong>ejus</strong></span> <span class='ocrx_word' id='word_1_137' title='bbox 1474 1113 1504 1154; x_wconf 92' lang='lat' dir='ltr'><strong>se</strong></span> <span class='ocrx_word' id='word_1_138' title='bbox 1528 1097 1578 1153; x_wconf 92' lang='lat' dir='ltr'><strong>tibi</strong></span> <span class='ocrx_word' id='word_1_139' title='bbox 1597 1097 1802 1156; x_wconf 90' lang='lat' dir='ltr'><strong>commendabit</strong></span> 
     </span>
     <span class='ocr_line' id='line_1_12' title="bbox 299 1187 1803 1267; baseline -0.007 -14"><span class='ocrx_word' id='word_1_140' title='bbox 299 1195 464 1267; x_wconf 81' lang='lat' dir='ltr'><strong>religiosum</strong></span> <span class='ocrx_word' id='word_1_141' title='bbox 480 1200 587 1251; x_wconf 82' lang='lat' dir='ltr'><strong>statum</strong></span> <span class='ocrx_word' id='word_1_142' title='bbox 602 1195 804 1267; x_wconf 85' lang='lat' dir='ltr'><strong>amplectatur.</strong></span> <span class='ocrx_word' id='word_1_143' title='bbox 1000 1188 1155 1260; x_wconf 89' lang='lat' dir='ltr'><strong>perceptio;</strong></span> <span class='ocrx_word' id='word_1_144' title='bbox 1175 1187 1388 1258; x_wconf 79' lang='lat' dir='ltr'><strong>suavitatemque</strong></span> <span class='ocrx_word' id='word_1_145' title='bbox 1413 1203 1490 1242; x_wconf 89' lang='lat' dir='ltr'><strong>snam</strong></span> <span class='ocrx_word' id='word_1_146' title='bbox 1518 1187 1645 1244; x_wconf 89' lang='lat' dir='ltr'><strong>blandius</strong></span> <span class='ocrx_word' id='word_1_147' title='bbox 1667 1188 1803 1245; x_wconf 83' lang='lat' dir='ltr'><strong>serenatis</strong></span> 
     </span>
     <span class='ocr_line' id='line_1_13' title="bbox 185 1275 1800 1356; baseline -0.007 -13"><span class='ocrx_word' id='word_1_148' title='bbox 185 1293 210 1342; x_wconf 86' lang='lat' dir='ltr'><strong>t.</strong></span> <span class='ocrx_word' id='word_1_149' title='bbox 225 1286 362 1356; x_wconf 87' lang='lat' dir='ltr'><strong>Quantum</strong></span> <span class='ocrx_word' id='word_1_150' title='bbox 383 1291 411 1340; x_wconf 89' lang='lat' dir='ltr'><strong>te</strong></span> <span class='ocrx_word' id='word_1_151' title='bbox 424 1283 533 1356; x_wconf 89' lang='lat' dir='ltr'><strong>cupiam</strong></span> <span class='ocrx_word' id='word_1_152' title='bbox 546 1282 575 1339; x_wconf 91' lang='lat' dir='ltr'><strong>in</strong></span> <span class='ocrx_word' id='word_1_153' title='bbox 590 1282 739 1339; x_wconf 88' lang='lat' dir='ltr'><strong>visceribus</strong></span> <span class='ocrx_word' id='word_1_154' title='bbox 753 1283 853 1339; x_wconf 84' lang='lat' dir='ltr'><strong>Christi</strong></span> <span class='ocrx_word' id='word_1_155' title='bbox 867 1285 943 1349; x_wconf 80' lang='lat' dir='ltr'><strong>iesu,</strong></span> <span class='ocrx_word' id='word_1_156' title='bbox 1000 1275 1127 1333; x_wconf 83' lang='lat' dir='ltr'><strong>infundet</strong></span> <span class='ocrx_word' id='word_1_157' title='bbox 1137 1277 1274 1347; x_wconf 85' lang='lat' dir='ltr'><strong>sensibus,</strong></span> <span class='ocrx_word' id='word_1_158' title='bbox 1292 1276 1429 1333; x_wconf 85' lang='lat' dir='ltr'><strong>inusitatis</strong></span> <span class='ocrx_word' id='word_1_159' title='bbox 1451 1275 1595 1333; x_wconf 78' lang='lat' dir='ltr'><strong>aflectibus</strong></span> <span class='ocrx_word' id='word_1_160' title='bbox 1609 1277 1800 1350; x_wconf 80' lang='lat' dir='ltr'><strong>inexplebilem</strong></span> 
     </span>
     <span class='ocr_line' id='line_1_14' title="bbox 148 1364 1803 1444; baseline -0.006 -13"><span class='ocrx_word' id='word_1_161' title='bbox 148 1375 185 1431; x_wconf 88' lang='lat' dir='ltr'><strong>mi</strong></span> <span class='ocrx_word' id='word_1_162' title='bbox 208 1376 306 1441; x_wconf 79' lang='lat' dir='ltr'><strong>Adam,</strong></span> <span class='ocrx_word' id='word_1_163' title='bbox 336 1373 439 1429; x_wconf 89' lang='lat' dir='ltr'><strong>utinam</strong></span> <span class='ocrx_word' id='word_1_164' title='bbox 467 1371 525 1444; x_wconf 87' lang='lat' dir='ltr'><strong>ipse</strong></span> <span class='ocrx_word' id='word_1_165' title='bbox 554 1387 659 1438; x_wconf 88' lang='lat' dir='ltr'><strong>nosses,</strong></span> <span class='ocrx_word' id='word_1_166' title='bbox 687 1371 761 1444; x_wconf 90' lang='lat' dir='ltr'><strong>quod</strong></span> <span class='ocrx_word' id='word_1_167' title='bbox 789 1379 883 1428; x_wconf 87' lang='lat' dir='ltr'><strong>noster</strong></span> <span class='ocrx_word' id='word_1_168' title='bbox 902 1372 948 1427; x_wconf 92' lang='lat' dir='ltr'><strong>tibi</strong></span> <span class='ocrx_word' id='word_1_169' title='bbox 1000 1364 1029 1421; x_wconf 84' lang='lat' dir='ltr'><strong>in</strong></span> <span class='ocrx_word' id='word_1_170' title='bbox 1046 1382 1076 1422; x_wconf 85' lang='lat' dir='ltr'><strong>se</strong></span> <span class='ocrx_word' id='word_1_171' title='bbox 1095 1373 1278 1438; x_wconf 86' lang='lat' dir='ltr'><strong>provocatura</strong></span> <span class='ocrx_word' id='word_1_172' title='bbox 1296 1365 1568 1439; x_wconf 84' lang='lat' dir='ltr'><strong>concupiscentiamt</strong></span> <span class='ocrx_word' id='word_1_173' title='bbox 1591 1365 1730 1439; x_wconf 88' lang='lat' dir='ltr'><strong>Siquidem</strong></span> <span class='ocrx_word' id='word_1_174' title='bbox 1754 1369 1803 1440; x_wconf 86' lang='lat' dir='ltr'><strong>qui</strong></span> 
     </span>
     <span class='ocr_line' id='line_1_15' title="bbox 147 1452 1801 1533; baseline -0.006 -13"><span class='ocrx_word' id='word_1_175' title='bbox 147 1478 240 1527; x_wconf 76' lang='lat' dir='ltr'><strong>sermo</strong></span> <span class='ocrx_word' id='word_1_176' title='bbox 253 1462 389 1533; x_wconf 82' lang='lat' dir='ltr'><strong>explicare</strong></span> <span class='ocrx_word' id='word_1_177' title='bbox 408 1476 464 1516; x_wconf 91' lang='lat' dir='ltr'><strong>non</strong></span> <span class='ocrx_word' id='word_1_178' title='bbox 478 1458 588 1517; x_wconf 79' lang='lat' dir='ltr'><strong>suffieit.</strong></span> <span class='ocrx_word' id='word_1_179' title='bbox 603 1460 770 1531; x_wconf 84' lang='lat' dir='ltr'><strong>iampridem</strong></span> <span class='ocrx_word' id='word_1_180' title='bbox 789 1459 815 1515; x_wconf 94' lang='lat' dir='ltr'><strong>id</strong></span> <span class='ocrx_word' id='word_1_181' title='bbox 832 1468 944 1531; x_wconf 82' lang='lat' dir='ltr'><strong>optave-</strong></span> <span class='ocrx_word' id='word_1_182' title='bbox 1000 1452 1092 1513; x_wconf 75' lang='lat' dir='ltr'><strong>edunt</strong></span> <span class='ocrx_word' id='word_1_183' title='bbox 1106 1471 1160 1522; x_wconf 83' lang='lat' dir='ltr'><strong>me,</strong></span> <span class='ocrx_word' id='word_1_184' title='bbox 1180 1453 1277 1527; x_wconf 90' lang='lat' dir='ltr'><strong>inquit,</strong></span> <span class='ocrx_word' id='word_1_185' title='bbox 1295 1454 1386 1511; x_wconf 81' lang='lat' dir='ltr'><strong>adbuc</strong></span> <span class='ocrx_word' id='word_1_186' title='bbox 1405 1455 1551 1513; x_wconf 81' lang='lat' dir='ltr'><strong>esurient:</strong></span> <span class='ocrx_word' id='word_1_187' title='bbox 1576 1453 1700 1526; x_wconf 79' lang='lat' dir='ltr'><strong>spiritus</strong></span> <span class='ocrx_word' id='word_1_188' title='bbox 1724 1456 1801 1510; x_wconf 82' lang='lat' dir='ltr'><strong>cuim</strong></span> 
     </span>
     <span class='ocr_line' id='line_1_16' title="bbox 148 1540 1676 1621; baseline -0.007 -14"><span class='ocrx_word' id='word_1_189' title='bbox 148 1566 217 1619; x_wconf 86' lang='lat' dir='ltr'><strong>ram,</strong></span> <span class='ocrx_word' id='word_1_190' title='bbox 247 1550 297 1607; x_wconf 88' lang='lat' dir='ltr'><strong>sed</strong></span> <span class='ocrx_word' id='word_1_191' title='bbox 320 1548 492 1620; x_wconf 90' lang='lat' dir='ltr'><strong>temperabat</strong></span> <span class='ocrx_word' id='word_1_192' title='bbox 518 1558 610 1606; x_wconf 86' lang='lat' dir='ltr'><strong>votum</strong></span> <span class='ocrx_word' id='word_1_193' title='bbox 633 1548 789 1619; x_wconf 85' lang='lat' dir='ltr'><strong>desperatio</strong></span> <span class='ocrx_word' id='word_1_194' title='bbox 811 1548 946 1621; x_wconf 74' lang='lat' dir='ltr'><strong>quedam.</strong></span> <span class='ocrx_word' id='word_1_195' title='bbox 1000 1556 1081 1599; x_wconf 70' lang='lat' dir='ltr'><strong>omes</strong></span> <span class='ocrx_word' id='word_1_196' title='bbox 1093 1558 1177 1615; x_wconf 84' lang='lat' dir='ltr'><strong>super</strong></span> <span class='ocrx_word' id='word_1_197' title='bbox 1191 1541 1248 1600; x_wconf 84' lang='lat' dir='ltr'><strong>met</strong></span> <span class='ocrx_word' id='word_1_198' title='bbox 1260 1540 1355 1599; x_wconf 82' lang='lat' dir='ltr'><strong>dulcis</strong></span> <span class='ocrx_word' id='word_1_199' title='bbox 1369 1540 1456 1599; x_wconf 76' lang='lat' dir='ltr'><strong>Secti.</strong></span> <span class='ocrx_word' id='word_1_200' title='bbox 1472 1554 1551 1609; x_wconf 84' lang='lat' dir='ltr'><strong>xxxv,</strong></span> <span class='ocrx_word' id='word_1_201' title='bbox 1563 1543 1608 1608; x_wconf 79' lang='lat'><strong>29,</strong></span> <span class='ocrx_word' id='word_1_202' title='bbox 1621 1542 1676 1613; x_wconf 79' lang='lat' dir='ltr'><strong>at).</strong></span> 
     </span>
     <span class='ocr_line' id='line_1_17' title="bbox 146 1629 1802 1706; baseline -0.001 -9"><span class='ocrx_word' id='word_1_203' title='bbox 146 1640 226 1697; x_wconf 83' lang='lat' dir='ltr'><strong>Nunc</strong></span> <span class='ocrx_word' id='word_1_204' title='bbox 239 1646 330 1699; x_wconf 77' lang='lat' dir='ltr'><strong>auum</strong></span> <span class='ocrx_word' id='word_1_205' title='bbox 344 1637 424 1697; x_wconf 78' lang='lat' dir='ltr'><strong>subm</strong></span> <span class='ocrx_word' id='word_1_206' title='bbox 437 1637 550 1695; x_wconf 77' lang='lat' dir='ltr'><strong>noeane</strong></span> <span class='ocrx_word' id='word_1_207' title='bbox 563 1637 694 1706; x_wconf 79' lang='lat' dir='ltr'><strong>exerevit,</strong></span> <span class='ocrx_word' id='word_1_208' title='bbox 708 1636 882 1694; x_wconf 74' lang='lat' dir='ltr'><strong>ermecinis</strong></span> <span class='ocrx_word' id='word_1_209' title='bbox 894 1637 947 1694; x_wconf 86' lang='lat' dir='ltr'><strong>de·</strong></span> <span class='ocrx_word' id='word_1_210' title='bbox 1037 1629 1319 1702; x_wconf 65' lang='lat' dir='ltr'><strong>summaquense]</strong></span> <span class='ocrx_word' id='word_1_211' title='bbox 1343 1630 1438 1696; x_wconf 77' lang='lat' dir='ltr'><strong>babes,</strong></span> <span class='ocrx_word' id='word_1_212' title='bbox 1461 1629 1559 1700; x_wconf 76' lang='lat' dir='ltr'><strong>armoe,</strong></span> <span class='ocrx_word' id='word_1_213' title='bbox 1577 1630 1613 1685; x_wconf 78' lang='lat' dir='ltr'><strong>su</strong></span> <span class='ocrx_word' id='word_1_214' title='bbox 1636 1630 1690 1687; x_wconf 84' lang='lat' dir='ltr'><strong>boe</strong></span> <span class='ocrx_word' id='word_1_215' title='bbox 1712 1631 1802 1703; x_wconf 83' lang='lat' dir='ltr'><strong>ipsum</strong></span> 
     </span>
     <span class='ocr_line' id='line_1_18' title="bbox 147 1718 1801 1804; baseline -0.004 -21"><span class='ocrx_word' id='word_1_216' title='bbox 147 1726 286 1793; x_wconf 85' lang='lat' dir='ltr'><strong>siderium,</strong></span> <span class='ocrx_word' id='word_1_217' title='bbox 306 1725 463 1797; x_wconf 81' lang='lat' dir='ltr'><strong>exarsitque</strong></span> <span class='ocrx_word' id='word_1_218' title='bbox 477 1724 505 1780; x_wconf 92' lang='lat' dir='ltr'><strong>in</strong></span> <span class='ocrx_word' id='word_1_219' title='bbox 529 1724 776 1796; x_wconf 87' lang='lat' dir='ltr'><strong>concupiscentiam</strong></span> <span class='ocrx_word' id='word_1_220' title='bbox 789 1725 947 1782; x_wconf 89' lang='lat' dir='ltr'><strong>conversio-</strong></span> <span class='ocrx_word' id='word_1_221' title='bbox 963 1726 986 1804; x_wconf 64' lang='lat' dir='ltr'>fl</span> <span class='ocrx_word' id='word_1_222' title='bbox 1001 1719 1056 1777; x_wconf 90' lang='lat' dir='ltr'><strong>mel</strong></span> <span class='ocrx_word' id='word_1_223' title='bbox 1070 1720 1241 1792; x_wconf 86' lang='lat' dir='ltr'><strong>receptacula</strong></span> <span class='ocrx_word' id='word_1_224' title='bbox 1254 1737 1261 1789; x_wconf 82' lang='lat'><em>3</em></span> <span class='ocrx_word' id='word_1_225' title='bbox 1272 1735 1335 1777; x_wconf 87' lang='lat' dir='ltr'><strong>scre</strong></span> <span class='ocrx_word' id='word_1_226' title='bbox 1349 1718 1450 1777; x_wconf 81' lang='lat' dir='ltr'><strong>dieder</strong></span> <span class='ocrx_word' id='word_1_227' title='bbox 1463 1721 1642 1778; x_wconf 84' lang='lat' dir='ltr'><strong>exercitatum</strong></span> <span class='ocrx_word' id='word_1_228' title='bbox 1651 1722 1801 1793; x_wconf 77' lang='lat' dir='ltr'><strong>ingenium,</strong></span> 
     </span>
     <span class='ocr_line' id='line_1_19' title="bbox 147 1807 1804 1884; baseline -0.002 -13"><span class='ocrx_word' id='word_1_229' title='bbox 147 1815 190 1876; x_wconf 76' lang='lat' dir='ltr'><strong>sis</strong></span> <span class='ocrx_word' id='word_1_230' title='bbox 204 1823 266 1880; x_wconf 82' lang='lat' dir='ltr'><strong>tuae,</strong></span> <span class='ocrx_word' id='word_1_231' title='bbox 281 1821 414 1884; x_wconf 84' lang='lat' dir='ltr'><strong>concepta</strong></span> <span class='ocrx_word' id='word_1_232' title='bbox 426 1813 482 1883; x_wconf 83' lang='lat' dir='ltr'><strong>jam</strong></span> <span class='ocrx_word' id='word_1_233' title='bbox 497 1812 618 1884; x_wconf 86' lang='lat' dir='ltr'><strong>spe,ssd</strong></span> <span class='ocrx_word' id='word_1_234' title='bbox 632 1811 698 1868; x_wconf 86' lang='lat' dir='ltr'><strong>satis</strong></span> <span class='ocrx_word' id='word_1_235' title='bbox 711 1812 841 1882; x_wconf 88' lang='lat' dir='ltr'><strong>tenni,de</strong></span> <span class='ocrx_word' id='word_1_236' title='bbox 855 1813 947 1870; x_wconf 83' lang='lat' dir='ltr'><strong>verbis</strong></span> <span class='ocrx_word' id='word_1_237' title='bbox 1000 1809 1145 1867; x_wconf 84' lang='lat' dir='ltr'><strong>multarum</strong></span> <span class='ocrx_word' id='word_1_238' title='bbox 1170 1807 1362 1882; x_wconf 80' lang='lat' dir='ltr'><strong>subtiliumque</strong></span> <span class='ocrx_word' id='word_1_239' title='bbox 1384 1824 1477 1866; x_wconf 88' lang='lat' dir='ltr'><strong>rerum</strong></span> <span class='ocrx_word' id='word_1_240' title='bbox 1495 1809 1649 1867; x_wconf 83' lang='lat' dir='ltr'><strong>scientiam.</strong></span> <span class='ocrx_word' id='word_1_241' title='bbox 1673 1811 1729 1868; x_wconf 86' lang='lat' dir='ltr'><strong>Sed</strong></span> <span class='ocrx_word' id='word_1_242' title='bbox 1749 1826 1804 1884; x_wconf 88' lang='lat' dir='ltr'><strong>ego</strong></span> 
     </span>
     <span class='ocr_line' id='line_1_20' title="bbox 148 1895 1805 1973; baseline -0.004 -14"><span class='ocrx_word' id='word_1_243' title='bbox 148 1902 201 1960; x_wconf 91' lang='lat' dir='ltr'><strong>tuis</strong></span> <span class='ocrx_word' id='word_1_244' title='bbox 215 1918 223 1958; x_wconf 92' lang='lat'>:</span> <span class='ocrx_word' id='word_1_245' title='bbox 238 1902 342 1960; x_wconf 90' lang='lat' dir='ltr'><strong>veritus</strong></span> <span class='ocrx_word' id='word_1_246' title='bbox 356 1899 442 1973; x_wconf 80' lang='lat' dir='ltr'><strong>(quod</strong></span> <span class='ocrx_word' id='word_1_247' title='bbox 457 1917 524 1972; x_wconf 88' lang='lat' dir='ltr'><strong>paee</strong></span> <span class='ocrx_word' id='word_1_248' title='bbox 548 1907 592 1956; x_wconf 90' lang='lat' dir='ltr'><strong>tua</strong></span> <span class='ocrx_word' id='word_1_249' title='bbox 606 1900 733 1971; x_wconf 81' lang='lat' dir='ltr'><strong>dixerim)</strong></span> <span class='ocrx_word' id='word_1_250' title='bbox 749 1917 784 1957; x_wconf 90' lang='lat' dir='ltr'><strong>ne</strong></span> <span class='ocrx_word' id='word_1_251' title='bbox 798 1901 883 1958; x_wconf 87' lang='lat' dir='ltr'><strong>verba</strong></span> <span class='ocrx_word' id='word_1_252' title='bbox 900 1901 948 1959; x_wconf 90' lang='lat' dir='ltr'><strong>illa</strong></span> <span class='ocrx_word' id='word_1_253' title='bbox 1000 1895 1149 1968; x_wconf 82' lang='lat' dir='ltr'><strong>busequasi</strong></span> <span class='ocrx_word' id='word_1_254' title='bbox 1175 1910 1290 1968; x_wconf 84' lang='lat' dir='ltr'><strong>capaces</strong></span> <span class='ocrx_word' id='word_1_255' title='bbox 1312 1895 1437 1965; x_wconf 79' lang='lat' dir='ltr'><strong>favorum</strong></span> <span class='ocrx_word' id='word_1_256' title='bbox 1459 1896 1543 1953; x_wconf 84' lang='lat' dir='ltr'><strong>callus</strong></span> <span class='ocrx_word' id='word_1_257' title='bbox 1565 1898 1759 1972; x_wconf 86' lang='lat' dir='ltr'><strong>reputaverim,</strong></span> <span class='ocrx_word' id='word_1_258' title='bbox 1775 1905 1805 1953; x_wconf 89' lang='lat' dir='ltr'><strong>et</strong></span> 
     </span>
     <span class='ocr_line' id='line_1_21' title="bbox 147 1984 1804 2063; baseline 0.003 -17"><span class='ocrx_word' id='word_1_259' title='bbox 147 1990 200 2048; x_wconf 87' lang='lat' dir='ltr'><strong>levi</strong></span> <span class='ocrx_word' id='word_1_260' title='bbox 215 1990 264 2047; x_wconf 90' lang='lat' dir='ltr'><strong>tibi</strong></span> <span class='ocrx_word' id='word_1_261' title='bbox 278 1989 396 2063; x_wconf 88' lang='lat' dir='ltr'><strong>quedam</strong></span> <span class='ocrx_word' id='word_1_262' title='bbox 410 1988 563 2047; x_wconf 89' lang='lat' dir='ltr'><strong>exciderint</strong></span> <span class='ocrx_word' id='word_1_263' title='bbox 576 1988 674 2045; x_wconf 89' lang='lat' dir='ltr'><strong>mentis</strong></span> <span class='ocrx_word' id='word_1_264' title='bbox 687 1988 806 2062; x_wconf 86' lang='lat' dir='ltr'><strong>impulsu</strong></span> <span class='ocrx_word' id='word_1_265' title='bbox 820 2005 947 2047; x_wconf 91' lang='lat' dir='ltr'><strong>momen·</strong></span> <span class='ocrx_word' id='word_1_266' title='bbox 1000 1984 1090 2041; x_wconf 82' lang='lat' dir='ltr'><strong>adbuc</strong></span> <span class='ocrx_word' id='word_1_267' title='bbox 1118 1999 1235 2042; x_wconf 88' lang='lat' dir='ltr'><strong>vacuas.</strong></span> <span class='ocrx_word' id='word_1_268' title='bbox 1264 1985 1372 2042; x_wconf 77' lang='lat' dir='ltr'><strong>Accede</strong></span> <span class='ocrx_word' id='word_1_269' title='bbox 1400 2000 1486 2058; x_wconf 72' lang='lat' dir='ltr'><strong>ergo.</strong></span> <span class='ocrx_word' id='word_1_270' title='bbox 1516 1992 1546 2041; x_wconf 72' lang='lat' dir='ltr'><strong>ul</strong></span> <span class='ocrx_word' id='word_1_271' title='bbox 1569 1984 1743 2056; x_wconf 69' lang='lat' dir='ltr'><strong>infundaris,</strong></span> <span class='ocrx_word' id='word_1_272' title='bbox 1772 1997 1804 2042; x_wconf 94' lang='lat' dir='ltr'><strong>ut</strong></span> 
     </span>
     <span class='ocr_line' id='line_1_22' title="bbox 148 2072 1806 2147; baseline -0.002 -13"><span class='ocrx_word' id='word_1_273' title='bbox 148 2087 239 2135; x_wconf 88' lang='lat' dir='ltr'><strong>teneo.</strong></span> <span class='ocrx_word' id='word_1_274' title='bbox 261 2078 316 2135; x_wconf 88' lang='lat' dir='ltr'><strong>Sed</strong></span> <span class='ocrx_word' id='word_1_275' title='bbox 339 2077 442 2147; x_wconf 76' lang='lat' dir='ltr'><strong>dixeris</strong></span> <span class='ocrx_word' id='word_1_276' title='bbox 456 2093 490 2134; x_wconf 90' lang='lat' dir='ltr'><strong>ca</strong></span> <span class='ocrx_word' id='word_1_277' title='bbox 503 2084 532 2133; x_wconf 92' lang='lat' dir='ltr'><strong>ut</strong></span> <span class='ocrx_word' id='word_1_278' title='bbox 546 2076 621 2147; x_wconf 86' lang='lat' dir='ltr'><strong>libet,</strong></span> <span class='ocrx_word' id='word_1_279' title='bbox 641 2085 669 2134; x_wconf 91' lang='lat' dir='ltr'><strong>et</strong></span> <span class='ocrx_word' id='word_1_280' title='bbox 692 2077 794 2136; x_wconf 75' lang='lat' dir='ltr'><strong>luerim</strong></span> <span class='ocrx_word' id='word_1_281' title='bbox 811 2078 854 2136; x_wconf 91' lang='lat' dir='ltr'><strong>vel</strong></span> <span class='ocrx_word' id='word_1_282' title='bbox 868 2078 949 2135; x_wconf 89' lang='lat' dir='ltr'><strong>nimis</strong></span> <span class='ocrx_word' id='word_1_283' title='bbox 1001 2072 1159 2146; x_wconf 86' lang='lat' dir='ltr'><strong>repleantur</strong></span> <span class='ocrx_word' id='word_1_284' title='bbox 1173 2073 1344 2145; x_wconf 83' lang='lat' dir='ltr'><strong>receptacula</strong></span> <span class='ocrx_word' id='word_1_285' title='bbox 1359 2083 1421 2146; x_wconf 80' lang='lat' dir='ltr'><strong>tua3</strong></span> <span class='ocrx_word' id='word_1_286' title='bbox 1437 2074 1590 2131; x_wconf 88' lang='lat' dir='ltr'><strong>exuberent</strong></span> <span class='ocrx_word' id='word_1_287' title='bbox 1604 2082 1632 2131; x_wconf 89' lang='lat' dir='ltr'><strong>et</strong></span> <span class='ocrx_word' id='word_1_288' title='bbox 1647 2075 1806 2131; x_wconf 89' lang='lat' dir='ltr'><strong>redundent</strong></span> 
     </span>
     <span class='ocr_line' id='line_1_23' title="bbox 147 2160 1805 2241; baseline -0.003 -19"><span class='ocrx_word' id='word_1_289' title='bbox 147 2168 302 2241; x_wconf 86' lang='lat' dir='ltr'><strong>promptulo</strong></span> <span class='ocrx_word' id='word_1_290' title='bbox 317 2166 517 2238; x_wconf 90' lang='lat' dir='ltr'><strong>subitaneoque</strong></span> <span class='ocrx_word' id='word_1_291' title='bbox 538 2165 631 2238; x_wconf 87' lang='lat' dir='ltr'><strong>elapsa</strong></span> <span class='ocrx_word' id='word_1_292' title='bbox 643 2165 756 2233; x_wconf 83' lang='lat' dir='ltr'><strong>ellectu,</strong></span> <span class='ocrx_word' id='word_1_293' title='bbox 780 2167 824 2225; x_wconf 88' lang='lat' dir='ltr'><strong>vel</strong></span> <span class='ocrx_word' id='word_1_294' title='bbox 835 2167 948 2240; x_wconf 90' lang='lat' dir='ltr'><strong>provida</strong></span> <span class='ocrx_word' id='word_1_295' title='bbox 1001 2167 1030 2218; x_wconf 90' lang='lat' dir='ltr'><strong>et</strong></span> <span class='ocrx_word' id='word_1_296' title='bbox 1044 2160 1224 2218; x_wconf 83' lang='lat' dir='ltr'><strong>refundantur</strong></span> <span class='ocrx_word' id='word_1_297' title='bbox 1237 2161 1264 2217; x_wconf 92' lang='lat' dir='ltr'><strong>in</strong></span> <span class='ocrx_word' id='word_1_298' title='bbox 1284 2179 1344 2232; x_wconf 89' lang='lat' dir='ltr'><strong>nos,</strong></span> <span class='ocrx_word' id='word_1_299' title='bbox 1359 2163 1421 2233; x_wconf 87' lang='lat' dir='ltr'><strong>jnre</strong></span> <span class='ocrx_word' id='word_1_300' title='bbox 1437 2162 1486 2219; x_wconf 92' lang='lat' dir='ltr'><strong>tibi</strong></span> <span class='ocrx_word' id='word_1_301' title='bbox 1499 2162 1681 2235; x_wconf 87' lang='lat' dir='ltr'><strong>applausuros</strong></span> <span class='ocrx_word' id='word_1_302' title='bbox 1695 2164 1723 2220; x_wconf 93' lang='lat' dir='ltr'><strong>in</strong></span> <span class='ocrx_word' id='word_1_303' title='bbox 1735 2164 1805 2220; x_wconf 87' lang='lat' dir='ltr'><strong>illud</strong></span> 
     </span>
     <span class='ocr_line' id='line_1_24' title="bbox 148 2247 1803 2335; baseline -0.002 -25"><span class='ocrx_word' id='word_1_304' title='bbox 148 2255 345 2335; x_wconf 85' lang='lat' dir='ltr'><strong>deliberatione</strong></span> <span class='ocrx_word' id='word_1_305' title='bbox 360 2255 480 2327; x_wconf 86' lang='lat' dir='ltr'><strong>prolata;</strong></span> <span class='ocrx_word' id='word_1_306' title='bbox 505 2254 615 2313; x_wconf 86' lang='lat' dir='ltr'><strong>omnino</strong></span> <span class='ocrx_word' id='word_1_307' title='bbox 630 2254 684 2311; x_wconf 90' lang='lat' dir='ltr'><strong>nisi</strong></span> <span class='ocrx_word' id='word_1_308' title='bbox 705 2255 777 2313; x_wconf 83' lang='lat' dir='ltr'><strong>bene</strong></span> <span class='ocrx_word' id='word_1_309' title='bbox 795 2256 832 2313; x_wconf 79' lang='lat' dir='ltr'><strong>de</strong></span> <span class='ocrx_word' id='word_1_310' title='bbox 844 2264 872 2313; x_wconf 82' lang='lat' dir='ltr'><strong>te</strong></span> <span class='ocrx_word' id='word_1_311' title='bbox 886 2272 949 2328; x_wconf 80' lang='lat' dir='ltr'><strong>spo-</strong></span> <span class='ocrx_word' id='word_1_312' title='bbox 1001 2247 1125 2306; x_wconf 76' lang='lat' dir='ltr'><strong>mouet:</strong></span> <span class='ocrx_word' id='word_1_313' title='bbox 1141 2252 1231 2307; x_wconf 77' lang='lat' dir='ltr'><strong>Funus</strong></span> <span class='ocrx_word' id='word_1_314' title='bbox 1245 2249 1394 2308; x_wconf 78' lang='lat' dir='ltr'><strong>distillans</strong></span> <span class='ocrx_word' id='word_1_315' title='bbox 1404 2250 1541 2308; x_wconf 73' lang='lat' dir='ltr'><strong>mitetur</strong></span> <span class='ocrx_word' id='word_1_316' title='bbox 1558 2251 1680 2321; x_wconf 79' lang='lat' dir='ltr'><strong>(dantia.</strong></span> <span class='ocrx_word' id='word_1_317' title='bbox 1695 2267 1735 2317; x_wconf 84' lang='lat' dir='ltr'><strong>xv,</strong></span> <span class='ocrx_word' id='word_1_318' title='bbox 1747 2255 1803 2322; x_wconf 87' lang='lat' dir='ltr'><strong>ll).</strong></span> 
     </span>
     <span class='ocr_line' id='line_1_25' title="bbox 149 2337 1804 2421; baseline -0.002 -20"><span class='ocrx_word' id='word_1_319' title='bbox 149 2360 210 2421; x_wconf 80' lang='lat' dir='ltr'><strong>rare</strong></span> <span class='ocrx_word' id='word_1_320' title='bbox 234 2361 289 2402; x_wconf 92' lang='lat' dir='ltr'><strong>non</strong></span> <span class='ocrx_word' id='word_1_321' title='bbox 305 2361 426 2418; x_wconf 85' lang='lat' dir='ltr'><strong>possum,</strong></span> <span class='ocrx_word' id='word_1_322' title='bbox 451 2342 601 2400; x_wconf 87' lang='lat' dir='ltr'><strong>domestico</strong></span> <span class='ocrx_word' id='word_1_323' title='bbox 615 2343 796 2402; x_wconf 87' lang='lat' dir='ltr'><strong>commonitus</strong></span> <span class='ocrx_word' id='word_1_324' title='bbox 810 2345 947 2417; x_wconf 82' lang='lat' dir='ltr'><strong>exemplo.</strong></span> <span class='ocrx_word' id='word_1_325' title='bbox 1002 2337 1026 2395; x_wconf 91' lang='lat'>0</span> <span class='ocrx_word' id='word_1_326' title='bbox 1045 2338 1070 2394; x_wconf 93' lang='lat' dir='ltr'><strong>si</strong></span> <span class='ocrx_word' id='word_1_327' title='bbox 1087 2338 1196 2411; x_wconf 91' lang='lat' dir='ltr'><strong>quando</strong></span> <span class='ocrx_word' id='word_1_328' title='bbox 1223 2339 1251 2395; x_wconf 94' lang='lat' dir='ltr'><strong>in</strong></span> <span class='ocrx_word' id='word_1_329' title='bbox 1278 2339 1361 2396; x_wconf 90' lang='lat' dir='ltr'><strong>domo</strong></span> <span class='ocrx_word' id='word_1_330' title='bbox 1389 2339 1496 2396; x_wconf 86' lang='lat' dir='ltr'><strong>Domini</strong></span> <span class='ocrx_word' id='word_1_331' title='bbox 1514 2341 1699 2414; x_wconf 89' lang='lat' dir='ltr'><strong>disputantem</strong></span> <span class='ocrx_word' id='word_1_332' title='bbox 1713 2349 1740 2397; x_wconf 92' lang='lat' dir='ltr'><strong>te</strong></span> <span class='ocrx_word' id='word_1_333' title='bbox 1753 2358 1804 2397; x_wconf 91' lang='lat' dir='ltr'><strong>au-</strong></span> 
     </span>
     <span class='ocr_line' id='line_1_26' title="bbox 148 2427 1804 2507; baseline -0.002 -19"><span class='ocrx_word' id='word_1_334' title='bbox 148 2435 236 2507; x_wconf 78' lang='lat' dir='ltr'><strong>Atque</strong></span> <span class='ocrx_word' id='word_1_335' title='bbox 251 2433 353 2491; x_wconf 82' lang='lat' dir='ltr'><strong>utinam</strong></span> <span class='ocrx_word' id='word_1_336' title='bbox 379 2433 469 2505; x_wconf 89' lang='lat' dir='ltr'><strong>ipsum</strong></span> <span class='ocrx_word' id='word_1_337' title='bbox 496 2440 524 2488; x_wconf 90' lang='lat' dir='ltr'><strong>te</strong></span> <span class='ocrx_word' id='word_1_338' title='bbox 549 2439 643 2488; x_wconf 86' lang='lat' dir='ltr'><strong>nostra</strong></span> <span class='ocrx_word' id='word_1_339' title='bbox 667 2439 870 2500; x_wconf 85' lang='lat' dir='ltr'><strong>commoveant,</strong></span> <span class='ocrx_word' id='word_1_340' title='bbox 894 2433 949 2490; x_wconf 89' lang='lat' dir='ltr'><strong>imo</strong></span> <span class='ocrx_word' id='word_1_341' title='bbox 1002 2427 1085 2494; x_wconf 73' lang='lat' dir='ltr'><strong>dum,</strong></span> <span class='ocrx_word' id='word_1_342' title='bbox 1113 2435 1235 2485; x_wconf 86' lang='lat' dir='ltr'><strong>secretos</strong></span> <span class='ocrx_word' id='word_1_343' title='bbox 1260 2433 1439 2501; x_wconf 89' lang='lat' dir='ltr'><strong>sacratosque</strong></span> <span class='ocrx_word' id='word_1_344' title='bbox 1476 2436 1658 2502; x_wconf 87' lang='lat' dir='ltr'><strong>exponentem</strong></span> <span class='ocrx_word' id='word_1_345' title='bbox 1692 2445 1804 2498; x_wconf 77' lang='lat' dir='ltr'><strong>scissus,</strong></span> 
     </span>
     <span class='ocr_line' id='line_1_27' title="bbox 146 2515 1805 2593; baseline -0.002 -15"><span class='ocrx_word' id='word_1_346' title='bbox 146 2531 340 2581; x_wconf 86' lang='lat' dir='ltr'><strong>commoneant</strong></span> <span class='ocrx_word' id='word_1_347' title='bbox 362 2519 502 2593; x_wconf 76' lang='lat' dir='ltr'><strong>exempla,</strong></span> <span class='ocrx_word' id='word_1_348' title='bbox 527 2526 556 2576; x_wconf 92' lang='lat' dir='ltr'><strong>et</strong></span> <span class='ocrx_word' id='word_1_349' title='bbox 576 2519 694 2593; x_wconf 87' lang='lat' dir='ltr'><strong>arreptis</strong></span> <span class='ocrx_word' id='word_1_350' title='bbox 705 2520 803 2592; x_wconf 87' lang='lat' dir='ltr'><strong>pennis</strong></span> <span class='ocrx_word' id='word_1_351' title='bbox 816 2520 949 2577; x_wconf 79' lang='lat' dir='ltr'><strong>columbas</strong></span> <span class='ocrx_word' id='word_1_352' title='bbox 1001 2515 1181 2592; x_wconf 74' lang='lat' dir='ltr'><strong>attingentem</strong></span> <span class='ocrx_word' id='word_1_353' title='bbox 1201 2525 1229 2574; x_wconf 92' lang='lat' dir='ltr'><strong>et</strong></span> <span class='ocrx_word' id='word_1_354' title='bbox 1248 2517 1425 2574; x_wconf 86' lang='lat' dir='ltr'><strong>distillantem</strong></span> <span class='ocrx_word' id='word_1_355' title='bbox 1453 2518 1571 2576; x_wconf 86' lang='lat' dir='ltr'><strong>tenuiter</strong></span> <span class='ocrx_word' id='word_1_356' title='bbox 1598 2519 1680 2576; x_wconf 87' lang='lat' dir='ltr'><strong>nobis</strong></span> <span class='ocrx_word' id='word_1_357' title='bbox 1702 2519 1805 2592; x_wconf 89' lang='lat' dir='ltr'><strong>aliquid</strong></span> 
     </span>
     <span class='ocr_line' id='line_1_28' title="bbox 148 2604 1792 2683; baseline -0.001 -18"><span class='ocrx_word' id='word_1_358' title='bbox 148 2609 281 2668; x_wconf 91' lang='lat' dir='ltr'><strong>inlocum</strong></span> <span class='ocrx_word' id='word_1_359' title='bbox 302 2606 400 2683; x_wconf 91' lang='lat' dir='ltr'><strong>quietis</strong></span> <span class='ocrx_word' id='word_1_360' title='bbox 414 2607 485 2665; x_wconf 88' lang='lat' dir='ltr'><strong>ielici</strong></span> <span class='ocrx_word' id='word_1_361' title='bbox 504 2623 547 2663; x_wconf 92' lang='lat' dir='ltr'><strong>me</strong></span> <span class='ocrx_word' id='word_1_362' title='bbox 563 2607 727 2679; x_wconf 89' lang='lat' dir='ltr'><strong>compendio</strong></span> <span class='ocrx_word' id='word_1_363' title='bbox 745 2609 886 2680; x_wconf 83' lang='lat' dir='ltr'><strong>praevoles,</strong></span> <span class='ocrx_word' id='word_1_364' title='bbox 903 2609 949 2681; x_wconf 91' lang='lat' dir='ltr'><strong>qui</strong></span> <span class='ocrx_word' id='word_1_365' title='bbox 1001 2604 1037 2662; x_wconf 89' lang='lat' dir='ltr'><strong>de</strong></span> <span class='ocrx_word' id='word_1_366' title='bbox 1063 2605 1162 2664; x_wconf 80' lang='lat' dir='ltr'><strong>divine</strong></span> <span class='ocrx_word' id='word_1_367' title='bbox 1187 2604 1329 2678; x_wconf 80' lang='lat' dir='ltr'><strong>maiestate</strong></span> <span class='ocrx_word' id='word_1_368' title='bbox 1354 2607 1491 2674; x_wconf 65' lang='lat' dir='ltr'><strong>essentie</strong></span> <span class='ocrx_word' id='word_1_369' title='bbox 1511 2608 1546 2664; x_wconf 90' lang='lat' dir='ltr'><strong>de</strong></span> <span class='ocrx_word' id='word_1_370' title='bbox 1569 2607 1733 2674; x_wconf 72' lang='lat' dir='ltr'><strong>eternitate,</strong></span> <span class='ocrx_word' id='word_1_371' title='bbox 1755 2608 1792 2663; x_wconf 89' lang='lat' dir='ltr'><strong>im</strong></span> 
     </span>
     <span class='ocr_line' id='line_1_29' title="bbox 149 2692 1807 2772; baseline 0 -20"><span class='ocrx_word' id='word_1_372' title='bbox 149 2696 252 2753; x_wconf 87' lang='lat' dir='ltr'><strong>tardius</strong></span> <span class='ocrx_word' id='word_1_373' title='bbox 265 2694 398 2767; x_wconf 89' lang='lat' dir='ltr'><strong>coeperisl</strong></span> <span class='ocrx_word' id='word_1_374' title='bbox 414 2695 502 2764; x_wconf 88' lang='lat' dir='ltr'><strong>Quam</strong></span> <span class='ocrx_word' id='word_1_375' title='bbox 516 2693 597 2751; x_wconf 71' lang='lat' dir='ltr'><strong>laum</strong></span> <span class='ocrx_word' id='word_1_376' title='bbox 617 2702 645 2751; x_wconf 92' lang='lat' dir='ltr'><strong>et</strong></span> <span class='ocrx_word' id='word_1_377' title='bbox 663 2703 801 2765; x_wconf 87' lang='lat' dir='ltr'><strong>patentem</strong></span> <span class='ocrx_word' id='word_1_378' title='bbox 816 2696 852 2752; x_wconf 88' lang='lat' dir='ltr'><strong>sd</strong></span> <span class='ocrx_word' id='word_1_379' title='bbox 864 2711 949 2753; x_wconf 80' lang='lat' dir='ltr'><strong>semu-</strong></span> <span class='ocrx_word' id='word_1_380' title='bbox 1001 2692 1158 2761; x_wconf 84' lang='lat' dir='ltr'><strong>mensitate,</strong></span> <span class='ocrx_word' id='word_1_381' title='bbox 1174 2693 1349 2768; x_wconf 87' lang='lat' dir='ltr'><strong>simplicitate</strong></span> <span class='ocrx_word' id='word_1_382' title='bbox 1362 2714 1368 2753; x_wconf 91' lang='grc'>;</span> <span class='ocrx_word' id='word_1_383' title='bbox 1390 2695 1436 2751; x_wconf 88' lang='lat' dir='ltr'><strong>ubi</strong></span> <span class='ocrx_word' id='word_1_384' title='bbox 1450 2695 1517 2752; x_wconf 90' lang='lat' dir='ltr'><strong>nibil</strong></span> <span class='ocrx_word' id='word_1_385' title='bbox 1531 2695 1658 2772; x_wconf 89' lang='lat' dir='ltr'><strong>exiguum</strong></span> <span class='ocrx_word' id='word_1_386' title='bbox 1673 2704 1725 2764; x_wconf 81' lang='lat' dir='ltr'><strong>est,</strong></span> <span class='ocrx_word' id='word_1_387' title='bbox 1741 2696 1807 2769; x_wconf 81' lang='lat' dir='ltr'><strong>qnia</strong></span> 
     </span>
     <span class='ocr_line' id='line_1_30' title="bbox 148 2776 1802 2856; baseline 0 -18"><span class='ocrx_word' id='word_1_388' title='bbox 148 2783 260 2840; x_wconf 88' lang='lat' dir='ltr'><strong>landum</strong></span> <span class='ocrx_word' id='word_1_389' title='bbox 280 2783 426 2839; x_wconf 79' lang='lat' dir='ltr'><strong>fenestram</strong></span> <span class='ocrx_word' id='word_1_390' title='bbox 439 2780 560 2851; x_wconf 90' lang='lat' dir='ltr'><strong>dederis,</strong></span> <span class='ocrx_word' id='word_1_391' title='bbox 580 2796 643 2838; x_wconf 92' lang='lat' dir='ltr'><strong>mox</strong></span> <span class='ocrx_word' id='word_1_392' title='bbox 658 2781 719 2838; x_wconf 90' lang='lat' dir='ltr'><strong>aliis</strong></span> <span class='ocrx_word' id='word_1_393' title='bbox 740 2776 948 2843; x_wconf 80' lang='lat' dir='ltr'><strong>loturusexem-</strong></span> <span class='ocrx_word' id='word_1_394' title='bbox 1001 2781 1117 2854; x_wconf 77' lang='lat' dir='ltr'><strong>simplex</strong></span> <span class='ocrx_word' id='word_1_395' title='bbox 1136 2788 1197 2850; x_wconf 79' lang='lat' dir='ltr'><strong>est3</strong></span> <span class='ocrx_word' id='word_1_396' title='bbox 1223 2797 1275 2840; x_wconf 93' lang='lat' dir='ltr'><strong>nee</strong></span> <span class='ocrx_word' id='word_1_397' title='bbox 1298 2782 1451 2856; x_wconf 82' lang='lat' dir='ltr'><strong>multiplex,</strong></span> <span class='ocrx_word' id='word_1_398' title='bbox 1475 2785 1538 2856; x_wconf 88' lang='lat' dir='ltr'><strong>qnia</strong></span> <span class='ocrx_word' id='word_1_399' title='bbox 1560 2783 1724 2841; x_wconf 87' lang='lat' dir='ltr'><strong>immensum</strong></span> <span class='ocrx_word' id='word_1_400' title='bbox 1742 2793 1802 2840; x_wconf 85' lang='lat' dir='ltr'><strong>est:</strong></span> 
     </span>
     <span class='ocr_line' id='line_1_31' title="bbox 149 2868 1804 2946; baseline 0 -18"><span class='ocrx_word' id='word_1_401' title='bbox 149 2870 209 2945; x_wconf 84' lang='lat' dir='ltr'><strong>plo;</strong></span> <span class='ocrx_word' id='word_1_402' title='bbox 225 2879 263 2938; x_wconf 89' lang='lat' dir='ltr'><strong>et,</strong></span> <span class='ocrx_word' id='word_1_403' title='bbox 278 2879 309 2927; x_wconf 91' lang='lat' dir='ltr'><strong>ut</strong></span> <span class='ocrx_word' id='word_1_404' title='bbox 327 2868 362 2926; x_wconf 92' lang='lat' dir='ltr'><strong>de</strong></span> <span class='ocrx_word' id='word_1_405' title='bbox 377 2869 478 2926; x_wconf 89' lang='lat' dir='ltr'><strong>nostris</strong></span> <span class='ocrx_word' id='word_1_406' title='bbox 491 2869 665 2942; x_wconf 88' lang='lat' dir='ltr'><strong>interseram,</strong></span> <span class='ocrx_word' id='word_1_407' title='bbox 688 2869 787 2946; x_wconf 88' lang='lat' dir='ltr'><strong>ingens</strong></span> <span class='ocrx_word' id='word_1_408' title='bbox 799 2872 898 2928; x_wconf 90' lang='lat' dir='ltr'><strong>ostium</strong></span> <span class='ocrx_word' id='word_1_409' title='bbox 914 2874 948 2928; x_wconf 91' lang='lat' dir='ltr'><strong>ad</strong></span> <span class='ocrx_word' id='word_1_410' title='bbox 1002 2869 1052 2925; x_wconf 86' lang='lat' dir='ltr'><strong>sed</strong></span> <span class='ocrx_word' id='word_1_411' title='bbox 1066 2877 1153 2926; x_wconf 89' lang='lat' dir='ltr'><strong>toturn</strong></span> <span class='ocrx_word' id='word_1_412' title='bbox 1167 2869 1302 2929; x_wconf 90' lang='lat' dir='ltr'><strong>inlinitum</strong></span> <span class='ocrx_word' id='word_1_413' title='bbox 1320 2881 1448 2938; x_wconf 77' lang='lat' dir='ltr'><strong>est3nnu</strong></span> <span class='ocrx_word' id='word_1_414' title='bbox 1457 2873 1604 2944; x_wconf 88' lang='lat' dir='ltr'><strong>temporali</strong></span> <span class='ocrx_word' id='word_1_415' title='bbox 1614 2873 1804 2938; x_wconf 87' lang='lat' dir='ltr'><strong>successione,</strong></span> 
     </span>
     <span class='ocr_line' id='line_1_32' title="bbox 147 2957 1805 3034; baseline 0.001 -16"><span class='ocrx_word' id='word_1_416' title='bbox 147 2959 255 3019; x_wconf 76' lang='lat' dir='ltr'><strong>vbtutis</strong></span> <span class='ocrx_word' id='word_1_417' title='bbox 270 2957 355 3015; x_wconf 74' lang='lat' dir='ltr'><strong>dumi</strong></span> <span class='ocrx_word' id='word_1_418' title='bbox 374 2958 499 3031; x_wconf 86' lang='lat' dir='ltr'><strong>Denique</strong></span> <span class='ocrx_word' id='word_1_419' title='bbox 512 2957 607 3014; x_wconf 90' lang='lat' dir='ltr'><strong>audire</strong></span> <span class='ocrx_word' id='word_1_420' title='bbox 622 2959 687 3015; x_wconf 90' lang='lat' dir='ltr'><strong>mibi</strong></span> <span class='ocrx_word' id='word_1_421' title='bbox 702 2960 843 3020; x_wconf 88' lang='lat' dir='ltr'><strong>videorde</strong></span> <span class='ocrx_word' id='word_1_422' title='bbox 857 2962 949 3019; x_wconf 88' lang='lat' dir='ltr'><strong>Canti-</strong></span> <span class='ocrx_word' id='word_1_423' title='bbox 1002 2972 1053 3015; x_wconf 89' lang='lat' dir='ltr'><strong>nee</strong></span> <span class='ocrx_word' id='word_1_424' title='bbox 1073 2958 1146 3016; x_wconf 93' lang='lat' dir='ltr'><strong>mole</strong></span> <span class='ocrx_word' id='word_1_425' title='bbox 1159 2968 1187 3016; x_wconf 90' lang='lat' dir='ltr'><strong>et</strong></span> <span class='ocrx_word' id='word_1_426' title='bbox 1205 2959 1373 3019; x_wconf 83' lang='lat' dir='ltr'><strong>distentione</strong></span> <span class='ocrx_word' id='word_1_427' title='bbox 1393 2961 1485 3029; x_wconf 85' lang='lat' dir='ltr'><strong>locali,</strong></span> <span class='ocrx_word' id='word_1_428' title='bbox 1500 2961 1550 3018; x_wconf 89' lang='lat' dir='ltr'><strong>sed</strong></span> <span class='ocrx_word' id='word_1_429' title='bbox 1571 2961 1597 3018; x_wconf 90' lang='lat' dir='ltr'><strong>vi</strong></span> <span class='ocrx_word' id='word_1_430' title='bbox 1608 2961 1805 3034; x_wconf 86' lang='lat' dir='ltr'><strong>essentialique</strong></span> 
     </span>
     <span class='ocr_line' id='line_1_33' title="bbox 148 3045 1805 3122; baseline 0.001 -17"><span class='ocrx_word' id='word_1_431' title='bbox 148 3047 265 3105; x_wconf 64' lang='lat' dir='ltr'><strong>cbsslud</strong></span> <span class='ocrx_word' id='word_1_432' title='bbox 280 3047 329 3104; x_wconf 88' lang='lat' dir='ltr'><strong>tibi</strong></span> <span class='ocrx_word' id='word_1_433' title='bbox 342 3045 516 3103; x_wconf 85' lang='lat' dir='ltr'><strong>decantatum</strong></span> <span class='ocrx_word' id='word_1_434' title='bbox 530 3046 586 3102; x_wconf 91' lang='lat' dir='ltr'><strong>iri:</strong></span> <span class='ocrx_word' id='word_1_435' title='bbox 608 3047 694 3104; x_wconf 80' lang='lat' dir='ltr'><strong>Trade</strong></span> <span class='ocrx_word' id='word_1_436' title='bbox 714 3066 766 3106; x_wconf 76' lang='lat' dir='ltr'><strong>etos</strong></span> <span class='ocrx_word' id='word_1_437' title='bbox 776 3055 840 3122; x_wconf 86' lang='lat' dir='ltr'><strong>post</strong></span> <span class='ocrx_word' id='word_1_438' title='bbox 864 3056 899 3119; x_wconf 85' lang='lat' dir='ltr'><strong>te,</strong></span> <span class='ocrx_word' id='word_1_439' title='bbox 916 3055 949 3109; x_wconf 83' lang='lat' dir='ltr'><strong>in</strong></span> <span class='ocrx_word' id='word_1_440' title='bbox 1000 3047 1131 3118; x_wconf 81' lang='lat' dir='ltr'><strong>petentia.</strong></span> <span class='ocrx_word' id='word_1_441' title='bbox 1157 3047 1223 3116; x_wconf 74' lang='lat' dir='ltr'><strong>Quas</strong></span> <span class='ocrx_word' id='word_1_442' title='bbox 1247 3049 1358 3122; x_wconf 90' lang='lat' dir='ltr'><strong>quidem</strong></span> <span class='ocrx_word' id='word_1_443' title='bbox 1383 3058 1439 3106; x_wconf 86' lang='lat' dir='ltr'><strong>tota</strong></span> <span class='ocrx_word' id='word_1_444' title='bbox 1463 3050 1564 3122; x_wconf 90' lang='lat' dir='ltr'><strong>ubique</strong></span> <span class='ocrx_word' id='word_1_445' title='bbox 1588 3058 1641 3118; x_wconf 91' lang='lat' dir='ltr'><strong>cst,</strong></span> <span class='ocrx_word' id='word_1_446' title='bbox 1661 3051 1755 3108; x_wconf 90' lang='lat' dir='ltr'><strong>sedin</strong></span> <span class='ocrx_word' id='word_1_447' title='bbox 1774 3067 1805 3107; x_wconf 93' lang='lat' dir='ltr'><strong>se</strong></span> 
     </span>
     <span class='ocr_line' id='line_1_34' title="bbox 147 3130 1804 3210; baseline 0.001 -15"><span class='ocrx_word' id='word_1_448' title='bbox 147 3137 946 3210; x_wconf 69' lang='lat' dir='ltr'><strong>odoreunguentorumtaoramcurremes(dontic.at).</strong></span> <span class='ocrx_word' id='word_1_449' title='bbox 963 3130 985 3209; x_wconf 75' lang='lat' dir='ltr'><strong>c</strong></span> <span class='ocrx_word' id='word_1_450' title='bbox 1001 3143 1075 3202; x_wconf 80' lang='lat' dir='ltr'><strong>tota3</strong></span> <span class='ocrx_word' id='word_1_451' title='bbox 1098 3137 1228 3208; x_wconf 88' lang='lat' dir='ltr'><strong>quoniam</strong></span> <span class='ocrx_word' id='word_1_452' title='bbox 1252 3138 1281 3194; x_wconf 92' lang='lat' dir='ltr'><strong>in</strong></span> <span class='ocrx_word' id='word_1_453' title='bbox 1308 3138 1385 3194; x_wconf 89' lang='lat' dir='ltr'><strong>nullo</strong></span> <span class='ocrx_word' id='word_1_454' title='bbox 1409 3146 1466 3194; x_wconf 90' lang='lat' dir='ltr'><strong>tota</strong></span> <span class='ocrx_word' id='word_1_455' title='bbox 1488 3140 1550 3210; x_wconf 76' lang='lat' dir='ltr'><strong>eius</strong></span> <span class='ocrx_word' id='word_1_456' title='bbox 1572 3140 1669 3206; x_wconf 89' lang='lat' dir='ltr'><strong>virtus,</strong></span> <span class='ocrx_word' id='word_1_457' title='bbox 1692 3139 1804 3207; x_wconf 86' lang='lat' dir='ltr'><strong>veritas,</strong></span> 
     </span>
     <span class='ocr_line' id='line_1_35' title="bbox 183 3223 1805 3300; baseline 0.001 -18"><span class='ocrx_word' id='word_1_458' title='bbox 183 3228 211 3282; x_wconf 85' lang='lat' dir='ltr'><strong>il.</strong></span> <span class='ocrx_word' id='word_1_459' title='bbox 231 3224 306 3283; x_wconf 83' lang='lat' dir='ltr'><strong>Felix</strong></span> <span class='ocrx_word' id='word_1_460' title='bbox 321 3223 413 3297; x_wconf 85' lang='lat' dir='ltr'><strong>plane,</strong></span> <span class='ocrx_word' id='word_1_461' title='bbox 428 3231 457 3281; x_wconf 91' lang='lat' dir='ltr'><strong>et</strong></span> <span class='ocrx_word' id='word_1_462' title='bbox 470 3225 512 3280; x_wconf 90' lang='lat' dir='ltr'><strong>bis</strong></span> <span class='ocrx_word' id='word_1_463' title='bbox 525 3223 601 3295; x_wconf 88' lang='lat' dir='ltr'><strong>lelix,</strong></span> <span class='ocrx_word' id='word_1_464' title='bbox 615 3224 859 3286; x_wconf 85' lang='lat' dir='ltr'><strong>siconversionem</strong></span> <span class='ocrx_word' id='word_1_465' title='bbox 874 3235 946 3284; x_wconf 88' lang='lat' dir='ltr'><strong>tuam</strong></span> <span class='ocrx_word' id='word_1_466' title='bbox 999 3223 1124 3281; x_wconf 81' lang='lat' dir='ltr'><strong>voluutas</strong></span> <span class='ocrx_word' id='word_1_467' title='bbox 1146 3224 1189 3282; x_wconf 86' lang='lat' dir='ltr'><strong>vel</strong></span> <span class='ocrx_word' id='word_1_468' title='bbox 1212 3226 1384 3299; x_wconf 84' lang='lat' dir='ltr'><strong>expenditur,</strong></span> <span class='ocrx_word' id='word_1_469' title='bbox 1409 3227 1452 3285; x_wconf 89' lang='lat' dir='ltr'><strong>vel</strong></span> <span class='ocrx_word' id='word_1_470' title='bbox 1477 3227 1648 3300; x_wconf 87' lang='lat' dir='ltr'><strong>exprimitur.</strong></span> <span class='ocrx_word' id='word_1_471' title='bbox 1672 3227 1723 3284; x_wconf 88' lang='lat' dir='ltr'><strong>Ubi</strong></span> <span class='ocrx_word' id='word_1_472' title='bbox 1737 3244 1805 3300; x_wconf 90' lang='lat' dir='ltr'><strong>pos-</strong></span> 
     </span>
     <span class='ocr_line' id='line_1_36' title="bbox 149 3312 1806 3391; baseline 0.002 -20"><span class='ocrx_word' id='word_1_473' title='bbox 149 3313 245 3371; x_wconf 75' lang='lat' dir='ltr'><strong>miritis</strong></span> <span class='ocrx_word' id='word_1_474' title='bbox 257 3313 430 3371; x_wconf 87' lang='lat' dir='ltr'><strong>occasionem</strong></span> <span class='ocrx_word' id='word_1_475' title='bbox 444 3314 503 3371; x_wconf 87' lang='lat' dir='ltr'><strong>aliis</strong></span> <span class='ocrx_word' id='word_1_476' title='bbox 517 3312 645 3371; x_wconf 78' lang='lat' dir='ltr'><strong>affeceris</strong></span> <span class='ocrx_word' id='word_1_477' title='bbox 659 3328 666 3368; x_wconf 94' lang='lat'><strong>:</strong></span> <span class='ocrx_word' id='word_1_478' title='bbox 681 3314 705 3371; x_wconf 89' lang='lat' dir='ltr'><strong>si</strong></span> <span class='ocrx_word' id='word_1_479' title='bbox 718 3314 754 3371; x_wconf 85' lang='lat' dir='ltr'><strong>ed</strong></span> <span class='ocrx_word' id='word_1_480' title='bbox 771 3315 852 3373; x_wconf 88' lang='lat' dir='ltr'><strong>vitam</strong></span> <span class='ocrx_word' id='word_1_481' title='bbox 870 3317 946 3374; x_wconf 91' lang='lat' dir='ltr'><strong>veri-</strong></span> <span class='ocrx_word' id='word_1_482' title='bbox 1000 3320 1064 3370; x_wconf 89' lang='lat' dir='ltr'><strong>sunt</strong></span> <span class='ocrx_word' id='word_1_483' title='bbox 1082 3313 1239 3386; x_wconf 86' lang='lat' dir='ltr'><strong>disputandi</strong></span> <span class='ocrx_word' id='word_1_484' title='bbox 1261 3316 1362 3391; x_wconf 88' lang='lat' dir='ltr'><strong>gradus</strong></span> <span class='ocrx_word' id='word_1_485' title='bbox 1383 3316 1494 3389; x_wconf 88' lang='lat' dir='ltr'><strong>quidam</strong></span> <span class='ocrx_word' id='word_1_486' title='bbox 1514 3332 1585 3386; x_wconf 87' lang='lat' dir='ltr'><strong>csse,</strong></span> <span class='ocrx_word' id='word_1_487' title='bbox 1616 3325 1643 3374; x_wconf 93' lang='lat' dir='ltr'><strong>et</strong></span> <span class='ocrx_word' id='word_1_488' title='bbox 1670 3317 1806 3375; x_wconf 77' lang='lat' dir='ltr'><strong>dbdnctae</strong></span> 
     </span>
     <span class='ocr_line' id='line_1_37' title="bbox 148 3402 1805 3479; baseline 0.002 -20"><span class='ocrx_word' id='word_1_489' title='bbox 148 3409 286 3476; x_wconf 83' lang='lat' dir='ltr'><strong>talemque</strong></span> <span class='ocrx_word' id='word_1_490' title='bbox 299 3402 425 3470; x_wconf 88' lang='lat' dir='ltr'><strong>traxeris,</strong></span> <span class='ocrx_word' id='word_1_491' title='bbox 441 3403 487 3475; x_wconf 90' lang='lat' dir='ltr'><strong>qui</strong></span> <span class='ocrx_word' id='word_1_492' title='bbox 506 3409 569 3475; x_wconf 91' lang='lat' dir='ltr'><strong>post</strong></span> <span class='ocrx_word' id='word_1_493' title='bbox 586 3408 613 3459; x_wconf 93' lang='lat' dir='ltr'><strong>te</strong></span> <span class='ocrx_word' id='word_1_494' title='bbox 627 3412 739 3461; x_wconf 87' lang='lat' dir='ltr'><strong>currunt</strong></span> <span class='ocrx_word' id='word_1_495' title='bbox 754 3403 850 3473; x_wconf 88' lang='lat' dir='ltr'><strong>medo;</strong></span> <span class='ocrx_word' id='word_1_496' title='bbox 870 3404 947 3463; x_wconf 88' lang='lat' dir='ltr'><strong>vele-</strong></span> <span class='ocrx_word' id='word_1_497' title='bbox 1000 3402 1154 3459; x_wconf 88' lang='lat' dir='ltr'><strong>secundum</strong></span> <span class='ocrx_word' id='word_1_498' title='bbox 1167 3418 1218 3461; x_wconf 88' lang='lat' dir='ltr'><strong>noa</strong></span> <span class='ocrx_word' id='word_1_499' title='bbox 1236 3403 1452 3479; x_wconf 88' lang='lat' dir='ltr'><strong>significationes</strong></span> <span class='ocrx_word' id='word_1_500' title='bbox 1476 3406 1627 3476; x_wconf 87' lang='lat' dir='ltr'><strong>nominum,</strong></span> <span class='ocrx_word' id='word_1_501' title='bbox 1648 3423 1694 3463; x_wconf 89' lang='lat' dir='ltr'><strong>res</strong></span> <span class='ocrx_word' id='word_1_502' title='bbox 1709 3415 1805 3463; x_wconf 87' lang='lat' dir='ltr'><strong>antem</strong></span> 
     </span>
     <span class='ocr_line' id='line_1_38' title="bbox 146 3490 1804 3566; baseline 0.002 -19"><span class='ocrx_word' id='word_1_503' title='bbox 146 3491 211 3547; x_wconf 89' lang='lat' dir='ltr'><strong>bam</strong></span> <span class='ocrx_word' id='word_1_504' title='bbox 234 3490 338 3560; x_wconf 90' lang='lat' dir='ltr'><strong>dicere,</strong></span> <span class='ocrx_word' id='word_1_505' title='bbox 363 3492 391 3547; x_wconf 94' lang='lat' dir='ltr'><strong>in</strong></span> <span class='ocrx_word' id='word_1_506' title='bbox 415 3491 545 3556; x_wconf 88' lang='lat' dir='ltr'><strong>vanitate,</strong></span> <span class='ocrx_word' id='word_1_507' title='bbox 567 3491 734 3549; x_wconf 90' lang='lat' dir='ltr'><strong>sedveritus</strong></span> <span class='ocrx_word' id='word_1_508' title='bbox 754 3493 947 3553; x_wconf 87' lang='lat' dir='ltr'><strong>sumnelerte</strong></span> <span class='ocrx_word' id='word_1_509' title='bbox 1001 3491 1081 3548; x_wconf 88' lang='lat' dir='ltr'><strong>unica</strong></span> <span class='ocrx_word' id='word_1_510' title='bbox 1095 3501 1123 3550; x_wconf 91' lang='lat' dir='ltr'><strong>et</strong></span> <span class='ocrx_word' id='word_1_511' title='bbox 1148 3493 1348 3566; x_wconf 83' lang='lat' dir='ltr'><strong>inseparabilis.</strong></span> <span class='ocrx_word' id='word_1_512' title='bbox 1374 3494 1460 3551; x_wconf 88' lang='lat' dir='ltr'><strong>Plena</strong></span> <span class='ocrx_word' id='word_1_513' title='bbox 1480 3504 1545 3551; x_wconf 91' lang='lat' dir='ltr'><strong>sunt</strong></span> <span class='ocrx_word' id='word_1_514' title='bbox 1571 3495 1665 3553; x_wconf 80' lang='lat' dir='ltr'><strong>omnia</strong></span> <span class='ocrx_word' id='word_1_515' title='bbox 1683 3496 1804 3551; x_wconf 79' lang='lat' dir='ltr'><strong>adrnua·</strong></span> 
     </span>
     <span class='ocr_line' id='line_1_39' title="bbox 148 3579 1806 3657; baseline 0.002 -20"><span class='ocrx_word' id='word_1_516' title='bbox 148 3587 272 3637; x_wconf 87' lang='lat' dir='ltr'><strong>tenerum</strong></span> <span class='ocrx_word' id='word_1_517' title='bbox 295 3591 324 3637; x_wconf 93' lang='lat' dir='ltr'><strong>et</strong></span> <span class='ocrx_word' id='word_1_518' title='bbox 342 3588 501 3638; x_wconf 89' lang='lat' dir='ltr'><strong>nascentem</strong></span> <span class='ocrx_word' id='word_1_519' title='bbox 523 3579 613 3637; x_wconf 91' lang='lat' dir='ltr'><strong>adbuc</strong></span> <span class='ocrx_word' id='word_1_520' title='bbox 638 3580 666 3636; x_wconf 92' lang='lat' dir='ltr'><strong>in</strong></span> <span class='ocrx_word' id='word_1_521' title='bbox 692 3581 800 3640; x_wconf 86' lang='lat' dir='ltr'><strong>Christo</strong></span> <span class='ocrx_word' id='word_1_522' title='bbox 818 3581 948 3640; x_wconf 85' lang='lat' dir='ltr'><strong>allectum</strong></span> <span class='ocrx_word' id='word_1_523' title='bbox 1001 3579 1086 3648; x_wconf 73' lang='lat' dir='ltr'><strong>bone,</strong></span> <span class='ocrx_word' id='word_1_524' title='bbox 1099 3581 1418 3654; x_wconf 84' lang='lat' dir='ltr'><strong>etdignaveneratione,</strong></span> <span class='ocrx_word' id='word_1_525' title='bbox 1431 3583 1806 3657; x_wconf 85' lang='lat' dir='ltr'><strong>etinvestigetiouedelecta·</strong></span> 
     </span>
     <span class='ocr_line' id='line_1_40' title="bbox 146 3668 1806 3744; baseline 0.004 -20"><span class='ocrx_word' id='word_1_526' title='bbox 146 3669 315 3729; x_wconf 75' lang='lat' dir='ltr'><strong>enutrissem.</strong></span> <span class='ocrx_word' id='word_1_527' title='bbox 332 3668 392 3725; x_wconf 90' lang='lat' dir='ltr'><strong>Non</strong></span> <span class='ocrx_word' id='word_1_528' title='bbox 405 3669 478 3741; x_wconf 90' lang='lat' dir='ltr'><strong>quod</strong></span> <span class='ocrx_word' id='word_1_529' title='bbox 491 3683 544 3742; x_wconf 85' lang='lat' dir='ltr'><strong>ego</strong></span> <span class='ocrx_word' id='word_1_530' title='bbox 558 3669 655 3725; x_wconf 90' lang='lat' dir='ltr'><strong>artium</strong></span> <span class='ocrx_word' id='word_1_531' title='bbox 675 3671 820 3733; x_wconf 86' lang='lat' dir='ltr'><strong>eruditioni</strong></span> <span class='ocrx_word' id='word_1_532' title='bbox 834 3672 948 3744; x_wconf 87' lang='lat' dir='ltr'><strong>derogo,</strong></span> <span class='ocrx_word' id='word_1_533' title='bbox 1000 3668 1074 3728; x_wconf 89' lang='lat' dir='ltr'><strong>bilia.</strong></span> <span class='ocrx_word' id='word_1_534' title='bbox 1090 3669 1225 3744; x_wconf 85' lang='lat' dir='ltr'><strong>Denique,</strong></span> <span class='ocrx_word' id='word_1_535' title='bbox 1237 3679 1267 3728; x_wconf 89' lang='lat' dir='ltr'><strong>ut</strong></span> <span class='ocrx_word' id='word_1_536' title='bbox 1277 3671 1409 3744; x_wconf 88' lang='lat' dir='ltr'><strong>scriptum</strong></span> <span class='ocrx_word' id='word_1_537' title='bbox 1421 3680 1464 3728; x_wconf 85' lang='lat' dir='ltr'><strong>est</strong></span> <span class='ocrx_word' id='word_1_538' title='bbox 1474 3690 1481 3728; x_wconf 90' lang='lat'><strong>:</strong></span> <span class='ocrx_word' id='word_1_539' title='bbox 1493 3673 1558 3733; x_wconf 81' lang='lat' dir='ltr'><strong>Non</strong></span> <span class='ocrx_word' id='word_1_540' title='bbox 1567 3673 1695 3732; x_wconf 81' lang='lat' dir='ltr'><strong>satiator</strong></span> <span class='ocrx_word' id='word_1_541' title='bbox 1703 3675 1806 3732; x_wconf 82' lang='lat' dir='ltr'><strong>ocutus</strong></span> 
     </span>
     <span class='ocr_line' id='line_1_41' title="bbox 147 3753 1805 3834; baseline 0.005 -23"><span class='ocrx_word' id='word_1_542' title='bbox 147 3762 177 3811; x_wconf 91' lang='lat' dir='ltr'><strong>et</strong></span> <span class='ocrx_word' id='word_1_543' title='bbox 205 3753 358 3812; x_wconf 90' lang='lat' dir='ltr'><strong>liberalium</strong></span> <span class='ocrx_word' id='word_1_544' title='bbox 386 3753 570 3811; x_wconf 84' lang='lat' dir='ltr'><strong>doctrinarum</strong></span> <span class='ocrx_word' id='word_1_545' title='bbox 598 3763 731 3828; x_wconf 83' lang='lat' dir='ltr'><strong>prompte</strong></span> <span class='ocrx_word' id='word_1_546' title='bbox 750 3759 898 3827; x_wconf 77' lang='lat' dir='ltr'><strong>memorie,</strong></span> <span class='ocrx_word' id='word_1_547' title='bbox 920 3769 948 3816; x_wconf 88' lang='lat' dir='ltr'><strong>et</strong></span> <span class='ocrx_word' id='word_1_548' title='bbox 999 3759 1075 3826; x_wconf 83' lang='lat' dir='ltr'><strong>uisu,</strong></span> <span class='ocrx_word' id='word_1_549' title='bbox 1090 3776 1143 3816; x_wconf 82' lang='lat' dir='ltr'><strong>uec</strong></span> <span class='ocrx_word' id='word_1_550' title='bbox 1158 3762 1240 3818; x_wconf 80' lang='lat' dir='ltr'><strong>uaris</strong></span> <span class='ocrx_word' id='word_1_551' title='bbox 1258 3761 1398 3834; x_wconf 78' lang='lat' dir='ltr'><strong>expietur</strong></span> <span class='ocrx_word' id='word_1_552' title='bbox 1418 3763 1525 3821; x_wconf 77' lang='lat' dir='ltr'><strong>audita</strong></span> <span class='ocrx_word' id='word_1_553' title='bbox 1538 3764 1646 3832; x_wconf 61' lang='lat' dir='ltr'><strong>(Ecce.</strong></span> <span class='ocrx_word' id='word_1_554' title='bbox 1667 3779 1688 3831; x_wconf 89' lang='lat' dir='ltr'><strong>r,</strong></span> <span class='ocrx_word' id='word_1_555' title='bbox 1700 3765 1742 3832; x_wconf 84' lang='lat'><strong>8).</strong></span> <span class='ocrx_word' id='word_1_556' title='bbox 1762 3764 1805 3820; x_wconf 88' lang='lat' dir='ltr'><strong>De</strong></span> 
     </span>
     <span class='ocr_line' id='line_1_42' title="bbox 147 3844 1806 3923; baseline 0.005 -23"><span class='ocrx_word' id='word_1_557' title='bbox 147 3845 302 3919; x_wconf 85' lang='lat' dir='ltr'><strong>perspicuae</strong></span> <span class='ocrx_word' id='word_1_558' title='bbox 328 3844 527 3919; x_wconf 83' lang='lat' dir='ltr'><strong>intelligentiae,</strong></span> <span class='ocrx_word' id='word_1_559' title='bbox 551 3844 579 3900; x_wconf 90' lang='lat' dir='ltr'><strong>in</strong></span> <span class='ocrx_word' id='word_1_560' title='bbox 598 3844 697 3916; x_wconf 85' lang='lat' dir='ltr'><strong>quibus</strong></span> <span class='ocrx_word' id='word_1_561' title='bbox 723 3845 807 3907; x_wconf 62' lang='lat'><strong>192</strong></span> <span class='ocrx_word' id='word_1_562' title='bbox 826 3849 948 3907; x_wconf 78' lang='lat' dir='ltr'><strong>scientia</strong></span> <span class='ocrx_word' id='word_1_563' title='bbox 1001 3847 1155 3918; x_wconf 79' lang='lat' dir='ltr'><strong>hujusmodi</strong></span> <span class='ocrx_word' id='word_1_564' title='bbox 1166 3849 1323 3908; x_wconf 85' lang='lat' dir='ltr'><strong>telibenter</strong></span> <span class='ocrx_word' id='word_1_565' title='bbox 1338 3851 1548 3923; x_wconf 83' lang='lat' dir='ltr'><strong>prophetantem</strong></span> <span class='ocrx_word' id='word_1_566' title='bbox 1557 3851 1667 3908; x_wconf 84' lang='lat' dir='ltr'><strong>audiam</strong></span> <span class='ocrx_word' id='word_1_567' title='bbox 1679 3870 1686 3918; x_wconf 92' lang='lat'>;</span> <span class='ocrx_word' id='word_1_568' title='bbox 1698 3860 1727 3908; x_wconf 89' lang='lat' dir='ltr'><strong>et</strong></span> <span class='ocrx_word' id='word_1_569' title='bbox 1741 3869 1806 3909; x_wconf 89' lang='lat' dir='ltr'><strong>cum</strong></span> 
     </span>
     <span class='ocr_line' id='line_1_43' title="bbox 147 3929 1806 4013; baseline 0.004 -24"><span class='ocrx_word' id='word_1_570' title='bbox 147 3934 272 3997; x_wconf 86' lang='lat' dir='ltr'><strong>consistit</strong></span> <span class='ocrx_word' id='word_1_571' title='bbox 295 3934 448 4008; x_wconf 86' lang='lat' dir='ltr'><strong>integritas.</strong></span> <span class='ocrx_word' id='word_1_572' title='bbox 470 3934 545 3991; x_wconf 83' lang='lat' dir='ltr'><strong>Bona</strong></span> <span class='ocrx_word' id='word_1_573' title='bbox 566 3929 640 3992; x_wconf 82' lang='lat' dir='ltr'><strong>eninr</strong></span> <span class='ocrx_word' id='word_1_574' title='bbox 654 3937 752 3995; x_wconf 88' lang='lat' dir='ltr'><strong>artium</strong></span> <span class='ocrx_word' id='word_1_575' title='bbox 770 3939 875 4010; x_wconf 86' lang='lat' dir='ltr'><strong>notitia,</strong></span> <span class='ocrx_word' id='word_1_576' title='bbox 897 3941 947 3998; x_wconf 88' lang='lat' dir='ltr'><strong>sed</strong></span> <span class='ocrx_word' id='word_1_577' title='bbox 1000 3943 1028 3994; x_wconf 89' lang='lat' dir='ltr'><strong>te</strong></span> <span class='ocrx_word' id='word_1_578' title='bbox 1042 3937 1070 3994; x_wconf 91' lang='lat' dir='ltr'><strong>in</strong></span> <span class='ocrx_word' id='word_1_579' title='bbox 1093 3936 1261 3995; x_wconf 88' lang='lat' dir='ltr'><strong>immensum</strong></span> <span class='ocrx_word' id='word_1_580' title='bbox 1283 3939 1374 4013; x_wconf 88' lang='lat' dir='ltr'><strong>pelagi</strong></span> <span class='ocrx_word' id='word_1_581' title='bbox 1400 3940 1480 4012; x_wconf 76' lang='lat' dir='ltr'><strong>buius</strong></span> <span class='ocrx_word' id='word_1_582' title='bbox 1502 3940 1668 4013; x_wconf 85' lang='lat' dir='ltr'><strong>profundum</strong></span> <span class='ocrx_word' id='word_1_583' title='bbox 1691 3941 1806 3998; x_wconf 89' lang='lat' dir='ltr'><strong>immer-</strong></span> 
     </span>
     <span class='ocr_line' id='line_1_44' title="bbox 146 4021 1806 4104; baseline 0.004 -25"><span class='ocrx_word' id='word_1_584' title='bbox 146 4021 245 4095; x_wconf 78' lang='lat' dir='ltr'><strong>siquis</strong></span> <span class='ocrx_word' id='word_1_585' title='bbox 267 4022 308 4077; x_wconf 95' lang='lat' dir='ltr'><strong>eis</strong></span> <span class='ocrx_word' id='word_1_586' title='bbox 334 4021 456 4094; x_wconf 76' lang='lat' dir='ltr'><strong>legitime</strong></span> <span class='ocrx_word' id='word_1_587' title='bbox 478 4030 579 4090; x_wconf 89' lang='lat' dir='ltr'><strong>utatur,</strong></span> <span class='ocrx_word' id='word_1_588' title='bbox 606 4023 694 4081; x_wconf 90' lang='lat' dir='ltr'><strong>idest</strong></span> <span class='ocrx_word' id='word_1_589' title='bbox 718 4033 846 4101; x_wconf 83' lang='lat' dir='ltr'><strong>tanqnmn</strong></span> <span class='ocrx_word' id='word_1_590' title='bbox 859 4030 947 4101; x_wconf 87' lang='lat' dir='ltr'><strong>gradu</strong></span> <span class='ocrx_word' id='word_1_591' title='bbox 1000 4025 1069 4083; x_wconf 83' lang='lat' dir='ltr'><strong>aeris</strong></span> <span class='ocrx_word' id='word_1_592' title='bbox 1093 4027 1218 4084; x_wconf 89' lang='lat' dir='ltr'><strong>curiosus</strong></span> <span class='ocrx_word' id='word_1_593' title='bbox 1236 4036 1389 4100; x_wconf 18' lang='lat' dir='ltr'><strong>tremeler,</strong></span> <span class='ocrx_word' id='word_1_594' title='bbox 1413 4038 1607 4102; x_wconf 86' lang='lat' dir='ltr'><strong>aspergentem</strong></span> <span class='ocrx_word' id='word_1_595' title='bbox 1630 4029 1672 4089; x_wconf 85' lang='lat' dir='ltr'><strong>bis</strong></span> <span class='ocrx_word' id='word_1_596' title='bbox 1696 4029 1744 4104; x_wconf 91' lang='lat' dir='ltr'><strong>qui</strong></span> <span class='ocrx_word' id='word_1_597' title='bbox 1767 4030 1806 4086; x_wconf 89' lang='lat' dir='ltr'><strong>ad</strong></span> 
     </span>
     <span class='ocr_line' id='line_1_45' title="bbox 146 4109 1805 4188; baseline 0.004 -22"><span class='ocrx_word' id='word_1_598' title='bbox 146 4109 264 4184; x_wconf 89' lang='lat' dir='ltr'><strong>quodam</strong></span> <span class='ocrx_word' id='word_1_599' title='bbox 280 4117 308 4166; x_wconf 91' lang='lat' dir='ltr'><strong>et</strong></span> <span class='ocrx_word' id='word_1_600' title='bbox 329 4110 454 4185; x_wconf 82' lang='lat' dir='ltr'><strong>vestigio,</strong></span> <span class='ocrx_word' id='word_1_601' title='bbox 474 4126 529 4168; x_wconf 92' lang='lat' dir='ltr'><strong>non</strong></span> <span class='ocrx_word' id='word_1_602' title='bbox 552 4128 608 4184; x_wconf 89' lang='lat' dir='ltr'><strong>quo</strong></span> <span class='ocrx_word' id='word_1_603' title='bbox 626 4120 712 4168; x_wconf 88' lang='lat' dir='ltr'><strong>stetur</strong></span> <span class='ocrx_word' id='word_1_604' title='bbox 729 4122 757 4170; x_wconf 90' lang='lat' dir='ltr'><strong>et</strong></span> <span class='ocrx_word' id='word_1_605' title='bbox 771 4114 945 4188; x_wconf 77' lang='lat' dir='ltr'><strong>inhumatur,</strong></span> <span class='ocrx_word' id='word_1_606' title='bbox 999 4115 1127 4173; x_wconf 90' lang='lat' dir='ltr'><strong>uberiora</strong></span> <span class='ocrx_word' id='word_1_607' title='bbox 1150 4116 1257 4175; x_wconf 87' lang='lat' dir='ltr'><strong>habiles</strong></span> <span class='ocrx_word' id='word_1_608' title='bbox 1282 4133 1338 4175; x_wconf 92' lang='lat' dir='ltr'><strong>nou</strong></span> <span class='ocrx_word' id='word_1_609' title='bbox 1364 4125 1437 4186; x_wconf 88' lang='lat' dir='ltr'><strong>sant,</strong></span> <span class='ocrx_word' id='word_1_610' title='bbox 1462 4132 1576 4176; x_wconf 85' lang='lat' dir='ltr'><strong>suavem</strong></span> <span class='ocrx_word' id='word_1_611' title='bbox 1598 4116 1687 4181; x_wconf 80' lang='lat' dir='ltr'><strong>vitalis</strong></span> <span class='ocrx_word' id='word_1_612' title='bbox 1709 4132 1805 4174; x_wconf 89' lang='lat' dir='ltr'><strong>rorem</strong></span> 
     </span>
     <span class='ocr_line' id='line_1_46' title="bbox 146 4198 1805 4278; baseline 0.003 -23"><span class='ocrx_word' id='word_1_613' title='bbox 146 4199 196 4255; x_wconf 85' lang='lat' dir='ltr'><strong>aad</strong></span> <span class='ocrx_word' id='word_1_614' title='bbox 223 4214 278 4275; x_wconf 92' lang='lat' dir='ltr'><strong>qno</strong></span> <span class='ocrx_word' id='word_1_615' title='bbox 309 4198 443 4256; x_wconf 90' lang='lat' dir='ltr'><strong>utendum</strong></span> <span class='ocrx_word' id='word_1_616' title='bbox 474 4199 510 4255; x_wconf 88' lang='lat' dir='ltr'><strong>sit</strong></span> <span class='ocrx_word' id='word_1_617' title='bbox 536 4198 571 4255; x_wconf 91' lang='lat' dir='ltr'><strong>ad</strong></span> <span class='ocrx_word' id='word_1_618' title='bbox 598 4200 741 4273; x_wconf 87' lang='lat' dir='ltr'><strong>superiora</strong></span> <span class='ocrx_word' id='word_1_619' title='bbox 768 4203 893 4276; x_wconf 79' lang='lat' dir='ltr'><strong>quaedam</strong></span> <span class='ocrx_word' id='word_1_620' title='bbox 919 4214 947 4262; x_wconf 91' lang='lat' dir='ltr'><strong>et</strong></span> <span class='ocrx_word' id='word_1_621' title='bbox 1000 4204 1161 4278; x_wconf 60' lang='lat' dir='ltr'><strong>aspisatim</strong></span> <span class='ocrx_word' id='word_1_622' title='bbox 1178 4221 1242 4263; x_wconf 91' lang='lat' dir='ltr'><strong>cum</strong></span> <span class='ocrx_word' id='word_1_623' title='bbox 1258 4223 1322 4265; x_wconf 79' lang='lat' dir='ltr'><strong>tero</strong></span> <span class='ocrx_word' id='word_1_624' title='bbox 1338 4205 1805 4264; x_wconf 82' lang='lat' dir='ltr'><strong>divinateeonverterisadbenefi·</strong></span> 
     </span>
     <span class='ocr_line' id='line_1_47' title="bbox 146 4287 1805 4371; baseline 0.005 -28"><span class='ocrx_word' id='word_1_625' title='bbox 146 4288 282 4347; x_wconf 80' lang='lat' dir='ltr'><strong>senedora</strong></span> <span class='ocrx_word' id='word_1_626' title='bbox 296 4295 325 4345; x_wconf 94' lang='lat' dir='ltr'><strong>et</strong></span> <span class='ocrx_word' id='word_1_627' title='bbox 343 4288 431 4363; x_wconf 87' lang='lat' dir='ltr'><strong>magis</strong></span> <span class='ocrx_word' id='word_1_628' title='bbox 449 4287 545 4345; x_wconf 91' lang='lat' dir='ltr'><strong>intima</strong></span> <span class='ocrx_word' id='word_1_629' title='bbox 568 4305 668 4347; x_wconf 88' lang='lat' dir='ltr'><strong>arcana</strong></span> <span class='ocrx_word' id='word_1_630' title='bbox 688 4291 840 4362; x_wconf 82' lang='lat' dir='ltr'><strong>sapientire,</strong></span> <span class='ocrx_word' id='word_1_631' title='bbox 854 4292 883 4349; x_wconf 92' lang='lat' dir='ltr'><strong>in</strong></span> <span class='ocrx_word' id='word_1_632' title='bbox 898 4310 946 4351; x_wconf 91' lang='lat' dir='ltr'><strong>re·</strong></span> <span class='ocrx_word' id='word_1_633' title='bbox 1000 4294 1053 4360; x_wconf 90' lang='lat' dir='ltr'><strong>cia,</strong></span> <span class='ocrx_word' id='word_1_634' title='bbox 1072 4302 1136 4352; x_wconf 91' lang='lat' dir='ltr'><strong>tunc</strong></span> <span class='ocrx_word' id='word_1_635' title='bbox 1151 4295 1290 4368; x_wconf 80' lang='lat' dir='ltr'><strong>profusius</strong></span> <span class='ocrx_word' id='word_1_636' title='bbox 1300 4297 1493 4371; x_wconf 87' lang='lat' dir='ltr'><strong>explicantem,</strong></span> <span class='ocrx_word' id='word_1_637' title='bbox 1508 4305 1537 4353; x_wconf 91' lang='lat' dir='ltr'><strong>et</strong></span> <span class='ocrx_word' id='word_1_638' title='bbox 1550 4296 1742 4368; x_wconf 89' lang='lat' dir='ltr'><strong>expedientem</strong></span> <span class='ocrx_word' id='word_1_639' title='bbox 1756 4311 1805 4352; x_wconf 93' lang='lat' dir='ltr'><strong>co-</strong></span> 
     </span>
     <span class='ocr_line' id='line_1_48' title="bbox 146 4376 1804 4460; baseline 0.003 -25"><span class='ocrx_word' id='word_1_640' title='bbox 146 4376 271 4435; x_wconf 86' lang='lat' dir='ltr'><strong>conditos</strong></span> <span class='ocrx_word' id='word_1_641' title='bbox 285 4384 313 4434; x_wconf 93' lang='lat' dir='ltr'><strong>et</strong></span> <span class='ocrx_word' id='word_1_642' title='bbox 327 4393 427 4434; x_wconf 90' lang='lat' dir='ltr'><strong>suaves</strong></span> <span class='ocrx_word' id='word_1_643' title='bbox 436 4393 573 4446; x_wconf 86' lang='lat' dir='ltr'><strong>recessus,</strong></span> <span class='ocrx_word' id='word_1_644' title='bbox 587 4386 616 4434; x_wconf 90' lang='lat' dir='ltr'><strong>et</strong></span> <span class='ocrx_word' id='word_1_645' title='bbox 629 4379 657 4434; x_wconf 94' lang='lat' dir='ltr'><strong>in</strong></span> <span class='ocrx_word' id='word_1_646' title='bbox 671 4379 758 4453; x_wconf 90' lang='lat' dir='ltr'><strong>ipsam</strong></span> <span class='ocrx_word' id='word_1_647' title='bbox 773 4380 862 4438; x_wconf 92' lang='lat' dir='ltr'><strong>lucem</strong></span> <span class='ocrx_word' id='word_1_648' title='bbox 871 4382 947 4439; x_wconf 90' lang='lat' dir='ltr'><strong>inac-</strong></span> <span class='ocrx_word' id='word_1_649' title='bbox 1001 4381 1104 4455; x_wconf 87' lang='lat' dir='ltr'><strong>piosius</strong></span> <span class='ocrx_word' id='word_1_650' title='bbox 1117 4400 1179 4456; x_wconf 81' lang='lat' dir='ltr'><strong>quae</strong></span> <span class='ocrx_word' id='word_1_651' title='bbox 1195 4385 1317 4442; x_wconf 86' lang='lat' dir='ltr'><strong>senseris</strong></span> <span class='ocrx_word' id='word_1_652' title='bbox 1331 4386 1366 4443; x_wconf 90' lang='lat' dir='ltr'><strong>de</strong></span> <span class='ocrx_word' id='word_1_653' title='bbox 1381 4386 1470 4456; x_wconf 90' lang='lat' dir='ltr'><strong>venia,</strong></span> <span class='ocrx_word' id='word_1_654' title='bbox 1481 4386 1578 4460; x_wconf 84' lang='lat' dir='ltr'><strong>gratia,</strong></span> <span class='ocrx_word' id='word_1_655' title='bbox 1594 4385 1694 4458; x_wconf 89' lang='lat' dir='ltr'><strong>gloria,</strong></span> <span class='ocrx_word' id='word_1_656' title='bbox 1709 4384 1745 4440; x_wconf 89' lang='lat' dir='ltr'><strong>de</strong></span> <span class='ocrx_word' id='word_1_657' title='bbox 1761 4385 1804 4440; x_wconf 88' lang='lat' dir='ltr'><strong>bis</strong></span> 
     </span>
     <span class='ocr_line' id='line_1_49' title="bbox 146 4465 1804 4545; baseline 0.003 -21"><span class='ocrx_word' id='word_1_658' title='bbox 146 4465 310 4537; x_wconf 80' lang='lat' dir='ltr'><strong>cessibilem,</strong></span> <span class='ocrx_word' id='word_1_659' title='bbox 327 4482 409 4539; x_wconf 89' lang='lat' dir='ltr'><strong>quarn</strong></span> <span class='ocrx_word' id='word_1_660' title='bbox 422 4466 556 4523; x_wconf 83' lang='lat' dir='ltr'><strong>inhabitat</strong></span> <span class='ocrx_word' id='word_1_661' title='bbox 569 4466 653 4527; x_wconf 85' lang='lat' dir='ltr'><strong>Deus.</strong></span> <span class='ocrx_word' id='word_1_662' title='bbox 672 4467 758 4538; x_wconf 82' lang='lat' dir='ltr'><strong>Quam</strong></span> <span class='ocrx_word' id='word_1_663' title='bbox 772 4468 869 4526; x_wconf 90' lang='lat' dir='ltr'><strong>artium</strong></span> <span class='ocrx_word' id='word_1_664' title='bbox 884 4485 946 4527; x_wconf 90' lang='lat' dir='ltr'><strong>om·</strong></span> <span class='ocrx_word' id='word_1_665' title='bbox 1002 4488 1064 4545; x_wconf 86' lang='lat' dir='ltr'><strong>quae</strong></span> <span class='ocrx_word' id='word_1_666' title='bbox 1077 4473 1121 4531; x_wconf 88' lang='lat' dir='ltr'><strong>vel</strong></span> <span class='ocrx_word' id='word_1_667' title='bbox 1135 4474 1220 4540; x_wconf 92' lang='lat' dir='ltr'><strong>dedit,</strong></span> <span class='ocrx_word' id='word_1_668' title='bbox 1237 4475 1281 4532; x_wconf 91' lang='lat' dir='ltr'><strong>vel</strong></span> <span class='ocrx_word' id='word_1_669' title='bbox 1296 4475 1425 4543; x_wconf 87' lang='lat' dir='ltr'><strong>reddidit,</strong></span> <span class='ocrx_word' id='word_1_670' title='bbox 1440 4476 1485 4534; x_wconf 91' lang='lat' dir='ltr'><strong>vel</strong></span> <span class='ocrx_word' id='word_1_671' title='bbox 1495 4473 1609 4542; x_wconf 86' lang='lat' dir='ltr'><strong>addidit,</strong></span> <span class='ocrx_word' id='word_1_672' title='bbox 1624 4483 1652 4531; x_wconf 87' lang='lat' dir='ltr'><strong>et</strong></span> <span class='ocrx_word' id='word_1_673' title='bbox 1666 4473 1804 4531; x_wconf 85' lang='lat' dir='ltr'><strong>universis</strong></span> 
     </span>
     <span class='ocr_line' id='line_1_50' title="bbox 145 4515 1800 4635; baseline 0.006 -22"><span class='ocrx_word' id='word_1_674' title='bbox 145 4556 219 4614; x_wconf 76' lang='lat' dir='ltr'><strong>mum</strong></span> <span class='ocrx_word' id='word_1_675' title='bbox 235 4563 322 4614; x_wconf 85' lang='lat' dir='ltr'><strong>artem</strong></span> <span class='ocrx_word' id='word_1_676' title='bbox 336 4554 462 4625; x_wconf 89' lang='lat' dir='ltr'><strong>dixerim,</strong></span> <span class='ocrx_word' id='word_1_677' title='bbox 482 4563 510 4612; x_wconf 87' lang='lat' dir='ltr'><strong>et</strong></span> <span class='ocrx_word' id='word_1_678' title='bbox 524 4555 624 4628; x_wconf 87' lang='lat' dir='ltr'><strong>legem,</strong></span> <span class='ocrx_word' id='word_1_679' title='bbox 640 4565 667 4612; x_wconf 91' lang='lat' dir='ltr'><strong>et</strong></span> <span class='ocrx_word' id='word_1_680' title='bbox 691 4556 816 4625; x_wconf 85' lang='lat' dir='ltr'><strong>lormam,</strong></span> <span class='ocrx_word' id='word_1_681' title='bbox 837 4567 865 4616; x_wconf 94' lang='lat' dir='ltr'><strong>et</strong></span> <span class='ocrx_word' id='word_1_682' title='bbox 879 4575 946 4616; x_wconf 90' lang='lat' dir='ltr'><strong>nor·</strong></span> <span class='ocrx_word' id='word_1_683' title='bbox 963 4515 986 4593; x_wconf 70' lang='lat' dir='ltr'>n</span> <span class='ocrx_word' id='word_1_684' title='bbox 1002 4577 1064 4633; x_wconf 82' lang='lat' dir='ltr'><strong>quae</strong></span> <span class='ocrx_word' id='word_1_685' title='bbox 1077 4578 1127 4634; x_wconf 92' lang='lat' dir='ltr'><strong>pro</strong></span> <span class='ocrx_word' id='word_1_686' title='bbox 1142 4563 1222 4619; x_wconf 88' lang='lat' dir='ltr'><strong>nobis</strong></span> <span class='ocrx_word' id='word_1_687' title='bbox 1235 4564 1347 4635; x_wconf 88' lang='lat' dir='ltr'><strong>pertulit</strong></span> <span class='ocrx_word' id='word_1_688' title='bbox 1360 4573 1389 4621; x_wconf 90' lang='lat' dir='ltr'><strong>et</strong></span> <span class='ocrx_word' id='word_1_689' title='bbox 1412 4564 1525 4621; x_wconf 92' lang='lat' dir='ltr'><strong>contulit</strong></span> <span class='ocrx_word' id='word_1_690' title='bbox 1547 4562 1627 4619; x_wconf 91' lang='lat' dir='ltr'><strong>nobis</strong></span> <span class='ocrx_word' id='word_1_691' title='bbox 1648 4562 1800 4623; x_wconf 85' lang='lat' dir='ltr'><strong>Dominus;</strong></span> 
     </span>
     <span class='ocr_line' id='line_1_51' title="bbox 146 4644 1802 4726; baseline 0.005 -27"><span class='ocrx_word' id='word_1_692' title='bbox 146 4659 228 4710; x_wconf 89' lang='lat' dir='ltr'><strong>mam,</strong></span> <span class='ocrx_word' id='word_1_693' title='bbox 255 4648 284 4700; x_wconf 92' lang='lat' dir='ltr'><strong>et</strong></span> <span class='ocrx_word' id='word_1_694' title='bbox 311 4644 454 4713; x_wconf 90' lang='lat' dir='ltr'><strong>rationem,</strong></span> <span class='ocrx_word' id='word_1_695' title='bbox 483 4651 511 4700; x_wconf 92' lang='lat' dir='ltr'><strong>et</strong></span> <span class='ocrx_word' id='word_1_696' title='bbox 529 4644 668 4716; x_wconf 84' lang='lat' dir='ltr'><strong>exemplar</strong></span> <span class='ocrx_word' id='word_1_697' title='bbox 684 4645 854 4715; x_wconf 15' lang='lat' dir='ltr'><strong>,universale</strong></span> <span class='ocrx_word' id='word_1_698' title='bbox 884 4649 946 4705; x_wconf 90' lang='lat' dir='ltr'><strong>uni·</strong></span> <span class='ocrx_word' id='word_1_699' title='bbox 1001 4662 1202 4723; x_wconf 89' lang='lat' dir='ltr'><strong>proponentem</strong></span> <span class='ocrx_word' id='word_1_700' title='bbox 1221 4653 1301 4709; x_wconf 87' lang='lat' dir='ltr'><strong>nobis</strong></span> <span class='ocrx_word' id='word_1_701' title='bbox 1325 4654 1513 4726; x_wconf 78' lang='lat' dir='ltr'><strong>precedentes</strong></span> <span class='ocrx_word' id='word_1_702' title='bbox 1524 4653 1552 4708; x_wconf 92' lang='lat' dir='ltr'><strong>in</strong></span> <span class='ocrx_word' id='word_1_703' title='bbox 1568 4651 1676 4708; x_wconf 87' lang='lat' dir='ltr'><strong>Christo</strong></span> <span class='ocrx_word' id='word_1_704' title='bbox 1694 4652 1802 4723; x_wconf 79' lang='lat' dir='ltr'><strong>passio</strong></span> 
     </span>
     <span class='ocr_line' id='line_1_52' title="bbox 143 4730 1801 4816; baseline 0.007 -30"><span class='ocrx_word' id='word_1_705' title='bbox 143 4731 244 4798; x_wconf 89' lang='lat' dir='ltr'><strong>lorme,</strong></span> <span class='ocrx_word' id='word_1_706' title='bbox 260 4731 420 4788; x_wconf 91' lang='lat' dir='ltr'><strong>invariabile</strong></span> <span class='ocrx_word' id='word_1_707' title='bbox 443 4746 449 4785; x_wconf 92' lang='lat'>:</span> <span class='ocrx_word' id='word_1_708' title='bbox 474 4730 639 4804; x_wconf 91' lang='lat' dir='ltr'><strong>ultraquam</strong></span> <span class='ocrx_word' id='word_1_709' title='bbox 654 4733 724 4790; x_wconf 85' lang='lat' dir='ltr'><strong>sicut</strong></span> <span class='ocrx_word' id='word_1_710' title='bbox 746 4751 798 4793; x_wconf 87' lang='lat' dir='ltr'><strong>uec</strong></span> <span class='ocrx_word' id='word_1_711' title='bbox 819 4738 948 4812; x_wconf 83' lang='lat' dir='ltr'><strong>progredi</strong></span> <span class='ocrx_word' id='word_1_712' title='bbox 1001 4755 1072 4810; x_wconf 87' lang='lat' dir='ltr'><strong>nes,</strong></span> <span class='ocrx_word' id='word_1_713' title='bbox 1095 4750 1123 4798; x_wconf 92' lang='lat' dir='ltr'><strong>et</strong></span> <span class='ocrx_word' id='word_1_714' title='bbox 1146 4741 1251 4798; x_wconf 87' lang='lat' dir='ltr'><strong>luturas</strong></span> <span class='ocrx_word' id='word_1_715' title='bbox 1271 4742 1383 4816; x_wconf 86' lang='lat' dir='ltr'><strong>glorias,</strong></span> <span class='ocrx_word' id='word_1_716' title='bbox 1405 4743 1563 4816; x_wconf 87' lang='lat' dir='ltr'><strong>patientiam</strong></span> <span class='ocrx_word' id='word_1_717' title='bbox 1587 4741 1801 4811; x_wconf 88' lang='lat' dir='ltr'><strong>tribulationum,</strong></span> 
     </span>
     <span class='ocr_line' id='line_1_53' title="bbox 145 4819 1802 4903; baseline 0.007 -29"><span class='ocrx_word' id='word_1_718' title='bbox 145 4835 301 4892; x_wconf 88' lang='lat' dir='ltr'><strong>possumus,</strong></span> <span class='ocrx_word' id='word_1_719' title='bbox 317 4819 356 4875; x_wconf 84' lang='lat' dir='ltr'><strong>sie</strong></span> <span class='ocrx_word' id='word_1_720' title='bbox 377 4834 428 4876; x_wconf 92' lang='lat' dir='ltr'><strong>nee</strong></span> <span class='ocrx_word' id='word_1_721' title='bbox 449 4819 519 4876; x_wconf 89' lang='lat' dir='ltr'><strong>citra</strong></span> <span class='ocrx_word' id='word_1_722' title='bbox 542 4821 692 4879; x_wconf 88' lang='lat' dir='ltr'><strong>subsistere</strong></span> <span class='ocrx_word' id='word_1_723' title='bbox 707 4822 855 4892; x_wconf 80' lang='lat' dir='ltr'><strong>debemns3</strong></span> <span class='ocrx_word' id='word_1_724' title='bbox 871 4828 949 4898; x_wconf 84' lang='lat' dir='ltr'><strong>eujus</strong></span> <span class='ocrx_word' id='word_1_725' title='bbox 1002 4837 1032 4888; x_wconf 88' lang='lat' dir='ltr'><strong>et</strong></span> <span class='ocrx_word' id='word_1_726' title='bbox 1043 4832 1274 4903; x_wconf 88' lang='lat' dir='ltr'><strong>exspectationem</strong></span> <span class='ocrx_word' id='word_1_727' title='bbox 1290 4831 1512 4900; x_wconf 90' lang='lat' dir='ltr'><strong>retributionum,</strong></span> <span class='ocrx_word' id='word_1_728' title='bbox 1531 4833 1667 4889; x_wconf 89' lang='lat' dir='ltr'><strong>elementa</strong></span> <span class='ocrx_word' id='word_1_729' title='bbox 1680 4829 1756 4897; x_wconf 89' lang='lat' dir='ltr'><strong>iidei,</strong></span> <span class='ocrx_word' id='word_1_730' title='bbox 1774 4839 1802 4888; x_wconf 92' lang='lat' dir='ltr'><strong>et</strong></span> 
     </span>
     <span class='ocr_line' id='line_1_54' title="bbox 145 4908 1801 4996; baseline 0.007 -32"><span class='ocrx_word' id='word_1_731' title='bbox 145 4918 274 4983; x_wconf 90' lang='lat' dir='ltr'><strong>respectu</strong></span> <span class='ocrx_word' id='word_1_732' title='bbox 294 4908 384 4965; x_wconf 89' lang='lat' dir='ltr'><strong>omnis</strong></span> <span class='ocrx_word' id='word_1_733' title='bbox 405 4908 459 4964; x_wconf 90' lang='lat' dir='ltr'><strong>alia</strong></span> <span class='ocrx_word' id='word_1_734' title='bbox 479 4923 659 4983; x_wconf 76' lang='lat' dir='ltr'><strong>quecumque</strong></span> <span class='ocrx_word' id='word_1_735' title='bbox 683 4918 711 4967; x_wconf 91' lang='lat' dir='ltr'><strong>et</strong></span> <span class='ocrx_word' id='word_1_736' title='bbox 738 4922 949 4988; x_wconf 85' lang='lat' dir='ltr'><strong>quantacunque</strong></span> <span class='ocrx_word' id='word_1_737' title='bbox 1002 4933 1110 4981; x_wconf 85' lang='lat' dir='ltr'><strong>monum</strong></span> <span class='ocrx_word' id='word_1_738' title='bbox 1125 4919 1260 4989; x_wconf 89' lang='lat' dir='ltr'><strong>instituta,</strong></span> <span class='ocrx_word' id='word_1_739' title='bbox 1281 4929 1309 4977; x_wconf 90' lang='lat' dir='ltr'><strong>et</strong></span> <span class='ocrx_word' id='word_1_740' title='bbox 1322 4921 1448 4996; x_wconf 86' lang='lat' dir='ltr'><strong>singulos</strong></span> <span class='ocrx_word' id='word_1_741' title='bbox 1461 4929 1666 4994; x_wconf 87' lang='lat' dir='ltr'><strong>percurrentem</strong></span> <span class='ocrx_word' id='word_1_742' title='bbox 1686 4935 1801 4978; x_wconf 87' lang='lat' dir='ltr'><strong>renova·</strong></span> 
     </span>
     <span class='ocr_line' id='line_1_55' title="bbox 146 4996 1801 5083; baseline 0.007 -29"><span class='ocrx_word' id='word_1_743' title='bbox 146 4997 229 5056; x_wconf 81' lang='lat' dir='ltr'><strong>luerit</strong></span> <span class='ocrx_word' id='word_1_744' title='bbox 250 4997 393 5068; x_wconf 89' lang='lat' dir='ltr'><strong>sapientia,</strong></span> <span class='ocrx_word' id='word_1_745' title='bbox 417 5011 472 5053; x_wconf 93' lang='lat' dir='ltr'><strong>non</strong></span> <span class='ocrx_word' id='word_1_746' title='bbox 488 4996 653 5054; x_wconf 81' lang='lat' dir='ltr'><strong>moderans</strong></span> <span class='ocrx_word' id='word_1_747' title='bbox 676 5007 728 5071; x_wconf 90' lang='lat' dir='ltr'><strong>est,</strong></span> <span class='ocrx_word' id='word_1_748' title='bbox 753 5001 876 5057; x_wconf 86' lang='lat' dir='ltr'><strong>siistnm</strong></span> <span class='ocrx_word' id='word_1_749' title='bbox 892 5019 948 5061; x_wconf 90' lang='lat' dir='ltr'><strong>nen</strong></span> <span class='ocrx_word' id='word_1_750' title='bbox 983 5007 1085 5064; x_wconf 74' lang='lat' dir='ltr'><strong>tionis</strong></span> <span class='ocrx_word' id='word_1_751' title='bbox 1108 5015 1136 5064; x_wconf 93' lang='lat' dir='ltr'><strong>et</strong></span> <span class='ocrx_word' id='word_1_752' title='bbox 1164 5008 1338 5082; x_wconf 79' lang='lat' dir='ltr'><strong>profectuum</strong></span> <span class='ocrx_word' id='word_1_753' title='bbox 1362 5011 1474 5083; x_wconf 89' lang='lat' dir='ltr'><strong>gradus.</strong></span> <span class='ocrx_word' id='word_1_754' title='bbox 1500 5010 1617 5083; x_wconf 85' lang='lat' dir='ltr'><strong>Copiosa</strong></span> <span class='ocrx_word' id='word_1_755' title='bbox 1640 5011 1699 5073; x_wconf 83' lang='lat' dir='ltr'><strong>baec</strong></span> <span class='ocrx_word' id='word_1_756' title='bbox 1720 5010 1801 5081; x_wconf 80' lang='lat' dir='ltr'><strong>plaste</strong></span> 
     </span>
     <span class='ocr_line' id='line_1_56' title="bbox 146 5084 1801 5176; baseline 0.006 -33"><span class='ocrx_word' id='word_1_757' title='bbox 146 5094 247 5160; x_wconf 71' lang='lat' dir='ltr'><strong>equat,</strong></span> <span class='ocrx_word' id='word_1_758' title='bbox 263 5086 408 5143; x_wconf 86' lang='lat' dir='ltr'><strong>sedetiam</strong></span> <span class='ocrx_word' id='word_1_759' title='bbox 422 5084 525 5158; x_wconf 88' lang='lat' dir='ltr'><strong>iniqua,</strong></span> <span class='ocrx_word' id='word_1_760' title='bbox 541 5087 564 5140; x_wconf 91' lang='lat' dir='ltr'><strong>si</strong></span> <span class='ocrx_word' id='word_1_761' title='bbox 579 5085 614 5141; x_wconf 87' lang='lat' dir='ltr'><strong>ad</strong></span> <span class='ocrx_word' id='word_1_762' title='bbox 628 5086 699 5144; x_wconf 89' lang='lat' dir='ltr'><strong>banc</strong></span> <span class='ocrx_word' id='word_1_763' title='bbox 719 5104 750 5144; x_wconf 90' lang='lat' dir='ltr'><strong>se</strong></span> <span class='ocrx_word' id='word_1_764' title='bbox 765 5105 819 5146; x_wconf 90' lang='lat' dir='ltr'><strong>noo</strong></span> <span class='ocrx_word' id='word_1_765' title='bbox 834 5091 945 5167; x_wconf 87' lang='lat' dir='ltr'><strong>dirigat;</strong></span> <span class='ocrx_word' id='word_1_766' title='bbox 1001 5095 1117 5153; x_wconf 89' lang='lat' dir='ltr'><strong>materia</strong></span> <span class='ocrx_word' id='word_1_767' title='bbox 1129 5106 1158 5154; x_wconf 92' lang='lat' dir='ltr'><strong>et</strong></span> <span class='ocrx_word' id='word_1_768' title='bbox 1172 5099 1383 5170; x_wconf 87' lang='lat' dir='ltr'><strong>concupiscibile</strong></span> <span class='ocrx_word' id='word_1_769' title='bbox 1404 5101 1564 5176; x_wconf 83' lang='lat' dir='ltr'><strong>negotium:</strong></span> <span class='ocrx_word' id='word_1_770' title='bbox 1582 5115 1635 5156; x_wconf 91' lang='lat' dir='ltr'><strong>nec</strong></span> <span class='ocrx_word' id='word_1_771' title='bbox 1649 5109 1692 5155; x_wconf 86' lang='lat' dir='ltr'><strong>est</strong></span> <span class='ocrx_word' id='word_1_772' title='bbox 1707 5098 1755 5154; x_wconf 90' lang='lat' dir='ltr'><strong>nbi</strong></span> <span class='ocrx_word' id='word_1_773' title='bbox 1769 5113 1801 5154; x_wconf 90' lang='lat' dir='ltr'><strong>se</strong></span> 
     </span>
    </p>
   </div>
   <div class='ocr_carea' id='block_1_4' title="bbox 149 5175 1801 5352">
    <p class='ocr_par' dir='ltr' id='par_1_4' title="bbox 149 5175 1801 5352">
     <span class='ocr_line' id='line_1_57' title="bbox 149 5175 1801 5261; baseline 0.005 -28"><span class='ocrx_word' id='word_1_774' title='bbox 149 5176 220 5233; x_wconf 90' lang='lat' dir='ltr'><strong>siita</strong></span> <span class='ocrx_word' id='word_1_775' title='bbox 242 5177 362 5234; x_wconf 90' lang='lat' dir='ltr'><strong>studium</strong></span> <span class='ocrx_word' id='word_1_776' title='bbox 377 5183 500 5232; x_wconf 88' lang='lat' dir='ltr'><strong>nostrum</strong></span> <span class='ocrx_word' id='word_1_777' title='bbox 515 5175 642 5233; x_wconf 89' lang='lat' dir='ltr'><strong>sollicitet</strong></span> <span class='ocrx_word' id='word_1_778' title='bbox 654 5184 683 5233; x_wconf 91' lang='lat' dir='ltr'><strong>et</strong></span> <span class='ocrx_word' id='word_1_779' title='bbox 701 5175 799 5234; x_wconf 84' lang='lat' dir='ltr'><strong>alliciat</strong></span> <span class='ocrx_word' id='word_1_780' title='bbox 812 5181 848 5235; x_wconf 93' lang='lat' dir='ltr'><strong>ad</strong></span> <span class='ocrx_word' id='word_1_781' title='bbox 861 5196 903 5248; x_wconf 89' lang='lat' dir='ltr'><strong>se,</strong></span> <span class='ocrx_word' id='word_1_782' title='bbox 918 5192 948 5239; x_wconf 96' lang='lat' dir='ltr'><strong>nt</strong></span> <span class='ocrx_word' id='word_1_783' title='bbox 1001 5183 1146 5241; x_wconf 91' lang='lat' dir='ltr'><strong>lecundius</strong></span> <span class='ocrx_word' id='word_1_784' title='bbox 1158 5195 1186 5242; x_wconf 92' lang='lat' dir='ltr'><strong>et</strong></span> <span class='ocrx_word' id='word_1_785' title='bbox 1210 5187 1373 5246; x_wconf 81' lang='lat' dir='ltr'><strong>fructuosius</strong></span> <span class='ocrx_word' id='word_1_786' title='bbox 1395 5203 1526 5246; x_wconf 83' lang='lat' dir='ltr'><strong>exercere</strong></span> <span class='ocrx_word' id='word_1_787' title='bbox 1544 5196 1637 5260; x_wconf 89' lang='lat' dir='ltr'><strong>potest</strong></span> <span class='ocrx_word' id='word_1_788' title='bbox 1650 5187 1801 5261; x_wconf 85' lang='lat' dir='ltr'><strong>quamlibet</strong></span> 
     </span>
     <span class='ocr_line' id='line_1_58' title="bbox 150 5263 1540 5352; baseline 0.012 -33"><span class='ocrx_word' id='word_1_789' title='bbox 150 5263 358 5323; x_wconf 88' lang='lat' dir='ltr'><strong>delectationem</strong></span> <span class='ocrx_word' id='word_1_790' title='bbox 380 5272 501 5322; x_wconf 73' lang='lat' dir='ltr'><strong>unarum</strong></span> <span class='ocrx_word' id='word_1_791' title='bbox 528 5264 649 5324; x_wconf 86' lang='lat' dir='ltr'><strong>detineat</strong></span> <span class='ocrx_word' id='word_1_792' title='bbox 670 5274 698 5322; x_wconf 89' lang='lat' dir='ltr'><strong>et</strong></span> <span class='ocrx_word' id='word_1_793' title='bbox 725 5266 834 5325; x_wconf 89' lang='lat' dir='ltr'><strong>deludat</strong></span> <span class='ocrx_word' id='word_1_794' title='bbox 854 5270 884 5325; x_wconf 93' lang='lat' dir='ltr'><strong>in</strong></span> <span class='ocrx_word' id='word_1_795' title='bbox 905 5289 945 5341; x_wconf 92' lang='lat' dir='ltr'><strong>se,</strong></span> <span class='ocrx_word' id='word_1_796' title='bbox 1001 5272 1043 5335; x_wconf 88' lang='lat' dir='ltr'><strong>vel</strong></span> <span class='ocrx_word' id='word_1_797' title='bbox 1060 5274 1160 5332; x_wconf 88' lang='lat' dir='ltr'><strong>ardens</strong></span> <span class='ocrx_word' id='word_1_798' title='bbox 1179 5276 1222 5334; x_wconf 92' lang='lat' dir='ltr'><strong>vel</strong></span> <span class='ocrx_word' id='word_1_799' title='bbox 1236 5277 1375 5333; x_wconf 89' lang='lat' dir='ltr'><strong>eruditum</strong></span> <span class='ocrx_word' id='word_1_800' title='bbox 1388 5277 1540 5352; x_wconf 86' lang='lat' dir='ltr'><strong>ingenium.</strong></span> 
     </span>
    </p>
   </div>
   <div class='ocr_carea' id='block_1_5' title="bbox 150 5351 1800 5531">
    <p class='ocr_par' dir='ltr' id='par_1_5' title="bbox 150 5351 1800 5531">
     <span class='ocr_line' id='line_1_59' title="bbox 153 5351 1800 5438; baseline 0.009 -29"><span class='ocrx_word' id='word_1_801' title='bbox 153 5351 259 5426; x_wconf 89' lang='lat' dir='ltr'><strong>bocque</strong></span> <span class='ocrx_word' id='word_1_802' title='bbox 274 5353 329 5411; x_wconf 88' lang='lat' dir='ltr'><strong>line</strong></span> <span class='ocrx_word' id='word_1_803' title='bbox 342 5355 475 5413; x_wconf 79' lang='lat' dir='ltr'><strong>counitus</strong></span> <span class='ocrx_word' id='word_1_804' title='bbox 488 5355 664 5428; x_wconf 81' lang='lat' dir='ltr'><strong>conquiescat</strong></span> <span class='ocrx_word' id='word_1_805' title='bbox 676 5355 792 5426; x_wconf 75' lang='lat' dir='ltr'><strong>enimus,</strong></span> <span class='ocrx_word' id='word_1_806' title='bbox 808 5357 946 5430; x_wconf 85' lang='lat' dir='ltr'><strong>repulsam</strong></span> <span class='ocrx_word' id='word_1_807' title='bbox 1035 5366 1064 5425; x_wconf 80' lang='lat' dir='ltr'><strong>t.</strong></span> <span class='ocrx_word' id='word_1_808' title='bbox 1094 5365 1159 5423; x_wconf 79' lang='lat' dir='ltr'><strong>lloee</strong></span> <span class='ocrx_word' id='word_1_809' title='bbox 1177 5364 1280 5424; x_wconf 88' lang='lat' dir='ltr'><strong>ideirco</strong></span> <span class='ocrx_word' id='word_1_810' title='bbox 1298 5366 1425 5438; x_wconf 86' lang='lat' dir='ltr'><strong>dixerirn,</strong></span> <span class='ocrx_word' id='word_1_811' title='bbox 1453 5383 1489 5423; x_wconf 90' lang='lat' dir='ltr'><strong>ne</strong></span> <span class='ocrx_word' id='word_1_812' title='bbox 1503 5366 1634 5424; x_wconf 88' lang='lat' dir='ltr'><strong>inanium</strong></span> <span class='ocrx_word' id='word_1_813' title='bbox 1657 5374 1684 5424; x_wconf 91' lang='lat' dir='ltr'><strong>te</strong></span> <span class='ocrx_word' id='word_1_814' title='bbox 1707 5366 1800 5423; x_wconf 89' lang='lat' dir='ltr'><strong>studio</strong></span> 
     </span>
     <span class='ocr_line' id='line_1_60' title="bbox 150 5443 1800 5531; baseline 0.01 -35"><span class='ocrx_word' id='word_1_815' title='bbox 150 5456 249 5523; x_wconf 78' lang='lat' dir='ltr'><strong>passm</strong></span> <span class='ocrx_word' id='word_1_816' title='bbox 261 5457 297 5500; x_wconf 86' lang='lat' dir='ltr'><strong>ne</strong></span> <span class='ocrx_word' id='word_1_817' title='bbox 315 5451 413 5519; x_wconf 83' lang='lat' dir='ltr'><strong>pergat</strong></span> <span class='ocrx_word' id='word_1_818' title='bbox 425 5443 459 5499; x_wconf 89' lang='lat' dir='ltr'><strong>sd</strong></span> <span class='ocrx_word' id='word_1_819' title='bbox 472 5443 639 5513; x_wconf 65' lang='lat' dir='ltr'><strong>metans</strong></span> <span class='ocrx_word' id='word_1_820' title='bbox 660 5445 900 5531; x_wconf 66' lang='lat' dir='ltr'><strong>Wlusipanitate</strong></span> <span class='ocrx_word' id='word_1_821' title='bbox 918 5461 946 5509; x_wconf 89' lang='lat' dir='ltr'><strong>et</strong></span> <span class='ocrx_word' id='word_1_822' title='bbox 998 5450 1319 5524; x_wconf 63' lang='lat' dir='ltr'><strong>ursumpileatum</strong></span> <span class='ocrx_word' id='word_1_823' title='bbox 1343 5457 1468 5515; x_wconf 86' lang='lat' dir='ltr'><strong>umbram</strong></span> <span class='ocrx_word' id='word_1_824' title='bbox 1494 5456 1619 5523; x_wconf 84' lang='lat' dir='ltr'><strong>secteris,</strong></span> <span class='ocrx_word' id='word_1_825' title='bbox 1648 5456 1800 5528; x_wconf 76' lang='lat' dir='ltr'><strong>pmvendns</strong></span> 
     </span>
    </p>
   </div>
   <div class='ocr_carea' id='block_1_6' title="bbox 0 0 1858 5962">
    <p class='ocr_par' dir='ltr' id='par_1_6' title="bbox 0 0 1858 5962">
     <span class='ocr_line' id='line_1_61' title="bbox 0 0 1858 5962; baseline 0 0"><span class='ocrx_word' id='word_1_826' title='bbox 0 0 1858 5962; x_wconf 95' lang='lat' dir='ltr'><strong> </strong></span> 
     </span>
    </p>
   </div>
  </div>
 </body>
</html>
