3706 5962
136 180 192 253 aee
679 182 793 247 aanrr.
812 183 855 245 na
874 184 1013 248 aunam
1032 178 1245 248 countrrnaa.
1570 142 1579 153 ’
1733 192 1788 254 sau

140 314 249 381 tacete,
265 315 293 368 et
308 308 671 383 videteqttoaiamepoeam
685 313 930 383 occaecatum,
949 322 972 405 Α
989 309 1065 383 plara
1078 311 1244 369 machinatur
1260 328 1308 370 cor
1330 306 1418 370 88⁰
1444 325 1535 366 meum
1563 327 1619 369 nnc
1633 328 1790 387 momento,

137 403 195 474 ll).
211 397 345 474 Loquitur
359 395 424 453 mihi
434 398 509 454 Deus
524 397 550 454 in
565 398 685 468 Psalmo,
699 407 726 456 et
740 416 792 473 ego
806 400 845 456 illi
861 419 868 456 :
885 417 934 458 nec
986 416 1067 473 qnam
1082 415 1176 457 omnes
1189 401 1313 459 homines
1325 399 1454 473 perlicere
1477 407 1589 470 possent
1617 418 1672 459 nnn
1701 420 1788 465 anno.

138 492 239 559 ιἐιιιειι,
254 504 315 546 cum
337 486 475 542 Psalmum
492 487 562 555 diro,
583 489 692 546 attendo
711 488 790 562 cujus
813 490 935 546 Psalmus
988 489 1055 553 Cum
1069 489 1127 546 Dec
1141 504 1197 546 non
1209 506 1270 546 sum
1285 491 1389 558 unitus,
1404 496 1431 544 ει
1450 486 1512 545 ἱιεο
1540 488 1568 544 iu
1581 505 1626 546 me
1651 490 1713 564 ipso
1728 511 1790 552 sum

137 583 186 640 sit.
204 578 307 637 Idcirco
326 590 451 650 magnam
466 574 592 644 injuriam
609 577 666 634 Deo
686 577 765 644 iacio,
781 593 844 636 curn
860 576 934 634 illum
988 577 1102 634 diuisus.
1117 577 1184 634 Cum
1200 579 1248 635 illo
1261 594 1326 637 vero
1342 577 1413 635 uniri
1437 591 1491 634 non
1516 591 1637 650 possum,
1665 580 1716 637 nisi
1740 601 1791 656 per

138 685 234 746 precor
256 675 287 725 ιιι
309 680 395 724 meam
418 680 527 737 precem
546 666 681 735 exaudiat,
708 684 789 740 quam
812 683 865 743 ego
887 668 934 740 qui
989 666 1154 735 charitatem,
1174 683 1223 725 nec
1246 666 1343 737 subjici
1372 665 1425 722 nisi
1446 680 1497 738 per
1519 665 1709 736 humilitatem,
1739 689 1790 730 nec

139 759 235 829 tundo,
250 770 304 814 non
318 753 411 812 audio.
430 753 567 826 Deprecor
576 752 651 811 illum
666 763 695 811 nt
709 755 775 811 mihi
789 756 911 813 intendet
927 775 933 811 ε
990 770 1053 813 vere
1067 756 1175 812 humilis
1185 771 1244 812 esse
1257 756 1310 811 nisi
1324 771 1373 827 per
1387 754 1539 811 veritatem.

140 838 334 922 eqovcroncc
347 842 422 912 mibi,
438 841 755 914 necilliinteadmsed,
771 844 935 917 quoddete-
1025 847 1069 900 ab.
1084 843 1196 915 Expedit
1209 859 1274 919 ergo
1289 842 1482 901 utinveritate
1513 857 1558 897 me
1583 842 1737 915 discutiam,
1763 861 1790 908 et

141 936 198 992 rius
212 943 261 1004 est,
277 931 415 991 immunda
429 938 456 986 et
473 930 577 987 inutilia
596 931 623 986 in
637 933 720 989 corde
737 934 879 1003 versando,
894 932 936 990 ie·
989 948 1152 1007 cognoscam
1170 948 1251 1005 quam
1265 933 1336 999 vilis,
1351 948 1431 1005 quam
1460 929 1563 1004 fragilis
1578 975 1585 1002 ,
1607 940 1633 989 et
1650 950 1731 1007 qnam
1747 939 1789 994 la-

142 1033 229 1082 torem
244 1020 399 1080 horribilem
413 1021 473 1091 ejus
487 1019 640 1091 aspectibus
654 1020 758 1094 ingero.
989 1022 1053 1078 bilis
1065 1038 1136 1079 sum.
1152 1022 1256 1079 Deinde
1270 1037 1331 1078 cum
1350 1035 1445 1078 omnes
1460 1019 1580 1077 miserias
1595 1038 1669 1080 meas
1682 1040 1788 1098 eogno-

447 1109 561 1166 CllPUT
577 1109 627 1167 lli.
990 1127 1055 1170 vero
1070 1127 1181 1168 necesse
1193 1119 1235 1168 est
1249 1110 1287 1167 illi
1301 1110 1458 1176 inbaeream,
1472 1125 1521 1182 per
1535 1126 1617 1182 quem
1641 1129 1712 1185 anan,
1731 1115 1790 1173 sine

293 1203 330 1258 De
345 1200 536 1258 instabilitate
550 1198 643 1257 cordis
658 1199 786 1255 haaaaai.
992 1215 1047 1273 quo
1065 1199 1133 1255 nibil
1162 1216 1232 1271 sum,
1260 1205 1288 1255 et
1307 1197 1371 1254 nibil
1389 1197 1480 1255 iacere
1494 1215 1616 1270 possum.
1631 1200 1663 1256 lit
1681 1203 1745 1274 quia
1774 1221 1790 1260 a

178 1295 223 1349 23.
246 1288 322 1347 Nihil
344 1295 385 1346 est
399 1286 485 1344 inme
504 1289 586 1345 corde
610 1303 672 1344 meo
697 1287 837 1359 fugacium
864 1287 937 1360 quod
990 1289 1048 1346 Deo
1063 1289 1199 1361 peccando
1223 1289 1333 1361 recessi,
1348 1286 1401 1343 nisi
1424 1302 1472 1359 per
1486 1305 1576 1345 veram
1590 1289 1790 1348 contessionem

141 1380 249 1457 quoties
266 1395 311 1438 me
326 1377 436 1449 deserit,
461 1386 489 1433 et
509 1393 559 1448 per
579 1393 676 1449 pravas
694 1376 870 1451 cogitationes
888 1376 937 1433 dc·
991 1376 1024 1432 ad
1053 1376 1128 1433 illum
1155 1375 1243 1434 redire
1270 1392 1325 1433 non
1347 1391 1469 1448 possum.
1495 1376 1583 1435 lateri
1598 1392 1664 1452 ergo
1684 1388 1791 1450 oportet

141 1470 210 1538 fluit,
226 1468 306 1526 toties
327 1467 415 1524 Deurn
438 1464 561 1525 cliendit.
586 1465 637 1522 Cor
656 1482 745 1523 meum
760 1480 806 1523 cor
825 1480 936 1531 vanam,
992 1459 1066 1540 quod
1086 1466 1224 1523 latendum
1244 1471 1304 1536 est;
1318 1464 1381 1538 qula
1395 1480 1534 1538 uunquam
1548 1480 1581 1522 eo
1595 1465 1677 1523 modo
1700 1473 1746 1524 aut
1760 1485 1791 1524 ea

141 1575 241 1633 vagum
254 1563 283 1616 et
296 1555 430 1623 instabile,
452 1556 517 1611 dum
531 1571 580 1613 auc
594 1553 703 1612 ducitur
717 1553 839 1626 arbitrio,
855 1562 882 1610 et
897 1555 939 1611 di·
992 1555 1216 1628 intentioneque
1229 1554 1348 1626 peccavi,
1365 1562 1473 1624 peccata
1487 1554 1625 1611 conlessus
1647 1571 1723 1623 snm;
1740 1573 1792 1614 nec

67 1675 70 1678 ·
141 1649 205 1705 vino
219 1653 294 1706 caret
307 1644 431 1714 consilio,
448 1644 474 1698 in
486 1660 516 1701 se
530 1643 590 1716 ipsc
601 1659 655 1701 noa
670 1650 760 1717 potest
771 1642 935 1701 consistere:
956 1608 1112 1703 Bomnium
1136 1642 1294 1702 recordatus
1321 1659 1392 1710 snm,
1409 1652 1454 1698 aut
1482 1651 1593 1714 propter
1617 1652 1790 1715 vetustatem,

141 1736 190 1794 aed
200 1736 273 1803 omni
286 1733 378 1791 rnobili
394 1732 532 1799 mobilius,
548 1747 596 1801 per
610 1730 716 1787 infinita
730 1731 900 1800 distrahitur,
912 1741 939 1788 et
993 1741 1039 1791 aut
1051 1740 1163 1808 propter
1185 1730 1393 1789 multitudinem.
1414 1729 1444 1787 Si
1462 1738 1553 1789 eutem
1568 1731 1705 1790 consessus
1718 1749 1790 1804 sum,

140 1827 192 1882 hac
210 1831 291 1897 atque
306 1823 368 1879 illac
383 1837 430 1892 per
448 1821 590 1877 innumera
612 1819 750 1875 discurrit.
765 1819 798 1875 lit
812 1820 876 1874 dum
891 1836 940 1890 per
992 1834 1046 1880 non
1062 1821 1276 1894 purcconiessus
1291 1836 1351 1876 sum
1367 1827 1476 1892 propter
1495 1819 1699 1891 turpitudinem.
1715 1821 1791 1880 Con-

141 1916 250 1974 diaersa
271 1913 389 1984 requiem
406 1909 510 1983 quaerit,
527 1925 582 1966 non
603 1909 718 1977 invenit;
734 1910 783 1966 sed
804 1909 938 1966 inlabere
993 1911 1137 1970 sessionem
1155 1910 1233 1967 etiam
1250 1924 1337 1966 meam
1350 1908 1437 1979 dirisi,
1459 1918 1488 1965 ιιι
1502 1907 1618 1966 dirersis
1645 1911 1793 1969 sacerdoti·

141 2005 279 2072 miserum,
299 2000 422 2072 arequie
440 2012 555 2055 vacuum
580 2008 671 2055 manet
697 1998 771 2055 :sibi
794 2013 849 2055 non
869 2014 938 2055 con·
993 2002 1045 2058 bus
1066 1999 1170 2056 diversa
1194 1997 1417 2056 manifestarem:
1438 2006 1465 2054 et
1488 1997 1525 2054 ita
1553 1997 1630 2054 venia
1650 1999 1734 2067 carui,
1757 1999 1792 2057 ad

139 2093 244 2161 cordat,
261 2106 320 2146 ase
337 2089 473 2156 dissonat3
489 2102 505 2141 a
527 2103 556 2143 se
570 2087 667 2154 resilit,
684 2085 834 2145 voluntates
857 2088 938 2144 alter·
994 2107 1076 2163 quam
1089 2106 1139 2162 per
1154 2096 1243 2162 partes
1259 2087 1399 2159 pervenire
1414 2089 1517 2158 putaui.
1528 2087 1700 2144 lixescranda
1714 2105 1793 2147 aam-

140 2187 196 2246 nal,
221 2177 334 2235 consilia
353 2181 447 2240 mutat.
463 2173 579 2230 aedificfli
598 2189 680 2239 110va.
702 2173 817 2231 destruit
841 2182 940 2246 vetera,
994 2197 1047 2252 quc
1062 2179 1134 2236 lictio
1148 2185 1200 2243 est,
1212 2186 1349 2248 peccatum
1364 2175 1492 2242 dividere,
1508 2185 1535 2233 et
1554 2175 1794 2250 superficietenus

139 2266 278 2323 destructa
305 2261 460 2331 reaedificat,
486 2261 581 2318 eadem
609 2262 705 2318 iterum
740 2267 819 2334 atque
842 2261 939 2319 iterum
995 2268 1100 2335 radere,
1115 2283 1170 2322 non
1191 2266 1354 2322 intrinsecus
1379 2263 1526 2322 cradicare.
1549 2265 1610 2321 Non
1625 2266 1697 2321 enim
1722 2267 1795 2324 utilis

138 2355 192 2412 alio
211 2365 237 2412 ει
250 2353 306 2410 alio
322 2353 402 2408 modo
415 2357 502 2407 mutat
515 2356 544 2406 et
561 2349 677 2421 ordinat,
692 2349 756 2422 quia
774 2349 830 2407 vult
844 2357 870 2406 el
886 2364 939 2406 non
994 2365 1033 2412 est
1044 2354 1191 2422 conlessic,
1208 2354 1259 2410 nisi
1275 2353 1307 2410 sit
1331 2353 1358 2409 in
1374 2353 1430 2411 cris
1456 2353 1578 2422 veritate,
1595 2364 1621 2409 ct
1638 2353 1730 2411 cordis
1746 2372 1795 2426 pu·

137 2442 205 2512 vult,
223 2448 249 2501 et
262 2457 402 2514 nunquam
428 2439 455 2495 in
478 2438 575 2496 codem
600 2445 670 2495 statu
691 2448 841 2512 permanet.
866 2438 940 2496 Sicut
994 2446 1082 2501 ritate.
1098 2446 1237 2500 Etuttres
1252 2442 1305 2497 sint
1321 2441 1368 2514 qui
1384 2441 1569 2498 testimonium
1592 2441 1670 2499 nobis
1685 2442 1750 2499 dent
1765 2444 1794 2498 in

138 2533 210 2590 enim
225 2529 409 2589 molendinum
427 2527 556 2586 velociter
568 2527 695 2596 uoluitur,
712 2538 738 2585 et
756 2528 823 2585 nihil
837 2528 941 2603 respuit
994 2533 1074 2601 coelo,
1102 2535 1190 2598 Pater,
1218 2531 1310 2600 Filius,
1345 2538 1374 2587 et
1394 2530 1508 2601 Spiritus
1530 2537 1650 2598 sanctus,
1664 2531 1795 2588 addemus

139 2623 188 2679 sed
207 2620 337 2694 quidquid
351 2618 498 2693 imponitur
516 2618 606 2684 molit;
631 2619 654 2674 si
669 2627 756 2675 autem
770 2618 835 2674 nibil
849 2633 939 2689 eppo·
994 2631 1075 2680 testes
1089 2623 1245 2678 sacerdotes
1259 2619 1336 2676 cordi
1356 2629 1447 2676 nostro
1457 2626 1484 2674 et
1504 2621 1556 2687 ori,
1577 2628 1605 2675 ut
1621 2622 1647 2677 in
1662 2635 1710 2677 ore
1723 2621 1794 2678 duc-

138 2711 221 2777 nitnr,
236 2723 268 2765 se
291 2709 382 2780 ipsum
405 2706 542 2765 consumit
568 2725 574 2760 :
600 2707 637 2762 sic
652 2721 700 2762 cor
719 2722 807 2763 meum
831 2721 940 2778 semper
994 2710 1107 2769 rumve]
1119 2710 1199 2767 arium
1214 2709 1386 2765 testiumstet
1400 2723 1481 2765 omne
1494 2710 1618 2765 verbum.

140 2796 221 2854 estin
236 2804 321 2861 motu,
342 2803 370 2851 et
388 2809 528 2865 nunquam
546 2794 712 2866 requiescit3
732 2797 779 2851 scd
794 2794 852 2852 sive
871 2796 937 2850 dor·
1029 2801 1073 2855 26.
1090 2799 1145 2856 Sed
1162 2798 1253 2854 dicis:
1274 2795 1380 2854 Sufficit
1409 2795 1474 2854 mihi
1496 2796 1545 2854 soli
1574 2798 1632 2854 Dec
1659 2797 1793 2864 confiteri,

144 2885 236 2955 uniam,
253 2885 308 2941 sive
322 2882 440 2955 vigilem,
461 2883 575 2940 somniat
596 2888 623 2939 et
636 2883 738 2958 cogitat
761 2882 892 2956 quidquid
915 2884 940 2940 ei
955 2887 977 2966 c
994 2889 1057 2964 qnia
1071 2887 1199 2944 sacerdos
1220 2887 1280 2943 aine
1294 2901 1327 2943 en
1348 2884 1497 2957 apeccatis
1524 2901 1567 2942 me
1582 2886 1725 2946 absolvere
1740 2902 1796 2944 non

139 2973 269 3031 occurrit.
289 2973 325 3029 Et
338 2972 409 3029 sicut
422 2971 608 3029 molendinum
622 2987 714 3039 arena,
737 2972 759 3027 si
775 2971 939 3042 imponatur,
993 2985 1091 3051 potest.
1103 2976 1144 3033 bd
1159 2975 1232 3049 quod
1249 2990 1302 3031 aon
1317 2989 1379 3048 ego,
1391 2977 1440 3031 scd
1454 2975 1549 3031 beatus
1558 2975 1675 3033 lacobus
1685 2991 1797 3048 respon·

139 3060 308 3128 exterminat,
343 3060 389 3132 pix
412 3059 542 3132 inquinat,
564 3060 640 3130 palea
664 3070 797 3133 oocupat;
828 3061 867 3117 sic
894 3077 940 3118 cor
991 3068 1037 3125 det
1049 3065 1159 3123 dicens:
1179 3064 1360 3134 confitemini
1370 3065 1546 3124 alterutram
1562 3068 1682 3137 peccota
1700 3069 1796 3123 vestm

140 3167 232 3207 meum
255 3148 382 3223 cogitatio
406 3162 499 3204 amera
521 3149 623 3219 turbat,
650 3148 790 3204 immunda
813 3149 939 3219 maculat,
993 3154 1096 3230 (iacobi
1110 3172 1135 3224 v,
1150 3154 1204 3226 lb).
1221 3154 1390 3211 Conveniens
1404 3169 1520 3227 namque
1534 3152 1613 3210 valde
1626 3160 1677 3220 est,
1694 3163 1724 3211 ut
1739 3169 1792 3211 nos

139 3255 211 3298 rana
225 3239 355 3312 inquietat
368 3246 397 3295 et
420 3238 524 3312 fatigat.
553 3237 592 3294 lta
607 3253 758 3295 cormeum
780 3239 845 3295 dum
867 3239 940 3297 lutu-
993 3247 1041 3318 qni
1063 3245 1202 3317 peccando
1225 3244 1283 3300 [tec
1305 3248 1476 3300 contumaces
1499 3240 1611 3311 luimus,
1633 3241 1793 3314 paenitendo

140 3345 203 3388 turn
220 3344 274 3387 non
295 3335 372 3387 curat
386 3328 524 3404 gaudium,
546 3344 596 3385 ncc
618 3328 736 3387 divinum
752 3329 848 3402 quaerit
862 3330 940 3386 auxi·
993 3334 1129 3407 supplices
1156 3331 1339 3390 sacerdotibus
1363 3340 1390 3388 et
1407 3330 1537 3388 ministris
1565 3333 1624 3402 ejus
1653 3331 1749 3402 simus,
1764 3338 1796 3388 ut

36 3427 39 3430 ’
139 3414 215 3485 lilim,
236 3418 271 3473 ab
293 3415 548 3473 amorecoelestium
572 3417 725 3490 effingitur,
749 3423 776 3472 θῑ
798 3416 825 3472 in
849 3432 941 3474 imore
996 3425 1136 3497 homoqui
1152 3422 1185 3479 ad
1200 3421 1313 3495 qratiam
1329 3419 1542 3478 conservandam
1565 3420 1716 3476 mediatore
1740 3436 1798 3477 non

139 3503 307 3562 terrestrium
328 3512 482 3577 occupatur.
504 3504 626 3576 Cumque
647 3504 763 3561 elabitur
779 3503 891 3579 abillis,
914 3515 943 3564 et
996 3515 1080 3588 eguit,
1093 3515 1151 3583 jam
1166 3527 1225 3569 eam
1240 3525 1399 3582 recuperare
1413 3525 1467 3566 non
1490 3509 1541 3564 nisi
1554 3525 1602 3582 per
1612 3508 1795 3566 mediatorem

139 3592 283 3652 involvitur
304 3590 332 3648 in
351 3591 421 3663 istis,
445 3592 552 3650 vanitas
576 3592 642 3650 illud
667 3593 772 3668 recipit,
798 3594 942 3653 curiositas
995 3601 1130 3659 bominem
1151 3600 1246 3673 possit.
1270 3598 1369 3655 Gemat
1386 3613 1452 3670 ergo
1468 3605 1495 3654 et
1510 3597 1641 3669 suspiret;
1656 3606 1682 3654 ει
1697 3598 1796 3654 anxius

140 3680 261 3752 deducit,
285 3681 418 3751 cupiditas
435 3681 528 3748 allicit,
553 3682 682 3754 lOlulttat
701 3682 818 3751 seducit,
835 3684 942 3744 luxuria
995 3706 1045 3764 pro
1062 3699 1167 3762 peccato
1182 3689 1283 3754 timeat,
1301 3696 1328 3744 et
1341 3696 1501 3759 expavescat
1517 3685 1667 3744 :sollicitus
1683 3685 1796 3743 discar-

140 3769 248 3842 polluit,
273 3776 382 3840 “tillut’‘
404 3769 515 3835 invidia,
545 3769 636 3824 turbat
665 3771 812 3838 iracundia,
843 3774 943 3831 cruciat
995 3789 1047 3849 rat,
1058 3778 1229 3835 auxiliatores
1251 3784 1278 3833 ει
1303 3765 1500 3834 intercessores
1522 3782 1644 3849 quaerat;
1674 3786 1797 3848 proster-

140 3856 262 3925 iiitfitlti
285 3856 376 3930 ⁸10lll¹0
395 3855 502 3912 miserit
521 3856 629 3914 casibus
643 3859 839 3932 submergitur·
850 3862 941 3917 omni·
995 3878 1040 3923 nat
1052 3883 1081 3923 se
1095 3866 1233 3923 humiliter
1246 3864 1359 3932 bomini,
1376 3865 1422 3936 qui
1432 3863 1567 3921 humiliter
1586 3866 1694 3922 adstare
1709 3863 1799 3924 noluit

139 3947 192 4003 hus
205 3944 285 4015 vitiis,
301 3944 428 4017 quoniam
442 3961 527 4002 unum
541 3946 697 4020 Deum,qui
712 3948 736 4004 ei
753 3948 938 4022 sulficercpo·
995 3955 1126 4013 Creatori.
1141 3957 1206 4010 Nam
1231 3962 1258 4009 et
1285 3956 1336 4012 hoo
1350 3952 1556 4010 saluberrimum
1576 3961 1627 4024 est,
1658 3960 1687 4009 ut
1714 3954 1799 4009 homo

140 4050 220 4114 terat,
235 4040 346 4098 dimisit.
994 4045 1076 4102 corde
1098 4044 1236 4116 poeniteat,
1251 4051 1279 4100 et
1292 4058 1340 4101 ore
1362 4043 1488 4100 delictum
1504 4059 1584 4100 suum
1610 4040 1771 4100 confiteatur
1789 4053 1796 4090 τ

176 4135 222 4191 il.
237 4133 290 4189 Per
305 4131 391 4188 multa
403 4128 580 4207 dispergitur,
595 4137 623 4188 et
643 4132 696 4188 huc
714 4129 831 4204 illucque
844 4135 941 4207 quaerit
957 4169 980 4246 n
996 4141 1128 4206 quatenus
1152 4133 1237 4198 Deus,
1251 4132 1297 4204 qni
1323 4131 1384 4205 pius
1410 4132 1486 4188 adest
1501 4131 1689 4204 pergratiam,
1704 4129 1798 4187 carad

141 4222 188 4283 uhi
201 4222 369 4298 requiescere
381 4220 477 4293 possit,
501 4227 528 4276 et
546 4219 612 4276 nibil
627 4218 729 4277 invenit
750 4221 823 4292 quod
837 4222 862 4279 ei
876 4223 936 4279 sui·
996 4221 1180 4295 paenitentiam
1195 4232 1356 4296 compunget
1373 4239 1379 4274 ι
1396 4219 1494 4275 deinde
1510 4219 1588 4291 adsit,
1612 4230 1641 4276 nt
1656 4218 1798 4276 confitenti

140 4313 222 4384 fluat,
238 4312 325 4369 donec
340 4309 373 4367 ad
388 4309 476 4385 ipsum
488 4310 591 4368 redeat.
606 4309 630 4366 Α
644 4309 809 4384 cogitatione
823 4313 851 4368 in
866 4312 938 4384 cogi·
991 4322 1162 4385 peccatorum
1174 4309 1277 4366 reniam
1305 4310 1411 4367 tribuat.
1434 4308 1512 4378 Quod
1527 4307 1548 4364 si
1579 4308 1648 4364 lorte
1672 4314 1799 4380 peccator

141 4403 270 4462 tationem
284 4400 402 4467 ducitur,
418 4409 445 4457 et
459 4399 608 4471 pervarias
622 4401 815 4473 occupationes
829 4408 856 4460 ct
871 4400 939 4460 aiic-
991 4417 1053 4458 vere
1068 4400 1206 4472 poeniteat,
1222 4401 1269 4456 scd
1293 4399 1490 4454 intercurrente
1514 4384 1628 4475 artiqnlc
1644 4397 1797 4455 necessita-
1816 4423 1821 4427 ·

122 4495 245 4553 ‚clionee
260 4489 389 4560 variatur,
404 4497 433 4546 ut
448 4489 541 4546 saltem
559 4490 688 4548 serietate
702 4489 824 4562 ipsarum
846 4505 938 4548 rerum
992 4490 1037 4558 tis,
1049 4493 1082 4546 ad
1109 4488 1308 4547 conlessioncm
1329 4475 1471 4560 per'aenire
1495 4501 1547 4543 non
1576 4487 1680 4558 possit3
1705 4483 1796 4562 confi·

139 4581 294 4655 implectur,
316 4594 432 4653 quarum
450 4578 577 4653 qualitate
592 4580 686 4636 satiari
707 4594 763 4637 non
777 4587 877 4653 potest.
893 4579 939 4636 Sic
993 4580 1089 4636 denter
1109 4578 1221 4635 credere
1241 4577 1381 4645 debemus,
1411 4575 1485 4648 quod
1513 4563 1635 4653 summus
1662 4574 1797 4631 Sacerdos

139 4669 240 4728 labitm
253 4668 343 4727 cordis
362 4669 473 4726 miseric
487 4670 623 4726 subtracta
632 4668 724 4724 diviua
746 4671 843 4743 qratia.
861 4667 941 4726 Cnm·
993 4668 1109 4740 complet
1132 4668 1159 4723 in
1187 4681 1221 4723 eo
1249 4665 1322 4738 quod
1351 4664 1471 4721 mortalis
1500 4678 1555 4720 noa
1579 4656 1674 4737 potuit.
1691 4661 1794 4733 litjam

139 4774 192 4834 que
212 4759 246 4816 ad
264 4773 294 4814 se
311 4756 462 4824 revertitur,
488 4764 515 4813 et
528 4757 637 4816 discuti
652 4758 724 4829 qnod
749 4759 886 4829 cogitavit,
903 4758 939 4813 nil
993 4758 1066 4829 apud
1095 4757 1181 4814 Deum
1209 4755 1308 4811 lactum
1333 4759 1437 4812 constat
1465 4753 1538 4825 quod
1567 4753 1649 4809 homo
1684 4751 1795 4823 quidem

140 4846 257 4922 reperit;
277 4845 409 4922 quianon
423 4861 492 4917 opus
511 4843 571 4916 tuit,
592 4846 639 4901 sed
661 4846 817 4919 importuna
836 4847 940 4922 cogita·
994 4861 1058 4904 vere
1072 4844 1164 4915 voluit,
1179 4842 1225 4900 scd
1239 4857 1294 4900 non
1321 4842 1404 4899 ualuit
1427 4841 1591 4915 alimplere3
1606 4840 1670 4914 qnia
1686 4840 1796 4898 contes-

138 4937 188 5009 tio,
202 4953 263 5012 quae
275 4935 414 5010 componit
432 4935 517 4993 multa
532 4935 566 4991 de
579 4932 674 4992 nihilo.
695 4934 740 4991 Sic
754 4934 874 5009 denique
889 4935 938 4993 de·
994 4935 1097 4991 sionem
1112 4948 1166 4990 nnn
1180 4938 1352 5005 contemptus
1374 4931 1500 5002 exclusit,
1516 4931 1564 4987 sed
1590 4929 1729 5003 impedivit
1745 4945 1796 4986 nc·

139 5027 206 5102 cipit
226 5025 394 5102 imaginatio,
417 5040 498 5099 quam
526 5024 678 5081 demonum
709 5023 809 5080 lormat
837 5024 937 5083 illusio.
994 5022 1114 5081 cessitas.

137 5117 254 5187 lmperat
270 5116 334 5172 mihi
357 5117 431 5174 Deus
454 5124 483 5171 ut
506 5113 643 5185 praebeam
657 5113 695 5170 illi
711 5127 760 5172 cor
779 5128 887 5185 meum3
911 5120 938 5171 et
1305 5107 1420 5166 CAPUT
1435 5107 1473 5164 X.

137 5207 199 5279 qnia
214 5205 359 5280 imperanti
372 5205 429 5262 [teo
449 5219 503 5260 non
523 5220 584 5260 sum
604 5203 733 5263 obediens
755 5208 782 5262 et
800 5202 940 5274 subditus,
994 5205 1032 5261 lle
1054 5200 1239 5276 impatientia
1259 5197 1455 5267 correctionis,
1472 5200 1499 5255 et
1522 5198 1701 5257 accusatione
1718 5213 1793 5269 pro·

138 5293 205 5350 mibi
220 5310 280 5355 sum
295 5294 401 5351 rebellis
424 5305 450 5350 et
471 5293 636 5352 contrarius.
659 5292 737 5352 Unde
751 5291 819 5348 mibi
838 5292 937 5362 subiu-
1139 5291 1268 5364 priorum
1282 5290 1441 5361 delectatam
1454 5303 1487 5344 oc
1503 5285 1650 5343 citiorum.

137 5380 196 5454 gari
211 5397 266 5440 non
281 5391 384 5454 potero,
396 5383 485 5441 donec
499 5382 539 5438 illi
555 5382 631 5440 luero
647 5381 804 5453 subiectam
818 5380 937 5453 mihique
1028 5384 1072 5437 ιι.
1088 5380 1119 5436 ln
1133 5378 1259 5451 capitulo,
1276 5377 1321 5435 nbi
1332 5385 1444 5449 peccata
1461 5391 1519 5432 mea
1533 5373 1681 5431 emendare
1696 5373 1793 5447 debui,

135 5469 252 5527 serahm
266 5470 370 5541 nolens,
392 5471 439 5545 qai
457 5470 482 5528 ei
497 5471 560 5529 nolo
583 5470 683 5533 servire
704 5472 809 5531 rolens.
834 5469 938 5529 ldcirco
992 5469 1108 5542 peccatis
1121 5475 1230 5540 peccata
1248 5465 1350 5526 addidi.
1371 5467 1439 5523 Cum
1454 5465 1490 5522 de
1503 5462 1556 5520 illis
1569 5469 1716 5520 accusatus
1738 5462 1794 5533 lai,
