3706 5962
33 212 102 274 aaa
740 187 827 262 rurs
845 197 1001 261 utsrrca.
1585 160 1589 171 ¹
1637 205 1692 267 aar

45 338 137 395 decim
150 332 296 409 Apostolis,
321 331 463 404 Numquid
481 335 510 389 et
527 330 673 390 cornaleto
682 326 781 386 albe?
801 342 845 383 re·
862 322 1692 425 gpreparationomcordlaeorcmoudlrdtourisluod’sol.

47 426 180 498 spondit:
199 424 326 487 bucina,
342 436 395 494 quo
408 418 533 477 ibimus?
546 420 629 478 verte
645 420 713 476 oitoe
727 420 844 474 oelerm
899 429 940 484 rx,
956 415 1012 486 li).
1027 414 1071 470 Ad
1085 415 1342 472 commendationem
1356 415 1489 489 largitatis
1502 428 1594 477 conus
1608 423 1694 479 avari·

52 515 136 572 ledes
149 512 202 584 (ld.
218 524 258 577 vr,
272 512 318 577 68,
333 508 393 578 69),
409 517 436 564 ει
448 523 497 564 nos
511 509 544 564 ad
560 523 641 578 quem
660 505 779 561 ibimus?
793 503 843 558 ab·
900 503 975 569 tiam,
990 505 1061 559 Date
1071 505 1286 576 eleemosynam,
1303 510 1329 561 et
1342 508 1437 563 omniu
1451 509 1558 564 muodo
1568 514 1637 566 sunl
1652 528 1695 569 vo-

53 600 99 654 sit.
114 598 155 654 alc
168 598 189 653 si
213 597 315 651 diceret
334 614 341 650 ε
366 595 441 651 Folia
464 595 647 667 pulcherrima
669 595 760 660 babes,
785 605 846 661 qum
901 590 1030 660 dislbuo.
1046 607 1085 658 ιι,
1102 594 1146 661 ll)
1164 613 1170 649 :
1187 603 1214 650 et
1231 592 1309 662 illud,
1324 595 1418 651 Facile
1434 596 1508 651 vobis
1531 598 1637 654 amicos
1659 600 1695 655 de
1803 651 1805 655 .

53 702 106 742 nos
120 686 153 740 ab
167 685 241 741 omni
256 692 321 738 aestu
346 692 498 756 protegant.
523 685 563 738 Da
586 682 665 738 nobis
682 697 748 750 ergo
762 679 848 734 alium
899 682 1545 754 mammonaremeatremeat.commarcarum,
1555 685 1696 759 recipient

53 773 248 847 pulchriorem,
265 772 291 826 id
306 779 346 826 est
363 770 502 826 meliorem
517 778 555 837 te,
571 780 597 827 et
611 771 710 826 ibimus
722 767 757 823 ad
771 766 847 821 illum
900 783 946 825 voa
960 769 993 823 ire
1006 773 1115 826 oetmno
1130 769 1396 838 tobmnoootollm.
1412 785 1471 840 ιιι,
1489 774 1529 842 9).
1545 773 1585 828 De
1596 774 1696 830 divitiis

54 864 106 918 aba
120 872 156 917 to.
170 859 259 929 Quem
279 859 341 929 quia
366 860 428 914 dare
443 874 497 913 nou
519 868 607 928 potes,
623 858 670 929 qui
689 855 781 912 omniu
796 869 848 924 po·
900 853 1060 927 iniquitatis,
1074 855 1101 911 id
1116 864 1159 911 est
1172 855 1372 928 inaequalitatis,
1392 859 1443 913 boc
1457 866 1508 925 est,
1532 874 1594 932 qum
1617 862 1697 917 nobis

55 959 108 1017 tes,
123 951 156 1004 ad
172 965 251 1018 quem
269 948 367 1004 ibimus
391 946 573 1016 relinquentes
586 945 633 1004 te?
647 945 774 1000 Senserat
797 944 848 997 bo·
901 943 1049 1010 abundant,
1063 960 1125 999 cuna
1135 944 1195 1000 aliis
1212 943 1347 1011 deficiant,
1363 944 1478 1003 facimus
1494 948 1572 1003 nobis
1584 949 1695 1019 amicos,

55 1053 118 1093 rum
133 1037 271 1103 loliorum,
285 1034 366 1089 idest
380 1033 524 1089 verborum
541 1031 653 1105 benigni
675 1030 749 1097 lesu,
765 1029 849 1083 virtu·
902 1047 962 1088 cum
979 1030 1041 1086 illas
1054 1031 1220 1103 pauperibus
1234 1046 1391 1105 erogamus;
1407 1041 1446 1102 ut,
1463 1034 1485 1088 si
1500 1038 1581 1091 modo
1594 1036 1621 1092 in
1636 1036 1697 1094 illos

56 1132 196 1196 tem,quae
209 1125 334 1195 loquente
348 1122 407 1191 ipso
423 1122 456 1177 ad
470 1122 573 1186 turbas,
593 1120 621 1174 in
646 1118 770 1175 foliorum
785 1116 850 1187 pul·
903 1117 1093 1174 misericordes
1114 1119 1267 1185 existimus,
1290 1135 1340 1190 per
1363 1120 1425 1176 illos
1446 1125 1594 1192 posthanc
1617 1125 1696 1181 tritam

55 1211 211 1269 claritudine
228 1209 358 1282 singulari
373 1209 461 1263 laetata
475 1221 530 1262 non
543 1205 692 1280 cogitabat,
707 1219 756 1259 nec
771 1202 850 1257 tacite
902 1205 1116 1262 misericordiam
1129 1221 1338 1278 consequamur.
1354 1208 1427 1264 Beati
1448 1210 1520 1264 euim
1544 1209 1698 1269 misericor·

56 1300 176 1372 quidem,
192 1299 240 1354 sed
254 1296 385 1353 extollens
398 1310 493 1352 vocem
507 1294 599 1349 dixit:
629 1293 733 1348 Beatam
753 1294 852 1347 venter
904 1293 964 1363 des,
1001 1293 1129 1365 quoniam
1155 1293 1207 1363 ipsi
1249 1295 1464 1350 misericordiam
1501 1309 1700 1371 consequentur

58 1389 110 1460 qui
125 1392 152 1445 le
163 1385 301 1461 portavit,
324 1388 352 1441 et
365 1384 451 1439 ubera
465 1400 527 1455 quw
540 1380 649 1438 auxilli
663 1381 729 1450 flue
739 1394 778 1446 ¹1,
794 1376 850 1448 27).
904 1381 1014 1454 (llotllt.
1030 1397 1059 1453 v,
1073 1382 1115 1454 t).
1124 1384 1165 1437 ad
1181 1383 1439 1440 commendationem
1450 1399 1516 1441 vero
1530 1386 1699 1443 abstinentiae

59 1478 128 1531 Vere
141 1469 229 1546 beata,
244 1475 299 1528 imo
313 1472 467 1528 beatissima
482 1479 564 1540 terra,
579 1483 641 1541 quae
658 1467 738 1523 talem
754 1465 851 1521 tulerat
903 1477 996 1526 uaataa
1009 1469 1100 1543 gulam
1113 1488 1119 1525 :
1131 1469 1387 1542 Attenditeiuqutt,
1398 1488 1433 1528 aa
1446 1480 1601 1545 gravamur
1614 1476 1700 1532 aaraa

56 1565 150 1632 vitem,
170 1563 247 1635 virgo
266 1560 348 1617 llario
372 1567 457 1614 mater
478 1559 564 1615 lesu:
594 1572 655 1613 tere
680 1566 707 1611 et
720 1564 748 1611 tu
761 1555 849 1618 bella,
903 1561 998 1615 vestro
1012 1559 1132 1630 crepulo
1145 1562 1174 1614 et
1196 1561 1344 1626 ebrietate·
1356 1563 1383 1616 et
1409 1564 1592 1632 superveniet
1611 1565 1701 1619 ineos

59 1663 123 1719 quae
146 1647 272 1703 loliorum
299 1641 500 1715 pulchritudine
522 1640 699 1705 considerata,
722 1637 791 1693 iuter
815 1620 890 1698 totB
906 1647 1054 1718 repentina
1063 1646 1340 1717 dies(lcc.xxr,3l).
1354 1647 1551 1717 Etparabolam
1565 1650 1702 1706 contexuit

58 1734 280 1791 calumniantium
294 1731 473 1786 insidiassola
487 1728 592 1786 veritati
606 1725 790 1785 testimonium
808 1742 854 1780 au·
906 1734 940 1790 de
953 1733 1035 1790 divite
1048 1735 1174 1804 epulante
1197 1734 1319 1805 quotidie
1341 1735 1491 1804 splendide,
1507 1737 1554 1808 qui
1578 1746 1702 1795 mortuus

59 1823 153 1880 dacter
166 1821 327 1895 praebuiaiti.
338 1821 390 1876 Sed
399 1819 481 1875 credo
491 1817 565 1890 quod
572 1817 630 1887 Jam
643 1830 715 1871 nunc
728 1830 853 1887 magnam
907 1821 1015 1893 petebat
1027 1830 1132 1893 guttam
1146 1835 1234 1891 aquae,
1249 1835 1312 1876 eum
1325 1827 1398 1876 esset
1411 1821 1439 1875 in
1454 1825 1605 1891 tormentis,
1621 1824 1703 1879 aaa.

57 1913 153 1977 babes,
170 1918 197 1965 et
219 1911 347 1979 majorem
368 1907 492 1963 habitura
512 1905 550 1961 sis
574 1905 654 1973 hujus
675 1901 854 1960 confessionis
905 1923 969 1964 aare
982 1909 1137 1981 quiescente
1152 1917 1351 1981 postmortem,
1372 1923 1422 1964 nec
1444 1917 1548 1979 poterat
1569 1908 1701 1981 obtidere,

59 1999 225 2063 mercedem,
251 1997 309 2068 ipsa
335 1998 464 2061 veritate,
478 1993 521 2049 cui
552 1991 736 2049 testimouium
760 1990 854 2061 perhi·
907 1996 1039 2067 recipiens
1062 2004 1188 2068 perpetua
1217 1997 1287 2051 mala
1311 2010 1361 2067 pro
1393 1997 1529 2068 voluptate
1561 2001 1704 2072 temporali

59 2087 154 2151 buisti,
168 2086 224 2155 jam
240 2093 265 2139 te
277 2083 421 2140 confitente
443 2098 533 2138 coram
557 2082 634 2135 Patre
647 2095 712 2151 suo;
734 2086 762 2134 et
784 2080 855 2134 buno
907 2093 1040 2140 transacta
1052 2082 1174 2155 (idam,
1190 2087 1233 2153 tt,
1249 2084 1306 2156 26).
1321 2084 1361 2141 dd
1372 2087 1632 2144 commendationem
1646 2104 1705 2144 cas·

60 2172 239 2229 nibilominus
257 2171 426 2239 confessuro,
439 2185 499 2225 eum
523 2168 593 2222 dicet
616 2163 855 2221 calumniatoribus
907 2171 992 2228 arcada
1012 2178 1106 2227 auutaa
1126 2172 1283 2229 luxuriam:
1306 2171 1445 2241 Audiam,
1460 2172 1556 2245 iuquit,
1572 2177 1639 2248 quaa
1663 2178 1706 2233 aa.

59 2262 120 2319 duis
139 2277 145 2315 ζ
162 2264 222 2318 Non
241 2260 308 2316 novi
323 2274 378 2315 vol.
393 2255 562 2313 Dltcddffea
580 2249 856 2322 mamuldarium
909 2260 1190 2332 ctumeatantiquss,
1201 2258 1460 2319 Nonmoecfaabera'a,
1469 2265 1631 2333 figurantem
1645 2264 1705 2323 dico

58 2353 154 2424 ignem
168 2354 317 2405 uternam.
326 2345 405 2402 Notis
419 2359 482 2402 vero
495 2342 585 2398 dicet:
602 2342 705 2408 Vertite,
717 2339 857 2395 benedicti
908 2348 993 2414 aulaea,
1008 2350 1075 2420 quau
1090 2348 1259 2420 quicumque
1276 2347 1380 2405 uiuum
1393 2351 1544 2408 mulierum
1554 2353 1704 2411 adama.

59 2441 157 2496 Patris
171 2437 224 2494 mei
241 2436 352 2507 (dotat.
363 2450 430 2498 xxv,
448 2435 490 2500 ll,
506 2433 550 2497 ll,
562 2432 618 2502 34).
635 2428 766 2484 Viderunt
779 2431 856 2484 Vlr0·
907 2438 1075 2509 placendum
1091 2452 1164 2502 eom,
1182 2439 1246 2508 lom
1266 2437 1422 2493 marlotus
1444 2443 1486 2494 est
1500 2443 1608 2496 eumin
1622 2441 1705 2499 corde

61 2540 121 2581 rem
135 2524 261 2579 loliorum
271 2538 342 2578 verae
358 2522 424 2576 Vitis
438 2522 543 2587 Petrus,
559 2528 588 2575 et
600 2518 729 2585 loannes,
744 2525 771 2572 et
787 2515 855 2571 llat-
909 2540 959 2582 auu
973 2522 1083 2593 (Metti.
1099 2539 1129 2592 v,
1152 2524 1198 2593 27,
1217 2526 1273 2595 ιθ).
1298 2524 1384 2594 liujus
1406 2526 1479 2582 verbi
1493 2527 1558 2583 folio
1583 2538 1707 2600 tegantur

62 2613 160 2677 ahaua,
176 2612 221 2683 qut
243 2611 275 2665 aa
301 2626 382 2665 anam
406 2608 524 2666 uuaaur'a
543 2623 638 2665 uocem
660 2605 700 2661 illi
715 2605 790 2675 retia,
805 2604 858 2660 iste
910 2613 981 2670 oculi
1006 2611 1105 2680 nostri;
1135 2627 1170 2668 ne
1193 2612 1217 2667 si
1235 2611 1305 2669 lorte
1328 2614 1419 2670 minus
1439 2623 1520 2671 caute
1543 2627 1707 2689 reserentur,

63 2701 194 2757 [emnium
208 2699 388 2768 reliquerunt.
413 2695 479 2764 0⁰5⁸
501 2696 628 2752 illimem
647 2695 790 2751 terbidum
807 2694 857 2747 be·
909 2700 1014 2759 eueniat
1025 2702 1097 2773 quod
1111 2700 1241 2757 Jeremias
1254 2700 1319 2756 dicit
1334 2722 1341 2759 ε
1357 2701 1491 2759 Ascendit
1503 2719 1580 2761 mors
1592 2720 1644 2777 per
1666 2713 1709 2779 sc·

63 2789 141 2863 nigni
159 2789 222 2844 lesu
237 2803 393 2842 enumerare
407 2783 545 2842 sufficiat?
558 2783 626 2854 Quae
639 2783 723 2840 virtus
737 2794 779 2839 est
793 2797 855 2840 ver·
910 2794 1023 2848 austrae
1045 2792 1158 2846 nostrus
1181 2788 1297 2860 (terem,
1323 2804 1361 2856 xt,
1382 2792 1437 2858 aa).
1458 2790 1593 2849 Funaarrae
1608 2794 1709 2867 quippe

62 2880 173 2944 borum,
187 2891 249 2948 quae
265 2875 354 2932 verbis
375 2874 448 2931 illius
472 2889 526 2929 non
539 2871 764 2930 commendetur?
778 2869 857 2926 Nulla
871 2891 894 2970 c
909 2880 1008 2935 auimae
1030 2889 1130 2935 noalrae
1153 2886 1216 2933 sunt
1235 2878 1367 2934 foramina
1388 2893 1517 2936 sensuum
1541 2889 1709 2952 naalma-um,

62 2965 194 3040 prolecto.
911 2966 1011 3024 scilicet
1033 2967 1182 3034 oculorum,
1205 2965 1322 3033 sumum,
1351 2966 1467 3036 narium,
1492 2975 1520 3024 et
1542 2971 1600 3026 oris
1630 2989 1637 3026 :
1662 2987 1710 3043 per

101 3051 188 3111 aaa
202 3056 246 3108 29.
264 3052 310 3109 Vis
324 3064 414 3107 autem
433 3049 527 3105 audire
552 3049 633 3107 verba
655 3047 858 3116 braviumque
912 3071 980 3129 quos
1003 3058 1081 3128 quasi
1104 3072 1151 3127 per
1172 3056 1305 3112 fenestras
1326 3056 1456 3128 quasdam
1479 3073 1554 3114 mors
1576 3061 1710 3127 ascendit,

62 3152 189 3216 tanquam
204 3141 268 3196 lolia
289 3137 458 3211 refrigerium
481 3136 558 3192 nobis
583 3136 617 3191 ab
638 3149 706 3190 aestu
730 3141 859 3207 praestent
913 3145 1019 3217 quatias
1033 3145 1067 3199 ad
1089 3145 1182 3216 aliqua
1204 3144 1355 3201 criminalia
1372 3146 1524 3216 appetenda
1542 3157 1709 3204 aaaaaaaeua,

62 3231 208 3290 uitiorum?
224 3229 265 3284 dd
279 3223 703 3284 commendationemhumilitatis
717 3223 793 3292 dicit,
807 3223 859 3292 Qui
913 3233 960 3290 ffla
983 3241 1010 3288 aa
1032 3231 1093 3287 aliis
1111 3231 1201 3288 verbis
1227 3231 1364 3303 plur-iunia,
1380 3239 1507 3303 tauquam
1530 3237 1711 3306 quarumdam

62 3320 185 3380 veluerit
205 3320 281 3375 irater·
294 3333 341 3375 cos
355 3317 448 3386 rudior
462 3328 530 3385 esse,
544 3314 582 3369 sit
596 3316 687 3367 vertar
700 3311 834 3369 minister
850 3326 860 3365 ε
912 3321 1039 3378 saliorum
1054 3320 1151 3374 umbra
1165 3334 1213 3388 pau
1223 3320 1310 3375 viram
1326 3325 1449 3374 ausuram
1458 3320 1712 3392 benignamaaaum

42 3419 102 3479 et,
124 3410 211 3466 ettam
226 3406 349 3462 ltomlaia
359 3421 417 3461 nott
429 3401 509 3459 veuit
519 3401 692 3467 ministrari,
702 3399 750 3457 aad
759 3400 861 3454 micis·
913 3408 948 3464 ah
963 3418 1032 3463 aestu
1045 3406 1171 3463 vitiorum
1184 3405 1383 3480 refrigeramur,
1403 3415 1431 3462 et
1453 3407 1482 3462 iu
1499 3408 1628 3466 virtutum
1642 3421 1713 3468 tem·
1822 3483 1825 3488 .

63 3505 154 3564 trare,
170 3501 198 3552 et
212 3496 281 3551 dore
294 3493 424 3550 calmum
438 3507 519 3547 suum
534 3489 567 3546 in
580 3486 800 3558 redemptionem
807 3502 860 3558 pro
913 3495 987 3569 paria
1002 3493 1168 3551 refovemur,

63 3582 227 3655 meltislld.
238 3599 285 3648 ιιι,
295 3584 340 3648 26,
350 3581 410 3651 ²⁸l²
424 3578 533 3643 etitem,
548 3576 601 3646 Qui
611 3574 862 3634 rehumiliotexal·
1215 3580 1327 3637 capul·
1352 3581 1410 3639 vla,

66 3675 177 3732 ‘libitui'
193 3673 244 3744 lld·
260 3686 339 3737 ΜΗ,
355 3673 400 3739 12,
416 3675 444 3723 ⁶¹
457 3683 497 3735 ¹¹2
513 3667 570 3737 29).
589 3665 632 3720 Ad
653 3664 862 3720 ΐθῑῐῑωθῡῦᾶῑιθ·
914 3675 954 3734 na
965 3670 1211 3745 umbrosollerum
1225 3669 1579 3737 atramentarium
1600 3672 1710 3730 elmete

63 3779 128 3821 uem
142 3758 355 3819 mansuetudinis
370 3766 463 3814 coutra
480 3755 677 3826 immnerito
695 3770 713 3809 o
731 3769 776 3810 me
794 3753 863 3826 quia
1100 3746 1134 3799 ire
1147 3758 1261 3801 artacem
1275 3744 1381 3802 abacto
1394 3743 1525 3815 prolult'a.

62 3851 148 3909 mitia
167 3868 228 3908 sum
243 3854 270 3906 et
285 3847 402 3905 humilia
416 3845 499 3902 cordo
513 3863 523 3900 .·
538 3855 565 3900 ει
576 3843 651 3913 item,
667 3842 749 3900 Beati
767 3842 861 3912 mites,
952 3835 997 3889 ³⁰·
1012 3831 1065 3888 Sed
1078 3833 1145 3904 quia
1167 3830 1270 3904 gratior
1294 3828 1362 3887 solet
1382 3846 1444 3888 ease
1470 3832 1565 3887 umbra
1582 3829 1712 3889 loliorum

65 3943 199 4014 quonum
215 3939 269 4010 ipsi
284 3935 491 3993 haereditabunt
505 3940 622 3989 terram.
637 3932 679 3987 Ad
693 3931 864 3989 commenda·
916 3922 989 3991 ritis,
1004 3935 1066 3978 cum
1086 3920 1148 3992 ipsa
1166 3923 1270 3977 elevata
1292 3935 1377 3992 super
1392 3920 1535 3992 quamdam
1557 3927 1661 3977 struem
1674 3921 1711 3978 li·-

64 4031 169 4087 tionem
184 4025 320 4081 charitatis
333 4031 426 4080 contra
440 4022 570 4080 invidiam
585 4037 592 4076 :
608 4020 863 4094 bitiaitee'nima'ros
916 4026 1034 4083 morum
1049 4012 1103 4067 huc
1117 4020 1145 4067 el
1162 4009 1225 4066 illuc
1247 4009 1425 4081 &uenditum
1449 4009 1589 4066 videamus
1611 4010 1634 4065 si
1648 4026 1712 4067 vera

64 4117 183 4179 vestros,
197 4112 351 4180 benefacite
363 4108 586 4181 hisquioderunt
596 4125 642 4165 voa
652 4110 865 4165 eteulumniun-
919 4099 986 4156 Vitis
1006 4106 1103 4155 nostru
1117 4101 1263 4172 aliquando
1276 4097 1380 4157 eleuata
1393 4097 1475 4155 fuerit
1493 4102 1521 4154 el
1538 4099 1665 4170 distentu,
1684 4107 1713 4156 el

67 4205 151 4270 tibus,
164 4206 196 4257 ct
205 4202 269 4255 aitis
278 4199 436 4268 filiiPottds
449 4199 545 4264 vestri,
556 4196 784 4269 querelemruum
793 4198 864 4255 arira·
879 4162 904 4242 l)
918 4189 942 4245 si
952 4203 1007 4261 que
1020 4198 1084 4245 tunc
1106 4189 1139 4245 ad
1158 4199 1280 4244 nostram
1303 4189 1495 4258 protectionem
1514 4186 1633 4243 dulcium
1646 4204 1713 4246 ver·

66 4295 141 4369 [uait
156 4305 240 4361 super
250 4289 332 4343 bocer
347 4290 374 4344 et
388 4285 487 4352 aruba,
504 4288 531 4342 et
543 4283 622 4356 pluit
635 4298 720 4356 super
730 4287 865 4357 jactaret
918 4278 1014 4336 borum
1034 4277 1098 4334 lolia
1112 4276 1242 4344 emiserit,
1265 4276 1487 4346 contemplemur.
1508 4273 1588 4342 Quod
1609 4274 1713 4331 elevata

67 4383 191 4454 injustos
216 4376 268 4448 (ld.
293 4392 323 4448 v,
348 4376 374 4441 l,
396 4375 442 4442 ll,
467 4376 521 4442 45).
540 4373 584 4428 ad
605 4372 866 4428 eonrrrrendationem
919 4367 1001 4422 fuerit
1015 4366 1081 4421 Vitia
1095 4371 1197 4432 nostra,
1213 4365 1272 4434 ipsa
1293 4371 1407 4418 testatur
1429 4365 1464 4419 de
1486 4378 1515 4418 ae
1538 4361 1711 4435 dicens,qu

65 4469 212 4528 alacritatis
238 4466 273 4522 ad
298 4464 426 4520 exercitia
449 4461 595 4532 spiritualia
618 4465 711 4516 contra
734 4461 863 4529 acediam,
919 4455 1102 4512 aiemoltulua
1120 4455 1234 4524 faterere
1253 4457 1339 4517 terro,
1362 4454 1460 4507 omnio
1474 4451 1587 4506 troitum
1609 4449 1646 4506 od
1667 4468 1713 4509 ets

67 4559 106 4616 ait
122 4555 266 4627 discipulis,
286 4554 402 4625 Viqilote
417 4555 540 4621 ctorate,
551 4567 587 4608 ae
601 4551 718 4606 intretis
731 4549 762 4603 in
773 4552 866 4605 tenta·
919 4543 1111 4617 ipsumlloun.
1127 4557 1181 4613 ιιιι,
1193 4544 1258 4612 tlt:
1275 4540 1351 4606 item,
1364 4540 1442 4596 Sicut
1459 4540 1712 4612 scameratam

67 4646 176 4706 amnem
195 4642 248 4716 (ld.
268 4657 345 4711 aava,
370 4642 415 4713 ll)
431 4657 438 4695 :
455 4647 483 4694 et
504 4639 579 4706 alibi,
598 4638 736 4707 wordum
757 4651 866 4708 semper
918 4636 1076 4705 serpentem
1091 4634 1122 4688 ira
1137 4631 1254 4698 demto,
1269 4631 1313 4687 ito
1335 4632 1463 4687 multari
1476 4635 1586 4703 oportet
1603 4633 1712 4690 Filium

51 4751 150 4797 ‚crore
164 4736 281 4806 oportet,
298 4736 326 4787 et
339 4746 488 4804 uunquam
503 4727 619 4799 deficere
634 4727 712 4800 (luc.
730 4741 809 4793 ιιιιι,
825 4727 864 4797 l).
920 4721 1041 4781 mirra
1052 4721 1103 4790 (ld,
1120 4736 1162 4793 ιιι,
1174 4720 1229 4791 ld).
1242 4720 1369 4778 Elevatus
1383 4734 1450 4792 ergo
1461 4719 1519 4786 fuit,
1535 4720 1597 4791 quia
1612 4723 1712 4777 exalte·

65 4824 120 4885 Ubi
134 4822 298 4895 intelligitur
318 4820 471 4883 orationem
490 4834 544 4873 non
570 4827 671 4874 tanturn
694 4832 755 4872 esse
778 4816 864 4884 toois,
920 4821 972 4868 tus.
988 4809 1159 4866 llanilestum
1181 4814 1224 4865 est
1253 4816 1344 4864 autem
1361 4808 1437 4880 quod
1463 4809 1522 4865 baec
1540 4809 1667 4865 exaltmio
1679 4809 1714 4865 de

65 4912 116 4974 sed
129 4909 289 4969 devotionis.
304 4910 364 4965 Non
377 4908 452 4964 enim
466 4922 573 4978 semper
586 4909 701 4962 clamare
720 4920 865 4977 possumus
918 4915 997 4957 cruce
1012 4899 1082 4956 dicta
1095 4907 1146 4955 eat.
1166 4899 1199 4954 Et
1212 4897 1276 4955 ride
1289 4914 1371 4972 quam
1385 4906 1447 4970 apte
1460 4897 1596 4973 lignorum
1612 4909 1711 4967 strues,

64 5000 301 5071 mutulab'rorum3
321 5013 429 5068 semper
452 5005 540 5051 autem
561 5009 707 5066 possumus
730 4994 802 5052 bono
817 4997 866 5053 de·
919 5004 1105 5062 superquam
1129 4988 1197 5046 vites
1224 4990 1310 5045 solent
1333 4988 1443 5056 elevari,
1473 5005 1582 5044 crucem
1611 4988 1711 5057 signet.

64 5089 167 5148 siderio
183 5088 291 5145 fervere
311 5087 406 5159 :quod
425 5084 544 5140 ostendit
559 5084 689 5139 Dominus
702 5084 816 5154 loquens
830 5083 864 5140 ad
919 5076 1107 5135 Cancellantur
1122 5078 1203 5142 enim,
1226 5080 1280 5133 boc
1302 5087 1352 5144 est,
1373 5093 1408 5132 ea
1424 5085 1578 5132 transverso
1597 5090 1713 5147 compo·

64 5181 180 5250 aloysen
195 5185 336 5245 tacentem,
355 5173 425 5244 Quid
440 5173 547 5229 clamos
562 5169 603 5228 od
616 5187 661 5229 me
680 5169 781 5244 (deod.
804 5188 863 5241 arv,
918 5177 1018 5225 nuntur
1033 5176 1084 5224 :et
1105 5167 1146 5224 sic
1166 5180 1249 5237 super
1272 5167 1331 5222 baec
1350 5165 1414 5223 vitis
1431 5164 1537 5221 elevata
1552 5163 1715 5222 distenditur

67 5267 135 5341 llil?
162 5265 333 5323 Desiderium
364 5263 413 5320 viri
437 5260 532 5326 sancti,
557 5259 702 5315 clamorem
732 5259 862 5331 appellat,
918 5256 1130 5315 convenientius.
1156 5253 1428 5327 Cancellanturligna
1450 5254 1538 5309 crucis
1562 5270 1570 5310 t
1594 5253 1715 5313 elevatur

66 5358 131 5433 quia
158 5354 252 5431 lingua
276 5351 395 5425 prolecto
427 5352 542 5405 tacebat.
571 5347 648 5404 Unde
676 5346 809 5403 Dominus
836 5347 866 5406 in
919 5343 1047 5415 inillam,
1061 5343 1225 5400 distenditur
1247 5340 1363 5398 brachiis
1382 5349 1410 5398 et
1429 5347 1488 5398 toto
1511 5356 1627 5415 corpore
1649 5342 1713 5403 ritis

64 5446 175 5512 Psalmo
191 5441 384 5507 :mateteriam
392 5436 864 5522 pauperumeaoediuitllomiautr
920 5443 1024 5505 nosue,
1039 5434 1129 5492 bonus
1143 5426 1229 5492 440
1241 5429 1329 5489 teus.
1340 5431 1370 5491 lu
1384 5435 1489 5492 tantem
1502 5431 1575 5491 enim
1588 5432 1619 5493 iu
1632 5449 1713 5499 cruce
