3706 5962
170 220 225 280 847
763 213 1000 278 etinimicis.
1020 217 1203 282 bibims.
1766 215 1824 280 848

170 346 271 421 quippe
289 344 404 415 loquens
424 344 548 415 angelus,
568 342 653 401 rerba
670 341 704 399 dc
726 342 883 400 coelestibus
895 344 965 401 scri-
984 357 1008 438 fl
1025 344 1200 403 refractarios
1223 343 1342 416 spiritua,
1366 343 1449 401 duros
1471 341 1583 409 cervice,
1611 339 1822 401 incircumcisos

169 437 222 492 niis
236 433 352 507 sumpta,
374 448 425 488 nec
450 434 560 489 alterius
589 431 640 487 nisi
655 431 740 503 ipsius
754 433 802 488 Dei
817 431 912 504 spiritu
927 433 965 489 la·
1024 435 1105 491 corde
1117 433 1274 503 eleardus,
1285 440 1312 488 et
1327 430 1436 487 sublimi
1449 444 1517 487 voce
1532 427 1693 498 homicidas,
1709 439 1738 488 et
1751 447 1821 502 pro·

170 524 284 594 bricsta,
297 537 365 579 nora
379 520 537 577 salutatione
561 529 670 590 peromt
691 518 742 601 [ul.
761 519 871 593 portati.
892 522 966 579 Nulli
1020 522 1122 578 ditores
1136 521 1262 594 appellat.
1279 521 1340 576 Non
1354 529 1464 576 veretur
1489 517 1676 575 conventicula
1695 534 1822 592 congre·

169 612 282 670 dubium
295 611 359 682 quin
375 608 496 665 omnium
511 609 655 667 verborum
669 606 801 665 excellant
814 609 963 678 altitudine,
1018 623 1082 684 gnta
1104 612 1139 667 de
1160 610 1347 684 sanguinibus,
1364 616 1392 664 et
1418 608 1489 664 inter
1517 622 1611 662 manus
1635 609 1820 678 quaerentium

170 709 265 773 utpote
293 700 327 754 de
359 696 519 754 melioribus
553 695 703 767 disciplinis
731 697 817 752 sancti
849 697 964 770 Spiritus
1016 699 1133 755 animam
1152 700 1222 769 ejus,
1238 700 1271 754 de
1297 695 1531 768 liberiorijustitia
1546 710 1676 752 cacumen
1695 697 1821 754 veritatis

170 791 280 848 evoluta
311 803 319 841 :
346 802 462 859 qnorum
495 787 698 842 annuntiatione
727 786 963 843 conloederandum
1016 789 1143 849 ascendit.
1154 789 1339 846 lltssecurrtur
1348 784 1489 850 cordibus,
1500 788 1529 839 et
1539 782 1665 841 strident
1679 783 1818 844 dentibus

170 890 227 935 erat
240 877 308 934 illud
322 875 431 931 unicum
454 884 648 931 sacramentum
673 873 754 930 Verbi
778 887 805 930 et
826 875 960 942 hominls;
1015 878 1049 933 ia
1062 894 1137 944 eum,
1153 876 1309 947 concipiunt
1319 875 1449 940 dolorem,
1465 883 1491 931 et
1508 889 1592 944 prope
1612 882 1654 929 εει
1670 882 1701 931 ut
1716 887 1817 946 partu-

169 966 317 1024 dirinitatis
331 971 359 1020 et
379 963 476 1020 carnis.
500 965 565 1030 Ace,
592 962 677 1033 inquit
691 961 829 1018 Fortitudo
844 964 961 1031 Domini,
1016 967 1086 1022 riaut
1100 965 1279 1038 iniquitatem.
1294 965 1393 1020 Mirum
1416 963 1489 1037 quod
1509 978 1563 1018 non
1583 973 1748 1020 revocantur
1770 965 1815 1022 in-

165 1053 445 1130 prosequemini.
462 1069 481 1121 τ,
497 1054 554 1122 28).
571 1051 641 1120 Quid
654 1058 743 1106 autem
758 1052 792 1106 de
808 1050 963 1122 Stephano?
1016 1055 1087 1110 sueti
1102 1055 1221 1111 novitate
1236 1053 1367 1119 miraculi,
1387 1051 1461 1123 quod
1476 1050 1609 1106 luminosa
1624 1051 1814 1126 Protomarty·

169 1144 328 1216 Stepbunus
348 1142 451 1214 plenus
479 1142 573 1213 qratia
604 1144 632 1195 ct
658 1139 840 1209 fertitudine.
867 1141 963 1197 Nonne
1016 1142 1053 1197 ris
1067 1141 1212 1199 laciesnon
1227 1140 1345 1196 refrenat
1361 1138 1482 1194 insanos.
1502 1135 1644 1207 Videbunt,
1658 1138 1756 1211 lnquit,
1772 1145 1815 1213 su-

167 1235 258 1290 anas
272 1231 374 1287 eisdem
397 1245 467 1301 pene
490 1229 586 1284 litteris
609 1228 643 1283 de
664 1229 789 1300 utrisque
808 1228 962 1301 eloquitur?
1015 1227 1627 1304 ciemcjustursquumcultumurspelistursts's
1640 1229 1722 1283 inter
1735 1229 1813 1288 illus.

167 1322 222 1378 Sed
236 1320 299 1376 licet
318 1319 397 1392 longe
411 1316 588 1373 excellentior
603 1316 699 1372 modus
713 1315 740 1370 in
762 1315 874 1387 Virgine
889 1334 962 1389 prae-
1016 1317 1088 1388 Quid
1103 1326 1154 1387 εει,
1174 1332 1191 1373 o
1207 1315 1365 1372 insensati?
1380 1314 1480 1371 lumine
1494 1315 1586 1370 vultus
1600 1314 1647 1370 Dei
1667 1315 1818 1389 insignitur

167 1408 283 1475 dicetur,
297 1406 458 1463 secundario
472 1412 559 1461 tamen
583 1405 708 1460 laudatur
726 1404 754 1458 in
764 1405 891 1474 ilartyre.
905 1406 961 1461 lla-
1016 1406 1152 1482 gloriosus
1171 1405 1272 1472 Levita,
1289 1411 1316 1459 et
1343 1402 1460 1459 uibranti
1486 1403 1634 1474 splendore
1659 1403 1816 1477 Stephanus

167 1498 215 1554 bet
236 1498 320 1570 igitur
352 1494 466 1567 gratiam
493 1495 648 1566 Stephanus
679 1492 831 1549 sublimiori
850 1511 960 1568 genere,
1016 1504 1168 1563 serenetur,
1190 1502 1216 1550 ει
1231 1493 1440 1549 reverberantur
1458 1491 1528 1548 oculi
1557 1491 1651 1559 vestri,
1679 1499 1817 1552 ettamen

73 1597 75 1601 ’
166 1602 247 1660 qnam
262 1588 366 1656 reliqna
389 1596 538 1654 martyrum
560 1581 704 1638 multitudo
729 1601 736 1636 ι
760 1583 857 1652 plenus
876 1583 963 1656 gratia
1017 1583 1127 1639 invidiae
1155 1580 1311 1654 magnitudo
1342 1579 1453 1636 visionis
1480 1581 1651 1648 majestatem
1674 1581 1816 1642 occludit?

167 1673 286 1731 reiertur
307 1673 413 1728 scilicet
433 1679 461 1727 et
478 1671 639 1736 cumulatus,
654 1669 725 1740 quod
742 1685 802 1726 raro
830 1671 856 1726 in
872 1671 964 1742 Scrip·
1019 1671 1208 1742 Respondeant
1220 1670 1248 1724 iu
1267 1668 1418 1725 diuinorum
1444 1666 1612 1723 voluminum
1643 1669 1816 1736 evolutione,

167 1762 235 1816 turis
249 1760 387 1817 canonicis
407 1758 514 1816 subtilis
530 1757 676 1828 inquisitor
694 1757 822 1813 inveniet.
835 1759 962 1831 iungitur
1018 1759 1067 1814 ubi
1083 1766 1243 1829 repererunt
1257 1757 1394 1812 hominem
1409 1756 1435 1811 in
1450 1756 1530 1811 terris
1546 1756 1664 1827 positum
1680 1775 1730 1828 per
1753 1759 1818 1832 (sic)

167 1850 262 1922 gratiae
277 1845 508 1917 territurium
523 1844 719 1917 inltrsoapiritu
735 1846 876 1905 libertatis.
893 1849 964 1920 igni·
1015 1848 1121 1903 vultum
1134 1845 1287 1918 angelicum
1302 1843 1425 1900 induisse
1441 1862 1448 1902 :
1461 1851 1488 1900 ει
1503 1861 1564 1900 cunr
1580 1843 1607 1899 in
1618 1845 1745 1919 utrisque
1754 1847 1819 1920 legi·

166 1944 211 1994 tus
224 1937 331 1993 animus
344 1935 373 1990 in
387 1950 480 1992 rocem
503 1933 625 1991 veritatis
642 1936 770 2006 erumpit,
793 1951 844 1992 nec
862 1938 962 2006 patitur
1013 1933 1066 1991 bus
1081 1934 1125 1989 vel
1142 1949 1212 2002 raro,
1233 1934 1275 1988 rel
1300 1947 1435 2002 nunqnam
1465 1931 1628 2005 invenerint,
1649 1933 1816 2006 obstupeant

125 2083 130 2098 ,
167 2026 223 2082 ullo
238 2036 317 2098 pacto
332 2024 450 2098 rigorem
468 2022 580 2092 iustitiae
606 2022 726 2079 submitti
750 2024 904 2095 aliquando,
920 2029 960 2082 rel
1014 2020 1130 2094 gloriam
1145 2020 1346 2094 triumphantis.
1362 2019 1492 2092 Sequitur
1510 2037 1516 2073 :

165 2114 275 2170 dimitti.
301 2113 346 2168 Sic
375 2113 502 2168 loricatus
520 2112 616 2184 qratia,
645 2122 672 2167 et
696 2113 772 2166 hasta
796 2112 961 2168 tortitudinis
1050 2111 1075 2166 i.
1094 2110 1162 2166 Cum
1171 2113 1346 2167 aestumasset
1360 2107 1461 2180 plenus
1471 2107 1699 2180 soteteruaeto,
1711 2111 1813 2165 iuterr-

165 2203 301 2274 sapienter
327 2200 493 2268 infrendens,
523 2200 644 2271 faciebat
668 2200 796 2273 prodtpiu
822 2207 848 2258 et
879 2204 960 2274 uque
1013 2199 1081 2256 dens
1095 2203 1125 2254 trs
1144 2200 1248 2256 caelum
1261 2198 1333 2255 vidit
1346 2197 1467 2269 utorium
1482 2199 1542 2267 Dei,
1554 2206 1606 2252 etc.
1617 2197 1715 2252 hlirum
1726 2198 1810 2266 dictu,

164 2292 309 2364 mupuuirs
320 2290 433 2363 pupulo.
449 2288 496 2345 ille
507 2288 847 2362 potestprodiqiaetsignn
857 2289 959 2357 iacere,
1013 2298 1041 2346 et
1053 2289 1134 2344 totius
1147 2287 1334 2361 supergressio
1348 2294 1482 2343 creaturae
1499 2284 1505 2341 l
1524 2287 1640 2342 intendit
1654 2287 1682 2342 in
1697 2288 1810 2355 eoetnm,

163 2380 193 2437 in
207 2396 262 2452 quo
276 2381 364 2453 gretia
378 2391 404 2435 et
413 2379 545 2434 tortitudo
555 2381 647 2434 sedem
663 2377 842 2434 firmissimam
857 2386 958 2434 smine·
1012 2377 1086 2434 ridet
1098 2377 1153 2448 iam
1168 2392 1222 2431 nun
1237 2375 1345 2441 coelum,
1360 2375 1406 2431 aad
1422 2374 1506 2432 coelos
1520 2382 1640 2447 apertos,
1658 2377 1736 2432 videt
1752 2377 1811 2450 qlo-

164 2482 237 2527 runt.
253 2468 299 2525 Sic
313 2467 465 2539 Stephanus
478 2468 513 2523 ad
532 2468 692 2537 homicides,
709 2468 742 2521 ad
765 2467 835 2540 legis
855 2467 959 2524 adulte·
1012 2465 1080 2521 riam
1101 2465 1151 2522 Dei
1165 2473 1193 2520 et
1206 2466 1301 2520 lerum
1316 2467 1441 2520 stante-m
1455 2481 1472 2519 u
1487 2463 1598 2520 dextris
1611 2464 1738 2521 uirtutis
1751 2467 1810 2522 Dei.

164 2572 222 2623 ros,
237 2558 271 2613 ad
286 2554 461 2613 crucitisores
476 2555 535 2610 Filii
560 2554 609 2610 Dei
632 2555 717 2611 Patris
736 2554 864 2626 loquitur,
883 2554 959 2628 genti
1011 2554 1100 2611 Movet
1115 2570 1156 2609 me
1169 2554 1227 2609 haec
1240 2553 1364 2620 intentio,
1390 2568 1450 2624 qnae
1465 2552 1498 2608 dc
1512 2552 1601 2609 cordis
1615 2552 1739 2624 puritate
1762 2570 1807 2609 τε·

164 2642 308 2715 peccatrici
328 2643 456 2714 AEgypto,
478 2642 581 2713 pupulo
612 2640 689 2713 graui
708 2640 848 2713 iniquitute
863 2642 890 2695 in
910 2644 958 2697 de-
1011 2640 1073 2697 insa
1087 2644 1142 2697 rim
1158 2640 1220 2698 lacit
1244 2641 1332 2712 caelis,
1347 2649 1375 2696 et
1388 2642 1421 2696 ad
1443 2640 1529 2711 ipsius
1547 2640 1696 2696 divinitatis
1718 2641 1811 2698 consi·

163 2741 245 2795 serto,
265 2731 361 2786 semini
382 2745 498 2800 nequam
526 2728 554 2782 in
579 2738 647 2785 terra
669 2727 866 2800 promissionis,
897 2728 959 2784 filiis
1011 2732 1124 2787 storium
1143 2741 1265 2804 penetrat
1278 2739 1305 2787 et
1317 2729 1435 2805 attingit.
1451 2729 1518 2787 Coeli
1533 2731 1707 2803 aperiuntur,
1723 2731 1810 2805 glotis

163 2819 300 2875 sceleratis
318 2818 347 2872 in
369 2824 454 2874 morte
468 2817 624 2873 saltatoris.
638 2820 726 2887 Duru,
740 2817 836 2890 inquit,
852 2822 959 2875 ceruice
1011 2821 1062 2876 Dei
1076 2821 1181 2876 ridetur
1202 2821 1302 2877 :lesus
1322 2820 1489 2891 conspicitur
1503 2831 1577 2875 stans
1599 2835 1656 2875 non
1673 2821 1765 2877 solnm
1792 2838 1809 2877 a

162 2912 190 2964 et
205 2907 400 2964 incircumcisi
411 2903 492 2963 corde
501 2905 659 2972 stateribus,
666 2923 712 2965 vos
721 2922 831 2979 semper
838 2908 960 2980 Spiritui
974 2905 997 2984 Β
1009 2910 1111 2967 dextris
1129 2910 1190 2977 Dei,
1206 2911 1253 2966 sed
1266 2928 1285 2967 u
1303 2909 1415 2967 dextris
1428 2910 1545 2966 uirtutis
1561 2911 1620 2967 bet.
1633 2909 1713 2967 Hanc
1723 2910 1806 2969 inten-

160 2999 259 3052 suncto
269 2995 428 3052 restitistis.
1013 2999 1115 3054 tionem
1129 2997 1228 3053 iecerat
1242 2999 1356 3069 abjectio
1372 2999 1477 3065 mundi,
1493 3006 1667 3070 contemptus
1681 3000 1737 3069 sui,
1753 3017 1808 3058 εετ-

198 3088 225 3139 3.
241 3086 436 3142 Surreceruut
451 3082 568 3155 quidum
587 3083 620 3140 de
640 3097 777 3157 scrupeae
796 3101 956 3160 :synagoga
1012 3087 1055 3144 dis
1072 3086 1212 3156 munditia,
1228 3087 1338 3143 dilectio
1351 3086 1414 3154 Dei,
1442 3086 1559 3159 proqimi
1584 3102 1670 3155 amor,
1686 3089 1808 3147 veritatis

160 3173 254 3246 utique
269 3173 387 3242 Satanae,
402 3181 430 3229 et
454 3172 545 3245 utique
560 3173 770 3245 conglobantur,
785 3177 828 3232 vel
842 3174 876 3229 ad
890 3190 956 3231 con·
1008 3174 1140 3244 delensio,
1169 3176 1334 3232 desiderium
1347 3175 1461 3232 Christi.
1495 3175 1691 3247 Retorqueoda
1715 3187 1807 3235 essent

159 3263 335 3328 vincendum,
349 3261 392 3317 rel
410 3261 444 3316 ad
469 3260 658 3317 occidendum.
683 3261 797 3319 Facirmt
810 3262 956 3333 impietatis
1008 3264 1173 3321 haecomnia
1194 3265 1228 3319 ad
1248 3279 1406 3320 communes
1424 3262 1551 3320 ilosculos
1569 3264 1743 3333 moralitatis,
1757 3266 1807 3323 nisi

158 3350 290 3422 parietem
305 3365 406 3415 unum;
426 3365 539 3420 squama
566 3365 686 3422 squamae
704 3350 877 3423 conjungitur
895 3351 956 3424 (toi
1009 3366 1081 3412 esset
1107 3352 1268 3410 excellentia
1295 3351 1417 3425 Martyris
1441 3353 1668 3409 commendanda.
1700 3338 1813 3412 terrm

156 3454 218 3508 sat,
239 3440 277 3513 6).
292 3439 407 3494 Sibilaut
419 3437 472 3494 sibi
485 3447 625 3509 serpentes
639 3440 672 3494 ad
687 3439 812 3513 invicem,
827 3455 957 3496 convene-
1008 3442 1089 3514 oculi,
1104 3442 1210 3498 subtilis
1232 3443 1315 3511 risus,
1338 3440 1410 3497 sisio
1433 3439 1561 3513 gloriosa.
1587 3439 1741 3513 Sipamter
1761 3459 1806 3501 re-

158 3539 223 3586 runt
235 3529 263 3584 in
276 3543 359 3583 nuum
373 3527 504 3583 adsersus
517 3526 673 3588 Dominum.
688 3536 715 3582 et
731 3527 860 3585 adversus
874 3527 956 3583 Chri·
1008 3532 1106 3604 collige
1122 3531 1284 3602 positionem
1303 3532 1455 3586 uerborum.
1480 3530 1577 3584 Plenus
1590 3541 1634 3585 est
1648 3529 1764 3602 Spiritu,
1778 3539 1806 3590 et

155 3627 230 3675 stum
245 3617 313 3686 ejus.
328 3614 409 3680 Velit,
424 3615 502 3683 nolit,
528 3615 601 3670 cedit
614 3614 737 3686 impietas
765 3616 865 3685 pietati,
885 3616 957 3672 veri·
1009 3621 1050 3676 sic
1063 3621 1179 3676 intendit
1192 3619 1219 3674 in
1233 3618 1345 3689 coelum,
1360 3617 1425 3691 quia
1438 3617 1467 3674 in
1481 3616 1583 3688 Spiritu
1596 3615 1726 3686 afflatum
1740 3634 1805 3676 con·

158 3706 207 3763 tati
220 3720 307 3773 error,
330 3702 444 3759 stultitia
463 3703 613 3775 sapientie,
633 3702 747 3772 Spiritui
767 3715 863 3762 sancto
886 3721 956 3776 prae·
1009 3708 1122 3766 calcatis
1142 3707 1328 3771 terrestribus,
1353 3706 1508 3763 ooelestibus
1522 3705 1608 3762 inhiat
1630 3713 1657 3762 et
1685 3708 1804 3765 reminis.

159 3792 278 3865 sumptio
292 3803 319 3848 et
333 3791 436 3846 renites
459 3790 569 3861 spiritus
594 3791 715 3849 humani.
739 3792 800 3849 lton
820 3797 955 3864 poterunt
1010 3798 1072 3854 Post
1087 3798 1145 3853 lraec
1163 3795 1320 3866 aperiuntur
1333 3794 1405 3862 coeli,
1423 3795 1552 3866 nullaque
1567 3794 1698 3865 praevalet
1712 3797 1803 3853 brans-

158 3884 290 3940 resr'stere
312 3879 463 3952 supientiae
473 3883 502 3935 et
516 3877 637 3949 spiritui
646 3879 695 3950 qui
710 3878 884 3952 loquabatur.
895 3882 956 3938 Non
1010 3886 1046 3941 tio
1060 3884 1102 3942 rel
1117 3886 1252 3951 clausura,
1267 3899 1346 3955 qnam
1365 3899 1419 3940 non
1434 3885 1582 3941 transvolet
1596 3893 1643 3940 aut
1671 3884 1803 3956 irrumpat

154 3971 237 4041 dixit,
251 3970 312 4025 Non
325 3967 462 4032 uolebant,
478 3967 551 4039 quod
574 3967 773 4024 rationabilium
787 3977 814 4024 et
830 3969 955 4040 perlecto
1008 3989 1086 4030 mens
1100 3973 1139 4028 illi
1153 3988 1267 4028 summae
1282 3972 1364 4030 menti
1376 3972 1538 4030 allectanter
1556 3972 1705 4030 inhaerens,
1717 3970 1803 4032 510

159 4075 220 4117 τετε
235 4067 297 4124 est3
312 4057 360 4113 sed
375 4058 585 4128 neopoleruut,
598 4057 644 4110 uhi
658 4056 743 4112 menti
753 4058 829 4113 malae
843 4058 955 4115 lacultas
1007 4061 1173 4135 Aperiantur
1186 4078 1252 4134 erqo
1274 4062 1348 4132 coeli,
1364 4071 1390 4117 et
1401 4068 1466 4133 puto
1494 4061 1567 4132 qnod
1595 4077 1695 4119 omues
1723 4063 1801 4127 coeli;

159 4148 271 4216 tollitur,
286 4162 342 4202 nou
361 4146 485 4201 rotnoraa
495 4151 623 4200 mittatur.
639 4144 952 4220 liedurpueburttur‚ait,
971 4168 1158 4263 usurumque
1172 4152 1338 4223 apertionem
1353 4151 1476 4224 sequitur
1500 4150 1568 4209 risio
1587 4151 1685 4225 gloriae
1705 4153 1765 4217 Dei,
1776 4160 1802 4208 ει

158 4239 193 4297 ab
203 4254 234 4296 eo
244 4252 310 4293 cum
320 4237 399 4292 omui
408 4233 526 4305 fiducia.
535 4233 783 4308 Fiducialitcragit,
792 4252 844 4293 nec
856 4247 952 4312 mutat,
1010 4242 1116 4299 ridetur
1129 4242 1264 4298 Dominus
1279 4243 1352 4298 Deus
1375 4245 1451 4298 stans
1466 4238 1483 4296 a
1496 4240 1599 4303 dextris
1619 4239 1729 4298 uirtutis
1742 4241 1802 4307 nei,

158 4343 209 4385 nec
223 4332 341 4382 mutatur
354 4339 433 4380 mens
447 4323 709 4395 imperterritaque
720 4325 807 4398 magis
822 4326 953 4395 justitiam
1008 4348 1042 4388 nc
1055 4332 1136 4389 Patre
1151 4331 1311 4388 minorasse
1325 4338 1444 4402 putetur.
1459 4329 1517 4386 Stat
1535 4343 1598 4385 cum
1614 4337 1715 4401 stante,
1739 4346 1799 4388 curs

158 4434 239 4492 quam
257 4417 348 4480 sitam,
364 4413 446 4470 fidem
462 4429 545 4486 quam
560 4413 729 4488 sanguinem,
745 4423 856 4472 mortem
872 4434 954 4489 quam
1006 4421 1122 4478 bellante
1135 4420 1238 4486 bellat,
1254 4419 1319 4492 quia
1332 4418 1466 4488 lapidatur
1480 4418 1508 4473 in
1518 4418 1650 4488 lapidato.

154 4507 268 4578 -jnstittae
290 4503 496 4560 taciturnitatem
512 4501 604 4574 elegit.
628 4503 829 4561 concurrentes
847 4508 954 4578 rapiunt
1041 4515 1067 4567 5.
1090 4512 1150 4566 Νεε
1165 4508 1311 4566 mediocris
1320 4517 1417 4579 stupor
1431 4506 1546 4563 insolvit
1561 4522 1614 4574 nae,
1630 4516 1726 4564 utrum
1746 4507 1802 4580 pri·

157 4611 232 4666 euin,
246 4593 384 4648 adducunt
397 4592 425 4646 ln
447 4590 604 4658 concilium,
619 4600 646 4646 et
658 4594 778 4663 gaudent
796 4608 858 4649 eum
882 4594 952 4652 intra
1003 4600 1112 4656 mitirus
1125 4601 1175 4656 llos
1200 4607 1348 4668 martyrum
1363 4596 1450 4653 oculis
1465 4595 1607 4667 corporeis
1620 4612 1656 4652 an
1672 4597 1803 4670 incorpo-

157 4698 207 4741 sua
230 4681 361 4737 retiacula
389 4680 553 4736 reclusisse:
571 4682 618 4735 sed
645 4680 746 4737 lruatra
770 4681 870 4750 jacitur
893 4694 952 4742 rete
1004 4688 1057 4742 reis
1072 4689 1122 4743 ista
1136 4687 1316 4758 perspexerit.
1334 4686 1444 4742 Grande
1464 4684 1574 4756 quidem
1595 4684 1760 4744 miraculum
1780 4684 1803 4741 si

157 4779 221 4829 ante
237 4773 333 4827 oculos
351 4777 538 4841 pennatorum.
559 4770 636 4824 Tunc
661 4784 713 4825 ror
734 4769 854 4839 liberior,
875 4783 902 4830 ει
915 4791 952 4831 ex
1003 4775 1115 4831 mentali
1133 4775 1229 4831 intuitu
1248 4773 1417 4831 stellantibus
1442 4790 1474 4829 se
1492 4773 1625 4831 immersit
1647 4774 1799 4842 arcanis,si

157 4877 253 4921 sorum
266 4859 408 4916 codicibus
431 4874 520 4913 sermo
535 4857 675 4913 exacuitur
698 4858 826 4926 ueritatis,
850 4869 952 4920 totum·
1005 4864 1192 4921 mundicordes
1209 4865 1279 4921 oculi
1295 4873 1349 4919 tam
1362 4865 1511 4920 solemnem
1523 4863 1698 4935 inspexerint
1713 4865 1801 4922 risio·

155 4969 210 5029 que
224 4963 368 5024 martyrem
396 4949 468 5020 rapit
489 4948 541 5003 sibi
569 4946 685 5016 Spiritus
708 4948 768 5014 Dei,
797 4957 824 5005 et
843 4965 877 5006 ex
891 4953 951 5023 ejus
1003 4969 1074 5009 nem.
1090 4952 1168 5022 Quod
1184 4952 1207 5007 si
1220 4953 1418 5025 corporalibus,
1443 4963 1547 5009 certum
1562 4959 1605 5008 εει
1630 4954 1707 5010 hunc
1720 4968 1800 5010 nnius

155 5061 204 5103 ore
225 5038 374 5098 sonantiori
388 5053 491 5109 organo
518 5035 680 5093 modulatur.
694 5036 816 5109 Apparet
845 5041 870 5096 ei
897 5058 950 5098 nna
1002 5042 1142 5098 hominum
1155 5057 1243 5115 genus
1258 5041 1434 5112 disparilitate
1457 5039 1552 5111 gradu
1579 5041 1760 5112 praevolasse,
1773 5051 1819 5098 et·

156 5133 239 5191 iacies
262 5130 472 5200 scripturarum,
488 5133 516 5182 ει
538 5129 636 5185 veteris
650 5125 820 5182 instrumenti
839 5128 949 5199 dispen-
1001 5131 1096 5204 pennis
1110 5132 1172 5187 iidei
1194 5140 1220 5188 et
1234 5132 1362 5187 virtutum
1382 5130 1544 5201 incorporea
1562 5130 1717 5201 corporeis,
1736 5129 1798 5188 atsi

69 5232 79 5249 ¹
153 5224 198 5279 dia
226 5223 253 5277 ln
271 5217 490 5291 compendiosam
510 5216 607 5288 redigit
633 5216 801 5272 breuitatem.
826 5216 950 5290 Replicat
1001 5236 1057 5276 non
1084 5220 1331 5293 comprehendisse,
1356 5219 1568 5291 apprehendisse
1596 5230 1698 5276 tamen.
1725 5217 1797 5277 Nihil

153 5310 345 5383 promissiones
374 5317 401 5364 et
428 5306 562 5364 beneticia
583 5307 644 5376 liei,
673 5307 902 5363 murmurationes
920 5314 948 5365 ει
1001 5310 1089 5366 audeo
1103 5318 1202 5367 temere
1217 5307 1343 5376 delinire,
1356 5309 1399 5366 rel
1417 5323 1451 5364 ex
1480 5307 1597 5379 abrupto
1623 5308 1796 5381 praecipitare

153 5399 288 5456 maleficis
304 5398 417 5470 populi3
433 5398 504 5453 bona
531 5396 660 5469 praestita,
683 5397 788 5454 reldita
810 5397 881 5453 male
892 5413 901 5469 ;
912 5399 945 5454 ad
999 5401 1169 5468 sententiam,
1183 5415 1245 5457 cunr
1260 5397 1390 5455 finitivam
1405 5413 1488 5470 super
1502 5397 1659 5468 hujusmodi
1672 5399 1797 5472 regulam

153 5495 305 5551 mirantum
331 5485 415 5546 divini
436 5486 577 5561 sanguinis
599 5487 744 5559 cspmbrat
769 5486 944 5560 abusionum,
998 5503 1043 5546 me
1058 5488 1160 5563 legisse
1174 5504 1229 5547 non
1242 5488 1423 5568 meminerim.
1439 5485 1570 5546 securius
1584 5493 1678 5574 umen
1693 5501 1798 5565 sequte
