3706 5962
96 289 237 364 prodierit,
254 285 356 358 etquis
373 282 419 341 ille
433 282 476 342 vel
490 279 535 336 ille
550 279 591 335 sit.
607 275 734 334 Omnium
750 272 830 330 etiam
839 268 891 325 liu·
907 276 931 355 fl

95 395 208 456 guarum
238 385 266 434 et
288 374 408 431 omniurn
432 377 627 434 creaturarum,
652 364 771 420 omnium
795 359 892 414 artium

95 468 217 524 notitiam
232 463 384 526 habebunt,
403 468 431 515 et
449 473 512 514 suos
522 455 637 511 invicem
651 452 793 511 videbunt.
805 445 891 514 Quid-

96 556 159 629 quid
171 553 223 609 feci
236 551 281 608 vel
295 551 362 606 facio
374 549 401 603 in
417 545 545 620 praesenti
560 544 614 599 vita
628 541 666 596 illi
680 555 775 596 omnes
799 544 893 605 aperte

96 644 241 707 videbunt;
263 649 290 697 et
306 637 437 712 quidquid
461 635 560 708 aliquis
583 648 680 688 eorum
700 628 775 692 fecit,
799 633 893 698 elego

97 734 207 801 videbo,
222 731 245 786 si
259 730 295 785 ibi
310 728 402 784 luero:
417 742 468 782 nec
480 723 544 779 inde
561 723 687 777 ruborem
701 717 799 788 aliquis
814 713 895 769 babe

101 825 149 891 bit,
166 821 190 876 si
211 821 238 875 in
253 821 303 874 bac
324 818 379 875 vita
394 818 452 872 Dec
477 830 527 885 per
548 809 735 883 paenitentiam
756 800 895 860 satisfecit.

98 912 132 968 Ut
148 912 230 984 igitur
254 910 355 964 babeas
373 907 446 963 unde
461 900 596 960 conditori
611 907 656 956 luo
674 913 729 954 non
745 895 831 951 solum
847 904 896 963 pro

100 1009 135 1069 tc,
153 1000 201 1055 sed
225 998 306 1054 etiam
330 1011 380 1068 pro
395 994 446 1049 iliis
469 992 516 1064 qui
537 999 628 1046 tecum
648 993 739 1051 erunt,
759 983 897 1055 gratiosus

99 1103 208 1159 semper
222 1085 332 1151 existas,
355 1099 412 1155 prae
427 1082 512 1137 oculis
533 1081 567 1135 de
591 1082 697 1151 quanta
717 1072 827 1129 miseria
846 1084 897 1125 nos

100 1175 249 1232 extraxerit
268 1173 392 1240 babebis,
413 1186 467 1226 non
493 1168 604 1240 quidem
636 1165 668 1220 ad
695 1159 896 1223 confusionem,

100 1264 149 1319 sed
165 1263 198 1318 ad
216 1264 348 1332 majorem
364 1259 463 1316 laetitiae
476 1255 711 1330 glorificationem.
723 1253 810 1307 Tanto
825 1247 898 1303 enim

101 1353 152 1408 erit
167 1355 255 1423 major
268 1360 367 1407 mutuae
382 1347 544 1421 cognitionis
555 1342 709 1409 exsultatio,
723 1346 825 1412 quanto
839 1353 898 1392 ma-

710 135 864 206 euloonts
881 135 1137 208 uuttflustttnsts

1692 150 1747 213 360

947 266 1068 322 charum.
1084 268 1201 339 Quodsi
1216 272 1288 329 dicat
1305 272 1374 345 quis,
1390 279 1496 343 patrem
1511 281 1558 330 aut
1571 283 1703 347 parentes
1716 291 1747 334 se

946 355 1062 427 amplius
1076 360 1182 416 caeteris
1208 360 1277 418 velle
1292 361 1416 432 diligere,
1436 361 1563 418 discutiat
1586 364 1661 435 quod
1679 381 1748 421 sen-

946 443 988 501 tit.
1002 447 1036 501 Et
1046 447 1155 519 quidem
1176 455 1250 505 tuum
1266 458 1419 521 parentem,
1444 449 1567 521 quisquis
1583 467 1615 507 es
1628 453 1676 524 qui
1695 454 1749 517 boc

945 533 1032 604 cupis,
1055 552 1137 607 quern
1163 547 1190 593 tu
1214 538 1304 595 veraci
1326 545 1355 593 et
1381 537 1495 594 ardenti
1524 553 1617 596 amore
1641 540 1747 614 diligis,

947 621 1060 679 affectas
1072 632 1102 680 ut
1127 641 1223 683 omncs
1242 626 1366 699 diligant,
1391 635 1421 682 ct
1443 642 1498 683 nou
1522 629 1628 685 minore
1654 644 1749 687 amore

948 728 1027 785 quarn
1044 722 1072 770 tu
1087 731 1148 771 eum
1163 716 1261 789 diligis.
1286 717 1366 772 idem
1381 733 1433 791 ego
1448 717 1483 772 de
1499 734 1561 774 meo
1575 719 1664 776 amico
1678 736 1748 777 sen·

948 805 996 871 tic,
1011 806 1072 862 vole
1087 813 1169 878 atque
1184 806 1327 879 desidero,
1357 806 1429 862 idem
1445 821 1543 863 omnes
1565 807 1611 863 alii
1630 808 1666 865 de
1680 809 1749 864 anri-

949 893 987 949 cis
1016 895 1081 952 suis.
1110 893 1296 969 Quapropter,
1321 903 1351 951 ut
1375 896 1462 952 sancti
1485 897 1587 953 amoris
1612 899 1686 953 omui
1712 914 1748 954 ea

949 991 1026 1052 parte
1039 982 1179 1054 plenitudo
1194 983 1251 1050 liat,
1267 990 1294 1039 et
1304 984 1393 1038 omma
1402 984 1440 1039 ibi
1459 1001 1572 1057 compos
1585 1001 1642 1042 suae
1655 986 1748 1043 volun·

950 1070 1013 1126 tatis
1031 1072 1137 1139 ειιειει,
1164 1073 1318 1129 necessario
1344 1073 1447 1128 amabis
1471 1088 1567 1131 omnes
1590 1073 1655 1143 alios
1677 1075 1748 1131 sicm

951 1166 987 1227 te,
1009 1168 1143 1231 quatenus
1160 1176 1257 1217 omnes
1271 1161 1385 1231 diligant
1400 1169 1426 1216 te
1448 1160 1519 1217 sicut
1533 1178 1574 1220 se.
1588 1161 1670 1233 Quod
1687 1178 1750 1218 curn

951 1247 1044 1314 fuerit,
1060 1249 1110 1304 erit
1127 1265 1227 1321 inagna
1242 1257 1270 1305 et
1283 1250 1405 1321 perfecta
1419 1250 1547 1314 amicitia,
1570 1250 1635 1323 quia
1649 1251 1679 1306 in
1691 1253 1761 1306 sin-.

951 1337 1021 1408 gulis
1047 1337 1222 1410 singulariter
1247 1346 1276 1394 et
1297 1339 1326 1394 in
1351 1337 1477 1394 omnibus
1495 1339 1546 1394 erit
1570 1339 1752 1395 communiter

102 1441 225 1497 nitentior
249 1441 301 1496 erit
324 1441 383 1512 ipsa
407 1435 617 1494 cohabitantium
641 1430 770 1504 cognitio.
797 1427 900 1484 Omnes
952 1420 1195 1494 affectusperlecti
1210 1423 1321 1478 amoris.

103 1529 204 1602 quippe
215 1529 326 1591 scimus,
343 1527 452 1582 Petrum
468 1522 619 1596 apostolum
636 1523 721 1576 Deum
731 1532 860 1590 negasse,
872 1521 899 1569 et
990 1513 1032 1564 13.
1048 1511 1132 1565 Βειιιιι
1154 1510 1237 1585 igitur
1252 1510 1379 1580 amicitia,
1399 1526 1459 1581 quae
1484 1515 1524 1566 tot
1537 1511 1681 1567 beatorum
1691 1511 1750 1582 ,spi-

102 1619 213 1674 Mariam
228 1617 416 1691 Magdalenam
428 1611 609 1684 peccatricem
624 1609 717 1679 fuisse,
734 1623 786 1662 nec
804 1603 898 1662 cosla·
915 1582 938 1659 fl
954 1597 1020 1654 ritus
1031 1599 1138 1670 copulat
1153 1599 1179 1654 in
1193 1607 1294 1655 aeterna
1313 1599 1410 1671 gloria.
1429 1599 1499 1655 Hinc
1521 1607 1650 1657 nascetur
1664 1601 1752 1657 amica

104 1715 143 1762 tet
162 1705 224 1778 quia
253 1719 303 1760 nos
326 1705 440 1769 ssimum,
469 1716 521 1755 nec
545 1715 593 1755 eos
615 1697 702 1770 magis
722 1694 804 1768 pudet
819 1707 899 1764 quam
952 1686 1108 1754 concordia,
1138 1703 1199 1759 quae
1226 1689 1260 1742 ad
1291 1689 1375 1744 instar
1394 1689 1548 1746 concordiae
1566 1688 1753 1747 membrorum

102 1796 188 1860 illum,
204 1793 250 1863 qni
267 1791 425 1847 sanissimus
440 1795 522 1854 esset,
536 1803 607 1843 nunc
622 1786 736 1858 puderet
751 1784 824 1855 quod
837 1780 901 1836 olim
954 1776 1073 1831 manebit
1090 1776 1193 1848 jugiter
1206 1777 1344 1834 inviolata.
1362 1778 1426 1834 Haec
1439 1784 1514 1834 tauta
1528 1779 1591 1850 erit,
1612 1785 1642 1836 ut
1662 1779 1754 1836 nullus

104 1880 225 1955 graviter
251 1880 278 1934 in
298 1878 394 1950 praelio
409 1875 516 1932 saueius
532 1874 638 1930 fuisset.
663 1873 752 1943 Quare
768 1872 829 1937 boc,
844 1869 901 1924 fra·
954 1863 1026 1919 abed
1047 1863 1111 1921 velit
1132 1881 1211 1938 quam
1224 1867 1274 1922 boc
1291 1868 1365 1939 quod
1377 1877 1404 1924 te
1418 1867 1488 1925 velle
1502 1868 1666 1926 constiterit.
1683 1870 1755 1925 Nam

106 1971 182 2024 tres‘?
194 1969 275 2024 Certe
296 1965 485 2039 qnialactisui
501 1964 694 2035 poenituerunt,
717 1969 745 2016 et
761 1959 904 2030 indulgen·
955 1952 1024 2008 sicut
1047 1968 1100 2009 una
1115 1969 1225 2026 sponsa,
1243 1971 1296 2010 una
1315 1955 1446 2025 Ecclesia,
1467 1972 1551 2013 unum
1573 1972 1675 2028 corpus
1695 1957 1754 2014 eri-

106 2059 170 2113 tiam
195 2058 368 2113 invenerunt.
385 2055 429 2109 Sic
455 2061 483 2109 et
502 2069 563 2122 nes,
583 2051 606 2107 si
624 2067 674 2123 pro
696 2048 846 2105 commissis
853 2063 902 2104 ve·
956 2057 1029 2113 mus3
1045 2042 1084 2098 sic
1100 2058 1154 2098 non
1169 2042 1259 2099 minor
1274 2044 1422 2102 concordia
1442 2061 1524 2119 quarn
1538 2062 1611 2103 nunc
1624 2052 1667 2102 est
1680 2046 1756 2104 inter

107 2147 187 2201 niam
195 2144 337 2202 consecuti
353 2143 497 2208 fuerimus,
512 2141 547 2197 de
562 2139 726 2213 perpetratis
740 2138 826 2208 culpis
849 2151 904 2192 non
956 2130 1078 2187 uiembra
1103 2132 1183 2186 unius
1202 2133 1332 2204 corporis.
1359 2135 1480 2189 llembra
1502 2135 1638 2206 siquidem
1662 2143 1755 2192 nostra

105 2235 308 2292 erubescemus.
324 2235 393 2287 Nam
408 2232 431 2287 si
444 2232 504 2304 quis
512 2229 592 2286 nobis
606 2228 634 2285 in
648 2230 698 2284 bac
711 2234 791 2282 aetate
807 2226 903 2296 imprc-
957 2229 1060 2277 tentam
1075 2222 1177 2277 babent
1192 2221 1264 2276 intcr
1273 2237 1303 2276 se
1314 2222 1497 2290 concordiam,
1508 2231 1538 2278 ut
1551 2230 1616 2294 puta
1629 2221 1712 2285 oculi,
1724 2229 1756 2276 ut

107 2331 216 2396 peraret
242 2323 315 2395 quod
335 2319 485 2376 ininlantia
510 2317 686 2383 faciebamus,
710 2333 805 2388 parum
826 2314 904 2370 nobis
957 2308 1030 2364 nullo
1045 2308 1126 2364 modo
1141 2308 1208 2364 alter
1226 2309 1284 2364 sine
1308 2309 1394 2365 altero
1419 2310 1567 2382 quidquam
1591 2310 1656 2367 velit
1683 2325 1754 2382 ope·

107 2402 172 2459 satis
186 2409 333 2466 constaret,
345 2417 379 2457 co
394 2399 467 2473 quod
483 2409 590 2471 tempus
603 2405 631 2453 et
641 2405 706 2452 aetas
720 2396 764 2451 illa
778 2403 903 2467 pertran·
957 2397 1021 2452 rari.
1038 2397 1106 2452 Narn
1125 2396 1147 2451 si
1161 2413 1231 2453 unus
1244 2414 1350 2453 sursum
1365 2399 1409 2455 vel
1424 2398 1562 2470 deorsum,
1578 2399 1691 2455 dextera
1712 2397 1755 2454 vel

108 2491 198 2547 sierit:
225 2507 285 2546 cnm
311 2490 384 2546 enim
399 2504 521 2544 essemus
542 2486 661 2559 parvuli,
685 2485 857 2556 sapiebamus
876 2491 905 2538 ut
957 2482 1025 2540 laeva
1044 2482 1108 2540 velit
1122 2484 1275 2557 intendere,
1288 2502 1343 2542 non
1360 2487 1463 2560 indiget
1477 2494 1506 2544 ut
1518 2487 1633 2543 alterurn
1645 2494 1757 2542 moneat

108 2579 223 2653 parvuli,
239 2577 427 2651 cogitabamus
440 2584 469 2631 et
483 2575 632 2648 agebamus
648 2586 675 2630 ut
686 2573 805 2646 parvuli,
821 2587 905 2645 quan·
958 2588 1051 2628 secum
1065 2573 1234 2646 conspicere,
1252 2575 1315 2647 quia
1329 2576 1403 2633 nullo
1417 2577 1500 2633 modo
1522 2576 1681 2633 naturaliter
1697 2575 1757 2632 vult

108 2668 144 2724 do
159 2678 250 2723 autem
266 2666 328 2722 iacti
342 2682 435 2720 sumus
458 2664 518 2733 viri,
533 2663 733 2720 evacuavimus
748 2678 808 2734 quae
826 2669 905 2716 erant
958 2663 1081 2734 aspicere
1103 2664 1205 2736 absque
1238 2665 1350 2721 alterius
1374 2665 1524 2722 insociabili
1547 2666 1754 2738 conspectione:

109 2754 215 2827 parvuli
228 2755 253 2824 (l
270 2755 329 2809 Cor.
346 2769 406 2820 riri,
428 2756 484 2822 ll).
502 2752 532 2805 ln
556 2751 601 2805 iila
624 2752 715 2822 itaque
739 2750 793 2806 vita
817 2748 905 2820 pudor
958 2759 1059 2806 tantam
1075 2767 1193 2824 namque
1207 2752 1280 2809 inter
1289 2770 1319 2810 se
1329 2756 1432 2810 babent
1445 2755 1628 2822 concordiam,
1642 2755 1756 2828 utquid·

110 2858 164 2899 non
182 2842 243 2908 erit,
261 2841 370 2913 quando
382 2841 451 2895 alter
465 2839 576 2895 alterius
591 2838 660 2894 lacta
679 2837 790 2907 videbit,
806 2837 828 2893 si
842 2837 905 2894 binc
958 2839 1022 2912 quid
1037 2855 1106 2895 uuus
1127 2841 1252 2912 voluerit,
1269 2845 1321 2898 boc
1335 2843 1407 2899 idem
1422 2852 1450 2901 et
1469 2844 1537 2900 alius
1550 2844 1625 2901 velit.
1649 2846 1755 2900 Cetera

110 2948 160 3004 per
176 2929 389 2986 satisfactionem
406 2930 483 2999 illuc,
494 2929 612 2984 donante
629 2928 696 2997 Deo,
714 2929 904 2999 pervenerint:
919 2890 941 2970 c
958 2917 1291 3001 qucqnemembramulta
1302 2933 1760 3006 interseceputanmrcencerdiaa

111 3020 184 3093 qued
200 3019 272 3074 enim
294 3019 368 3073 Deus
383 3018 531 3083 mundavit,
547 3017 636 3072 nebus
650 3018 817 3074 immundum
830 3018 904 3089 judi·
959 3035 1021 3074 nam
1036 3034 1086 3090 pro
1104 3020 1221 3091 pedibus
1239 3027 1267 3076 et
1282 3029 1338 3078 toto
1357 3037 1471 3093 corpore
1486 3031 1634 3095 operantur
1648 3037 1755 3091 manus,

110 3109 192 3177 cabil,
209 3122 292 3162 nemo
307 3104 545 3178 improperandum
560 3106 618 3161 fore
646 3106 768 3178 putabit3
784 3106 838 3161 imo
855 3122 906 3177 pro
959 3121 1009 3179 pro
1024 3107 1150 3165 manibus
1163 3125 1228 3166 vero
1243 3117 1272 3166 et
1286 3117 1343 3167 tcto
1366 3126 1481 3183 corpore
1501 3110 1632 3183 prospicit
1649 3109 1754 3179 οειιΙιιε,

111 3213 141 3254 se
156 3206 184 3253 et
198 3212 248 3269 pre
271 3197 313 3251 bis
328 3196 426 3267 quibus
448 3194 541 3251 sociati
566 3195 674 3263 fuerint,
699 3194 785 3251 Deum
805 3195 907 3250 indesi-
959 3204 988 3251 et
1002 3212 1051 3268 pro
1062 3198 1142 3255 oculo
1156 3208 1184 3255 ct
1199 3206 1255 3255 toto
1269 3215 1385 3272 corpore
1400 3199 1502 3256 incedit
1510 3216 1569 3272 pes,
1585 3199 1666 3258 etiam
1678 3200 1758 3255 nudis

110 3294 208 3343 nenter
223 3283 351 3340 laudabit.
379 3283 464 3340 Porro
481 3300 502 3339 ει
523 3283 635 3356 angelus
658 3290 685 3340 te
712 3284 755 3340 sui
778 3284 906 3341 societate
960 3281 1096 3337 interdum
1111 3283 1225 3355 pleolist
1247 3301 1299 3342 neo
1312 3284 1384 3356 dicit,
1399 3285 1462 3342 licet
1479 3283 1624 3356 aliquando
1638 3284 1760 3357 graviter

111 3373 295 3446 propeccatis
316 3373 368 3429 tuis
393 3372 535 3445 indignum
548 3371 693 3443 iudicaret,
712 3372 829 3429 baberes
843 3373 908 3445 quid
961 3377 1117 3426 cruentetur
1132 3373 1268 3443 spinarum
1286 3373 1399 3440 aculeis,
1415 3390 1445 3428 se
1459 3373 1531 3429 nelle
1545 3389 1682 3448 quoquam
1696 3390 1758 3428 am-

111 3463 137 3519 ei
152 3462 349 3519 rationabiliter
359 3461 479 3517 diceres.
496 3461 525 3517 Si
539 3460 611 3517 enim
626 3461 684 3532 ipse
699 3461 908 3535 velindignare-
961 3458 1033 3531 plius
1047 3461 1103 3515 ire:
1130 3475 1182 3516 nec
1205 3477 1301 3518 manus
1316 3462 1438 3534 quamvis
1457 3461 1625 3529 vulneretur,
1640 3478 1670 3518 se
1685 3462 1759 3520 nolle

112 3560 166 3620 tur,
184 3553 289 3619 dicens,
303 3551 354 3623 Tu,
371 3552 453 3608 borno
467 3567 528 3608 cunr
551 3551 599 3622 sis,
623 3551 711 3624 pulvis
725 3559 754 3608 et
771 3552 848 3624 cinis,
864 3552 908 3606 in·
962 3548 1076 3620 amplius
1101 3549 1217 3621 operari.
1238 3550 1305 3617 Nec,
1320 3551 1343 3606 si
1357 3551 1503 3624 contigerit
1519 3558 1548 3607 ut
1573 3566 1668 3607 manus
1686 3551 1758 3607 siro-

112 3640 245 3708 tumuisti,
269 3647 297 3695 et
315 3641 365 3696 Dei
389 3641 545 3696 mandatum
560 3641 713 3711 neglexisti,
735 3641 858 3713 putridus
881 3639 909 3695 in
963 3646 1059 3705 masto,
1076 3638 1102 3692 id
1118 3650 1162 3694 εει
1175 3638 1297 3712 cuspide,
1313 3639 1410 3711 pedem
1425 3658 1503 3697 suurn
1518 3639 1690 3710 transfodiat,
1706 3640 1759 3696 ali-

111 3729 231 3800 delictis;
246 3744 302 3801 quo
314 3731 386 3799 jure,
407 3743 460 3800 quo
482 3729 588 3795 merito,
611 3728 651 3783 vis
671 3728 749 3784 nobis
764 3727 908 3800 coaequari,
963 3742 1016 3798 qua
1032 3728 1164 3785 adversus
1178 3744 1287 3784 manum
1309 3730 1349 3785 ira
1369 3746 1417 3801 pes
1435 3731 1492 3802 ipsc
1517 3740 1653 3788 movetur.
1673 3730 1759 3787 'fautu

113 3833 182 3891 qnos
196 3816 287 3874 cernis
306 3819 333 3873 in
347 3816 478 3889 obsequio
502 3816 640 3872 creatoris
654 3815 834 3874 conversari?
863 3833 908 3872 re·
963 3814 1097 3886 siquidem
1119 3817 1192 3873 inter
1214 3834 1244 3873 se
1268 3819 1369 3873 amoris
1392 3819 1545 3875 adunantur
1558 3819 1715 3887 concordia,
1732 3823 1761 3875 ul

112 3907 277 3977 sponderes:
294 3904 361 3960 Cum
381 3905 432 3960 sim
448 3903 536 3976 pulvis
551 3909 578 3960 et
593 3902 670 3971 ciuis,
686 3920 741 3961 non
755 3912 798 3960 εει
811 3903 909 3959 mirum
969 3899 1040 3956 nulla
1065 3901 1172 3957 valeant
1197 3902 1300 3960 ratione
1323 3904 1467 3960 dissentire
1485 3906 1628 3961 occasione
1654 3905 1757 3976 aliqua:

110 3994 133 4050 si
146 4001 228 4051 vento
255 3993 421 4050 tentationis
436 3993 567 4063 impulsus
579 3992 724 4066 aliquando
742 3994 845 4051 corrui:
862 3993 910 4050 sed
964 3997 1021 4053 imo
1049 3991 1180 4070 quidquid
1201 3999 1279 4055 alicui
1294 3999 1473 4072 impenditur,
1500 4001 1626 4057 omnibus
1656 4000 1758 4073 placet,

112 4082 157 4140 ubi
176 4077 337 4139 Creatorem
358 4098 448 4139 meum
473 4083 599 4156 cognovi,
625 4083 783 4155 penitendo
805 4082 910 4139 correxi
965 4085 1043 4158 quasi
1062 4085 1171 4143 sibimet
1194 4087 1406 4158 impenderetur.
1423 4088 1516 4146 Omnia
1538 4090 1620 4162 capiti
1640 4090 1763 4146 serviunt

113 4169 244 4243 quidquid
262 4186 345 4242 prave
365 4170 499 4239 commisi;
516 4169 578 4227 binc
599 4169 664 4225 mibi
678 4169 824 4237 tribulatio,
838 4172 909 4242 jeju·
966 4184 994 4230 ct
1018 4190 1098 4248 sepro
1112 4175 1157 4232 illc
1168 4177 1294 4248 perieulis
1307 4185 1461 4252 opponunt:
1478 4194 1573 4251 exque
1588 4179 1762 4235 manifestum

112 4259 167 4325 nia,
185 4258 294 4331 vigiliae,
311 4259 401 4330 plaga>
427 4259 573 4332 opprobria
588 4276 638 4332 pro
653 4261 714 4329 eius
727 4259 910 4315 satisfactione
966 4270 1017 4329 cst,
1044 4263 1135 4318 omnia
1158 4272 1239 4337 capnt
1252 4265 1313 4337 plus
1337 4281 1418 4337 quam
1438 4281 1468 4321 se
1491 4266 1624 4323 veraciter
1648 4280 1760 4331 amare;

112 4355 192 4420 grata
208 4347 326 4404 luerunt.
343 4349 410 4417 Quis
433 4356 524 4405 autem
543 4357 663 4405 vestrum
688 4348 739 4404 tale
764 4348 829 4420 quid
856 4364 910 4404 un·
965 4351 1059 4424 ipsum
1077 4360 1166 4409 autem
1192 4353 1303 4410 dubium
1327 4369 1382 4411 nou
1406 4361 1456 4426 cst,
1476 4353 1595 4409 omnium
1617 4353 1687 4410 votis
1711 4369 1763 4425 per

112 4453 192 4508 quam
209 4453 258 4508 pro
280 4437 326 4493 illc
349 4436 495 4493 sustinuit?
513 4438 592 4506 Quod
616 4453 681 4496 vero
696 4453 751 4495 non
766 4439 909 4510 peccastis,
967 4442 1056 4498 omnia
1083 4443 1259 4500 concordare.
1290 4445 1334 4500 Sic
1358 4459 1467 4515 queque
1494 4444 1521 4497 in
1544 4443 1647 4500 coelesti
1674 4443 1762 4514 patria

112 4527 213 4581 donum
229 4525 299 4581 illius
317 4525 375 4582 fuit.
402 4528 538 4584 Praeterea
556 4529 634 4598 cujus
653 4529 740 4603 gratia
754 4528 821 4584 muti
834 4528 909 4593 estis,
969 4532 1055 4586 Deum
1070 4531 1243 4588 ineffabiliter
1258 4533 1375 4601 amabis,
1388 4539 1415 4588 ει
1427 4532 1560 4601 οιιιιιίιιιιι,
1573 4532 1608 4586 ad
1620 4546 1763 4604 quecum-

114 4630 148 4669 ne
162 4617 322 4686 peccaretis,
339 4615 409 4671 illius
419 4633 463 4673 me
479 4618 618 4690 sanguise
633 4618 737 4689 peccati
749 4619 852 4674 macula
868 4634 911 4674 re·

115 4701 212 4767 demit,
226 4704 272 4772 qui
297 4712 325 4758 et
350 4705 431 4760 bomo
455 4703 515 4761 fieri
536 4705 628 4774 voluit,
653 4715 684 4761 nt
705 4723 749 4762 me
775 4707 851 4778 regui
870 4707 912 4764 sui

119 4789 281 4862 participem
298 4789 430 4845 efiiceret.
445 4794 512 4847 Cum
528 4791 618 4865 itaque
634 4809 706 4850 mors
720 4796 781 4866 ejus
795 4796 829 4850 sit
843 4812 912 4852 meae

117 4877 260 4935 sufficiens
283 4893 364 4934 causa
387 4881 489 4947 salutis,
510 4880 597 4953 quivis
623 4890 743 4938 vestrum
766 4884 839 4953 juste
861 4885 911 4940 lae-

117 4968 260 5024 taridebet
274 4983 318 5024 me
338 4966 396 5023 lieri
406 4968 565 5042 participem
580 4979 679 5027 vestrae
694 4971 875 5029 beatitudinis.

155 5062 197 5114 la.
215 5061 244 5113 ln
266 5060 316 5114 bac
334 5057 462 5115 societate
483 5067 575 5116 sancta
605 5060 658 5117 crit
684 5076 793 5132 quoque
818 5062 912 5119 indeli-

116 5146 192 5203 ciens
207 5154 235 5202 et
249 5145 374 5218 perfecta
388 5147 513 5204 amicitie.
526 5148 594 5203 Nam
608 5149 792 5220 unusquisque
811 5150 912 5222 sigilla·

118 5237 165 5289 tlm
184 5251 336 5311 omnesque
352 5236 478 5293 simulac
500 5237 644 5293 Dominum
659 5238 745 5293 Deum
759 5253 837 5293 suum
853 5240 913 5314 plus

119 5334 200 5394 quam
241 5328 400 5399 semetipsos
431 5327 678 5399 incomparabiliter
711 5329 850 5397 amabunt,
885 5339 913 5387 et

120 5412 235 5484 quisque
255 5416 403 5484 quemlibet
418 5415 499 5471 alium
522 5417 592 5472 sicut
603 5417 779 5491 semetipsum
800 5419 913 5478 babebit

967 4636 1020 4691 que
1030 4620 1158 4690 volueris,
1176 4621 1259 4693 ipsius
1273 4621 1354 4677 etiarn
1368 4621 1426 4687 Dei,
1444 4630 1534 4676 tecum
1553 4621 1622 4677 velle
1635 4619 1761 4676 babebis.

966 4709 1032 4765 Nam
1048 4711 1117 4767 sicut
1131 4719 1188 4765 tun
1208 4711 1345 4766 voluntate
1361 4709 1410 4766 Dei
1424 4725 1480 4765 nou
1500 4709 1648 4780 discrepas,
1664 4708 1703 4765 sic
1716 4708 1764 4767 illc

970 4808 1021 4855 tuae
1037 4800 1165 4856 voluntati
1180 4815 1230 4871 per
1244 4799 1334 4855 omnia
1348 4799 1524 4855 concordabit
1539 4817 1546 4855 :
1564 4806 1645 4870 eaput
1659 4798 1764 4856 enimn

968 4904 1018 4944 suo
1036 4904 1151 4961 corpore
1166 4887 1322 4945 discordare
1337 4889 1441 4960 nequit.

1005 4977 1047 5032 ll.
1063 4977 1117 5032 Sed
1134 4976 1204 5033 icrte
1225 4978 1286 5047 quis
1300 4977 1380 5034 dicet:
1401 4978 1428 5035 Si
1441 4977 1515 5034 Deus
1529 4987 1558 5035 et
1572 4992 1670 5034 omnes
1682 4977 1765 5034 electi

975 5064 1113 5121 voluerint
1128 5064 1199 5137 quod
1214 5081 1281 5136 ego,
1301 5082 1361 5123 cum
1385 5067 1422 5122 ibi
1446 5066 1532 5136 fuero,
1558 5067 1630 5122 inter
1645 5067 1765 5135 majorca

975 5170 1036 5211 esse
1052 5155 1123 5211 volo.
1140 5155 1188 5212 Cui
1211 5154 1434 5227 respondendum
1449 5164 1523 5228 puto,
1544 5156 1608 5228 quia
1630 5156 1658 5211 iu
1679 5153 1767 5230 gloria

971 5246 1041 5301 inter
1062 5245 1182 5315 maiores
1198 5246 1260 5313 erit,
1275 5246 1323 5300 sed
1338 5245 1367 5301 in
1388 5261 1506 5319 persona
1520 5262 1583 5302 esse
1597 5245 1695 5318 aliquis
1707 5259 1766 5300 ma·

980 5336 1081 5405 jurum,
1097 5334 1143 5407 qui
1159 5335 1195 5389 ibi
1210 5334 1272 5404 erit,
1286 5334 1355 5391 uelle
1370 5334 1502 5407 nequibit,
1515 5333 1566 5391 nisi
1574 5350 1605 5390 se
1613 5334 1703 5407 ipsum
1711 5347 1766 5390 non

981 5439 1042 5481 esse
1057 5423 1133 5491 velit,
1147 5424 1219 5496 quod
1238 5422 1298 5480 fieri
1317 5438 1372 5479 non
1385 5423 1494 5495 poterit.
1510 5421 1566 5479 Sed
1579 5422 1668 5481 necin
1680 5421 1768 5494 gloria
