3706 5962
93 174 130 237 ιι
280 150 285 155 ’
719 164 945 229 evacuentur
962 166 1098 227 ιιιιιιι
1707 170 1744 230 es

95 301 344 360 uehunturmutuo
354 312 448 354 :uuus
461 289 740 372 qmnudccalstieti
750 292 838 367 (deal.
849 308 888 361 ιι,
907 314 930 396 Α
1238 292 1356 349 suano
1375 291 1448 351 xm.

97 389 154 462 11.)
166 376 346 447 Ecclesiastea
359 384 412 442 boc
432 383 507 442 dicit.
522 385 629 442 Bonum
644 388 687 440 cst
705 382 791 440 foveri
804 389 831 439 ιι
844 380 889 437 in·
1013 381 1109 448 Tenui,
1132 398 1185 441 uec
1198 383 1345 442 dimittam
1358 383 1456 441 illum.
1475 382 1570 457 (daut.
1584 399 1627 457 ιιι,
1639 384 1680 458 ι).

96 475 226 536 flammari
238 475 267 531 in
281 473 408 548 amplexu
421 473 508 530 Verbi
522 472 648 548 (ignitum
662 470 734 529 enim
754 470 891 544 eloquium
982 476 1008 531 1.
1024 473 1122 529 Adhuc
1136 471 1248 546 capituli
1266 473 1348 543 hujus
1363 488 1416 529 nos
1439 473 1571 531 discussio
1586 480 1671 532 tenet.
1699 478 1744 534 ie·

95 561 202 623 Domini
217 560 417 633 vehementer),
428 568 455 617 et
464 559 651 633 spiritualibus
660 565 775 615 aestuare
785 555 893 613 deside-
946 564 1007 630 eet,
1024 579 1076 621 nee
1090 561 1236 620 dimittam
1249 562 1344 620 ittam.
1360 562 1435 618 Itane
1454 561 1609 620 adhibenda
1623 569 1667 620 est
1680 562 1744 619 dili.

96 654 144 712 riis
160 670 168 712 t
184 653 246 709 ideo
261 667 316 709 non
329 651 400 708 dabo
415 666 541 708 somnum
564 647 650 707 oculis
663 647 742 715 meis,
759 655 787 704 et
800 648 895 719 palpe·
947 651 1039 728 gentis
1051 659 1079 708 ιι
1093 651 1222 723 studium,
1239 658 1269 707 ut
1282 650 1397 708 dilectus
1415 653 1479 709 tuus
1495 653 1684 724 apprehensus
1698 669 1744 711 re-

96 742 154 800 bris
172 742 247 799 meis‘
259 740 495 810 dormitationem,
515 739 604 796 donec
628 738 797 795 introducam
820 735 893 792 illum
948 741 1065 798 sineatur
1087 741 1102 796 t
1125 740 1167 797 Si.
1183 726 1300 813 sponsus
1329 749 1381 807 est,
1408 740 1512 797 amanti
1535 744 1684 816 respondet
1699 728 1744 800 ἰιι

96 833 126 890 in
139 831 292 890 cubiculum
309 818 404 887 matris
415 846 495 887 meae.
511 829 586 886 Tunc
599 828 747 902 quiescam,
764 833 791 883 et
806 823 895 881 suavis
947 844 1047 901 equo:
1064 827 1201 901 quomodo
1220 843 1276 884 non
1289 827 1361 885 ultro
1374 828 1493 885 cohaeret
1512 829 1569 897 tibi,
1594 838 1622 887 et
1645 831 1753 891 astrin-¹

96 920 149 979 erit
169 936 280 978 somnus
299 935 388 976 mens.
404 917 488 992 Quasi
507 916 634 975 dormivit
653 917 772 973 loannes
787 928 895 970 recum·
949 917 1021 992 gitur
1044 916 1154 989 gratis?
1177 915 1301 989 Denique
1325 917 1377 972 boc
1397 917 1480 973 babet
1498 916 1645 990 impatiens
1670 917 1746 975 aelus

96 1010 166 1067 bens
180 1009 209 1065 in
223 1015 336 1083 pectora
349 1009 423 1076 lesu,
439 1007 487 1064 ubi
500 1005 636 1064 reconditi
650 1011 714 1062 sunt
725 1018 822 1060 omnes
835 1002 896 1056 tbe·
948 1006 1107 1073 amantium,
1124 1013 1154 1061 ut
1168 1003 1251 1060 etiam
1268 1005 1399 1077 expulsus
1412 1005 1567 1079 importune
1582 1023 1612 1063 se
1625 1008 1744 1081 ingerat,

96 1098 169 1156 sauri
182 1098 323 1172 sapientie
339 1103 367 1153 ιι
381 1096 501 1153 scientie
518 1095 578 1154 Dei.
594 1095 635 1151 lbi
655 1110 727 1150 veroe
742 1090 841 1164 quietis
855 1089 895 1147 lo·
949 1103 977 1151 er
991 1095 1123 1167 pudorem
1143 1094 1266 1150 dediscat
1289 1093 1426 1149 aemularic
1450 1094 1530 1151 dura,
1553 1095 1634 1152 Nune
1656 1103 1745 1152 aurem

97 1203 156 1260 eus,
177 1185 365 1261 intelligentiae
392 1200 536 1254 serenum,
565 1182 750 1239 sanctuarium
774 1177 894 1251 pietatis,
948 1183 1027 1249 dieis,
1051 1184 1113 1241 Non
1139 1183 1286 1240 dimittam
1309 1184 1405 1254 illum,
1431 1184 1508 1256 quasi
1531 1183 1671 1240 declinere
1694 1200 1746 1240 vo-

97 1276 284 1336 delcctationis
297 1276 462 1333 cubiculum.
477 1273 528 1331 llic
548 1273 646 1339 dormi,
664 1279 694 1327 ut
706 1270 801 1327 videas
820 1265 895 1340 quod
948 1271 1051 1327 lentem
1075 1271 1097 1326 si
1120 1287 1176 1327 non
1203 1270 1346 1328 instantius
1371 1270 1526 1328 retineatur.
1552 1272 1695 1341 Quomodo
1723 1272 1747 1327 si

96 1365 155 1440 ipse
164 1365 232 1423 vidit
244 1365 363 1421 Verbum
379 1364 407 1419 iu
420 1363 565 1436 principio,
578 1361 700 1419 Verbum
713 1359 784 1431 apud
794 1358 894 1419 neum,
948 1367 1029 1427 amat,
1044 1368 1091 1415 aut
1114 1359 1254 1417 declinere
1267 1359 1350 1427 volet,
1370 1367 1417 1415 eut
1440 1359 1518 1418 avelli
1538 1376 1568 1417 se
1591 1359 1682 1417 sinetl
1705 1361 1746 1414 tn

97 1462 124 1512 et
152 1456 272 1511 Verbum
298 1454 386 1509 Deum
417 1454 509 1522 (locu,
539 1455 565 1518 1,
594 1452 637 1522 1);
662 1456 689 1506 ιι
707 1447 845 1521 intelligas
868 1444 895 1498 in
948 1449 1019 1505 forte
1042 1447 1243 1521 suspicionibus
1266 1448 1405 1505 amatoriis
1431 1447 1558 1515 moveris,
1587 1455 1614 1505 et
1646 1465 1745 1520 super-

96 1542 204 1600 Christo
223 1556 285 1598 cnm
308 1542 386 1596 Patre
406 1538 538 1595 existendi
553 1538 779 1604 coaeternitatem,
794 1551 895 1610 perso·
948 1553 1033 1595 vacuo
1052 1539 1169 1612 quodam
1188 1525 1262 1595 inetu
1290 1537 1440 1605 emittendi,
1470 1552 1519 1609 pro
1542 1536 1627 1595 multo
1646 1538 1745 1594 ellectu

96 1632 186 1688 nalem
210 1630 405 1698 diversitatem,
426 1634 453 1684 et
475 1627 607 1684 unitatem
625 1626 894 1686 consubstantialem.
911 1668 933 1747 Β
948 1627 1101 1684 retinendi?
1124 1628 1186 1684 Non
1207 1637 1249 1684 est
1272 1634 1363 1683 tamen
1387 1641 1572 1699 supervacuus
1591 1627 1682 1694 timor,
1698 1628 1745 1683 ubi

95 1720 167 1792 Quid
182 1719 230 1775 tibi
249 1718 356 1775 videtur
376 1715 490 1772 similius
505 1716 623 1772 somnoi
636 1716 695 1771 Huc
716 1730 746 1771 se
761 1730 815 1772 non
831 1732 896 1788 pos-
949 1717 1036 1774 exitus
1050 1717 1078 1772 iu
1092 1715 1201 1788 ancipiti
1215 1716 1325 1788 pendet.
1341 1716 1401 1772 Nou
1417 1723 1461 1772 ιιι
1475 1731 1660 1788 supervacuus
1674 1716 1745 1773 inter

96 1816 160 1865 sunt
173 1807 284 1864 humani
301 1806 404 1876 jactare
423 1804 548 1871 intuitus,
570 1804 722 1875 irrumpere
746 1803 824 1861 ratio.
839 1805 895 1863 De·
948 1804 1069 1877 pericula
1086 1810 1184 1860 metus.
1201 1804 1255 1860 Sed
1270 1803 1419 1862 domestica
1434 1805 1482 1860 tibi
1497 1804 1584 1875 magis
1599 1805 1745 1861 metuenda

96 1897 179 1971 nique
194 1911 248 1953 non
270 1894 373 1952 videbit
394 1895 453 1951 bec
473 1896 563 1959 bomo,
580 1900 608 1949 ιι
626 1891 709 1952 vivet.
725 1893 828 1950 Bonum
853 1903 895 1952 est
947 1892 1109 1950 estlevitas.
1124 1891 1195 1950 Nam
1214 1893 1357 1961 Deusille,
1375 1901 1403 1949 et
1418 1908 1472 1950 uon
1496 1900 1627 1949 mutatur.
1647 1894 1744 1949 innata

96 2002 164 2059 ergo
176 1994 205 2042 te
218 1982 385 2052 obdormire,
398 1990 426 2040 et
439 1985 622 2040 humanorum
636 1998 766 2039 sensuum
780 1990 808 2039 et
822 1984 893 2040 atie·
948 1981 995 2037 tibi
1017 1981 1112 2038 levitas
1137 1980 1226 2038 vicina
1249 1989 1292 2038 est
1313 1981 1413 2054 lapsui,
1439 1989 1466 2037 et
1489 1981 1611 2038 instabili
1625 1982 1745 2054 quodam

75 2106 79 2113 ι
96 2084 188 2133 ctuurn
204 2073 337 2132 oblivione
352 2072 446 2145 sopiri,
463 2080 493 2128 ut
516 2072 671 2143 hujusmodi
693 2069 797 2128 somnia
816 2088 894 2129 som·
947 2085 1023 2142 vagae
1036 2069 1134 2126 mentis
1148 2072 1229 2127 'motu
1242 2070 1370 2129 facillime
1384 2069 1528 2144 abriperis,
1544 2069 1568 2126 si
1585 2085 1641 2127 non
1665 2070 1744 2127 firme

96 2164 172 2222 niare
195 2161 293 2237 possis.
308 2163 366 2221 lloo
390 2158 750 2233 apostolorum-cubiculum
774 2166 825 2227 est,
848 2160 895 2233 qui
947 2159 1107 2217 adhaeseris.
1675 2157 1677 2162 '

20 2253 25 2263 ’
95 2269 147 2310 uos
160 2260 315 2328 genuerunt
337 2251 366 2307 in
389 2250 504 2309 Christo.
520 2248 602 2320 Quasi
621 2255 710 2305 mater
728 2256 770 2305 est
784 2248 893 2317 Paulus,
983 2251 1010 2304 i.
1027 2248 1081 2305 Sed
1095 2246 1217 2315 nosjam
1231 2249 1266 2304 ad
1289 2248 1454 2321 primitivam
1467 2247 1552 2305 verba
1566 2248 1625 2305 baec
1638 2247 1744 2304 refera-

96 2359 158 2402 oum
171 2341 259 2400 dicit:
276 2339 448 2409 liliolimet',
460 2356 528 2412 quos
540 2340 646 2395 iterum
654 2340 796 2411 parterm,
808 2338 894 2395 donec
947 2349 1008 2390 mus
1026 2334 1191 2392 Ecclesiam.
1213 2336 1281 2407 Ejus
1300 2337 1372 2393 enim
1395 2332 1457 2394 esse
1479 2336 1613 2401 videntur,
1633 2335 1697 2391 fidei
1717 2343 1746 2391 et

95 2434 238 2506 formetur
261 2430 389 2487 ditrictae
408 2428 441 2485 ira
460 2429 534 2486 uoltis
555 2427 630 2499 (Gal.
646 2440 685 2494 tv,
708 2425 764 2497 19).
780 2427 894 2482 Μιιιιιιι
947 2423 1088 2481 clrarilatis
1099 2425 1162 2495 jura
1176 2425 1306 2482 advorsus
1320 2426 1537 2498 persecutionum
1552 2423 1666 2495 injurias
1679 2440 1744 2496 pro·

96 2516 181 2572 babes
197 2535 203 2573 :
219 2515 261 2572 vis
274 2516 376 2571 babere
388 2513 568 2571 cubiculum?
583 2516 696 2583 Nostra,
711 2514 809 2586 inquit,
824 2530 893 2572 cou-
947 2513 1055 2584 pbetica
1091 2513 1209 2586 quadam
1236 2515 1447 2586 presumptione
1478 2513 1530 2569 sibi
1557 2512 1741 2570 defendentis.

95 2604 216 2664 uersutia
231 2604 264 2659 iu
273 2605 349 2661 arelas
359 2607 401 2661 ιιι
411 2602 549 2675 (Philipp.
563 2617 606 2668 ur,
617 2605 674 2671 to).
692 2600 894 2659 lhssomnumi
948 2601 1016 2658 Vide
1030 2601 1132 2657 etenim
1151 2618 1232 2675 quam
1250 2601 1328 2656 multi
1343 2601 1433 2657 conati
1455 2609 1520 2657 sunt
1538 2601 1675 2673 spirituale
1690 2603 1744 2659 boc

94 2694 195 2760 lieute,
210 2691 307 2763 inquit,
323 2690 498 2759 excedimus,
514 2692 566 2747 Deo
578 2690 618 2759 (li
628 2691 689 2748 Cor.
701 2706 730 2754 v,
747 2690 804 2763 13).
947 2689 1045 2746 Christi
1056 2696 1084 2746 ιι
1097 2689 1237 2755 Ecclesiae,
1253 2691 1296 2748 vel
1310 2689 1450 2756 divellere,
1461 2690 1506 2747 vel
1515 2689 1668 2747 adulterare
1678 2706 1743 2748 oon·

131 2782 156 2836 i.
173 2780 231 2836 ilnc
253 2794 319 2852 ergo
341 2776 427 2834 transi
445 2793 507 2834 cum
530 2775 640 2842 dilecto,
665 2776 710 2833 hic
727 2793 818 2844 mane,
834 2781 894 2836 brec
946 2778 1069 2835 nubium.
1085 2777 1286 2849 comtemplare
1306 2779 1395 2835 adbuc
1409 2778 1487 2835 initia
1509 2778 1636 2838 lactentis
1648 2779 1742 2837 Eccle-

95 2869 239 2936 meditare,
253 2866 282 2923 in
295 2867 338 2924 bis
352 2875 412 2924 esto
425 2872 492 2923 :aut
505 2865 527 2921 si
542 2864 594 2922 isto
607 2865 765 2938 pertingere
780 2882 893 2940 nonpo·
946 2866 1003 2934 ιιι,
1028 2867 1140 2939 quondo
1163 2866 1237 2923 velut
1258 2866 1337 2925 inova
1361 2875 1447 2940 nupta
1469 2869 1498 2925 in
1517 2868 1620 2941 pu'mos
1643 2868 1743 2925 Christi

95 2967 147 3027 ιιι,
163 2957 339 3030 temperatius
362 2972 414 3031 age
439 2976 445 3014 :
469 2955 493 3011 si
509 2970 564 3012 non
587 2963 666 3026 potes
684 2956 846 3013 recumbere
864 2956 892 3014 in
945 2955 1111 3027 properabat
1139 2956 1290 3027 amplexus.
1315 2955 1387 3024 Quid
1414 2957 1524 3024 furoris,
1550 2956 1615 3029 quid
1638 2956 1743 3013 iraudis

95 3055 207 3121 pectore
229 3047 304 3115 lesu,
320 3046 367 3102 ubi
382 3045 528 3102 indefesse
552 3052 649 3115 puteus
673 3045 833 3119 sapientiae3
849 3063 891 3103 re·
907 3019 930 3099 Β
945 3043 1008 3111 iltis,
1023 3044 1088 3100 lesu
1103 3044 1186 3112 boue,
1201 3044 1328 3102 sustinuit
1343 3045 1452 3102 diebus!
1466 3045 1618 3118 Oportebat
1631 3045 1743 3119 quidem

95 3137 205 3212 quiesce
223 3134 295 3192 inter
317 3134 449 3206 scapulas,
463 3133 511 3191 ubi
530 3133 668 3205 patientie
689 3136 747 3207 ejus
767 3134 891 3208 exempla
946 3133 1066 3190 hereses
1089 3149 1160 3201 esse,
1186 3136 1331 3206 oportebat
1352 3141 1381 3191 ιι
1402 3134 1610 3206 persecutiones
1624 3149 1697 3201 esse,
1714 3140 1743 3190 ut

95 3234 124 3282 et
138 3226 267 3298 mysteria
285 3222 489 3296 contempleris.
502 3223 576 3280 lnter
589 3224 717 3281 humeros
731 3226 791 3296 ejus
807 3243 813 3282 :
828 3225 893 3296 quia
945 3228 1021 3279 tanto
1035 3222 1187 3280 adhereret
1201 3223 1301 3282 dilecto
1316 3222 1449 3295 tenacius,
1464 3230 1566 3296 quanto
1581 3225 1616 3279 ab
1627 3224 1687 3294 ejus
1698 3223 1743 3281 vel

93 3314 275 3390 principatus
287 3316 436 3385 [natusest
446 3329 532 3386 super
542 3312 691 3370 humerum
701 3315 762 3386 ejus
772 3313 838 3385 (lac.
849 3327 890 3382 rx,
945 3308 1010 3379 tide,
1024 3311 1068 3368 vel
1090 3311 1264 3370 consessione
1278 3312 1467 3371 vehementius
1481 3328 1510 3369 se
1525 3312 1651 3385 abrumpi
1666 3311 1743 3369 vide·

94 3405 133 3474 b).
148 3405 184 3459 Et
195 3402 230 3460 de
243 3402 384 3474 Beniamin
403 3401 570 3469 dictumest,
587 3402 661 3474 quod
675 3402 891 3460 amentissimus
945 3398 1004 3456 bet.
1027 3401 1093 3470 Quis
1107 3418 1168 3468 uos,
1183 3401 1280 3474 inquit,
1296 3419 1368 3458 uuus
1391 3417 1442 3474 pro
1455 3402 1583 3458 universa
1600 3400 1741 3469 Ecclesiae,

94 3493 207 3551 Domini
217 3491 297 3549 iuter
308 3491 439 3551 humeros
448 3492 612 3565 requiescet.
628 3490 771 3564 Requicvit
780 3490 890 3564 quidem
945 3489 1089 3561 separabit
1103 3491 1275 3548 ιιιιιίιιιι
1287 3492 1412 3548 Christi?
1421 3490 1512 3562 (doru.
1524 3506 1586 3559 vrrr,
1597 3489 1744 3561 liliteni-

93 3588 121 3638 et
136 3579 299 3638 obdormivit
318 3580 397 3636 lesus
419 3579 447 3634 in
465 3595 557 3647 cruce,
572 3586 602 3636 ut
617 3589 645 3636 et
659 3588 687 3635 tu
706 3596 768 3636 oum
790 3578 850 3652 ipso
863 3579 892 3635 in
945 3588 1126 3650 quenonest
1143 3577 1238 3635 inillis
1258 3578 1302 3635 vel
1328 3578 1391 3635 fidei
1415 3586 1544 3651 corrupta
1567 3578 1678 3647 veritas,
1698 3579 1742 3634 vel

94 3667 229 3741 passionis
244 3667 305 3741 ejus
318 3666 373 3723 fide
386 3673 414 3722 ct
432 3667 565 3722 memoria
578 3667 700 3725 dormias
718 3682 724 3721 :
744 3668 789 3725 vel
803 3666 892 3738 potius
945 3666 1124 3722 confessionis
1138 3668 1264 3724 obturata
1278 3667 1399 3726 libertas.
1416 3670 1535 3740 Propter
1549 3668 1627 3733 Sicu,
1642 3666 1740 3740 inquit,

92 3757 165 3814 inter
178 3755 244 3812 istas
262 3760 352 3810 sortes
366 3753 489 3810 discurre
507 3753 580 3809 inter
593 3761 689 3825 peetus
710 3763 737 3811 et
751 3755 890 3827 humeros,
945 3771 1004 3812 reon
1014 3756 1277 3829 toreho‚etpropter
1287 3758 1446 3815 termnum
1455 3757 1741 3831 uouquiescumtisu.

54 3898 57 3903 .
93 3847 166 3903 inter
178 3843 243 3902 fidei
257 3842 397 3916 mysteria,
408 3850 436 3899 et
450 3841 698 3901 manifestationem
711 3845 843 3902 veritatis.
861 3847 892 3903 ln
945 3859 1014 3912 uxta,
1031 3847 1069 3912 1).
1085 3844 1169 3900 Caesis
1187 3846 1216 3901 in
1229 3859 1373 3919 synagoga
1387 3845 1529 3918 discipulis
1552 3845 1742 3902 denuntiatum

93 3936 180 3991 altero
194 3932 237 3989 iac
251 3932 300 3990 tibi
319 3932 439 4001 domum,
459 3930 488 3986 in
501 3933 587 3988 altero
602 3931 766 3991 cubiculum.
783 3937 891 3992 Amou-
945 3940 988 3990 est
1000 3940 1031 3990 ut
1044 3940 1177 3991 tacerent.
1193 3935 1249 3992 Sed
1267 3935 1306 3991 illi
1320 3945 1432 4008 propter
1449 3935 1514 3993 Sion
1527 3949 1582 3992 non
1598 3942 1700 3999 tacent,
1716 3943 1745 3991 et

96 4022 225 4081 tissimus
236 4021 512 4092 DomiuiBeujomr'u
525 4019 787 4092 quositntbatcruo
801 4039 892 4081 mora
945 4032 1059 4096 propter
1081 4024 1231 4081 Jerusalem
1255 4024 1329 4081 illam
1352 4025 1492 4082 carnalem
1518 4038 1573 4080 uon
1596 4023 1745 4095 quiescunt

94 4112 174 4170 bitur
193 4115 255 4171 totu
273 4111 317 4169 die
339 4115 367 4168 ιι
384 4109 463 4165 inter
484 4109 617 4167 humeros
629 4111 782 4184 requiescet
797 4114 890 4181 (Dect.
946 4115 1020 4185 (tet.
1036 4130 1064 4179 v,
1081 4114 1188 4184 ιιι-ιι).
1204 4114 1275 4172 llere
1285 4114 1402 4171 carnalis
1414 4115 1569 4186 synagoga,
1581 4128 1643 4185 quae
1654 4111 1743 4169 viviti-

94 4216 196 4271 xxxur,
209 4198 356 4270 tt).llides
369 4196 588 4269 quomodointer
602 4197 730 4255 humeros
745 4199 892 4257 thalamum
946 4210 1053 4259 cautem
1068 4203 1096 4258 in
1112 4219 1142 4259 se
1156 4203 1284 4259 exstinxit
1306 4203 1446 4277 Spiritum,
1461 4210 1489 4259 et
1501 4202 1629 4259 Ecclesiae
1651 4209 1743 4258 extor-

93 4289 226 4348 collocati
233 4287 303 4360 Quid
318 4302 385 4359 ergo
399 4285 451 4342 erit
465 4285 494 4342 in
508 4287 799 4361 pectoreilltrobiqne
811 4291 892 4362 plene
947 4307 1031 4364 quere
1054 4299 1177 4349 conatur.
1205 4292 1269 4350 Non
1291 4292 1417 4365 probavit
1440 4290 1575 4348 Christum
1589 4291 1690 4347 bebere
1714 4290 1744 4345 in

94 4375 331 4452 contemplationis
348 4374 468 4448 pulchrae
482 4375 566 4443 locus,
581 4372 641 4432 88
658 4383 686 4432 ιι
708 4375 779 4434 inter
793 4379 891 4436 bume-
907 4366 931 4445 ὓ
947 4380 1056 4447 ιιιιίιὶι;
1080 4381 1142 4438 ideo
1156 4381 1255 4438 tradita
1269 4381 1354 4439 estin
1375 4381 1525 4454 reprobum
1549 4396 1668 4438 sensum.
1688 4381 1743 4437 lle-

69 4498 73 4503 ·
94 4484 149 4543 ros,
166 4474 195 4525 et
208 4468 279 4524 iuter
301 4466 395 4522 ubera.
414 4463 468 4521 Sed
482 4462 594 4520 uberior
608 4464 696 4539 gratie
721 4465 749 4521 in
768 4473 891 4539 pectora,
946 4469 1071 4542 probavit
1085 4470 1158 4526 enim
1172 4469 1290 4543 lapidem
1304 4471 1457 4543 probatum,
1474 4469 1592 4542 lapidem
1606 4467 1741 4526 electum:

93 4559 140 4615 nbi
168 4555 268 4613 amoris
294 4555 381 4622 locus,
410 4551 605 4626 cogitationum
632 4553 724 4625 sedes,
752 4555 894 4629 amplexus
946 4558 1034 4614 tenuit
1057 4559 1157 4631 legem,
1186 4560 1234 4616 sed
1252 4559 1390 4617 Christum
1413 4558 1527 4616 nescivit
1542 4573 1550 4614 ε
1565 4557 1625 4616 tulit
1638 4558 1743 4615 clavem

95 4646 213 4712 ιιιιιίο,
229 4651 257 4700 ιι
274 4641 408 4700 cernendi
419 4641 501 4713 copia
514 4641 613 4701 vultus.
629 4643 704 4700 Bene
717 4659 784 4715 ergo
798 4643 827 4701 iu
842 4661 894 4720 pe·
947 4647 1076 4716 scientim,
1093 4664 1145 4705 nec
1166 4647 1227 4720 ipsa
1249 4648 1379 4716 introivit,
1396 4664 1446 4706 nec
1463 4647 1532 4704 alios
1555 4648 1657 4705 intrare
1675 4662 1743 4719 per-

95 4742 170 4792 ctnre
188 4735 253 4790 lesu
272 4730 416 4799 thalamus,
438 4729 492 4786 imo
505 4737 534 4786 et
555 4732 707 4789 thesaurus.
724 4734 764 4791 lbi
778 4735 852 4792 euim
866 4740 896 4792 ιι
948 4739 1031 4797 misit.
1046 4738 1117 4810 Quid
1131 4739 1211 4796 uobis
1225 4738 1338 4806 deudis,
1360 4739 1459 4812 quibus
1472 4739 1596 4796 Christus
1611 4736 1745 4809 aperuit?

95 4822 201 4881 deliciae
216 4820 314 4893 Sponsi
330 4827 357 4875 et
371 4818 472 4876 diritiae
486 4818 583 4888 Verbi;
596 4820 660 4893 quia
673 4822 700 4877 in
715 4823 763 4879 illo
776 4826 894 4883 abscon·
949 4830 1038 4902 Super
1060 4830 1203 4885 humerum
1233 4830 1294 4897 eius
1320 4829 1405 4886 clavis
1434 4829 1531 4886 domus
1558 4826 1654 4894 David,
1682 4842 1747 4898 qne

96 4911 143 4969 diti
161 4917 224 4968 sunt
238 4925 335 4966 omues
354 4907 475 4964 thesauri
498 4906 640 4981 sapientiae
655 4918 683 4967 et
697 4911 819 4970 scientie
834 4912 893 4969 liei.
948 4917 1046 4990 sperit,
1061 4924 1089 4973 et
1102 4916 1305 4982 nemoclaudit;
1321 4917 1564 4986 claudit,etuemo
1579 4914 1745 4990 aperit(lsa.

95 5002 127 5058 ln
142 5001 192 5058 bos
204 4997 351 5074 ingredere
373 4998 525 5064 thesauros,
542 4998 680 5056 absconde
696 5007 723 5056 te
737 5001 765 5057 in
780 5002 896 5058 abarum
948 5021 1021 5072 xxrr,
1037 5006 1093 5079 tt).
1109 5005 1221 5077 Aperuit
1237 5006 1380 5076 Gentibus,
1397 5013 1425 5063 et
1446 5007 1544 5063 clausit
1556 5005 1669 5064 Judaeis.
1684 5005 1748 5059 Cre-

97 5091 153 5147 dito
167 5089 247 5148 teciei
269 5089 361 5159 ejusa
379 5086 588 5144 conturbatione
602 5089 752 5157 hominum,
768 5099 797 5147 ιι
815 5105 895 5147 nemo
949 5096 1017 5152 citas
1032 5094 1105 5151 enim
1128 5095 1156 5150 in
1179 5094 1261 5151 lsrael
1280 5095 1397 5168 contigit
1420 5105 1556 5169 exparte,
1582 5102 1611 5151 ut
1624 5093 1749 5166 gentium

97 5187 123 5234 te
133 5178 280 5236 exsuscitet
292 5192 383 5248 neque
394 5174 524 5247 evigilare
539 5175 631 5243 faciat,
646 5177 736 5235 donec
746 5178 806 5252 ipse
817 5178 894 5235 velis.
948 5183 1090 5257 plenitudo
1104 5183 1228 5240 intraret.
1243 5185 1321 5243 cena
1334 5193 1377 5242 ιιι
1390 5186 1496 5253 ludusa,
1511 5185 1575 5242 etin
1589 5184 1688 5240 litterae
1697 5198 1744 5239 ve-

97 5265 222 5339 Denique
234 5275 263 5323 ιι
279 5269 332 5324 hoc
345 5266 429 5323 habet
449 5281 482 5322 ea
496 5281 557 5341 quae
571 5265 748 5340 subsequitur
761 5266 895 5338 adjuratio
947 5273 1049 5330 lamine
1064 5273 1165 5331 ostium
1182 5274 1306 5333 invenire
1329 5275 1427 5334 nescit,
1442 5277 1591 5348 synagoga
1614 5272 1751 5343 predicat

97 5354 191 5428 sponsi
206 5354 389 5427 cbristilesu,
400 5355 448 5429 qui
461 5355 526 5415 vivit
541 5364 569 5414 ιι
583 5363 681 5430 regnat
694 5354 723 5413 iu
737 5357 834 5414 ιιιιιιιι
844 5373 896 5414 ιιι-
948 5362 1082 5432 velamen,
1095 5363 1224 5437 reprobet
1238 5365 1391 5434 veritatem,
1403 5378 1459 5421 uon
1468 5370 1544 5421 recte
1558 5362 1599 5420 vel
1613 5363 1749 5435 offerens,

98 5443 231 5507 talorum·
251 5445 348 5500 Amen·
948 5453 991 5510 vel
1004 5451 1137 5510 dividens.
1151 5454 1235 5511 Recte
1246 5455 1316 5512 enim
1332 5452 1476 5518 divideret,
1492 5453 1516 5509 si
1530 5451 1629 5509 litterae
1644 5454 1746 5509 obser-
