3706 5962
101 194 152 254 ¹59
748 189 940 253 GlblEBEllTl
957 191 1102 265 lustru,
1689 194 1742 257 tao

100 318 719 393 Discedotcbiniquitatacmoisquinominot
729 335 832 376 nomen
843 319 891 375 Dc
949 332 1022 383 cum,
1033 318 1130 375 saltem
1140 319 1408 377 nonsiscontrama.
1424 319 1538 386 Sufficit,
1549 320 1571 375 si
1586 327 1742 379 necnoster

99 409 190 465 mini:
202 408 248 479 qui
262 409 322 478 ejus
336 423 396 465 esse
411 425 440 465 se
451 409 525 479 dicit,
535 425 590 466 non
601 408 724 466 discedat
737 407 890 464 abunitate.
949 406 997 476 sis,
1012 423 1062 465 uec
1076 408 1292 466 adversariorum
1307 410 1357 482 (l).

99 497 158 553 Nec
171 496 312 552 discedere
329 505 418 568 potest
436 498 579 571 quisquam
598 498 704 555 illorum
719 513 788 570 quos
802 495 894 552 divina
984 499 1010 552 9.
1039 495 1093 552 Sed
1119 513 1173 554 non
1200 497 1237 552 ita
1263 505 1358 554 noster
1384 497 1472 563 lesus,
1498 496 1545 568 qui
1568 497 1615 564 ait,
1644 500 1742 557 Noster

101 585 228 643 formavit
244 592 272 640 et
290 584 407 642 firmavit
421 588 526 644 notitia.
542 587 666 660 Denique
691 593 718 644 et
732 585 846 657 capillus
860 585 895 641 de
948 596 986 651 cs,
1001 600 1038 639 au
1061 585 1287 643 aduersariorum
1310 586 1412 657 (Iasae,
1427 600 1455 652 v,
1473 585 1543 656 137)
1568 585 1689 642 medium
1703 586 1742 643 nil

76 729 78 732 ,
101 674 191 745 capite
203 673 334 730 Ecclesiae
348 690 404 731 non
418 676 527 746 peribit.
542 675 640 749 Capilli
650 675 723 732 enim
733 676 792 744 ejus
801 689 896 729 omnes
949 669 1111 744 relinquens.
1138 673 1286 749 Numquid,
1314 675 1378 730 Jesu
1398 675 1479 741 bone,
1505 690 1562 731 non
1581 683 1622 731 est
1650 675 1749 733 resina

101 762 236 818 numerati
262 770 332 830 sunt,
352 778 449 820 omnes
467 764 566 838 signati
591 763 733 839 signaculo
751 759 898 835 praedesti-.
949 757 976 814 in
1002 761 1234 832 Galaadeuare
1257 778 1323 835 crgo
1347 779 1403 820 uon
1425 772 1466 819 cst
1489 769 1594 831 sunau,
1614 764 1742 831 Domine,

100 850 192 906 nantis
205 850 318 910 notitiae.
335 851 400 908 Sine
413 852 573 925 paenitentia
588 861 629 908 est
642 852 693 908 ista
707 851 817 908 notitia:
835 849 896 905 ideo
949 849 1074 906 contritio
1102 866 1210 924 sponsas
1239 859 1291 906 tuae
1319 853 1431 920 (larem.
1461 868 1524 919 vus,
1552 853 1610 923 22),
1643 853 1743 909 vulnus

103 938 211 996 firmum
236 946 290 996 stat
317 939 532 1009 tundamentum,
553 941 661 998 Domini
684 940 788 996 babens
806 938 897 1009 signa-
949 943 976 992 et
1002 937 1070 995 livor
1095 947 1123 996 ει
1145 940 1228 1014 plaga
1252 947 1360 997 tumens
1388 956 1443 996 non
1477 949 1520 997 est
1542 941 1741 1017 circumligata,

103 1027 205 1096 culum,
222 1028 306 1084 divini
328 1030 460 1101 propositi
478 1029 654 1101 adjutorium,
679 1036 707 1086 et
725 1028 830 1085 arbitrii
844 1041 896 1082 nc·
949 1039 1001 1081 nec
1015 1036 1108 1082 curata
1123 1027 1311 1095 medicamine,
1323 1046 1413 1100 neque
1430 1029 1485 1085 lota
1498 1028 1559 1085 oleo
1570 1030 1584 1082 l
1594 1030 1657 1099 (lac.
1669 1046 1687 1097 ι,
1703 1029 1743 1102 6.)

104 1115 153 1171 stri
169 1123 307 1174 conatum.
320 1119 372 1174 lsto
388 1118 434 1190 qui
447 1118 567 1192 ligantur
580 1117 830 1191 crinessignaculo,
843 1129 897 1170 non
950 1111 1059 1182 Potasti,
1085 1115 1209 1180 Domine,
1236 1115 1302 1172 satis
1325 1116 1451 1172 dilectam
1480 1126 1554 1172 tuam
1578 1119 1640 1174 vina
1663 1131 1743 1173 com·

103 1202 203 1275 poterit
219 1220 267 1261 eos
281 1205 425 1278 quisquam
447 1222 545 1278 rapere
569 1206 603 1263 de
626 1206 714 1279 capite
729 1219 847 1278 sponsa.
867 1203 897 1258 ln
949 1199 1126 1268 punctionis?
1139 1202 1247 1274 quando
1272 1201 1333 1259 oleo
1357 1201 1472 1271 sorabis,
1488 1203 1549 1260 oleo
1564 1210 1658 1260 sancto
1674 1206 1743 1261 tuot

43 1278 46 1287 ’
101 1308 183 1348 manu
208 1303 263 1359 tua,
289 1295 415 1363 Domine,
431 1308 526 1352 omnes
554 1295 644 1352 annes
666 1310 784 1367 sponsa,
800 1300 828 1349 et
841 1307 897 1347 non
950 1285 1048 1343 Oleum
1073 1296 1164 1345 autem
1193 1289 1348 1361 peccatoris
1378 1306 1433 1347 non
1462 1290 1643 1364 impinguabit
1670 1306 1741 1347 eam.

101 1380 188 1453 rapiet
202 1398 251 1439 eos
266 1382 409 1456 quisquam
423 1384 457 1440 de
472 1391 619 1439 manutua.
636 1384 718 1453 Tene,
734 1383 798 1438 lesu
813 1381 895 1450 bone,
949 1373 1021 1429 Nam
1035 1383 1062 1431 ει
1076 1376 1122 1448 qui
1136 1393 1169 1434 ex
1192 1378 1307 1437 adverso
1330 1387 1402 1445 sunt,
1424 1380 1514 1435 oleum
1538 1380 1641 1435 babere
1656 1395 1685 1435 se
1696 1381 1742 1450 ja·

99 1484 169 1540 quos
183 1476 271 1539 tenes,
291 1480 318 1527 et
330 1471 461 1544 recolligo
476 1489 545 1544 quos
560 1472 631 1529 nosti
648 1490 654 1530 :
676 1480 703 1528 et
717 1470 763 1544 qui
777 1479 853 1526 tuum
867 1484 897 1526 se
950 1469 1034 1521 etant,
1049 1461 1120 1532 Quid
1144 1465 1217 1521 essim
1240 1465 1292 1521 nisi
1316 1467 1406 1523 Oleum
1421 1465 1571 1534 venditant»
1586 1466 1651 1522 dum
1667 1466 1746 1523 blan·

100 1557 184 1628 novit,
201 1557 248 1628 qui
261 1558 337 1629 dicit,
351 1559 458 1616 Domini
479 1576 530 1633 ego
545 1577 622 1630 sum;
640 1559 686 1633 qui
708 1558 830 1616 nominat
843 1572 897 1612 no·
950 1548 1070 1620 (liuntur,
1099 1552 1164 1609 dum
1191 1554 1350 1626 pollicentur
1381 1556 1508 1624 honores,
1538 1555 1603 1611 dum
1630 1571 1746 1611 munera

100 1660 165 1700 meu
179 1645 298 1716 Domini,
313 1647 436 1705 discedat
450 1649 483 1704 ab
498 1648 647 1721 iniquitate,
666 1647 778 1706 accedat
792 1645 826 1701 ad
840 1643 899 1701 uni·
950 1644 1128 1712 proponunt?
1157 1642 1254 1698 Oleum
1281 1643 1354 1698 istud
1382 1659 1437 1700 non
1464 1650 1550 1710 sanat,
1580 1644 1630 1700 sed
1657 1643 1745 1716 magis

70 1796 75 1805 ¹
101 1740 186 1790 tatem
204 1735 344 1802 Ecclesiae,
361 1735 396 1791 ad
419 1737 550 1795 unitatem
570 1737 667 1808 capitia
680 1745 707 1793 et
721 1735 852 1808 corporis,
869 1733 896 1790 id
913 1738 935 1816 Β
950 1726 1058 1784 scindit.
1075 1729 1149 1796 ideo,
1166 1732 1236 1787 sicut
1249 1731 1342 1787 vinum
1365 1747 1473 1800 eorum,
1487 1732 1525 1786 ita
1548 1738 1574 1787 ει
1593 1731 1682 1787 oleum
1696 1746 1744 1787 eo·

102 1829 152 1888 est,
174 1821 209 1876 sit
223 1823 307 1879 crinis
321 1823 394 1892 colli,
410 1833 438 1881 et
451 1825 535 1882 erinis
548 1842 629 1882 unus,
950 1831 1020 1875 rum.
1036 1818 1121 1890 AEqua
1134 1816 1212 1875 lance
1225 1820 1364 1891 pensanda
1389 1828 1451 1875 sunt
1474 1819 1556 1876 verba
1579 1829 1607 1874 ει
1629 1819 1746 1876 verbera

135 1915 162 1966 ι.
178 1909 249 1968 Nibil
264 1911 305 1969 sic
327 1913 421 1984 sponsi
448 1930 496 1970 cor
516 1914 646 1980 vulnerat,
670 1912 735 1969 nibil
754 1919 897 1985 permovet
949 1919 1055 1960 eorum·
1081 1906 1179 1962 Renuit
1202 1908 1339 1965 consolari
1357 1908 1448 1963 anima
1469 1923 1530 1965 met
1554 1909 1588 1963 ab
1611 1908 1744 1964 uberibus

98 1997 236 2070 allectum,
266 2006 294 2056 ει
322 1999 443 2057 animum
472 2010 610 2074 penetrat,
641 2002 776 2075 quomodo
805 2000 895 2056 unitas

99 2102 216 2159 sponsae,
232 2097 261 2145 et
285 2104 317 2145 ea
344 2090 404 2162 ipsa
431 2090 502 2148 inter
527 2091 713 2163 diripientium
736 2097 851 2156 servata,
867 2096 895 2146 et

55 2175 59 2185 '
98 2175 177 2246 quasi
194 2175 311 2233 solidata
326 2188 448 2235 conatus.
471 2180 598 2252 Epncopi
626 2179 747 2253 religiosi
768 2177 894 2250 proprias

94 2260 226 2318 deserunt
247 2264 338 2334 sedes,
355 2266 389 2323 de
411 2264 520 2324 civitate
538 2266 566 2322 in
594 2266 731 2325 civitatem
755 2265 893 2339 lugiunta

96 2349 166 2408 lacis
178 2352 382 2425 persequentis.
395 2354 454 2411 Deo
463 2354 553 2412 devoti
565 2363 591 2411 et
602 2354 704 2421 clerici,
717 2361 744 2411 et
754 2352 891 2420 monachi,

97 2438 317 2497 tribulationibus
331 2449 359 2497 et
373 2442 545 2506 contumeliis
554 2441 656 2511 allecti,
669 2443 793 2516 rapinam
804 2443 892 2497 bono·

97 2544 157 2599 rum
171 2545 284 2585 suorum
298 2545 362 2586 cum
375 2528 474 2605 gaudio
489 2531 631 2601 sustinent,
647 2538 846 2606 cognoscentes
860 2546 892 2587 se

96 2615 238 2674 meliorem
248 2619 350 2675 babere
360 2627 387 2675 ει
396 2627 551 2676 manentem
561 2621 739 2676 substantiam
751 2619 779 2675 in
789 2619 892 2676 unitata

94 2704 222 2762 fraternae
237 2712 264 2761 et
278 2705 473 2765 ecclesiastica
487 2707 637 2765 charitatis.
651 2707 680 2763 Si
694 2707 767 2763 enim
782 2722 893 2764 omnem

97 2792 279 2848 substantiam
294 2809 373 2848 suam
387 2794 492 2850 dederit
505 2796 588 2852 homo
602 2811 651 2868 pro
661 2795 801 2862 charitate,
814 2795 892 2868 quasi

99 2880 165 2936 nibil
180 2880 316 2955 despiciet
330 2898 391 2939 eam
412 2884 538 2955 (Coctia.
549 2897 609 2950 vsu,
625 2885 664 2957 t).
680 2882 797 2952 Quidam
812 2883 892 2956 equi-

95 2970 159 3047 dem
173 2968 325 3039 libertatem
340 2970 533 3030 ecclesiastice
542 2972 763 3048 communitionis
771 2972 891 3030 muneri·

95 3058 147 3113 bus
166 3057 312 3117 redimunt.
328 3059 402 3117 Dona
415 3061 578 3134 redemptio,
593 3062 644 3118 sed
658 3060 777 3119 venditio
792 3062 892 3134 turpis.

95 3144 166 3213 Quid
179 3146 275 3204 vendis
285 3148 358 3220 quod
373 3147 432 3222 ipse
443 3150 635 3207 condemnas?
655 3149 685 3207 Si
703 3149 893 3209 schismaticas

96 3240 208 3304 reputas
227 3235 274 3307 qui
287 3250 303 3289 a
319 3244 345 3292 tc
359 3238 477 3309 separati
492 3246 565 3304 sunt,
580 3254 636 3295 non
650 3239 785 3295 debueras
801 3238 890 3311 pretio

96 3321 224 3379 inductus
250 3323 351 3381 erroris
375 3325 417 3382 sui
439 3324 491 3383 illis
512 3326 671 3398 permisisse
690 3327 838 3384 licentiam.
862 3327 890 3383 Si

94 3409 214 3467 schisma
224 3419 346 3484 reputas,
358 3429 407 3471 cur
421 3413 576 3471 libertatem
592 3416 651 3487 ejus
661 3415 818 3473 muneribus
828 3425 891 3473 ven*

98 3497 189 3555 ditas?
201 3499 230 3556 Si
244 3508 335 3559 auum
349 3502 541 3560 ecclesiasticae
563 3504 674 3560 unitatis
689 3504 761 3576 apud
775 3520 826 3561 nos
839 3520 890 3561 ve-

949 1994 1142 2051 consolationis
1156 2011 1260 2052 earum.
1279 1997 1333 2069 lpsi
1356 1997 1429 2054 enim
1454 1997 1525 2053 sicut
1546 1996 1629 2052 lamia
1652 1996 1743 2053 nuda-

947 2090 1044 2138 verunt
1054 2099 1206 2141 mammas:
1223 2086 1325 2142 lactant
1342 2085 1406 2142 iude
1420 2087 1525 2142 catulos
1548 2101 1612 2141 suos
1626 2086 1742 2157 (lbera.

948 2186 986 2237 tv,
1011 2171 1048 2242 3),
1073 2189 1128 2228 non
1155 2173 1284 2230 Ecclesiae
1312 2174 1391 2232 lilios.
1411 2173 1534 2231 Ecclesia
1557 2166 1629 2228 enim
1653 2189 1742 2228 mam·

948 2276 1006 2316 mas
1029 2276 1093 2317 suas
1116 2261 1206 2319 babet.
1232 2263 1338 2320 Idcirco
1365 2264 1393 2318 in
1415 2263 1541 2320 laudibus
1565 2265 1626 2334 ejus
1653 2262 1742 2319 statim

946 2349 1088 2421 sequitur:
1107 2351 1195 2421 Quum
1202 2351 1330 2425 putative
1349 2356 1417 2408 aunt
1432 2369 1564 2409 mammea
1582 2357 1648 2420 tuoe,
1664 2367 1744 2410 soror

946 2454 1008 2495 mac
1035 2440 1158 2510 sponsa!
1186 2440 1304 2506 Revoca,
1334 2439 1449 2496 Domine
1475 2439 1551 2508 lesu,
1576 2439 1645 2496 lilios
1668 2449 1742 2506 tuos,

946 2525 992 2597 qui
1011 2526 1149 2594 aberrant,
1179 2526 1214 2582 ad
1240 2525 1318 2584 lactis
1344 2528 1423 2598 bajus
1450 2526 1638 2592 dulcedinem3
1664 2534 1695 2582 ut
1708 2542 1742 2584 ax

946 2628 994 2670 ors
1008 2613 1165 2670 lactentium
1193 2614 1316 2686 perficias
1339 2614 1456 2682 laudam,
1483 2631 1545 2671 cum
1574 2614 1744 2672 destruxeris

945 2701 1085 2758 inimicum
1109 2711 1136 2758 et
1161 2701 1304 2760 victorem.
1331 2703 1394 2760 ldeo
1422 2702 1521 2760 festina
1553 2709 1591 2763 et,
1609 2703 1678 2773 ejice
1705 2703 1742 2761 ad

945 2790 1086 2847 victoriam
1106 2790 1248 2860 jndicium,
1269 2799 1300 2848 ut
1325 2791 1447 2849 habitent
1475 2791 1504 2847 in
1527 2807 1613 2847 unum
1637 2791 1684 2865 qui
1701 2792 1743 2848 in·

945 2886 1043 2935 vocant
1056 2893 1157 2936 nomen
1170 2888 1246 2936 tuum
1259 2895 1265 2936 :
1278 2880 1406 2954 quoniam
1416 2879 1444 2935 in
1456 2881 1618 2938 bacunitate
1627 2880 1743 2937 mandas
1756 2922 1759 2932 .

945 2967 1163 3024 benedictionem
1177 2975 1205 3026 et
1226 2969 1310 3027 vitam
1333 2985 1384 3042 per
1406 2968 1499 3026 omnia
1513 2967 1613 3028 saecula
1627 2969 1742 3026 saculo-

946 3072 1016 3116 rum.
1032 3057 1130 3114 Amen.

1220 3197 1338 3257 SERMO
1358 3198 1461 3258 XXXI.

948 3324 1037 3393 ριιειη
1068 3323 1177 3382 ειεινε
1190 3329 1259 3383 suat
1278 3341 1410 3382 mcmmoe
1422 3328 1489 3392 tuce,
1499 3339 1578 3382 soror
1588 3336 1743 3396 mesapota-

979 3394 1210 3534 :epistularum
1223 3401 1292 3453 aunt
1306 3394 1394 3454 ubera
1409 3400 1459 3453 toa
1474 3396 1551 3463 vinc,
1572 3401 1626 3452 etc.
1643 3396 1741 3464 (Curat.

99 3587 165 3643 ritas
178 3595 228 3655 est,
245 3589 310 3661 quid
324 3590 398 3645 illam
413 3590 543 3649 divellere
557 3590 635 3649 101
652 3592 761 3649 tentas?
776 3592 805 3648 Si
818 3592 891 3650 Petri
981 3595 1006 3649 l.
1036 3590 1144 3648 Leniter
1172 3600 1235 3648 suut
1264 3608 1280 3648 a
1315 3590 1396 3649 nobis
1432 3588 1642 3663 perstringenda
1667 3601 1744 3646 nunc

95 3676 190 3732 sedem
205 3677 387 3733 successionis
395 3679 455 3747 jure
466 3685 552 3744 tenes,
564 3696 612 3736 cur
626 3696 682 3736 non
692 3680 765 3737 Petri
780 3687 890 3738 santen-
944 3680 1029 3736 ubera
1044 3694 1160 3751 sponse,
1177 3697 1239 3754 quae
1254 3679 1379 3754 superius
1393 3696 1449 3736 nou
1463 3694 1517 3735 uuo
1528 3678 1556 3735 in
1570 3677 1631 3734 loco
1641 3677 1744 3734 studio·

94 3763 146 3819 tias
160 3763 282 3820 vindicas
301 3763 330 3818 in
352 3781 408 3832 eos,
425 3781 494 3838 quos
518 3766 705 3824 schismaticos
728 3768 890 3826 arbitraris?
943 3767 999 3822 sius
1013 3783 1106 3841 pressa
1120 3778 1201 3835 sunt;
1214 3776 1241 3825 ει
1254 3768 1348 3826 nescio
1364 3784 1441 3825 anea
1452 3774 1508 3824 toto
1518 3781 1659 3839 expressa.
1675 3767 1743 3823 For·

64 3841 67 3848 ’
95 3851 230 3920 Pecunia,
245 3852 343 3924 inquit,
355 3858 405 3911 tuo
421 3857 513 3911 tecum
523 3855 605 3912 sitia
614 3855 804 3928 perditionem
814 3858 888 3929 (Act.
944 3860 1017 3911 tasse
1044 3864 1071 3912 et
1094 3856 1175 3912 modo
1197 3865 1268 3914 tacta
1292 3872 1394 3914 novum
1419 3854 1521 3929 aliquid
1545 3854 1625 3910 nobis
1648 3852 1742 3910 edun-

93 3956 151 4008 van,
167 3941 394 4013 autuonsomo
409 3942 495 3998 dicis:
520 3944 637 4001 Pecunia
661 3955 707 4001 tua
729 3945 802 4002 salva
823 3947 890 4003 mihi
944 3944 1018 4010 daut,
1035 3943 1102 4014 Quis
1116 3959 1171 4000 non
1195 3945 1274 4002 avide
1299 3955 1406 4002 etcum
1435 3960 1483 4016 sps
1511 3943 1585 4000 bona
1605 3941 1641 3998 ad
1655 3943 1743 3999 ubera

95 4029 140 4097 sit,
157 4027 248 4084 anima
261 4045 328 4087 vero
341 4039 385 4087 eat
398 4030 426 4086 in
439 4031 630 4103 perditionem.
652 4033 792 4103 Quomodo
817 4036 890 4092 enim
943 4040 1044 4099 currat,
1073 4049 1134 4106 quae
1163 4032 1203 4090 sic
1230 4049 1349 4107 sponsus
1379 4032 1491 4090 laudare
1520 4029 1648 4090 curavit?
1675 4029 1761 4088 llaec·

94 4132 151 4173 non
164 4116 280 4189 perditio
294 4126 343 4185 est,
360 4119 406 4174 ubi
425 4121 460 4174 ab
483 4119 586 4176 unitate
609 4123 731 4193 corporis
753 4123 889 4194 separatio
943 4122 1028 4178 ubera
1041 4128 1114 4188 sunt,
1134 4138 1251 4195 quorum
1273 4138 1324 4180 uos
1346 4123 1441 4179 Petrus
1460 4121 1539 4194 quasi
1561 4119 1644 4177 modo
1658 4119 1741 4194 geni·-

97 4203 321 4273 esthccmiltt',
332 4204 431 4279 inquit,
441 4223 492 4264 racc
504 4206 557 4264 tttt
568 4208 617 4276 stt,
629 4208 676 4267 aad
686 4208 833 4267 dividatur
843 4210 892 4282 (ΙΙΙ
943 4218 985 4267 tos
1001 4210 1118 4267 intentes
1143 4211 1187 4268 lac
1216 4211 1412 4284 concupiscere
1435 4211 1557 4267 bortatur
1575 4208 1602 4282 (l
1614 4211 1692 4265 Patr.
1708 4224 1742 4276 n,

95 4293 161 4365 liep.
176 4307 218 4362 tu,
233 4296 289 4363 26),
306 4295 347 4351 lta
360 4303 388 4352 ει
401 4302 431 4352 tu
454 4295 583 4369 pecunias
605 4297 686 4366 tollis,
706 4314 770 4356 cum
784 4298 889 4355 animas
943 4300 982 4370 tl.
1011 4301 1045 4355 Et
1071 4300 1269 4357 commendatio
1294 4316 1414 4375 praeseus
1443 4315 1534 4357 nonne
1561 4296 1616 4354 vim
1641 4312 1741 4370 quam·

96 4396 151 4437 nou
167 4390 256 4454 potes.
272 4382 345 4440 Tolle
360 4383 432 4457 quad
447 4384 538 4441 tollis:
553 4401 669 4443 munera
683 4387 746 4443 tolle
761 4386 820 4455 tibi,
836 4388 889 4442 ani·
943 4387 1007 4444 dam
1021 4387 1186 4445 invitationis
1207 4389 1314 4446 videtur
1337 4386 1460 4446 obtinere
1474 4389 1488 4443 ‘l
1510 4388 1598 4458 Quum
1611 4383 1740 4460 pulchra·

95 4485 155 4525 mas
169 4469 298 4528 Ecclesiae
311 4470 445 4545 relinque.
456 4473 522 4529 Nam
536 4481 563 4529 ει
576 4472 636 4546 ipsa
649 4474 702 4530 nisi
715 4474 820 4531 animas
833 4488 888 4531 non
943 4481 1024 4546 aaut,
1047 4477 1168 4549 inquam,
1192 4495 1324 4536 mammae
1348 4481 1415 4546 tusa,
1438 4491 1516 4535 soror
1538 4490 1602 4532 caca
1615 4490 1719 4547 monas
1730 4475 1741 4529 l

96 4557 202 4631 quaerit.
213 4558 373 4632 corporalia
386 4569 475 4618 autem
490 4561 562 4635 apud
572 4569 598 4619 ιε
611 4564 683 4620 bona
697 4571 837 4636 spargant,
852 4580 888 4622 ns
942 4566 1004 4623 Non
1018 4575 1060 4624 est
1072 4567 1229 4641 simpliciter
1252 4575 1279 4624 et
1301 4567 1360 4624 sinc
1384 4565 1563 4639 expressione
1587 4564 1647 4620 laus
1662 4570 1740 4619 tanta

95 4643 169 4701 bona
183 4644 281 4703 animae
304 4647 462 4723 dispergant
477 4658 575 4708 tecum.
591 4651 643 4722 Qui
656 4652 729 4709 enim
742 4669 797 4710 nou
812 4653 889 4711 colli·
943 4655 1064 4727 profusa,
1093 4655 1142 4713 sed
1170 4656 1227 4727 ipse
1251 4653 1477 4726 pronuntiationis
1496 4650 1595 4708 modus
1617 4649 1740 4706 admira·

95 4733 137 4808 git
150 4751 211 4791 cum
226 4730 356 4810 Ecclesia,
373 4739 514 4816 dispergit.
530 4740 676 4815 signanter
685 4743 750 4800 satis
765 4744 803 4800 ait
816 4761 822 4798 :
836 4744 890 4814 Qui
945 4743 1048 4802 tionem
1071 4751 1099 4800 ει
1125 4742 1333 4799 oblectationem
1361 4740 1526 4815 proterentis
1555 4739 1740 4798 demonstrat.

95 4822 892 4907 concollipt'tmccam,dispergit.Collectionsmqueuni·
944 4832 1011 4903 Quae
1039 4841 1131 4889 umen
1160 4839 1201 4888 est
1229 4832 1310 4902 hujus
1337 4831 1440 4888 ordinis
1471 4829 1566 4887 ratio?
1595 4828 1650 4885 Cur
1677 4834 1743 4899 post

95 4911 157 4969 tatis
172 4911 306 4970 rationem
327 4915 457 4987 continet,
475 4917 544 4975 sicut
554 4919 687 4993 dispersio
701 4921 790 4978 innuit
811 4938 892 4995 sepa·
945 4921 1053 4979 oculum
1078 4928 1106 4977 et
1129 4920 1231 4977 crinem
1255 4919 1345 4976 statim
1374 4920 1410 4975 ad
1430 4933 1563 4975 mammas
1586 4932 1743 4975 sermonem

94 5006 237 5062 rabonem.
253 5004 374 5062 Ecclesia
398 5022 461 5064 cum
485 5025 585 5081 sponso
608 5010 701 5068 dicere
716 5012 809 5069 novit:
835 5012 889 5082 Qui

95 5111 153 5151 nco
167 5099 340 5165 cstmeccm,
351 5099 506 5154 contremo
517 5097 738 5171 ast(llcttte.xu,
750 5100 806 5171 30).
818 5099 891 5156 Nibil

95 5184 215 5242 medium
234 5183 381 5257 relinquit:
397 5195 443 5242 aut
461 5187 566 5264 colligis
589 5204 652 5245 cum
675 5189 730 5258 illa,
755 5196 801 5245 aut
817 5197 893 5247 certe

97 5271 250 5344 dispergis;
267 5281 312 5329 aut
327 5289 388 5330 cunr
404 5274 450 5332 illa
464 5291 503 5346 es,
520 5285 567 5333 aut
580 5285 675 5334 contra
689 5276 772 5334 illam.
788 5277 827 5332 Tu
842 5292 893 5334 au·

64 5384 73 5395 ·
98 5367 152 5417 tem
167 5359 258 5417 dicere
273 5362 314 5430 (ut
327 5361 414 5436 aium)
437 5365 527 5422 soles:
553 5366 582 5423 Si
603 5381 659 5424 non
681 5364 722 5423 vis
736 5366 894 5441 dispergere

98 5462 217 5519 mecum,
232 5445 330 5509 ειιιειιι
344 5465 401 5510 nou
410 5452 523 5529 colligas
532 5452 666 5514 sumtus.
681 5453 711 5514 Si
723 5469 779 5512 noa
793 5469 824 5514 aa
834 5471 894 5513 rae·

982 5098 1021 5167 (l)
1045 5097 1106 5153 Non
1129 5098 1199 5154 alius
1221 5099 1266 5154 hic
1289 5115 1365 5156 num.
1380 5102 1397 5154 8
1411 5099 1497 5227 pungi
1519 5097 1636 5163 videtur,
1661 5110 1745 5168 quam

947 5168 1101 5227 Alexander
1116 5170 1161 5238 ΙΙΙ,
1178 5170 1220 5225 cui
1235 5171 1360 5241 objectus
1373 5170 1424 5226 fuit
1439 5187 1456 5226 a
1493 5168 1610 5226 riderico
1624 5168 1745 5248 impera·

949 5249 1008 5297 tore
1022 5239 1149 5314 antipapa
1164 5241 1265 5299 Victor.
1280 5242 1358 5299 llunc
1372 5250 1467 5299 auctor
1485 5242 1656 5299 destructum
1670 5244 1747 5310 cupit

949 5313 977 5369 in
992 5311 1046 5369 line
1060 5313 1211 5370 sermonis:
1226 5312 1273 5369 ubi
1288 5313 1413 5374 altorem
1426 5322 1509 5371 antes
1522 5311 1673 5385 legebatur,
1690 5324 1746 5391 non

955 5384 1101 5453 Victorem,
1116 5402 1178 5459 qua
1191 5384 1313 5459 genuina
1326 5385 1406 5445 lectio
1420 5393 1464 5443 ast
1485 5400 1520 5442 ex
1533 5382 1631 5443 codice
1645 5380 1748 5440 Vallis·

950 5455 1047 5515 cura.
