3706 5962
54 250 125 312 1065

50 378 81 431 et
94 375 265 449 requiescam
276 371 365 444 (Psoi.
385 388 424 442 tv,
434 374 462 440 9,
479 373 533 444 to).
548 371 597 428 Est
610 368 682 427 euim
696 369 789 428 fulcita
799 366 854 423 llo·
870 378 894 459 g

52 465 139 532 ribus,
162 473 188 519 et
211 462 307 532 stipata
334 462 414 518 malis
434 461 552 518 charitas
580 460 662 529 illius,
691 473 752 532 quae
779 457 852 512 toras

47 553 135 608 mittit
150 552 285 618 timorem,
301 560 327 606 et
341 551 432 607 dicet:
448 552 529 608 Loeuu
545 552 606 622 ejas
621 548 671 606 aab
683 547 778 620 capite
790 560 851 602 meo

52 647 82 697 et
90 640 207 697 dexteru
216 642 278 712 ejus
286 640 500 713 ompleaobt'tur
509 654 554 694 me
564 639 659 710 (Cant.
671 652 702 703 tt,
713 639 750 708 6).
762 635 850 701 Lata,

52 731 225 788 comminatio
241 729 384 803 supplicii:
413 731 535 796 dextera,
548 726 690 800 promissio
704 725 793 799 regni.
805 723 851 779 ln-

53 826 94 877 ter
108 821 156 874 has
169 817 322 890 spescubat
336 817 363 871 in
387 817 463 873 molli
479 825 563 873 strato
578 815 716 873 charitatis
732 832 738 874 :
755 814 809 871 uita
826 808 853 868 et

53 906 169 964 dulcedo
192 913 316 963 sternunt
339 906 401 962 boc.
432 904 467 960 Et
481 907 533 961 boc
547 912 587 960 est
600 905 718 960 medium
731 902 796 959 illud
824 901 853 957 in

53 994 329 1063 ierouloSalomonia,
345 994 379 1050 de
390 1009 445 1067 quo
463 993 598 1065 Scriptura
613 995 669 1051 ait:
691 990 780 1049 llediu
798 1007 852 1047 uo-

55 1091 113 1144 tem
122 1083 268 1142 charitate
277 1082 434 1140 cortetruuit
447 1083 543 1153 (Cant.
554 1097 594 1150 ιιι,
611 1086 668 1154 tu).
684 1081 765 1153 Vides
781 1094 854 1136 nunc

54 1163 250 1247 sublimitatem
268 1172 395 1228 carminis
419 1172 512 1242 hujus.
537 1171 628 1231 Prituo
656 1169 733 1244 ponit
760 1167 852 1238 uitam,

56 1277 117 1335 quar
130 1268 171 1317 est
185 1261 211 1317 in
226 1260 378 1332 integritate
388 1258 517 1318 uirtutum
528 1277 535 1317 :
545 1259 674 1326 secundo,
684 1257 854 1313 dulcedinem

478 244 513 310 lli
531 242 746 308 ammentant
763 235 874 304 saliti
891 242 1024 302 addida
1043 240 1214 306 subdolas
1230 235 1277 304 ll.

1631 250 1701 314 totu

909 366 990 441 nobis
1004 366 1112 425 videtur
1129 383 1189 426 essa
1203 367 1391 442 compositum.
1408 370 1503 427 Varius
1518 373 1589 430 eninr
1610 374 1701 435 diver-

908 471 998 511 sarum
1020 472 1197 530 personarum
1218 458 1333 515 allectus
1355 458 1402 516 hic
1424 460 1562 533 loquitur:
1575 465 1618 521 bie
1640 483 1701 536 per-

906 541 1048 611 fectorum,
1068 553 1095 602 et
1115 546 1202 603 adhuc
1221 546 1250 602 in
1274 547 1371 603 melius
1394 546 1591 619 proficientium
1615 560 1701 608 status

905 630 1046 690 inuenitur.
1074 633 1133 689 Vita
1154 634 1284 706 siquidem
1307 650 1368 706 quae
1390 635 1525 693 animatur
1547 638 1701 711 integritate

905 719 1021 790 virtutis,
1037 723 1156 779 suavitas
1169 723 1283 780 internae
1298 723 1457 791 dulcedinis,
1472 733 1625 799 sanctaeque
1641 728 1702 798 spei

907 816 979 865 tanta
993 813 1175 883 presumptio,
1190 811 1256 886 quid
1269 811 1320 868 nisi
1339 810 1442 871 fructus
1452 814 1578 886 Spiritus>
1591 825 1663 883 sunt,
1675 825 1702 871 et

907 901 1080 956 attractiones
1090 900 1217 958 uirtutis?
1240 901 1422 957 Emeritorttm
1441 903 1555 960 militum
1577 904 1702 961 donativa

908 996 970 1041 sunt
984 987 1052 1058 haec,
1062 995 1090 1044 et
1100 988 1222 1045 diuturni
1236 989 1393 1047 certaminis
1405 1007 1511 1048 meroes
1521 994 1700 1050 accumulata.

907 1078 942 1132 dt
967 1076 1115 1146 deploratio
1130 1077 1229 1149 exsilii,
1249 1078 1344 1150 patrias
1359 1079 1536 1150 desiderium,
1561 1080 1703 1152 originalis

908 1165 1012 1234 peccati
1026 1166 1142 1236 poenalis
1155 1165 1274 1238 punctio,
1285 1166 1480 1240 incipientium,
1496 1185 1544 1225 seu
1559 1168 1705 1240 prolicien-

909 1252 976 1309 tium
991 1254 1091 1311 indicia
1109 1266 1181 1313 sunt.
1197 1257 1263 1312 Puta
1279 1256 1342 1314 vitae
1357 1257 1438 1327 huJus
1458 1258 1595 1325 exsilium,
1612 1257 1704 1314 fucum

55 1349 235 1421 spiritualium
248 1349 430 1421 gaudiorum:
460 1348 557 1405 deinde
578 1363 655 1418 spem
677 1345 759 1402 iulett
772 1351 855 1401 aeter-
907 1343 1189 1417 vanitatisepatriam,
1204 1345 1320 1402 solidum
1334 1346 1463 1404 veritatis.
1489 1347 1577 1404 Fuctts
1597 1348 1705 1404 vanita-

56 1453 163 1495 norum.
178 1431 275 1496 Omnia
297 1438 357 1494 hac
378 1436 484 1510 Regina
511 1436 712 1498 misericordiae.
739 1433 856 1489 Domina
908 1431 953 1498 tis,
968 1432 1039 1489 nitor
1061 1433 1153 1504 gloriae
1168 1433 1471 1507 temporaliatsolidam
1494 1437 1626 1502 ueritatis,
1651 1437 1705 1492 im·

56 1528 159 1594 mundi,
176 1527 283 1601 Regina
297 1515 428 1582 coelorum
443 1525 557 1583 eontulit
570 1526 683 1595 mundo,
697 1524 782 1596 Virgo
797 1523 854 1578 tir·
909 1521 1021 1577 mobilia
1035 1523 1152 1597 cognitio
1166 1523 1334 1581 aternitatis.
1349 1523 1440 1581 Fucus
1456 1525 1589 1594 vanitatis,
1610 1526 1706 1598 splen-

56 1617 161 1690 ginum,
181 1616 279 1672 Sancta
292 1623 456 1682 sanctorum,
482 1616 575 1672 lumen
601 1629 745 1680 caecorum,
762 1615 855 1685 justo-
910 1610 961 1666 dor
976 1610 1102 1669 arridens
1128 1622 1261 1668 creaturae
1280 1612 1412 1669 visibilis:
1426 1612 1543 1669 solidum
1570 1614 1705 1684 ueritatis,

56 1721 118 1762 rum
139 1703 238 1777 gloria,
253 1714 427 1775 peccatorum
439 1703 532 1774 uenia,
556 1704 759 1776 desperatorum
774 1715 855 1772 repa-
871 1653 895 1733 Β
910 1697 1130 1772 inexstinguibile
1143 1701 1234 1757 lumen
1245 1701 1357 1758 iuternae
1370 1701 1532 1759 dulcedinis.
1547 1704 1588 1760 De
1602 1705 1651 1761 bac
1661 1720 1709 1776 pa-

56 1795 137 1862 ratio,
164 1793 344 1850 deficientium
367 1792 506 1864 fortitudo,
534 1792 607 1848 aalua
620 1792 704 1859 orbis,
719 1789 858 1863 speculum
908 1786 963 1843 tria
982 1789 1094 1861 quidam
1107 1789 1214 1860 sapiens
1227 1788 1265 1845 ait
1276 1808 1283 1847 :
1296 1810 1309 1843 ι
1325 1788 1349 1847 0
1362 1789 1479 1862 Veritas,
1505 1792 1631 1848 exsulum
1657 1808 1708 1863 pa·

59 1885 140 1941 totius
154 1882 334 1954 integritatis:
361 1881 420 1955 ipsa
438 1882 587 1938 intercedat
610 1895 660 1953 pro
676 1882 794 1953 peccatis
808 1892 859 1933 uo·
911 1885 971 1953 tria,
994 1887 1081 1943 exsilii
1095 1884 1167 1952 linis,
1182 1886 1263 1942 tideo
1287 1893 1323 1955 te,
1347 1886 1394 1942 aad
1418 1889 1518 1944 intrare
1541 1904 1596 1946 non
1622 1889 1707 1961 sinor,

58 1973 132 2041 stris,
167 1979 311 2042 praestente
338 1971 454 2027 Domino
480 1970 550 2028 Filio
577 1968 637 2042 ejas
658 1969 749 2035 unico,
780 1966 859 2037 cujus
911 1973 1041 2046 indignus
1055 1975 1173 2044 admitti,
1189 1975 1309 2046 peccatis
1331 1975 1457 2031 sordens.
1473 1974 1623 2050 Quousque
1636 1978 1708 2035 odo·

58 2066 174 2133 regnum
192 2067 219 2115 et
236 2059 383 2133 imperium
408 2059 467 2116 aine
486 2059 540 2115 line
554 2062 696 2131 permanet
709 2059 736 2114 itt
760 2056 861 2112 aaecnla
914 2077 1004 2118 ramus
1024 2070 1051 2119 et
1064 2072 1278 2136 nongustamus,
1304 2062 1504 2134 proficiscentes
1523 2065 1558 2120 ad
1584 2069 1708 2136 patrium,

60 2150 233 2207 saeculorum.
250 2151 348 2205 Amen.
914 2158 942 2206 et
969 2166 1024 2207 non
1055 2151 1498 2224 apprehendentes3suapirantes,
1523 2161 1551 2209 et
1569 2153 1603 2209 de
1627 2155 1711 2230 louge

387 2233 504 2292 SllltllO
516 2235 551 2292 ΙΙ.
914 2239 1107 2297 salutantesi»

100 2354 131 2411 Si
144 2353 244 2425 linguae
260 2358 368 2408 centum
382 2358 552 2421 resonarent,
568 2365 670 2420 oraque
682 2359 803 2415 eentum,
951 2332 979 2384 ³·
994 2330 1102 2386 Primi
1115 2329 1206 2401 stalssfl
1228 2328 1311 2385 h⁰¹¹¹⁰
1339 2327 1374 2385 id
1391 2329 1444 2386 ¹¹⁰0
1462 2328 1587 2386 ⁰⁰¹¹dilu⁵
1612 2330 1710 2404 inerat,

101 2425 199 2483 Ferrea
208 2440 261 2481 vox
272 2424 337 2480 mihi
347 2423 415 2498 (69),
426 2424 474 2490 nil,
484 2424 578 2495 ldaria,
592 2422 640 2479 tibi
649 2421 738 2478 dicere
748 2420 863 2493 dignum
918 2419 1041 2475 utsinon
1053 2426 1199 2489 peccasset,
1211 2433 1261 2488 per
1275 2418 1512 2489 contemplationis
1529 2421 1707 2491 praesentiam

100 2498 225 2564 P0⁵⁵¹¹¹1¹2
246 2497 328 2552 Stella
340 2496 424 2552 1111111
439 2511 498 2567 ‘luae
512 2495 597 2567 Vll8⁰
616 2494 693 2550 ¹³0⁸oe
711 2492 826 2550 Wlffli-
914 2508 1002 2566 uultui
1019 2507 1155 2564 Creatoris
1177 2521 1287 2578 semper
1304 2504 1450 2574 assisteret,
1466 2517 1494 2564 et
1507 2508 1623 2565 solidum
1638 2511 1713 2566 ueri·

102 2599 130 2650 l.
145 2592 264 2665 uquam
283 2601 309 2650 te
322 2610 481 2665 memorem,
496 2593 608 2666 Virgo?
623 2590 722 2665 quibus
740 2589 864 2646 11111ᾱί11111
916 2600 978 2655 tatis
997 2602 1166 2669 agnosceret,
1187 2596 1307 2668 agnitum
1322 2598 1434 2663 amaret,
1454 2602 1572 2652 amatum
1599 2607 1712 2670 teneret,

64 2682 175 2741 ederam
190 2681 510 2755 11111111111111111111111111111
528 2697 598 2748 mea,
614 2679 864 2752 (111110111111111111
917 2686 1035 2745 tenendo
1049 2686 1196 2752 frueretur,
1213 2700 1383 2757 semperque
1393 2684 1591 2742 eiadbaereudo
1601 2689 1648 2760 qni
1662 2689 1713 2743 im·

63 2780 106 2829 est
116 2788 178 2828 cum
187 2773 505 2838 mortuis,incircumcisa
515 2771 602 2837 labiis,
614 2783 666 2825 neo
675 2775 791 2842 purgata
799 2769 863 2841 igue
919 2775 1041 2832 mortalis
1055 2782 1106 2847 aar,
1126 2773 1206 2830 eriam
1220 2772 1300 2831 viram
1315 2771 1374 2845 ipse
1389 2773 1448 2829 sine
1464 2776 1577 2831 termino
1591 2776 1715 2847 posside.

64 2860 175 2918 fllmssi
191 2860 339 2932 milleium
365 2862 477 2934 1111111111,
499 2860 600 2916 *libem
614 2858 643 2914 11¹
664 2857 773 2914 11111ῧῦ1
787 2856 867 2928 iiiii·
919 2877 969 2924 ret.
984 2868 1083 2924 Verum
1096 2865 1168 2921 enim
1183 2873 1209 2921 et
1236 2880 1370 2920 summum
1381 2864 1620 2932 bonumltominis,
1637 2866 1716 2937 plena

66 2960 133 3017 111111,
149 2949 225 3004 limis
242 2949 356 3006 effluens
372 2950 505 3022 undique?
522 2949 585 3022 quid
596 2948 710 3020 dignum
720 2945 868 3003 laudislau-
882 2928 905 3007 ῧ
921 2957 1043 3014 videlicet
1065 2963 1091 3011 et
1115 2954 1233 3024 perlecta
1247 2953 1348 3026 agnitio
1363 2952 1505 3010 Crantoris.
1522 2954 1574 3009 Sed
1595 2955 1715 3010 eircum-

65 3039 144 3095 dibus
155 3039 486 3110 tuispoteritimmolarei
497 3034 866 3107 Elevataestmagnilioentia

65 3140 111 3185 tna
124 3143 206 3200 super
220 3129 313 3194 coelos,
334 3138 361 3184 et
371 3133 457 3200 *super
472 3143 582 3185 omnem
593 3133 693 3182 terram
705 3124 792 3199 gloria
806 3131 864 3193 tue,

65 3216 103 3272 ita
117 3225 147 3272 nt
160 3233 211 3273 nec
221 3216 249 3272 iu
268 3216 338 3273 coelo
357 3216 511 3270 inveniatur
530 3222 655 3272 creatura
669 3230 729 3286 quae
742 3222 812 3269 tuam
827 3211 867 3266 di·

65 3320 119 3378 gne
134 3304 242 3360 laudare
258 3311 339 3377 queat
357 3302 605 3375 magnificentiam:
627 3316 676 3356 nec
695 3300 865 3366 interrasit,

46 3421 53 3434 ·
65 3409 129 3466 quta
143 3393 261 3466 gloriam
278 3404 350 3448 tuam
360 3392 511 3462 exprimere
522 3391 620 3445 valeat.
631 3390 718 3445 Nemo
729 3387 800 3442 euim
815 3401 867 3443 nec

64 3484 94 3539 in
109 3484 190 3554 coelo,
205 3483 295 3538 necin
308 3489 381 3536 terra
396 3481 521 3537 inventus
533 3485 576 3537 est
589 3479 691 3551 dignus
704 3475 811 3548 aperire
832 3475 868 3530 li-

66 3575 148 3630 brum
157 3571 398 3642 praerogativarum
413 3577 530 3637 tuarum,
543 3573 571 3623 et
584 3566 667 3640 digne
682 3564 788 3621 solvere
804 3579 870 3635 sep-

64 3671 120 3720 tem
146 3660 284 3731 signacula
305 3659 376 3729 ejus.
401 3656 599 3714 Plenitudiuem
613 3655 708 3730 gratiae
724 3653 869 3711 advemum

65 3749 185 3822 Spiritus
203 3749 287 3804 sancti
304 3749 331 3804 in
346 3755 384 3816 te,
401 3748 510 3805 virtutis
523 3744 656 3802 ditissimi
677 3742 869 3801 obumbratio·

66 3855 139 3905 nem,
152 3837 236 3894 Verbi
248 3837 467 3911 conceptionem,
482 3836 553 3909 quod
568 3836 626 3891 sine
640 3832 797 3908 gravamine
805 3846 869 3906 gra.

66 3930 140 3996 vida,
154 3927 214 3984 sine
228 3927 321 3983 dolore
336 3942 477 3999 puerpera,
495 3926 574 4002 uirgo
587 3926 687 3997 pariter
701 3931 728 3979 et
741 3921 866 3989 fecunda,

66 4017 129 4088 quis
141 4016 277 4071 enarrabit
299 4015 314 4070 ‘l
343 4015 400 4071 Viri
425 4014 579 4071 diuitiarum
600 4012 688 4082 multi,
707 4012 867 4069 decivitate

66 4103 177 4160 Domini
188 4104 327 4174 virtutum,
340 4102 469 4158 miserunt
479 4117 578 4158 manus
588 4102 692 4157 suasad
702 4102 760 4157 hac
771 4100 865 4173 lortia;

920 3046 1035 3117 scriptus
1049 3043 1145 3101 astutia
1159 3042 1302 3113 serpentis,
1314 3049 1341 3097 et
1353 3042 1484 3115 deceptus
1498 3041 1561 3099 luco
1577 3044 1715 3110 vanitatis,

919 3136 1010 3210 specie
1024 3133 1147 3191 videlicet
1169 3138 1301 3188 creaturae
1315 3130 1440 3196 visibilis,
1463 3131 1497 3188 ab
1518 3131 1666 3188 Jerusalem
1688 3132 1715 3186 in

919 3224 1026 3279 Jericbo
1036 3222 1186 3286 descendit,
1197 3221 1297 3274 iontem
1309 3219 1431 3274 veritatis
1441 3219 1572 3284 deseruit,
1588 3217 1715 3275 aflectum

920 3308 1115 3382 pulchritudini
1135 3324 1226 3364 rerum
1248 3305 1383 3362 inclinauit
1399 3314 1447 3361 :et
1470 3307 1560 3362 statim
1583 3308 1715 3378 ignoran-

922 3403 966 3457 tite
980 3399 1098 3457 caecitate
1113 3410 1257 3468 percussus
1272 3394 1343 3450 lorus
1361 3394 1446 3462 uenit,
1461 3404 1486 3449 et
1501 3394 1535 3449 ab
1550 3393 1644 3450 intima
1658 3395 1717 3452 luce

921 3484 1155 3558 contemplationis
1174 3483 1260 3538 iactus
1274 3489 1316 3536 est
1329 3496 1425 3551 vagus,
1441 3486 1469 3536 et
1488 3478 1620 3552 profugus
1634 3498 1717 3554 super

922 3584 1031 3632 terram.
1047 3575 1139 3648 Vagus
1149 3570 1250 3628 scilieet
1259 3585 1309 3641 per
1323 3568 1503 3624 inordinatam
1526 3569 1718 3640 concupiscen-

921 3665 996 3734 tiam,
1019 3662 1152 3735 profugus
1167 3676 1215 3730 per
1228 3658 1410 3731 peccatricem
1425 3657 1617 3714 conscientiam
1632 3675 1639 3727 3
1652 3658 1717 3731 quia

921 3761 1050 3819 mentem,
1070 3767 1150 3822 quam
1164 3748 1286 3805 divinum
1302 3747 1432 3802 auxilium
1448 3747 1559 3816 deserit,
1579 3762 1718 3818 quacum-

922 3858 975 3916 que
989 3840 1100 3898 tentatio
1123 3837 1278 3909 impetierit,
1303 3836 1446 3892 subvertit.
1462 3837 1514 3893 Cor
1537 3851 1605 3912 ergo
1628 3836 1717 3892 homi·

921 3933 975 4005 nis,
1000 3932 1074 4003 qnod
1088 3930 1165 4002 prius
1183 3928 1276 3986 divino
1292 3925 1377 3982 amori
1399 3924 1510 3981 allisum
1534 3926 1630 3981 stabile
1653 3942 1717 3996 per·

920 4021 989 4079 sistit
1003 4029 1030 4078 et
1045 4036 1128 4078 uuum
1151 4016 1277 4083 amando,
1293 4030 1377 4071 unum
1398 4013 1555 4086 permansit,
1571 4023 1716 4088 postquam

919 4128 968 4185 per
978 4109 1111 4168 desideria
1124 4118 1232 4166 terrena
1251 4103 1371 4161 deiluere
1386 4105 1508 4175 coeperit,
1524 4102 1652 4174 quasitot
1667 4103 1719 4158 sibi

68 4202 96 4249 et
110 4202 197 4247 tamen
218 4189 386 4246 altitudinem
400 4189 556 4245 divitiarum
571 4191 666 4245 barum
681 4189 713 4244 ad
737 4188 901 4281 liquidumn
917 4201 946 4257 ιη
960 4199 1053 4258 exsilio
1067 4198 1222 4254 mansiones
1235 4193 1337 4264 satuit,
1354 4201 1421 4265 quoq
1445 4192 1496 4247 sibi
1511 4191 1539 4246 iu
1554 4207 1586 4247 ρο
1605 4190 1719 4247 despera.

69 4279 303 4354 comprehendere
323 4292 378 4334 uon
406 4287 563 4350 potuerunt,
588 4279 653 4351 quia
667 4276 870 4349 investigabiles

68 4371 203 4438 nimietas,
229 4379 257 4426 et
276 4367 461 4425 inscrutabilia
484 4367 620 4425 universa.
648 4363 743 4422 Gonati
755 4374 828 4438 suat,
842 4370 869 4421 et

72 4474 127 4516 nott
140 4459 283 4514 detumeat
293 4458 374 4512 ultra.
391 4457 462 4513 Dum
482 4456 572 4511 adbuc
591 4453 753 4523 ordirentur,
770 4452 870 4510 succisi

70 4555 145 4605 suut.
161 4546 227 4616 Quia
238 4546 311 4604 enim
334 4548 459 4618 loquetur
473 4544 608 4616 potentias
625 4545 673 4598 bas
686 4542 807 4611 Domini,
823 4558 871 4598 au·

70 4638 140 4692 ditas
158 4633 241 4692 aab
264 4635 342 4692 iaciat
366 4650 460 4691 omnes
482 4633 577 4689 laudes
591 4633 681 4704 ejusi
701 4632 735 4688 Et
749 4630 773 4688 si
788 4630 871 4706 digne

70 4725 173 4797 nullus,
186 4730 302 4798 quisque
317 4733 407 4781 tamen
422 4738 472 4796 pro
485 4722 608 4780 viribus:

105 4818 159 4876 Pro
174 4830 202 4873 se
216 4817 331 4890 quiaque
347 4813 404 4872 oiri
422 4830 536 4870 summo
547 4813 765 4884 certatatopam
776 4809 815 4876 ot,

281 4900 576 4976 (Vtactn.AEeeid.lib.
591 4914 644 4966 ιιιι,
659 4914 730 4956 vers.
741 4895 818 4969 552.)

69 5003 99 5051 ut
114 4992 231 5066 aitquis.
248 4993 371 5063 Denique
386 4991 534 5048 currebant
548 5004 642 5046 omnes
666 4988 695 5043 in
715 4987 799 5044 odore
821 5001 872 5041 un-

70 5093 229 5157 guentorum
246 5090 362 5138 tuorum.
379 5081 466 5135 Trahe
481 5088 508 5135 et
536 5093 587 5135 uos
605 5083 722 5148 postte,
740 5092 756 5129 o
775 5076 872 5131 sancta

69 5179 236 5240 sanctorum,
249 5179 277 5228 et
289 5169 403 5225 ostende
426 5169 518 5224 lumen
533 5167 740 5222 miserationum
754 5175 870 5220 tuarum.

70 5262 127 5319 Sub
142 5262 236 5317 umbra
250 5259 353 5314 alarum
369 5267 477 5314 tuarum
491 5273 542 5313 uos
555 5262 683 5328 protege.

106 5356 133 5407 2.
148 5373 159 5401 ι
172 5349 213 5405 dd
227 5358 275 5405 tes
292 5349 365 5404 enim
382 5368 394 5400 a
410 5349 557 5404 clamamus
579 5345 688 5401 exsules
709 5342 868 5398 dilidam.»

70 5440 197 5498 &cunda
210 5436 336 5494 carminis
349 5437 443 5507 hujus,
454 5435 527 5510 quod
540 5433 737 5508 explanandum
756 5445 865 5487 assum-

70 5529 185 5604 psimus,
201 5527 299 5585 incisio
318 5528 377 5584 baec
390 5532 443 5592 est,
458 5523 533 5599 quod
551 5523 581 5582 in
601 5523 711 5582 modum
734 5517 865 5577 dramatis

162 5627 282 5684 Parnoi„
302 5622 476 5684 ctxxxtv.

924 4292 1011 4347 tiones
1025 4286 1135 4343 invenit.
1150 4284 1249 4354 Sicque
1263 4279 1292 4336 iit
1306 4289 1336 4336 ut
1349 4296 1427 4337 mena
1450 4294 1512 4350 quae
1536 4278 1719 4349 pulchritudi-

924 4394 996 4447 nem,
1019 4373 1199 4440 duleediuem‚
1217 4383 1318 4443 pacem,
1334 4369 1514 4435 securitatem,
1530 4382 1561 4422 ac
1576 4367 1718 4438 perpetui-

924 4474 1007 4522 tatem
1037 4461 1129 4535 primae
1151 4460 1219 4516 lueis
1242 4472 1331 4512 amare
1352 4457 1446 4525 aesca,
1471 4470 1607 4528 nunquam
1631 4457 1721 4512 valeat

924 4569 986 4610 esse
1004 4550 1108 4608 stabilis
1119 4568 1126 4605 :
1137 4548 1200 4618 quia
1220 4544 1347 4618 gaudium
1367 4559 1530 4618 permanens
1553 4544 1581 4601 in
1601 4544 1642 4600 bis
1660 4561 1721 4617 quae

926 4644 952 4700 in
968 4642 1030 4698 luco
1044 4635 1169 4696 vanitatis
1181 4633 1364 4706 amplectitur,
1381 4649 1436 4690 uon
1448 4634 1601 4705 inveniens,
1615 4634 1681 4690 dum
1691 4650 1722 4692 se

926 4745 1034 4805 semper
1052 4725 1189 4784 desiderio
1199 4722 1328 4789 extendit,
1346 4737 1531 4796 sequensque
1546 4725 1651 4795 assequi
1666 4739 1721 4781 non

926 4823 1006 4890 ualet,
1021 4818 1154 4874 fluctuans
1169 4816 1196 4870 in
1210 4810 1305 4871 exsilio
1319 4827 1460 4884 uunquam
1474 4811 1626 4882 requiescit.
1642 4811 1722 4868 blodo

925 4911 1011 4970 valvis
1033 4906 1173 4964 oculorum
1186 4902 1286 4973 elapsa,
1303 4900 1426 4958 curiosos
1446 4899 1562 4957 intuitus
1578 4901 1673 4969 pascit,
1696 4908 1724 4957 et

926 5014 1014 5057 rerum
1034 4995 1240 5052 immensitatem
1254 4991 1282 5044 in
1303 5005 1394 5046 massa
1413 4996 1439 5045 et
1461 4988 1531 5045 mole
1550 4987 1723 5044 considerat:

926 5089 1009 5146 modo
1024 5100 1111 5143 rerum
1132 5079 1361 5154 pulchritudinem
1375 5078 1404 5133 in
1418 5079 1473 5134 situ
1486 5088 1513 5135 et
1526 5085 1612 5144 motu,
1634 5076 1724 5148 speeie

925 5176 1099 5252 etqualitate
1122 5168 1377 5244 investigat:modo
1397 5182 1490 5222 rerum
1511 5165 1654 5222 utilitatem
1678 5181 1727 5236 per

925 5265 1088 5335 necessaria,
1101 5259 1254 5328 commoda,
1266 5265 1328 5329 apta
1342 5265 1369 5312 ct
1382 5264 1470 5329 grata,
1486 5257 1631 5327 pertentat.
1651 5256 1730 5314 Nunc

919 5436 1014 5566 ⁶2qia)
1028 5431 1151 5490 imitatur
1172 5423 1269 5499 Virgil.
1297 5421 1404 5481 AEneid.
1429 5422 1475 5480 lib.
1498 5437 1539 5491 vt,
1560 5437 1632 5480 vers.
1662 5425 1725 5493 aad,

1600 5590 1636 5651 36
