3706 5962
692 257 930 328 sollloottlltlt.
1566 254 1635 334 itai

78 387 216 446 alacriter:
242 387 341 446 Veniat
364 385 486 443 dilectur
504 400 584 444 meus
609 386 642 442 in
670 384 784 443 bortum
798 402 822 482 p
837 400 919 461 qnam
944 400 1081 461 procerte
1096 400 1145 461 est,
1161 393 1233 468 qnod
1249 395 1402 452 Creatorem
1417 402 1492 452 tuum
1512 411 1567 453 uon
1587 399 1633 454 di-

76 497 87 537 ι
101 478 223 551 {dantia
240 492 267 543 v,
289 477 315 545 l)
337 475 422 532 latrat
443 489 558 546 sponsus
573 474 783 546 sponsae'onbi-
837 475 909 545 ligia,
924 479 969 551 qui
983 496 1105 537 amorem
1119 493 1249 540 creatura
1260 485 1321 554 eins
1335 485 1420 542 amori
1437 487 1581 557 praeponis.
1604 487 1632 544 Si

75 585 92 634 r,
111 576 137 623 et
154 583 214 623 cum
230 574 328 639 quanta
344 563 430 636 gloria
454 564 535 619 intrat
558 572 585 619 et
607 563 702 635 gratia,
724 563 784 634 quis
837 563 904 619 dicis
918 564 980 636 qnia
1007 575 1150 642 utramque
1172 571 1272 644 diligis,
1288 571 1429 639 mentiris;
1445 576 1507 638 qnia
1530 575 1633 631 amicus

76 664 90 711 t
102 655 236 727 explicare
250 655 264 710 i
278 652 301 711 0
317 670 396 725 quam
411 652 537 709 floridum
552 650 653 708 invenit
670 667 783 722 operum

76 761 124 801 *um
138 755 166 799 et
179 750 334 800 sanctarum
348 741 550 798 meditationum
566 739 679 796 floribus
701 755 784 795 cons·

76 830 115 887 ml
130 846 217 888 coenat
230 832 287 901 jam
301 830 359 886 bac
378 837 466 885 sancta
482 828 570 883 anima
593 844 653 884 cum
675 828 783 883 dilecto.

76 920 264 987 aconvivium,
282 919 327 974 ubi
344 918 478 974 Dominus
503 932 603 972 mensae
625 923 665 972 est
689 915 784 971 convi-

78 1018 105 1066 ei
119 1008 232 1067 conviva
248 1027 256 1077 ς
271 1008 314 1064 cui
328 1023 382 1064 non
404 1007 502 1062 desunt
522 1005 664 1078 splendida
686 1004 784 1059 minis·

76 1098 243 1170 Angelorum
254 1093 261 1151 Ι
273 1096 433 1166 Relinquam
448 1095 566 1167 expertis
580 1095 613 1150 de
636 1095 687 1149 lroo
710 1092 785 1162 loqui

76 1185 122 1243 rio.
137 1186 236 1241 Claves
250 1201 360 1242 suorum
379 1185 566 1240 thesaurorum
581 1197 710 1253 sponsum
725 1180 786 1253 quis

76 1281 94 1330 rt
105 1273 245 1331 attulisset
255 1274 289 1329 Ut
298 1287 380 1343 quem
395 1287 495 1342 sponsa
507 1270 567 1342 plus
581 1270 694 1341 appetit,
719 1284 785 1339 ape-

76 1362 129 1419 sine
153 1377 240 1432 mora,
257 1369 286 1416 ut
309 1363 368 1433 ipsa
388 1359 554 1416 confidenter
580 1358 709 1415 introiens
727 1357 786 1413 sine

79 1465 160 1524 quem
176 1451 244 1505 velit
255 1449 371 1522 accipiat
382 1466 389 1518 ;
403 1458 429 1505 et
439 1456 520 1521 prout
530 1448 596 1506 velit
609 1447 668 1502 sine
677 1446 786 1502 deiectu

76 1555 104 1605 r,
122 1551 149 1596 et
167 1538 226 1595 sine
240 1539 358 1611 fastidio,
369 1545 398 1593 et
416 1554 478 1610 quae
497 1539 575 1609 plura
590 1536 718 1603 attulerit,
737 1551 787 1593 nec

80 1629 166 1695 valeo,
182 1643 231 1683 nec
245 1627 314 1683 torte
330 1626 394 1684 scio.

838 653 918 722 hujus
930 656 1034 725 saeculi,
1052 658 1177 716 inimicus
1197 662 1246 717 Dei
1260 662 1431 718 constituitur
1445 665 1630 734 (tac.1v,l).Si

837 743 946 813 quando
959 744 993 800 ad
1012 749 1142 802 orandum
1157 749 1241 816 venis,
1262 757 1288 806 et
1312 750 1395 806 aiiers
1423 751 1490 808 forte
1504 770 1633 825 unguen-

838 841 893 884 tum
907 834 1084 906 contritionis,
1101 847 1130 892 nt
1144 854 1250 909 unguas
1264 840 1347 910 pedes
1357 839 1432 908 iesu,
1452 857 1553 896 musore
1573 857 1633 898 mo-

839 917 939 975 rientes
953 922 1092 978 venientes
1111 925 1237 981 contiuuo
1262 926 1376 997 perdunt
1394 929 1554 985 suavitatem
1581 947 1633 986 nn-

839 1007 931 1080 guenti
945 1010 1048 1077 (decla.
1063 1028 1094 1078 x,
1108 1014 1144 1084 l).
1163 1013 1192 1068 Si
1206 1015 1272 1086 quid
1286 1016 1349 1070 boni
1362 1016 1452 1072 iacere
1467 1024 1493 1071 et
1508 1018 1580 1073 mala
1594 1019 1636 1074 di-

839 1095 950 1154 mittere·
975 1099 1108 1170 cogitasti,
1125 1101 1152 1155 in
1176 1111 1315 1159 momento
1330 1103 1371 1158 tris
1390 1104 1525 1160 contraria
1544 1106 1634 1163 iacere

839 1198 892 1240 uon
907 1199 1017 1241 verens.

875 1275 901 1327 8.
918 1272 1008 1330 llesnt
1021 1274 1113 1348 igitur,
1129 1286 1157 1333 ut
1171 1277 1194 1334 si
1217 1293 1271 1352 qua
1287 1279 1357 1335 bons
1376 1277 1457 1336 lesus
1476 1280 1521 1337 tibi
1546 1281 1635 1340 iacere

839 1370 1028 1431 proposuerat,
1043 1365 1139 1421 borum
1158 1365 1256 1423 ellectu
1269 1367 1394 1423 similiter
1409 1369 1540 1425 frauderis
1553 1381 1581 1427 et
1595 1380 1633 1427 tu.

839 1447 897 1503 Imo
916 1464 988 1521 saepo
1012 1467 1072 1508 cnm
1088 1453 1202 1525 qratiam
1217 1454 1298 1525 dedit,
1312 1471 1365 1511 non
1381 1454 1458 1512 aliud
1469 1457 1532 1514 iecit
1554 1475 1634 1530 quam

840 1537 888 1609 qui
902 1553 1007 1595 marces
1020 1545 1202 1617 congregavit,
1215 1551 1242 1599 et
1252 1543 1380 1600 misiteas
1389 1545 1561 1602 innocentum
1572 1564 1634 1619 per·

841 1633 930 1681 tusum
943 1626 1048 1700 (Aqqoei
1069 1644 1088 1698 i,
1100 1632 1140 1700 d).
1151 1629 1221 1698 Quia
1237 1632 1305 1688 sicut
1321 1632 1366 1687 ille
1386 1643 1506 1703 tempore
1520 1637 1636 1693 uecessi-

76 1716 179 1774 dndisti
192 1716 312 1790 quidem,
329 1730 489 1780 cormeum,
505 1714 645 1785 inexperta
659 1720 687 1769 et
701 1712 788 1770 omui·
804 1711 825 1789 Β
843 1715 902 1770 tatis
915 1716 953 1770 nil
964 1716 1072 1787 reperit,
1088 1718 1129 1774 sic
1141 1720 1221 1775 lesus
1235 1736 1295 1776 oum
1312 1721 1470 1781 laudaretur
1485 1739 1534 1793 pro
1548 1726 1635 1780 bene-

76 1806 197 1882 cognita:
220 1806 269 1862 sad
292 1806 363 1863 scias
385 1819 514 1872 sponsam
537 1805 596 1873 jam
620 1801 672 1859 lrui
692 1801 788 1858 Dilecti

76 1910 94 1949 a
116 1893 298 1965 amplexibus.
322 1892 455 1960 Audistis,
479 1892 601 1963 inquam,
624 1907 672 1947 cor
699 1906 788 1947 meum

76 1980 170 2037 amnia:
191 1982 239 2037 sed
254 1996 316 2040 rere
333 1977 419 2036 190
441 1980 539 2051 pudeat
554 1986 590 2049 te,
614 1987 640 2033 et
654 1993 735 2050 super
755 1994 788 2033 eo

76 2084 133 2135 eas,
149 2069 221 2141 quod
236 2070 287 2125 boc
306 2068 454 2138 pretiosum
478 2071 587 2138 tempus
611 2067 649 2122 sic
676 2065 787 2121 omnino

76 2159 123 2214 lter
140 2155 292 2229 prateristi.
314 2157 369 2211 lloc
393 2153 501 2226 quoties
519 2157 546 2208 in
574 2154 618 2210 die
639 2169 739 2226 pugnae
762 2162 788 2210 et

76 2247 158 2302 iillum
170 2247 262 2301 hostes
276 2244 455 2314 repererunt?
470 2243 572 2299 Duritia
586 2240 696 2315 trigoris
711 2242 748 2298 tni
761 2248 787 2297 ts

76 2349 158 2390 enon
174 2334 289 2389 sinebat.
306 2333 399 2387 Ethoc
412 2332 516 2403 quare?
531 2330 601 2400 Quia
616 2342 719 2402 tempus
732 2346 787 2402 quo

76 2423 94 2478 ri
110 2431 203 2478 contra
217 2422 321 2486 hostes,
337 2419 483 2476 illuminari
505 2420 533 2475 in
553 2419 682 2485 tenebris,
695 2419 787 2474 vestiri

76 2514 148 2585 'agore
175 2512 315 2581 debueras,
335 2509 489 2581 neglexisti.
514 2507 583 2579 Quid
604 2508 679 2578 plura
694 2508 708 2563 i
724 2507 790 2564 Suc-

76 2601 120 2668 sti,
136 2601 292 2658 incurvatus
305 2616 344 2663 es,
360 2607 388 2654 et
411 2609 495 2670 portae
519 2605 572 2653 tuae
590 2596 742 2664 destructae,
762 2603 790 2654 et

76 2687 137 2744 atui
151 2687 303 2755 confracti3
321 2697 348 2743 et
363 2688 540 2743 asconderunt
554 2686 646 2741 hostes
669 2687 696 2740 in
711 2691 747 2752 te,
763 2691 790 2740 et

76 2784 235 2833 unimanus
259 2777 292 2832 ad
318 2777 409 2831 omnia
432 2774 619 2831 desiderabilia
641 2783 699 2829 tna.
719 2773 787 2844 Heu,

76 2882 100 2922 es
118 2864 145 2921 in
162 2865 257 2921 mediis
272 2863 391 2920 tenebris
405 2865 495 2919 lumen
513 2870 588 2920 tuum
601 2864 658 2933 jam
671 2878 726 2919 non
741 2865 791 2919 ob-

77 2962 143 3019 tum,
159 2954 208 3009 sed
229 2960 302 3010 certo
318 2953 427 3009 omnino
450 2954 609 3007 exstinctum
624 2960 683 3007 erat
701 2951 730 3006 in
745 2959 789 3007 ta-

843 1802 912 1859 floiis
935 1802 1065 1874 impensis
1082 1822 1098 1861 a
1116 1807 1173 1863 suis
1195 1808 1370 1874 amatoribus,
1387 1810 1454 1865 nibil
1475 1827 1490 1866 a
1509 1818 1535 1866 te
1550 1813 1637 1868 laudis

843 1890 955 1948 omnino
968 1895 1088 1966 recepit3
1105 1896 1152 1949 sed
1168 1897 1258 1951 omnia
1272 1897 1332 1966 ejus
1346 1897 1476 1954 beneficia
1500 1900 1639 1969 perierunt

843 1981 914 2054 apud
929 1988 966 2046 te,
981 1982 1062 2040 laude
1075 1990 1101 2038 et
1115 1983 1262 2056 gratiarum
1275 1987 1383 2041 actione
1406 1985 1543 2042 frustrata.
1567 1989 1636 2058 ileu,

843 2069 948 2139 quoties
962 2076 1085 2141 tempore
1100 2072 1188 2126 laudis
1205 2073 1292 2143 potuit
1303 2073 1350 2127 tibi
1365 2073 1455 2128 dicere
1468 2075 1566 2130 lesus:
1584 2079 1638 2131 Do·

843 2173 906 2213 mos
917 2173 981 2214 mea
993 2157 1091 2214 domus
1101 2161 1239 2236 orationis
1258 2163 1413 2228 uocabitur,
1424 2165 1457 2216 tu
1480 2167 1579 2218 autern
1592 2166 1638 2235 se-

842 2246 906 2301 cisti
919 2245 1002 2301 illam
1015 2247 1180 2318 speluncam
1195 2248 1342 2307 neronum
1353 2249 1461 2317 (llottlr.
1478 2265 1541 2319 xxa,
1555 2255 1597 2321 13,
1613 2259 1639 2307 et

842 2334 908 2390 Lao.
921 2349 983 2400 xix,
999 2336 1065 2403 lo);
1080 2342 1107 2388 rt
1122 2352 1232 2392 rursus:
1249 2336 1366 2408 Auferte
1379 2339 1436 2393 isla
1452 2339 1527 2405 binc,
1539 2343 1568 2396 el
1583 2358 1637 2397 no·

844 2422 895 2476 itte
903 2425 999 2492 sacena
1013 2422 1126 2479 domum
1135 2426 1230 2479 Patris
1239 2426 1296 2480 mei
1306 2426 1422 2481 menum
1435 2429 1637 2498 nepotioticnis

843 2509 935 2578 (toan.
951 2526 981 2575 rr,
995 2511 1052 2581 lo);
1070 2518 1097 2566 et
1111 2511 1225 2568 iterum:
1242 2514 1291 2567 llic
1301 2513 1418 2585 populns
1435 2515 1515 2570 labiis
1529 2532 1574 2572 mc
1586 2517 1637 2572 lra-

843 2601 937 2668 norat,
952 2614 1001 2655 cor
1013 2603 1110 2657 annm
1128 2616 1224 2657 aarum
1236 2603 1314 2673 lonae
1328 2601 1418 2658 distat
1432 2619 1450 2657 a
1464 2619 1509 2659 ma
1522 2604 1636 2674 (lialtlr.

845 2700 893 2753 xv,
909 2691 944 2756 ὃς
960 2688 1013 2742 lra.
1026 2704 1102 2755 xxix,
1120 2692 1163 2757 ta,
1179 2698 1205 2745 et
1220 2692 1303 2747 liare.
1322 2706 1370 2758 vri,
1388 2694 1428 2762 6).
1445 2693 1558 2761 Quoties
1572 2709 1639 2766 ergo

844 2773 994 2831 maledictio
1009 2792 1090 2847 super
1106 2786 1130 2832 te
1144 2780 1217 2834 venit
1230 2779 1276 2834 illa
1290 2794 1343 2849 qua
1353 2781 1464 2838 dicitur:
1478 2781 1641 2838 Maledictus

844 2864 924 2921 horno
934 2867 982 2936 qui
990 2865 1062 2935 facit
1072 2883 1142 2938 opus
1151 2868 1202 2924 Dei
1211 2868 1639 2941 neplipenter!(ter.scvur,ltil.

844 2951 907 3006 llaec
920 2953 1012 3009 omnia
1037 2958 1147 3010 veniunt
1167 2970 1252 3026 snper
1276 2966 1313 3023 te,
1329 2957 1376 3027 qni
1391 2972 1485 3013 vocem
1504 2957 1563 3027 eius
1585 2973 1640 3013 non

76 3043 143 3099 rculo
160 3041 222 3099 tuol
240 3041 310 3112 Quia
328 3051 438 3114 torpore
461 3051 587 3113 gravatus
601 3040 683 3113 liguis
705 3041 789 3114 ligna,
805 3015 826 3094 l}
842 3039 951 3110 audisti,
962 3041 1009 3113 qui
1022 3042 1107 3098 dixit:
1124 3043 1252 3100 [Mundo
1267 3046 1327 3113 titi,
1347 3043 1439 3114 bomo,
1456 3046 1524 3118 quid
1542 3049 1583 3102 rit
1594 3049 1640 3104 do·

76 3140 176 3201 topera
190 3131 261 3186 bona
279 3131 406 3202 operibus
429 3131 546 3199 adiicere
570 3130 672 3186 desisti.
692 3131 725 3187 Et
747 3138 789 3188 est
842 3146 921 3200 num,
942 3136 993 3187 aut
1008 3132 1075 3204 quid
1091 3134 1287 3205 requiratura
1306 3137 1352 3200 ta,·
1370 3137 1465 3206 lacera
1484 3135 1639 3207 judicium,

76 3219 174 3274 lumin
196 3219 308 3288 tequod
332 3218 448 3273 dicitur:
466 3220 624 3289 inseratur
652 3219 788 3292 enuptiis
842 3222 870 3272 et
879 3219 1039 3290 justitiam,
1050 3226 1079 3276 et
1090 3222 1246 3277 sollicitum
1261 3221 1408 3277 ambulare
1421 3238 1488 3277 cum
1507 3225 1562 3278 Dea
1592 3227 1641 3278 tuo

77 3324 114 3364 ua
133 3306 200 3376 (lod.
217 3320 340 3371 xxxvnr,
358 3308 411 3375 le),
429 3306 462 3361 cd
476 3321 558 3361 suave
573 3315 601 3362 et
619 3307 727 3362 beatum
750 3307 789 3361 in·
841 3304 932 3375 {dlicta
946 3320 985 3371 vr,
996 3308 1034 3377 8).
1049 3308 1080 3360 ln
1095 3318 1120 3362 te
1135 3309 1245 3363 omuino
1260 3306 1339 3365 rideo
1351 3309 1489 3378 impletum
1499 3309 1565 3364 illud
1579 3324 1643 3381 pro·

76 3412 133 3465 um;
144 3395 215 3468 quod
229 3395 312 3450 semel
323 3409 467 3451 accensum
478 3409 587 3464 semper
598 3394 742 3450 desiderat.
755 3397 788 3451 Et
843 3390 975 3461 phetioum
988 3411 995 3446 ι
1010 3395 1133 3448 Pronum
1145 3398 1187 3449 ast
1199 3409 1249 3450 cor
1267 3394 1390 3451 bominis
1404 3401 1433 3451 ct
1453 3396 1641 3454 inscrutabile

86 3486 244 3551 beatusest,
262 3482 309 3554 qui
324 3493 385 3554 post
399 3483 472 3538 hunc
485 3483 575 3554 ignem
595 3482 696 3537 amoris
723 3482 787 3540 lesu

76 3575 133 3630 rmel
148 3588 291 3630 accensum
307 3574 334 3628 in
348 3587 378 3627 se
393 3570 526 3628 senseritl
542 3568 676 3627 continuis
695 3569 787 3640 ipsum

76 3662 227 3736 stinquatur
243 3663 321 3718 bonis
343 3660 473 3732 operibus
489 3660 581 3716 lovere
604 3674 658 3714 non
677 3658 786 3727 desinit,

78 3768 148 3811 uere¹
166 3753 205 3810 eis
227 3750 417 3808 deficientibus
440 3749 512 3823 ignis
535 3748 788 3805 subtraheretur.0

76 3840 216 3898 riserabila
240 3849 265 3897 et
287 3837 461 3912 despectum!
481 3840 505 3895 si
526 3837 598 3892 viam
621 3837 789 3897 ambulasses

76 3937 180 3987 storum
194 3929 241 3984 Dei
254 3930 289 3985 ab
312 3945 345 3986 eo
369 3936 501 4000 tempore,
518 3941 572 4000 quo
595 3925 713 3997 primum
732 3941 789 3982 coe-

78 4026 106 4074 et
119 4032 175 4074 non
188 4017 368 4089 prosperitate
383 4018 534 4082 seductum,
553 4031 605 4072 nec
621 4015 787 4073 confractum

843 3479 954 3547 (ierem.
970 3494 1052 3546 xvru,
1069 3479 1108 3552 9).
1122 3481 1323 3551 Nonnunquam
1337 3497 1399 3537 cum
1419 3485 1550 3540 Dominus
1562 3484 1642 3539 lesus

842 3565 946 3622 loribus
961 3569 1014 3622 tuis
1028 3567 1139 3638 pulsans
1154 3568 1240 3624 adluit
1253 3579 1279 3624 et
1294 3568 1423 3640 clamans,
1444 3571 1507 3644 quia
1528 3575 1641 3647 ternpus

841 3655 1003 3728 putationis
1013 3657 1129 3715 aduenit
1145 3657 1272 3728 (Contu,
1291 3660 1347 3729 lt),
1362 3667 1392 3715 nt
1405 3668 1533 3735 surgeres
1546 3671 1573 3717 et
1586 3663 1640 3718 ires

842 3745 877 3799 ad
891 3745 996 3802 vinum
1011 3761 1073 3803 aum
1087 3745 1192 3802 ceteris
1205 3746 1323 3817 sponsis,
1338 3747 1382 3804 vel
1392 3747 1461 3804 iorte
1472 3757 1500 3804 nt
1513 3764 1639 3822 surgeres

842 3844 870 3893 et
882 3850 984 3903 orares,
1007 3850 1041 3893 ne
1054 3833 1170 3892 intrares
1189 3834 1218 3891 iu
1241 3836 1419 3903 tentationem
1430 3836 1543 3909 (datii.
1563 3853 1638 3907 xxvi,

843 3924 906 3997 tt):
928 3934 957 3980 tn
969 3931 1050 3993 code,
1064 3933 1094 3980 ιιι
1112 3924 1217 3996 sopitus
1229 3926 1406 3998 gubernator,
1422 3924 1450 3981 in
1465 3926 1639 3984 mediomari

841 4011 982 4069 dormisti:
993 4021 1021 4069 et
1035 4013 1262 4085 quemadmodum
1276 4014 1321 4072 ille
1335 4014 1414 4086 cujus
1428 4023 1550 4088 tempora
1561 4015 1638 4074 claro

77 4104 154 4163 citato
177 4120 250 4177 sape
274 4105 383 4176 luisses,
407 4120 458 4160 nec
481 4102 659 4161 tabulationes
682 4105 788 4178 iniquo-
841 4107 903 4157 sunt
917 4102 1052 4174 pastorale
1069 4101 1173 4174 (ludia.
1192 4102 1246 4175 nn)
1261 4103 1304 4159 vel
1324 4106 1435 4159 omnino
1453 4105 1556 4160 exieras
1579 4105 1639 4163 sina

76 4193 104 4252 in
127 4195 169 4251 ria
193 4202 218 4251 te
242 4193 387 4251 tenentium
411 4192 553 4263 audisses;
568 4202 677 4264 poteras
707 4197 787 4267 plura
841 4190 926 4248 dnbio
944 4190 1018 4248 velut
1032 4190 1100 4246 ilina
1114 4191 1197 4262 (Gen.
1213 4194 1328 4262 miv),
1344 4192 1398 4257 vel,
1415 4198 1446 4248 ut
1465 4192 1526 4261 plns
1538 4192 1635 4260 dimm,

76 4298 164 4357 nqnae
178 4282 290 4340 audistis
304 4291 445 4354 expertum
460 4283 553 4350 inisse,
569 4289 596 4337 et
618 4298 679 4339 esse
694 4285 787 4339 samita
841 4277 874 4332 ad
890 4277 1030 4333 amularia
1043 4277 1153 4348 negotia
1166 4276 1345 4350 disponenda.
1363 4276 1501 4349 Oquoties
1515 4286 1637 4351 tempore

86 4374 245 4446 angelorum
257 4391 264 4429 :
276 4371 332 4441 jam
346 4385 399 4426 non
410 4386 486 4426 esses
500 4369 627 4441 spelunca
641 4369 784 4427 latronum,
803 4364 825 4441 fl
842 4365 930 4421 laudis
944 4375 971 4420 et
983 4365 1113 4420 orationis
1126 4371 1213 4421 castra
1232 4365 1361 4437 vallabas,
1377 4366 1530 4439 principum
1548 4369 1637 4424 muni·

76 4461 183 4519 setiam
191 4462 247 4532 jam
262 4474 323 4514 esse
334 4474 380 4514 aas
391 4458 504 4532 dignum
515 4457 668 4514 caelestium
681 4459 788 4515 thesau·
843 4452 929 4508 tiones
946 4450 1004 4506 aliis
1027 4451 1197 4519 contraxisti,
1215 4458 1242 4507 et
1265 4451 1340 4508 solus
1359 4457 1534 4525 expugnabas
1548 4465 1636 4513 castra

76 4565 207 4622 asemper
220 4549 248 4605 in
264 4560 289 4607 te
312 4548 449 4605 recondita
465 4544 544 4621 [sort.
562 4547 784 4622 reconditoruml,

76 4656 118 4695 um
133 4656 165 4696 aa
185 4638 316 4695 munitum
331 4637 425 4695 multis
439 4637 562 4694 millibus
576 4635 747 4710 angelorum.

76 4727 120 4787 led
135 4729 235 4801 duplex
250 4726 325 4784 luisti
340 4727 441 4793 animo,
459 4737 487 4784 et
502 4726 698 4783 inconstancia
720 4741 784 4783 om-

92 4816 145 4878 riis
161 4816 215 4874 tuis
229 4816 298 4889 (tac.
313 4832 332 4883 r,
358 4819 403 4888 8):
424 4814 523 4873 idcirco
542 4814 620 4871 rideo
643 4822 669 4872 te
696 4816 785 4873 adhuc

76 4922 107 4964 im
122 4906 151 4963 in
165 4905 256 4963 medio
270 4904 441 4963 infernalium
464 4904 658 4962 ministrorum.
674 4903 698 4962 0
720 4923 784 4964 vere

77 5012 102 5052 ra
117 5008 279 5063 cormeum,
294 4994 366 5068 quod
380 4995 419 5050 sic
441 4994 608 5051 abundanter
622 4996 711 5065 possis
726 5011 783 5053 coe·

76 5100 102 5141 is
115 5094 143 5143 et
156 5083 264 5141 aeternis
282 5082 398 5154 perfrui,
411 5083 487 5155 quod
500 5092 553 5138 tam
567 5083 715 5141 bestialiter
729 5094 784 5142 tar·

77 5180 104 5230 et
117 5173 225 5231 aducis
238 5172 332 5229 niteris
352 5169 465 5246 involvi,
489 5186 549 5245 quae
572 5184 688 5229 mentem
712 5182 784 5232 tuam

77 5270 190 5321 averunt
213 5273 335 5336 tempore
356 5263 496 5321 orationis.
513 5263 541 5318 Si
564 5273 591 5320 te
615 5265 785 5336 pulchritudo

75 5367 121 5410 rrae
136 5349 297 5411 rmnsiroriae
313 5360 430 5426 occupat
444 5360 471 5410 el
484 5352 576 5410 saeauli
588 5354 671 5425 buius
685 5354 785 5413 divitiae

76 5459 116 5514 sa3
136 5458 218 5518 quare
233 5457 286 5501 non
305 5446 398 5516 potius
412 5443 507 5502 aelerni
519 5444 655 5501 creatoris
669 5445 787 5518 pulchri-

76 5539 96 5594 ιι
109 5532 199 5608 gloria
215 5533 296 5609 requi
308 5529 426 5597 calcada
440 5530 499 5593 sine
513 5532 568 5592 dna
576 5537 726 5594 mansura?
739 5531 803 5595 Sl··

133 5632 258 5692 Parnon.
271 5632 450 5695 ccxxxiv.

841 4548 915 4597 stans
927 4540 955 4596 in
973 4540 1104 4607 oratione,
1120 4556 1181 4612 quae
1196 4541 1330 4613 principes
1347 4559 1502 4617 expugnare
1518 4559 1571 4600 non
1582 4560 1636 4618 po-
1671 4587 1673 4591 ι

839 4639 925 4687 terant
936 4644 997 4688 cnm
1012 4628 1087 4687 omni
1103 4629 1223 4687 exercitu
1237 4630 1365 4687 militarit
1383 4632 1433 4688 Dia
1446 4650 1549 4706 quaeso,
1564 4633 1633 4692 milri

839 4720 903 4775 dum
933 4714 1011 4777 m
1035 4717 1094 4774 aliis
1123 4729 1211 4775 castra
1238 4730 1436 4792 construxeras,
1453 4722 1498 4778 oui
1516 4735 1634 4782 castrum

839 4817 914 4865 tuum
933 4806 1148 4865 onsdodiandom
1175 4806 1333 4881 reliqueras,
1357 4811 1415 4880 iarn
1442 4811 1635 4870 circumdatum

838 4897 1007 4972 principibus
1016 4900 1186 4954 tenebrarum
1195 4899 1209 4953 i
1218 4897 1394 4972 Nequaquam
1405 4916 1485 4955 suurn
1492 4902 1636 4973 reliquerat

839 4988 886 5061 qui
899 4989 1020 5045 dicebat:
1038 4989 1125 5061 Super
1138 4989 1296 5045 custodiam
1318 5006 1411 5048 meam
1432 5005 1478 5071 eqo
1493 4990 1581 5057 stabo,
1606 4997 1635 5050 et

837 5079 923 5150 finam
940 5078 1061 5149 aradam
1076 5094 1164 5134 meum
1180 5094 1264 5150 super
1277 5081 1469 5137 munitionem
1487 5094 1586 5150 meam,
1606 5086 1635 5138 ct

838 5168 1030 5241 audiantqrn'd
1044 5167 1159 5225 dicatur
1171 5167 1252 5236 milri,
1270 5173 1298 5225 et
1317 5169 1383 5241 quid
1397 5169 1578 5240 respondcam
1599 5169 1636 5227 ad

840 5264 1039 5337 annumeratam
1056 5274 1101 5314 me
1114 5257 1226 5328 (Halae.
1246 5273 1276 5331 n,
1293 5260 1328 5329 ιι.
1344 5257 1393 5315 Vel
1413 5260 1530 5331 putabas
1543 5261 1636 5319 vinem

840 5353 939 5411 alienas
953 5364 1007 5406 uon
1022 5348 1111 5404 studio
1126 5345 1275 5419 charitatis,
1289 5348 1336 5403 sed
1361 5362 1437 5405 rann
1459 5349 1633 5422 suspicionis,

839 5443 968 5500 festucam
987 5441 1021 5496 de
1036 5436 1124 5495 oculis
1147 5437 1260 5495 aliorum
1275 5439 1368 5497 rolens
1388 5437 1489 5509 ejicere
1510 5441 1536 5497 ln
1555 5441 1635 5499 oculo

841 5537 886 5601 uio
906 5532 980 5591 trabe
1002 5531 1096 5588 relicta
1109 5529 1238 5603 (baama,
1254 5531 1308 5603 tl;
1330 5529 1430 5589 natta.
1449 5545 1496 5601 nr,
1516 5536 1556 5607 3..
1578 5534 1634 5590 lle-

1476 5634 1511 5690 ³7
