<?xml version="1.0" encoding="UTF-8"?>
<!DOCTYPE html PUBLIC "-//W3C//DTD XHTML 1.0 Transitional//EN"
    "http://www.w3.org/TR/xhtml1/DTD/xhtml1-transitional.dtd">
<html xmlns="http://www.w3.org/1999/xhtml" xml:lang="en" lang="en">
 <head>
  <title>
</title>
<meta http-equiv="Content-Type" content="text/html;charset=utf-8" />
  <meta name='ocr-system' content='tesseract 3.04.00' />
  <meta name='ocr-capabilities' content='ocr_page ocr_carea ocr_par ocr_line ocrx_word'/>
</head>
<body>
  <div class='ocr_page' id='page_1' title='image "./patrologiaecurs00unkngoog/patrologiaecurs00unkngoog_0189.png"; bbox 0 0 3706 5962; ppageno 0'>
   <div class='ocr_carea' id='block_1_1' title="bbox 57 222 1162 298">
    <p class='ocr_par' dir='ltr' id='par_1_1' title="bbox 57 222 1162 298">
     <span class='ocr_line' id='line_1_1' title="bbox 57 222 1162 298; baseline 0.013 -16"><span class='ocrx_word' id='word_1_1' title='bbox 57 222 113 283; x_wconf 76' lang='grc'>365</span> <span class='ocrx_word' id='word_1_2' title='bbox 631 228 728 290; x_wconf 79' lang='lat' dir='ltr'>liene</span> <span class='ocrx_word' id='word_1_3' title='bbox 747 231 789 290; x_wconf 83' lang='lat' dir='ltr'>DE</span> <span class='ocrx_word' id='word_1_4' title='bbox 809 231 1162 298; x_wconf 71' lang='lat' dir='ltr'>mirabillimum.</span> 
     </span>
    </p>
   </div>
   <div class='ocr_carea' id='block_1_2' title="bbox 1664 245 1719 309">
    <p class='ocr_par' dir='ltr' id='par_1_2' title="bbox 1664 245 1719 309">
     <span class='ocr_line' id='line_1_2' title="bbox 1664 245 1719 309; baseline 0 0"><span class='ocrx_word' id='word_1_5' title='bbox 1664 245 1719 309; x_wconf 73' lang='grc'>366</span> 
     </span>
    </p>
   </div>
   <div class='ocr_carea' id='block_1_3' title="bbox 55 370 1714 513">
    <p class='ocr_par' dir='ltr' id='par_1_3' title="bbox 55 370 1714 513">
     <span class='ocr_line' id='line_1_3' title="bbox 55 370 1714 502; baseline 0.017 -84"><span class='ocrx_word' id='word_1_6' title='bbox 55 371 130 448; x_wconf 67' lang='lat' dir='ltr'>ptus</span> <span class='ocrx_word' id='word_1_7' title='bbox 144 370 307 450; x_wconf 74' lang='lat' dir='ltr'>est,nempe</span> <span class='ocrx_word' id='word_1_8' title='bbox 321 383 398 425; x_wconf 79' lang='lat' dir='ltr'>cano</span> <span class='ocrx_word' id='word_1_9' title='bbox 408 373 568 455; x_wconf 71' lang='lat' dir='ltr'>llibtpost</span> <span class='ocrx_word' id='word_1_10' title='bbox 579 379 891 502; x_wconf 46' lang='lat' dir='ltr'>accordantnordecc&#39;m</span> <span class='ocrx_word' id='word_1_11' title='bbox 900 385 996 455; x_wconf 72' lang='lat' dir='ltr'>[actm</span> <span class='ocrx_word' id='word_1_12' title='bbox 1012 384 1167 440; x_wconf 78' lang='lat' dir='ltr'>monachas</span> <span class='ocrx_word' id='word_1_13' title='bbox 1178 384 1378 454; x_wconf 78' lang='lat' dir='ltr'>Sipoicceosis,</span> <span class='ocrx_word' id='word_1_14' title='bbox 1393 385 1501 442; x_wconf 84' lang='lat' dir='ltr'>ordinis</span> <span class='ocrx_word' id='word_1_15' title='bbox 1511 389 1714 457; x_wconf 81' lang='lat' dir='ltr'>cirterciensis,</span> 
     </span>
     <span class='ocr_line' id='line_1_4' title="bbox 58 438 843 513; baseline 0.023 -24"><span class='ocrx_word' id='word_1_16' title='bbox 58 441 95 491; x_wconf 79' lang='lat' dir='ltr'>ut</span> <span class='ocrx_word' id='word_1_17' title='bbox 111 453 146 492; x_wconf 84' lang='lat' dir='ltr'>ara</span> <span class='ocrx_word' id='word_1_18' title='bbox 158 443 239 494; x_wconf 73' lang='lat' dir='ltr'>notas</span> <span class='ocrx_word' id='word_1_19' title='bbox 252 438 290 495; x_wconf 83' lang='lat' dir='ltr'>od</span> <span class='ocrx_word' id='word_1_20' title='bbox 303 441 444 498; x_wconf 70' lang='lat' dir='ltr'>occardi</span> <span class='ocrx_word' id='word_1_21' title='bbox 458 444 608 513; x_wconf 76' lang='lat' dir='ltr'>epistolam</span> <span class='ocrx_word' id='word_1_22' title='bbox 622 449 657 503; x_wconf 80' lang='lat' dir='ltr'>ab</span> <span class='ocrx_word' id='word_1_23' title='bbox 685 453 776 505; x_wconf 82' lang='lat' dir='ltr'>actum</span> <span class='ocrx_word' id='word_1_24' title='bbox 792 455 843 507; x_wconf 81' lang='lat' dir='ltr'>est.</span> 
     </span>
    </p>
   </div>
   <div class='ocr_carea' id='block_1_4' title="bbox 94 508 1711 638">
    <p class='ocr_par' dir='ltr' id='par_1_4' title="bbox 94 508 1711 638">
     <span class='ocr_line' id='line_1_5' title="bbox 94 508 1711 638; baseline 0.017 -77"><span class='ocrx_word' id='word_1_25' title='bbox 94 512 123 562; x_wconf 81' lang='grc'>3.</span> <span class='ocrx_word' id='word_1_26' title='bbox 134 510 180 565; x_wconf 75' lang='lat' dir='ltr'>lie</span> <span class='ocrx_word' id='word_1_27' title='bbox 194 508 239 565; x_wconf 74' lang='lat' dir='ltr'>iis</span> <span class='ocrx_word' id='word_1_28' title='bbox 249 510 518 638; x_wconf 71' lang='lat' dir='ltr'>omniicscpporet,</span> <span class='ocrx_word' id='word_1_29' title='bbox 528 520 674 574; x_wconf 80' lang='lat' dir='ltr'>tractatus</span> <span class='ocrx_word' id='word_1_30' title='bbox 684 520 722 574; x_wconf 85' lang='lat' dir='ltr'>De</span> <span class='ocrx_word' id='word_1_31' title='bbox 732 525 844 577; x_wconf 86' lang='lat' dir='ltr'>contem</span> <span class='ocrx_word' id='word_1_32' title='bbox 864 523 947 580; x_wconf 82' lang='lat' dir='ltr'>londo</span> <span class='ocrx_word' id='word_1_33' title='bbox 958 526 1023 592; x_wconf 84' lang='lat' dir='ltr'>Deo,</span> <span class='ocrx_word' id='word_1_34' title='bbox 1036 541 1069 580; x_wconf 85' lang='lat' dir='ltr'>ac</span> <span class='ocrx_word' id='word_1_35' title='bbox 1085 527 1122 582; x_wconf 86' lang='lat' dir='ltr'>De</span> <span class='ocrx_word' id='word_1_36' title='bbox 1131 531 1240 585; x_wconf 75' lang='lat' dir='ltr'>tanturn</span> <span class='ocrx_word' id='word_1_37' title='bbox 1250 533 1278 584; x_wconf 87' lang='lat' dir='ltr'>ct</span> <span class='ocrx_word' id='word_1_38' title='bbox 1290 526 1437 599; x_wconf 84' lang='lat' dir='ltr'>Dipnitcte</span> <span class='ocrx_word' id='word_1_39' title='bbox 1451 530 1568 597; x_wconf 80' lang='lat' dir='ltr'>amoris,</span> <span class='ocrx_word' id='word_1_40' title='bbox 1580 532 1628 604; x_wconf 82' lang='lat' dir='ltr'>poi</span> <span class='ocrx_word' id='word_1_41' title='bbox 1643 536 1711 589; x_wconf 87' lang='lat' dir='ltr'>Der·</span> 
     </span>
    </p>
   </div>
   <div class='ocr_carea' id='block_1_5' title="bbox 58 578 1716 686">
    <p class='ocr_par' dir='ltr' id='par_1_5' title="bbox 58 578 1716 686">
     <span class='ocr_line' id='line_1_6' title="bbox 58 578 1716 686; baseline 0.016 -54"><span class='ocrx_word' id='word_1_42' title='bbox 58 578 149 634; x_wconf 87' lang='lat' dir='ltr'>ncrdo</span> <span class='ocrx_word' id='word_1_43' title='bbox 156 594 309 653; x_wconf 84' lang='lat' dir='ltr'>perporo-m</span> <span class='ocrx_word' id='word_1_44' title='bbox 318 580 401 639; x_wconf 83' lang='lat' dir='ltr'>odscr</span> <span class='ocrx_word' id='word_1_45' title='bbox 410 584 456 655; x_wconf 83' lang='lat' dir='ltr'>pti</span> <span class='ocrx_word' id='word_1_46' title='bbox 464 586 657 655; x_wconf 60' lang='lat' dir='ltr'>sacratricem</span> <span class='ocrx_word' id='word_1_47' title='bbox 667 589 815 661; x_wconf 82' lang='lat' dir='ltr'>ipsiusmet</span> <span class='ocrx_word' id='word_1_48' title='bbox 849 594 987 658; x_wconf 81' lang='lat' dir='ltr'>rn&#39;ilelnn&#39;,·¹</span> <span class='ocrx_word' id='word_1_49' title='bbox 998 595 1045 652; x_wconf 85' lang='lat' dir='ltr'>roi</span> <span class='ocrx_word' id='word_1_50' title='bbox 1056 597 1174 669; x_wconf 80' lang='lat' dir='ltr'><em>proinde</em></span> <span class='ocrx_word' id='word_1_51' title='bbox 1183 612 1227 654; x_wconf 84' lang='lat' dir='ltr'>eos</span> <span class='ocrx_word' id='word_1_52' title='bbox 1235 596 1424 654; x_wconf 82' lang='lat' dir='ltr'>restituerent</span> <span class='ocrx_word' id='word_1_53' title='bbox 1443 614 1477 653; x_wconf 84' lang='lat' dir='ltr'>ce</span> <span class='ocrx_word' id='word_1_54' title='bbox 1488 598 1531 654; x_wconf 85' lang='lat' dir='ltr'>liic</span> <span class='ocrx_word' id='word_1_55' title='bbox 1540 601 1716 686; x_wconf 84' lang='lat' dir='ltr'>cdereoperoe</span> 
     </span>
    </p>
   </div>
   <div class='ocr_carea' id='block_1_6' title="bbox 55 615 1718 779">
    <p class='ocr_par' dir='ltr' id='par_1_6' title="bbox 55 615 1718 779">
     <span class='ocr_line' id='line_1_7' title="bbox 55 615 1718 779; baseline 0.014 -76"><span class='ocrx_word' id='word_1_56' title='bbox 55 649 245 779; x_wconf 46' lang='lat' dir='ltr'>Wmfigm*</span> <span class='ocrx_word' id='word_1_57' title='bbox 255 650 450 724; x_wconf 78' lang='lat' dir='ltr'>iiioejordem</span> <span class='ocrx_word' id='word_1_58' title='bbox 463 656 608 714; x_wconf 79' lang='lat' dir='ltr'>GoiHclmi</span> <span class='ocrx_word' id='word_1_59' title='bbox 620 662 766 731; x_wconf 81' lang='lat' dir='ltr'>opusculo,</span> <span class='ocrx_word' id='word_1_60' title='bbox 777 665 908 735; x_wconf 75' lang='lat' dir='ltr'>superius</span> <span class='ocrx_word' id='word_1_61' title='bbox 917 666 1056 730; x_wconf 85' lang='lat' dir='ltr'>indicato,</span> <span class='ocrx_word' id='word_1_62' title='bbox 1064 671 1181 724; x_wconf 78' lang='lat' dir='ltr'>exstant</span> <span class='ocrx_word' id='word_1_63' title='bbox 1192 670 1224 723; x_wconf 86' lang='lat' dir='ltr'>in</span> <span class='ocrx_word' id='word_1_64' title='bbox 1235 674 1309 727; x_wconf 82' lang='lat' dir='ltr'>torno</span> <span class='ocrx_word' id='word_1_65' title='bbox 1318 615 1606 738; x_wconf 48' lang='lat' dir='ltr'>porricititiottecoe</span> <span class='ocrx_word' id='word_1_66' title='bbox 1616 674 1718 729; x_wconf 77' lang='lat' dir='ltr'>Cister-</span> 
     </span>
    </p>
   </div>
   <div class='ocr_carea' id='block_1_7' title="bbox 645 1029 1141 1150">
    <p class='ocr_par' dir='ltr' id='par_1_7' title="bbox 645 1029 1141 1150">
     <span class='ocr_line' id='line_1_8' title="bbox 645 1029 1141 1150; baseline 0.014 -8"><span class='ocrx_word' id='word_1_67' title='bbox 645 1029 1141 1150; x_wconf 67' lang='lat' dir='ltr'>coluntur!</span> 
     </span>
    </p>
   </div>
   <div class='ocr_carea' id='block_1_8' title="bbox 209 1233 1565 1306">
    <p class='ocr_par' dir='ltr' id='par_1_8' title="bbox 209 1233 1565 1306">
     <span class='ocr_line' id='line_1_9' title="bbox 209 1233 1565 1306; baseline 0.01 -17"><span class='ocrx_word' id='word_1_68' title='bbox 209 1233 355 1291; x_wconf 76' lang='lat' dir='ltr'>unsaris</span> <span class='ocrx_word' id='word_1_69' title='bbox 371 1233 724 1292; x_wconf 67' lang='lat' dir='ltr'>sanctimoniale!</span> <span class='ocrx_word' id='word_1_70' title='bbox 740 1236 852 1295; x_wconf 80' lang='lat' dir='ltr'>PROPE</span> <span class='ocrx_word' id='word_1_71' title='bbox 865 1237 993 1306; x_wconf 74' lang='lat' dir='ltr'>DEMOS,</span> <span class='ocrx_word' id='word_1_72' title='bbox 1008 1239 1140 1297; x_wconf 78' lang='lat' dir='ltr'>Posui-:i</span> <span class='ocrx_word' id='word_1_73' title='bbox 1156 1240 1312 1300; x_wconf 72' lang='lat' dir='ltr'>nortberti</span> <span class='ocrx_word' id='word_1_74' title='bbox 1327 1243 1565 1303; x_wconf 77' lang='lat' dir='ltr'>slebiacssttsts</span> 
     </span>
    </p>
   </div>
   <div class='ocr_carea' id='block_1_9' title="bbox 344 1406 1434 1754">
    <p class='ocr_par' dir='ltr' id='par_1_9' title="bbox 344 1406 1434 1754">
     <span class='ocr_line' id='line_1_10' title="bbox 732 1406 1052 1499; baseline 0.009 -4"><span class='ocrx_word' id='word_1_75' title='bbox 732 1406 1052 1499; x_wconf 72' lang='lat' dir='ltr'>&#39;cuicuinus</span> 
     </span>
     <span class='ocr_line' id='line_1_11' title="bbox 344 1604 1434 1754; baseline 0.007 -10"><span class='ocrx_word' id='word_1_76' title='bbox 344 1618 443 1746; x_wconf 85' lang='lat' dir='ltr'>DE</span> <span class='ocrx_word' id='word_1_77' title='bbox 489 1611 1116 1753; x_wconf 81' lang='lat' dir='ltr'>CONTEMPLANDO</span> <span class='ocrx_word' id='word_1_78' title='bbox 1162 1624 1310 1754; x_wconf 84' lang='lat' dir='ltr'>DEO</span> <span class='ocrx_word' id='word_1_79' title='bbox 1357 1604 1434 1752; x_wconf 50' lang='grc' dir='ltr'>ω).</span> 
     </span>
    </p>
   </div>
   <div class='ocr_carea' id='block_1_10' title="bbox 58 1980 1717 2332">
    <p class='ocr_par' dir='ltr' id='par_1_10' title="bbox 317 1980 1700 2076">
     <span class='ocr_line' id='line_1_12' title="bbox 317 1980 1700 2076; baseline 0.006 -37"><span class='ocrx_word' id='word_1_80' title='bbox 317 1980 404 2040; x_wconf 69' lang='grc'>988</span> <span class='ocrx_word' id='word_1_81' title='bbox 418 1983 627 2041; x_wconf 51' lang='lat' dir='ltr'>Promotou,</span> <span class='ocrx_word' id='word_1_82' title='bbox 879 1997 1001 2076; x_wconf 46' lang='lat' dir='ltr'>*quem</span> <span class='ocrx_word' id='word_1_83' title='bbox 1030 1984 1117 2057; x_wconf 77' lang='lat' dir='ltr'>diligit</span> <span class='ocrx_word' id='word_1_84' title='bbox 1143 1985 1232 2041; x_wconf 85' lang='lat' dir='ltr'>anima</span> <span class='ocrx_word' id='word_1_85' title='bbox 1260 2001 1320 2042; x_wconf 86' lang='lat' dir='ltr'>meo</span> <span class='ocrx_word' id='word_1_86' title='bbox 1349 1987 1476 2043; x_wconf 79' lang='lat' dir='ltr'>vidistis?</span> <span class='ocrx_word' id='word_1_87' title='bbox 1504 1989 1700 2064; x_wconf 84' lang='lat' dir='ltr'>Respondetqu</span> 
     </span>
    </p>

    <p class='ocr_par' dir='ltr' id='par_1_11' title="bbox 58 2069 1717 2332">
     <span class='ocr_line' id='line_1_13' title="bbox 96 2069 1717 2152; baseline 0.006 -27"><span class='ocrx_word' id='word_1_88' title='bbox 96 2076 124 2125; x_wconf 86' lang='lat' dir='ltr'>l.</span> <span class='ocrx_word' id='word_1_89' title='bbox 140 2069 173 2126; x_wconf 88' lang='lat' dir='ltr'>la</span> <span class='ocrx_word' id='word_1_90' title='bbox 188 2070 248 2125; x_wconf 86' lang='lat' dir='ltr'>lacu</span> <span class='ocrx_word' id='word_1_91' title='bbox 262 2071 389 2141; x_wconf 81' lang='lat' dir='ltr'>miseriae,</span> <span class='ocrx_word' id='word_1_92' title='bbox 404 2079 432 2128; x_wconf 93' lang='lat' dir='ltr'>et</span> <span class='ocrx_word' id='word_1_93' title='bbox 446 2072 474 2128; x_wconf 92' lang='lat' dir='ltr'>in</span> <span class='ocrx_word' id='word_1_94' title='bbox 486 2072 543 2130; x_wconf 89' lang='lat' dir='ltr'>luto</span> <span class='ocrx_word' id='word_1_95' title='bbox 558 2072 631 2130; x_wconf 81' lang='lat' dir='ltr'>iaecis</span> <span class='ocrx_word' id='word_1_96' title='bbox 643 2075 700 2145; x_wconf 87' lang='lat' dir='ltr'>jam</span> <span class='ocrx_word' id='word_1_97' title='bbox 716 2091 786 2146; x_wconf 90' lang='lat' dir='ltr'>pene</span> <span class='ocrx_word' id='word_1_98' title='bbox 810 2092 864 2146; x_wconf 92' lang='lat' dir='ltr'>pu·</span> <span class='ocrx_word' id='word_1_99' title='bbox 919 2073 983 2129; x_wconf 91' lang='lat' dir='ltr'>mibi</span> <span class='ocrx_word' id='word_1_100' title='bbox 998 2075 1128 2130; x_wconf 86' lang='lat' dir='ltr'>memoria</span> <span class='ocrx_word' id='word_1_101' title='bbox 1146 2091 1222 2131; x_wconf 88' lang='lat' dir='ltr'>mea:</span> <span class='ocrx_word' id='word_1_102' title='bbox 1244 2077 1331 2132; x_wconf 83' lang='lat' dir='ltr'>Penes</span> <span class='ocrx_word' id='word_1_103' title='bbox 1355 2093 1399 2133; x_wconf 90' lang='lat' dir='ltr'>me</span> <span class='ocrx_word' id='word_1_104' title='bbox 1418 2087 1471 2134; x_wconf 88' lang='lat' dir='ltr'>est.</span> <span class='ocrx_word' id='word_1_105' title='bbox 1492 2079 1553 2148; x_wconf 87' lang='lat' dir='ltr'>Ubi,</span> <span class='ocrx_word' id='word_1_106' title='bbox 1580 2079 1717 2152; x_wconf 73' lang='lat' dir='ltr'>inquam?</span> 
     </span>
     <span class='ocr_line' id='line_1_14' title="bbox 58 2158 1717 2239; baseline 0.008 -26"><span class='ocrx_word' id='word_1_107' title='bbox 58 2158 203 2226; x_wconf 71' lang='lat' dir='ltr'>treiectus,</span> <span class='ocrx_word' id='word_1_108' title='bbox 223 2167 253 2215; x_wconf 88' lang='lat' dir='ltr'>et</span> <span class='ocrx_word' id='word_1_109' title='bbox 268 2160 296 2215; x_wconf 91' lang='lat' dir='ltr'>in</span> <span class='ocrx_word' id='word_1_110' title='bbox 316 2160 380 2217; x_wconf 89' lang='lat' dir='ltr'>limo</span> <span class='ocrx_word' id='word_1_111' title='bbox 400 2162 528 2234; x_wconf 77' lang='lat' dir='ltr'>profundi</span> <span class='ocrx_word' id='word_1_112' title='bbox 551 2162 659 2230; x_wconf 80' lang='lat' dir='ltr'>infixus,</span> <span class='ocrx_word' id='word_1_113' title='bbox 681 2167 707 2218; x_wconf 92' lang='lat' dir='ltr'>in</span> <span class='ocrx_word' id='word_1_114' title='bbox 727 2178 782 2236; x_wconf 88' lang='lat' dir='ltr'>quo</span> <span class='ocrx_word' id='word_1_115' title='bbox 810 2181 865 2222; x_wconf 90' lang='lat' dir='ltr'>non</span> <span class='ocrx_word' id='word_1_116' title='bbox 918 2162 958 2217; x_wconf 88' lang='lat' dir='ltr'>Tu</span> <span class='ocrx_word' id='word_1_117' title='bbox 972 2163 1045 2218; x_wconf 91' lang='lat' dir='ltr'>enim</span> <span class='ocrx_word' id='word_1_118' title='bbox 1060 2178 1135 2218; x_wconf 89' lang='lat' dir='ltr'>mare</span> <span class='ocrx_word' id='word_1_119' title='bbox 1150 2179 1288 2235; x_wconf 54' lang='lat' dir='ltr'>somnum,</span> <span class='ocrx_word' id='word_1_120' title='bbox 1304 2164 1332 2219; x_wconf 90' lang='lat' dir='ltr'>in</span> <span class='ocrx_word' id='word_1_121' title='bbox 1347 2174 1373 2220; x_wconf 87' lang='lat' dir='ltr'>te</span> <span class='ocrx_word' id='word_1_122' title='bbox 1397 2167 1503 2238; x_wconf 88' lang='lat' dir='ltr'>reptilia</span> <span class='ocrx_word' id='word_1_123' title='bbox 1525 2184 1642 2239; x_wconf 88' lang='lat' dir='ltr'>quorum</span> <span class='ocrx_word' id='word_1_124' title='bbox 1662 2184 1717 2226; x_wconf 88' lang='lat' dir='ltr'>nou</span> 
     </span>
     <span class='ocr_line' id='line_1_15' title="bbox 60 2248 1716 2332; baseline 0.007 -30"><span class='ocrx_word' id='word_1_125' title='bbox 60 2253 103 2302; x_wconf 87' lang='lat' dir='ltr'>est</span> <span class='ocrx_word' id='word_1_126' title='bbox 125 2248 292 2320; x_wconf 85' lang='lat' dir='ltr'>substantia,</span> <span class='ocrx_word' id='word_1_127' title='bbox 308 2249 343 2306; x_wconf 87' lang='lat' dir='ltr'>de</span> <span class='ocrx_word' id='word_1_128' title='bbox 358 2249 500 2321; x_wconf 81' lang='lat' dir='ltr'>profundis</span> <span class='ocrx_word' id='word_1_129' title='bbox 513 2251 638 2307; x_wconf 91' lang='lat' dir='ltr'>dolomm</span> <span class='ocrx_word' id='word_1_130' title='bbox 653 2268 774 2309; x_wconf 90' lang='lat' dir='ltr'>meorum</span> <span class='ocrx_word' id='word_1_131' title='bbox 789 2255 822 2309; x_wconf 92' lang='lat' dir='ltr'>ad</span> <span class='ocrx_word' id='word_1_132' title='bbox 838 2261 864 2310; x_wconf 92' lang='lat' dir='ltr'>te</span> <span class='ocrx_word' id='word_1_133' title='bbox 919 2262 960 2307; x_wconf 90' lang='lat' dir='ltr'>est</span> <span class='ocrx_word' id='word_1_134' title='bbox 981 2267 1121 2317; x_wconf 91' lang='lat' dir='ltr'>numerus,</span> <span class='ocrx_word' id='word_1_135' title='bbox 1145 2252 1270 2308; x_wconf 88' lang='lat' dir='ltr'>animalia</span> <span class='ocrx_word' id='word_1_136' title='bbox 1294 2252 1390 2324; x_wconf 90' lang='lat' dir='ltr'>pusilla</span> <span class='ocrx_word' id='word_1_137' title='bbox 1413 2271 1476 2311; x_wconf 89' lang='lat' dir='ltr'>cum</span> <span class='ocrx_word' id='word_1_138' title='bbox 1502 2258 1608 2332; x_wconf 83' lang='lat' dir='ltr'>magnis</span> <span class='ocrx_word' id='word_1_139' title='bbox 1628 2257 1716 2331; x_wconf 82' lang='lat' dir='ltr'>(Psoi.</span> 
     </span>
    </p>
   </div>
   <div class='ocr_carea' id='block_1_11' title="bbox 57 2335 864 3213">
    <p class='ocr_par' dir='ltr' id='par_1_12' title="bbox 57 2335 864 3213">
     <span class='ocr_line' id='line_1_16' title="bbox 60 2335 863 2411; baseline 0.006 -18"><span class='ocrx_word' id='word_1_140' title='bbox 60 2335 158 2407; x_wconf 81' lang='lat' dir='ltr'>clamo,</span> <span class='ocrx_word' id='word_1_141' title='bbox 184 2336 314 2411; x_wconf 81' lang='lat' dir='ltr'>Dominc3</span> <span class='ocrx_word' id='word_1_142' title='bbox 331 2339 457 2406; x_wconf 81' lang='lat' dir='ltr'>Domine,</span> <span class='ocrx_word' id='word_1_143' title='bbox 474 2341 575 2397; x_wconf 82' lang='lat' dir='ltr'>exaudi</span> <span class='ocrx_word' id='word_1_144' title='bbox 591 2356 687 2399; x_wconf 84' lang='lat' dir='ltr'>vocem</span> <span class='ocrx_word' id='word_1_145' title='bbox 702 2359 800 2399; x_wconf 85' lang='lat' dir='ltr'>meam.</span> <span class='ocrx_word' id='word_1_146' title='bbox 819 2343 863 2399; x_wconf 86' lang='lat' dir='ltr'>si·</span> 
     </span>
     <span class='ocr_line' id='line_1_17' title="bbox 57 2426 863 2505; baseline 0.01 -25"><span class='ocrx_word' id='word_1_147' title='bbox 57 2426 173 2497; x_wconf 71' lang='lat' dir='ltr'>cuidem</span> <span class='ocrx_word' id='word_1_148' title='bbox 188 2426 363 2485; x_wconf 76' lang='lat' dir='ltr'>insitionem</span> <span class='ocrx_word' id='word_1_149' title='bbox 378 2428 534 2487; x_wconf 83' lang='lat' dir='ltr'>iormaetuae</span> <span class='ocrx_word' id='word_1_150' title='bbox 547 2432 614 2505; x_wconf 84' lang='lat' dir='ltr'>(qua</span> <span class='ocrx_word' id='word_1_151' title='bbox 628 2447 672 2486; x_wconf 89' lang='lat' dir='ltr'>me</span> <span class='ocrx_word' id='word_1_152' title='bbox 688 2432 736 2488; x_wconf 84' lang='lat' dir='ltr'>tibi</span> <span class='ocrx_word' id='word_1_153' title='bbox 751 2432 863 2488; x_wconf 85' lang='lat' dir='ltr'>conier-</span> 
     </span>
     <span class='ocr_line' id='line_1_18' title="bbox 64 2517 864 2594; baseline 0.006 -24"><span class='ocrx_word' id='word_1_154' title='bbox 64 2530 203 2587; x_wconf 84' lang='lat' dir='ltr'>mareras,</span> <span class='ocrx_word' id='word_1_155' title='bbox 215 2517 330 2574; x_wconf 81' lang='lat' dir='ltr'>Creator</span> <span class='ocrx_word' id='word_1_156' title='bbox 345 2518 427 2584; x_wconf 90' lang='lat' dir='ltr'>bone,</span> <span class='ocrx_word' id='word_1_157' title='bbox 443 2535 541 2576; x_wconf 86' lang='lat' dir='ltr'>creans</span> <span class='ocrx_word' id='word_1_158' title='bbox 563 2536 608 2576; x_wconf 93' lang='lat' dir='ltr'>me</span> <span class='ocrx_word' id='word_1_159' title='bbox 623 2519 658 2575; x_wconf 89' lang='lat' dir='ltr'>ad</span> <span class='ocrx_word' id='word_1_160' title='bbox 671 2519 817 2594; x_wconf 79' lang='lat' dir='ltr'>imaginem</span> <span class='ocrx_word' id='word_1_161' title='bbox 836 2530 864 2577; x_wconf 91' lang='lat' dir='ltr'>et</span> 
     </span>
     <span class='ocr_line' id='line_1_19' title="bbox 64 2604 864 2682; baseline 0.009 -23"><span class='ocrx_word' id='word_1_162' title='bbox 64 2604 272 2663; x_wconf 87' lang='lat' dir='ltr'>similitudinem</span> <span class='ocrx_word' id='word_1_163' title='bbox 286 2608 461 2680; x_wconf 87' lang='lat' dir='ltr'>tuam)quam</span> <span class='ocrx_word' id='word_1_164' title='bbox 478 2610 586 2682; x_wconf 80' lang='lat' dir='ltr'>neglexi</span> <span class='ocrx_word' id='word_1_165' title='bbox 600 2617 628 2665; x_wconf 90' lang='lat' dir='ltr'>et</span> <span class='ocrx_word' id='word_1_166' title='bbox 642 2610 758 2682; x_wconf 87' lang='lat' dir='ltr'>perdidi,</span> <span class='ocrx_word' id='word_1_167' title='bbox 774 2612 803 2666; x_wconf 88' lang='lat' dir='ltr'>in</span> <span class='ocrx_word' id='word_1_168' title='bbox 819 2611 864 2666; x_wconf 89' lang='lat' dir='ltr'>bu-</span> 
     </span>
     <span class='ocr_line' id='line_1_20' title="bbox 64 2691 861 2768; baseline 0.006 -20"><span class='ocrx_word' id='word_1_169' title='bbox 64 2692 110 2765; x_wconf 77' lang='lat' dir='ltr'>jus</span> <span class='ocrx_word' id='word_1_170' title='bbox 122 2691 245 2750; x_wconf 76' lang='lat' dir='ltr'>miserias</span> <span class='ocrx_word' id='word_1_171' title='bbox 262 2695 376 2752; x_wconf 89' lang='lat' dir='ltr'>iormam</span> <span class='ocrx_word' id='word_1_172' title='bbox 391 2712 444 2768; x_wconf 86' lang='lat' dir='ltr'>qua</span> <span class='ocrx_word' id='word_1_173' title='bbox 457 2698 541 2753; x_wconf 89' lang='lat' dir='ltr'>miser</span> <span class='ocrx_word' id='word_1_174' title='bbox 554 2714 626 2765; x_wconf 90' lang='lat' dir='ltr'>sum,</span> <span class='ocrx_word' id='word_1_175' title='bbox 640 2698 798 2756; x_wconf 78' lang='lat' dir='ltr'>deformasti</span> <span class='ocrx_word' id='word_1_176' title='bbox 808 2713 861 2763; x_wconf 90' lang='lat' dir='ltr'>me,</span> 
     </span>
     <span class='ocr_line' id='line_1_21' title="bbox 63 2782 864 2859; baseline 0.007 -24"><span class='ocrx_word' id='word_1_177' title='bbox 63 2788 168 2838; x_wconf 84' lang='lat' dir='ltr'>etcum</span> <span class='ocrx_word' id='word_1_178' title='bbox 186 2782 328 2856; x_wconf 76' lang='lat' dir='ltr'>iniquitate</span> <span class='ocrx_word' id='word_1_179' title='bbox 343 2785 515 2858; x_wconf 83' lang='lat' dir='ltr'>deprimente</span> <span class='ocrx_word' id='word_1_180' title='bbox 530 2787 557 2841; x_wconf 89' lang='lat' dir='ltr'>iu</span> <span class='ocrx_word' id='word_1_181' title='bbox 572 2787 636 2844; x_wconf 93' lang='lat' dir='ltr'>limo</span> <span class='ocrx_word' id='word_1_182' title='bbox 651 2788 756 2859; x_wconf 88' lang='lat' dir='ltr'>peccati</span> <span class='ocrx_word' id='word_1_183' title='bbox 766 2786 864 2842; x_wconf 81' lang='lat' dir='ltr'>infixus</span> 
     </span>
     <span class='ocr_line' id='line_1_22' title="bbox 63 2868 862 2945; baseline 0.006 -22"><span class='ocrx_word' id='word_1_184' title='bbox 63 2882 123 2923; x_wconf 85' lang='lat' dir='ltr'>sum</span> <span class='ocrx_word' id='word_1_185' title='bbox 136 2868 262 2928; x_wconf 75' lang='lat' dir='ltr'>interius.</span> <span class='ocrx_word' id='word_1_186' title='bbox 280 2871 394 2927; x_wconf 84' lang='lat' dir='ltr'>Posuisti</span> <span class='ocrx_word' id='word_1_187' title='bbox 405 2889 490 2944; x_wconf 89' lang='lat' dir='ltr'>super</span> <span class='ocrx_word' id='word_1_188' title='bbox 507 2890 551 2929; x_wconf 91' lang='lat' dir='ltr'>me</span> <span class='ocrx_word' id='word_1_189' title='bbox 566 2889 675 2931; x_wconf 88' lang='lat' dir='ltr'>manum</span> <span class='ocrx_word' id='word_1_190' title='bbox 691 2874 757 2945; x_wconf 89' lang='lat' dir='ltr'>justi</span> <span class='ocrx_word' id='word_1_191' title='bbox 772 2883 800 2930; x_wconf 91' lang='lat' dir='ltr'>et</span> <span class='ocrx_word' id='word_1_192' title='bbox 812 2888 862 2929; x_wconf 89' lang='lat' dir='ltr'>oc·</span> 
     </span>
     <span class='ocr_line' id='line_1_23' title="bbox 64 2957 860 3038; baseline 0.005 -26"><span class='ocrx_word' id='word_1_193' title='bbox 64 2957 127 3014; x_wconf 89' lang='lat' dir='ltr'>culti</span> <span class='ocrx_word' id='word_1_194' title='bbox 139 2958 237 3030; x_wconf 86' lang='lat' dir='ltr'>judicii</span> <span class='ocrx_word' id='word_1_195' title='bbox 250 2960 299 3027; x_wconf 90' lang='lat' dir='ltr'>tui,</span> <span class='ocrx_word' id='word_1_196' title='bbox 314 2970 484 3033; x_wconf 89' lang='lat' dir='ltr'>prementem</span> <span class='ocrx_word' id='word_1_197' title='bbox 499 2978 582 3034; x_wconf 88' lang='lat' dir='ltr'>super</span> <span class='ocrx_word' id='word_1_198' title='bbox 596 2979 650 3030; x_wconf 92' lang='lat' dir='ltr'>me,</span> <span class='ocrx_word' id='word_1_199' title='bbox 662 2979 697 3019; x_wconf 92' lang='lat' dir='ltr'>ne</span> <span class='ocrx_word' id='word_1_200' title='bbox 711 2977 860 3038; x_wconf 76' lang='lat' dir='ltr'>resurgam.</span> 
     </span>
     <span class='ocr_line' id='line_1_24' title="bbox 65 3047 861 3122; baseline 0.005 -20"><span class='ocrx_word' id='word_1_201' title='bbox 65 3047 120 3104; x_wconf 85' lang='lat' dir='ltr'>Nec</span> <span class='ocrx_word' id='word_1_202' title='bbox 131 3047 162 3103; x_wconf 86' lang='lat' dir='ltr'>in</span> <span class='ocrx_word' id='word_1_203' title='bbox 176 3047 247 3116; x_wconf 70' lang='lat' dir='ltr'>lactu</span> <span class='ocrx_word' id='word_1_204' title='bbox 262 3064 314 3106; x_wconf 88' lang='lat' dir='ltr'>nec</span> <span class='ocrx_word' id='word_1_205' title='bbox 332 3051 359 3106; x_wconf 92' lang='lat' dir='ltr'>in</span> <span class='ocrx_word' id='word_1_206' title='bbox 377 3051 445 3120; x_wconf 94' lang='lat' dir='ltr'>luto,</span> <span class='ocrx_word' id='word_1_207' title='bbox 465 3067 516 3109; x_wconf 91' lang='lat' dir='ltr'>nec</span> <span class='ocrx_word' id='word_1_208' title='bbox 535 3052 562 3107; x_wconf 92' lang='lat' dir='ltr'>in</span> <span class='ocrx_word' id='word_1_209' title='bbox 586 3052 650 3108; x_wconf 85' lang='lat' dir='ltr'>bino</span> <span class='ocrx_word' id='word_1_210' title='bbox 672 3051 861 3122; x_wconf 84' lang='lat' dir='ltr'>substantiam,</span> 
     </span>
     <span class='ocr_line' id='line_1_25' title="bbox 66 3135 862 3213; baseline 0.005 -21"><span class='ocrx_word' id='word_1_211' title='bbox 66 3135 190 3203; x_wconf 81' lang='lat' dir='ltr'>Domine,</span> <span class='ocrx_word' id='word_1_212' title='bbox 204 3138 325 3206; x_wconf 79' lang='lat' dir='ltr'>invenio,</span> <span class='ocrx_word' id='word_1_213' title='bbox 340 3139 383 3196; x_wconf 92' lang='lat' dir='ltr'>cui</span> <span class='ocrx_word' id='word_1_214' title='bbox 397 3139 498 3196; x_wconf 84' lang='lat' dir='ltr'>innitar</span> <span class='ocrx_word' id='word_1_215' title='bbox 511 3149 541 3196; x_wconf 90' lang='lat' dir='ltr'>ut</span> <span class='ocrx_word' id='word_1_216' title='bbox 555 3156 660 3213; x_wconf 87' lang='lat' dir='ltr'>exeam,</span> <span class='ocrx_word' id='word_1_217' title='bbox 672 3157 753 3213; x_wconf 86' lang='lat' dir='ltr'>quam</span> <span class='ocrx_word' id='word_1_218' title='bbox 762 3156 862 3213; x_wconf 90' lang='lat' dir='ltr'>appre-</span> 
     </span>
    </p>
   </div>
   <div class='ocr_carea' id='block_1_12' title="bbox 917 2341 1721 3214">
    <p class='ocr_par' dir='ltr' id='par_1_13' title="bbox 917 2341 1721 3021">
     <span class='ocr_line' id='line_1_26' title="bbox 917 2341 1719 2415; baseline 0.007 -18"><span class='ocrx_word' id='word_1_219' title='bbox 917 2356 975 2412; x_wconf 84' lang='lat' dir='ltr'>cur,</span> <span class='ocrx_word' id='word_1_220' title='bbox 992 2341 1048 2413; x_wconf 74' lang='lat'><strong>25).</strong></span> <span class='ocrx_word' id='word_1_221' title='bbox 1064 2341 1123 2396; x_wconf 91' lang='lat' dir='ltr'>Non</span> <span class='ocrx_word' id='word_1_222' title='bbox 1143 2342 1239 2414; x_wconf 87' lang='lat' dir='ltr'>inquit,</span> <span class='ocrx_word' id='word_1_223' title='bbox 1256 2358 1316 2399; x_wconf 90' lang='lat' dir='ltr'>cum</span> <span class='ocrx_word' id='word_1_224' title='bbox 1332 2345 1483 2415; x_wconf 77' lang='lat' dir='ltr'>reptilibus,</span> <span class='ocrx_word' id='word_1_225' title='bbox 1499 2346 1542 2402; x_wconf 85' lang='lat' dir='ltr'>rei</span> <span class='ocrx_word' id='word_1_226' title='bbox 1566 2347 1594 2401; x_wconf 91' lang='lat' dir='ltr'>in</span> <span class='ocrx_word' id='word_1_227' title='bbox 1610 2348 1719 2404; x_wconf 82' lang='lat' dir='ltr'>bomine</span> 
     </span>
     <span class='ocr_line' id='line_1_27' title="bbox 919 2430 1720 2504; baseline 0.01 -20"><span class='ocrx_word' id='word_1_228' title='bbox 919 2446 979 2484; x_wconf 91' lang='lat' dir='ltr'>eum</span> <span class='ocrx_word' id='word_1_229' title='bbox 1004 2444 1119 2502; x_wconf 73' lang='lat' dir='ltr'>quares.</span> <span class='ocrx_word' id='word_1_230' title='bbox 1145 2431 1196 2486; x_wconf 88' lang='lat' dir='ltr'>Ubi</span> <span class='ocrx_word' id='word_1_231' title='bbox 1218 2430 1310 2504; x_wconf 75' lang='lat' dir='ltr'>ergo?</span> <span class='ocrx_word' id='word_1_232' title='bbox 1333 2431 1363 2487; x_wconf 90' lang='lat' dir='ltr'>ln</span> <span class='ocrx_word' id='word_1_233' title='bbox 1389 2448 1491 2490; x_wconf 87' lang='lat' dir='ltr'>amore.</span> <span class='ocrx_word' id='word_1_234' title='bbox 1516 2432 1555 2489; x_wconf 92' lang='lat' dir='ltr'>lbi</span> <span class='ocrx_word' id='word_1_235' title='bbox 1582 2442 1624 2491; x_wconf 90' lang='lat' dir='ltr'>est</span> <span class='ocrx_word' id='word_1_236' title='bbox 1638 2436 1720 2492; x_wconf 86' lang='lat' dir='ltr'>sedes</span> 
     </span>
     <span class='ocr_line' id='line_1_28' title="bbox 918 2518 1718 2590; baseline 0.006 -16"><span class='ocrx_word' id='word_1_237' title='bbox 918 2520 989 2589; x_wconf 83' lang='lat' dir='ltr'>ejus,</span> <span class='ocrx_word' id='word_1_238' title='bbox 1005 2519 1041 2574; x_wconf 90' lang='lat' dir='ltr'>ibi</span> <span class='ocrx_word' id='word_1_239' title='bbox 1056 2518 1209 2575; x_wconf 81' lang='lat' dir='ltr'>cubiculum</span> <span class='ocrx_word' id='word_1_240' title='bbox 1224 2520 1294 2590; x_wconf 86' lang='lat' dir='ltr'>ejus.</span> <span class='ocrx_word' id='word_1_241' title='bbox 1311 2521 1419 2577; x_wconf 72' lang='lat' dir='ltr'>Amoris</span> <span class='ocrx_word' id='word_1_242' title='bbox 1441 2522 1558 2579; x_wconf 82' lang='lat' dir='ltr'>allectus</span> <span class='ocrx_word' id='word_1_243' title='bbox 1576 2524 1648 2580; x_wconf 91' lang='lat' dir='ltr'>inte</span> <span class='ocrx_word' id='word_1_244' title='bbox 1666 2539 1718 2579; x_wconf 88' lang='lat' dir='ltr'>na·</span> 
     </span>
     <span class='ocr_line' id='line_1_29' title="bbox 919 2607 1719 2681; baseline 0.009 -19"><span class='ocrx_word' id='word_1_245' title='bbox 919 2607 1041 2663; x_wconf 92' lang='lat' dir='ltr'>turaliter</span> <span class='ocrx_word' id='word_1_246' title='bbox 1053 2613 1105 2663; x_wconf 89' lang='lat' dir='ltr'>est.</span> <span class='ocrx_word' id='word_1_247' title='bbox 1125 2607 1213 2677; x_wconf 89' lang='lat' dir='ltr'>Quem</span> <span class='ocrx_word' id='word_1_248' title='bbox 1227 2608 1337 2680; x_wconf 87' lang='lat' dir='ltr'>quaeris,</span> <span class='ocrx_word' id='word_1_249' title='bbox 1354 2609 1376 2664; x_wconf 92' lang='lat' dir='ltr'>si</span> <span class='ocrx_word' id='word_1_250' title='bbox 1400 2610 1427 2665; x_wconf 91' lang='lat' dir='ltr'>in</span> <span class='ocrx_word' id='word_1_251' title='bbox 1454 2625 1548 2668; x_wconf 88' lang='lat' dir='ltr'>amore</span> <span class='ocrx_word' id='word_1_252' title='bbox 1562 2620 1608 2669; x_wconf 88' lang='lat' dir='ltr'>tuo</span> <span class='ocrx_word' id='word_1_253' title='bbox 1622 2621 1675 2681; x_wconf 88' lang='lat' dir='ltr'>est,</span> <span class='ocrx_word' id='word_1_254' title='bbox 1690 2613 1719 2669; x_wconf 91' lang='lat' dir='ltr'>in</span> 
     </span>
     <span class='ocr_line' id='line_1_30' title="bbox 919 2696 1720 2774; baseline 0.012 -24"><span class='ocrx_word' id='word_1_255' title='bbox 919 2708 945 2751; x_wconf 85' lang='lat' dir='ltr'>te</span> <span class='ocrx_word' id='word_1_256' title='bbox 960 2705 1015 2753; x_wconf 88' lang='lat' dir='ltr'>est:</span> <span class='ocrx_word' id='word_1_257' title='bbox 1032 2696 1054 2751; x_wconf 86' lang='lat' dir='ltr'>si</span> <span class='ocrx_word' id='word_1_258' title='bbox 1069 2696 1107 2751; x_wconf 89' lang='lat' dir='ltr'>ibi</span> <span class='ocrx_word' id='word_1_259' title='bbox 1118 2712 1171 2751; x_wconf 90' lang='lat' dir='ltr'>non</span> <span class='ocrx_word' id='word_1_260' title='bbox 1185 2703 1237 2761; x_wconf 89' lang='lat' dir='ltr'>est,</span> <span class='ocrx_word' id='word_1_261' title='bbox 1250 2697 1278 2751; x_wconf 90' lang='lat' dir='ltr'>in</span> <span class='ocrx_word' id='word_1_262' title='bbox 1291 2706 1318 2754; x_wconf 87' lang='lat' dir='ltr'>te</span> <span class='ocrx_word' id='word_1_263' title='bbox 1332 2713 1389 2754; x_wconf 91' lang='lat' dir='ltr'>non</span> <span class='ocrx_word' id='word_1_264' title='bbox 1403 2707 1454 2756; x_wconf 79' lang='lat' dir='ltr'>est</span> <span class='ocrx_word' id='word_1_265' title='bbox 1472 2701 1529 2756; x_wconf 93' lang='lat' dir='ltr'>Sed</span> <span class='ocrx_word' id='word_1_266' title='bbox 1544 2716 1626 2774; x_wconf 87' lang='lat' dir='ltr'>quem</span> <span class='ocrx_word' id='word_1_267' title='bbox 1640 2718 1720 2774; x_wconf 80' lang='lat' dir='ltr'>qure-</span> 
     </span>
     <span class='ocr_line' id='line_1_31' title="bbox 918 2787 1721 2863; baseline 0.007 -22"><span class='ocrx_word' id='word_1_268' title='bbox 918 2787 964 2853; x_wconf 89' lang='lat' dir='ltr'>ris,</span> <span class='ocrx_word' id='word_1_269' title='bbox 980 2801 1034 2841; x_wconf 91' lang='lat' dir='ltr'>non</span> <span class='ocrx_word' id='word_1_270' title='bbox 1051 2800 1200 2857; x_wconf 69' lang='lat' dir='ltr'>quereres,</span> <span class='ocrx_word' id='word_1_271' title='bbox 1215 2788 1237 2840; x_wconf 88' lang='lat' dir='ltr'>si</span> <span class='ocrx_word' id='word_1_272' title='bbox 1253 2802 1308 2842; x_wconf 91' lang='lat' dir='ltr'>non</span> <span class='ocrx_word' id='word_1_273' title='bbox 1323 2802 1439 2844; x_wconf 85' lang='lat' dir='ltr'>amares.</span> <span class='ocrx_word' id='word_1_274' title='bbox 1455 2789 1546 2845; x_wconf 83' lang='lat' dir='ltr'>liabeo</span> <span class='ocrx_word' id='word_1_275' title='bbox 1556 2805 1624 2862; x_wconf 73' lang='lat' dir='ltr'>ergo</span> <span class='ocrx_word' id='word_1_276' title='bbox 1638 2806 1721 2863; x_wconf 89' lang='lat' dir='ltr'>quem</span> 
     </span>
     <span class='ocr_line' id='line_1_32' title="bbox 918 2874 1721 2954; baseline 0.007 -24"><span class='ocrx_word' id='word_1_277' title='bbox 918 2875 1028 2946; x_wconf 70' lang='lat' dir='ltr'>quaeris,</span> <span class='ocrx_word' id='word_1_278' title='bbox 1043 2882 1072 2930; x_wconf 91' lang='lat' dir='ltr'>et</span> <span class='ocrx_word' id='word_1_279' title='bbox 1086 2890 1171 2945; x_wconf 88' lang='lat' dir='ltr'>penes</span> <span class='ocrx_word' id='word_1_280' title='bbox 1185 2881 1272 2931; x_wconf 90' lang='lat' dir='ltr'>teest.</span> <span class='ocrx_word' id='word_1_281' title='bbox 1289 2874 1344 2931; x_wconf 89' lang='lat' dir='ltr'>Sed</span> <span class='ocrx_word' id='word_1_282' title='bbox 1359 2891 1413 2932; x_wconf 91' lang='lat' dir='ltr'>non</span> <span class='ocrx_word' id='word_1_283' title='bbox 1429 2892 1462 2934; x_wconf 93' lang='lat' dir='ltr'>eo</span> <span class='ocrx_word' id='word_1_284' title='bbox 1478 2877 1587 2945; x_wconf 80' lang='lat' dir='ltr'>frueris,</span> <span class='ocrx_word' id='word_1_285' title='bbox 1603 2879 1655 2935; x_wconf 90' lang='lat' dir='ltr'>nisi</span> <span class='ocrx_word' id='word_1_286' title='bbox 1669 2895 1721 2954; x_wconf 76' lang='lat' dir='ltr'>ego</span> 
     </span>
     <span class='ocr_line' id='line_1_33' title="bbox 918 2962 1187 3021; baseline 0.011 -3"><span class='ocrx_word' id='word_1_287' title='bbox 918 2971 1005 3018; x_wconf 85' lang='lat' dir='ltr'>tecum</span> <span class='ocrx_word' id='word_1_288' title='bbox 1020 2969 1077 3019; x_wconf 89' lang='lat' dir='ltr'>tota</span> <span class='ocrx_word' id='word_1_289' title='bbox 1090 2962 1187 3021; x_wconf 82' lang='lat' dir='ltr'>adsim.</span> 
     </span>
    </p>

    <p class='ocr_par' dir='ltr' id='par_1_14' title="bbox 920 3052 1721 3214">
     <span class='ocr_line' id='line_1_34' title="bbox 953 3052 1719 3129; baseline 0.008 -21"><span class='ocrx_word' id='word_1_290' title='bbox 953 3056 979 3108; x_wconf 86' lang='lat'>3.</span> <span class='ocrx_word' id='word_1_291' title='bbox 996 3052 1056 3108; x_wconf 92' lang='lat' dir='ltr'>Noli</span> <span class='ocrx_word' id='word_1_292' title='bbox 1072 3066 1140 3124; x_wconf 78' lang='lat' dir='ltr'>ergo</span> <span class='ocrx_word' id='word_1_293' title='bbox 1161 3067 1205 3108; x_wconf 91' lang='lat' dir='ltr'>me</span> <span class='ocrx_word' id='word_1_294' title='bbox 1224 3052 1252 3106; x_wconf 92' lang='lat' dir='ltr'>in</span> <span class='ocrx_word' id='word_1_295' title='bbox 1271 3052 1360 3108; x_wconf 87' lang='lat' dir='ltr'>aliena</span> <span class='ocrx_word' id='word_1_296' title='bbox 1383 3053 1505 3111; x_wconf 86' lang='lat' dir='ltr'>dividere</span> <span class='ocrx_word' id='word_1_297' title='bbox 1526 3065 1554 3111; x_wconf 89' lang='lat' dir='ltr'>et</span> <span class='ocrx_word' id='word_1_298' title='bbox 1576 3056 1719 3129; x_wconf 86' lang='lat' dir='ltr'>dissipare,</span> 
     </span>
     <span class='ocr_line' id='line_1_35' title="bbox 920 3140 1721 3214; baseline 0.007 -20"><span class='ocrx_word' id='word_1_299' title='bbox 920 3148 1002 3195; x_wconf 89' lang='lat' dir='ltr'>totam</span> <span class='ocrx_word' id='word_1_300' title='bbox 1019 3155 1063 3195; x_wconf 88' lang='lat' dir='ltr'>me</span> <span class='ocrx_word' id='word_1_301' title='bbox 1078 3140 1112 3195; x_wconf 87' lang='lat' dir='ltr'>ad</span> <span class='ocrx_word' id='word_1_302' title='bbox 1128 3149 1154 3195; x_wconf 87' lang='lat' dir='ltr'>tc</span> <span class='ocrx_word' id='word_1_303' title='bbox 1169 3141 1196 3195; x_wconf 90' lang='lat' dir='ltr'>iu</span> <span class='ocrx_word' id='word_1_304' title='bbox 1213 3156 1274 3197; x_wconf 92' lang='lat' dir='ltr'>eum</span> <span class='ocrx_word' id='word_1_305' title='bbox 1290 3141 1402 3214; x_wconf 78' lang='lat' dir='ltr'>collige:</span> <span class='ocrx_word' id='word_1_306' title='bbox 1425 3152 1452 3199; x_wconf 92' lang='lat' dir='ltr'>et</span> <span class='ocrx_word' id='word_1_307' title='bbox 1476 3144 1590 3202; x_wconf 90' lang='lat' dir='ltr'>babebis</span> <span class='ocrx_word' id='word_1_308' title='bbox 1613 3145 1721 3202; x_wconf 75' lang='lat' dir='ltr'>fruendi</span> 
     </span>
    </p>
   </div>
   <div class='ocr_carea' id='block_1_13' title="bbox 66 3225 1722 3928">
    <p class='ocr_par' dir='ltr' id='par_1_15' title="bbox 66 3225 1722 3837">
     <span class='ocr_line' id='line_1_36' title="bbox 66 3225 1720 3303; baseline 0.006 -23"><span class='ocrx_word' id='word_1_309' title='bbox 66 3225 186 3283; x_wconf 81' lang='lat' dir='ltr'>leudam</span> <span class='ocrx_word' id='word_1_310' title='bbox 200 3234 231 3282; x_wconf 92' lang='lat' dir='ltr'>ut</span> <span class='ocrx_word' id='word_1_311' title='bbox 244 3229 381 3284; x_wconf 86' lang='lat' dir='ltr'>extrahar.</span> <span class='ocrx_word' id='word_1_312' title='bbox 397 3230 483 3286; x_wconf 82' lang='lat' dir='ltr'>lacus</span> <span class='ocrx_word' id='word_1_313' title='bbox 498 3228 597 3286; x_wconf 88' lang='lat' dir='ltr'>iniemi</span> <span class='ocrx_word' id='word_1_314' title='bbox 621 3246 676 3285; x_wconf 89' lang='lat' dir='ltr'>non</span> <span class='ocrx_word' id='word_1_315' title='bbox 699 3231 782 3285; x_wconf 89' lang='lat' dir='ltr'>babet</span> <span class='ocrx_word' id='word_1_316' title='bbox 801 3232 864 3286; x_wconf 92' lang='lat' dir='ltr'>iun·</span> <span class='ocrx_word' id='word_1_317' title='bbox 919 3228 1039 3300; x_wconf 88' lang='lat' dir='ltr'>copiam,</span> <span class='ocrx_word' id='word_1_318' title='bbox 1054 3229 1213 3284; x_wconf 89' lang='lat' dir='ltr'>memoriam</span> <span class='ocrx_word' id='word_1_319' title='bbox 1228 3230 1403 3285; x_wconf 82' lang='lat' dir='ltr'>abundantiae</span> <span class='ocrx_word' id='word_1_320' title='bbox 1417 3231 1556 3287; x_wconf 83' lang='lat' dir='ltr'>suavitatis</span> <span class='ocrx_word' id='word_1_321' title='bbox 1571 3234 1632 3303; x_wconf 84' lang='lat' dir='ltr'>ejus</span> <span class='ocrx_word' id='word_1_322' title='bbox 1655 3250 1720 3290; x_wconf 91' lang='lat' dir='ltr'>eru·</span> 
     </span>
     <span class='ocr_line' id='line_1_37' title="bbox 66 3306 1722 3394; baseline 0.005 -25"><span class='ocrx_word' id='word_1_323' title='bbox 66 3312 138 3380; x_wconf 85' lang='lat' dir='ltr'>dum,</span> <span class='ocrx_word' id='word_1_324' title='bbox 155 3314 209 3370; x_wconf 89' lang='lat' dir='ltr'>uisi</span> <span class='ocrx_word' id='word_1_325' title='bbox 240 3314 437 3387; x_wconf 79' lang='lat' dir='ltr'>desperationis</span> <span class='ocrx_word' id='word_1_326' title='bbox 460 3316 634 3389; x_wconf 81' lang='lat' dir='ltr'>profundum.</span> <span class='ocrx_word' id='word_1_327' title='bbox 660 3319 757 3374; x_wconf 85' lang='lat' dir='ltr'>Lutum</span> <span class='ocrx_word' id='word_1_328' title='bbox 781 3316 864 3387; x_wconf 79' lang='lat' dir='ltr'>faecis,</span> <span class='ocrx_word' id='word_1_329' title='bbox 882 3306 905 3383; x_wconf 73' lang='grc' dir='ltr'><strong><em>Β</em></strong></span> <span class='ocrx_word' id='word_1_330' title='bbox 921 3318 1017 3381; x_wconf 89' lang='lat' dir='ltr'>ctabis,</span> <span class='ocrx_word' id='word_1_331' title='bbox 1035 3326 1062 3373; x_wconf 90' lang='lat' dir='ltr'>et</span> <span class='ocrx_word' id='word_1_332' title='bbox 1076 3318 1104 3372; x_wconf 91' lang='lat' dir='ltr'>in</span> <span class='ocrx_word' id='word_1_333' title='bbox 1117 3319 1217 3388; x_wconf 81' lang='lat' dir='ltr'>justitia</span> <span class='ocrx_word' id='word_1_334' title='bbox 1228 3320 1289 3387; x_wconf 88' lang='lat' dir='ltr'>ejus</span> <span class='ocrx_word' id='word_1_335' title='bbox 1304 3319 1465 3375; x_wconf 82' lang='lat' dir='ltr'>exsultabis.</span> <span class='ocrx_word' id='word_1_336' title='bbox 1482 3321 1539 3376; x_wconf 92' lang='lat' dir='ltr'>lmo</span> <span class='ocrx_word' id='word_1_337' title='bbox 1554 3328 1616 3377; x_wconf 81' lang='lat' dir='ltr'>totae</span> <span class='ocrx_word' id='word_1_338' title='bbox 1630 3323 1722 3394; x_wconf 75' lang='lat' dir='ltr'>ingre·</span> 
     </span>
     <span class='ocr_line' id='line_1_38' title="bbox 67 3401 1718 3480; baseline 0.006 -22"><span class='ocrx_word' id='word_1_339' title='bbox 67 3401 205 3476; x_wconf 89' lang='lat' dir='ltr'>corruptio</span> <span class='ocrx_word' id='word_1_340' title='bbox 229 3410 333 3462; x_wconf 74' lang='lat' dir='ltr'>natura</span> <span class='ocrx_word' id='word_1_341' title='bbox 351 3421 405 3478; x_wconf 82' lang='lat' dir='ltr'>quo</span> <span class='ocrx_word' id='word_1_342' title='bbox 425 3421 534 3478; x_wconf 88' lang='lat' dir='ltr'>semper</span> <span class='ocrx_word' id='word_1_343' title='bbox 557 3422 675 3480; x_wconf 80' lang='lat' dir='ltr'>mergar,</span> <span class='ocrx_word' id='word_1_344' title='bbox 700 3407 796 3478; x_wconf 84' lang='lat' dir='ltr'>habet;</span> <span class='ocrx_word' id='word_1_345' title='bbox 815 3422 865 3478; x_wconf 91' lang='lat' dir='ltr'>per</span> <span class='ocrx_word' id='word_1_346' title='bbox 920 3406 1037 3471; x_wconf 87' lang='lat' dir='ltr'>diamur,</span> <span class='ocrx_word' id='word_1_347' title='bbox 1053 3424 1070 3463; x_wconf 94' lang='lat' dir='ltr'>o</span> <span class='ocrx_word' id='word_1_348' title='bbox 1085 3407 1215 3462; x_wconf 89' lang='lat' dir='ltr'>memoria</span> <span class='ocrx_word' id='word_1_349' title='bbox 1230 3422 1303 3472; x_wconf 82' lang='lat' dir='ltr'>ntea,</span> <span class='ocrx_word' id='word_1_350' title='bbox 1320 3416 1348 3462; x_wconf 95' lang='lat' dir='ltr'>et</span> <span class='ocrx_word' id='word_1_351' title='bbox 1361 3424 1458 3464; x_wconf 90' lang='lat' dir='ltr'>omnes</span> <span class='ocrx_word' id='word_1_352' title='bbox 1472 3408 1718 3477; x_wconf 81' lang='lat' dir='ltr'>aiiecuonesmcae,</span> 
     </span>
     <span class='ocr_line' id='line_1_39' title="bbox 67 3494 1719 3569; baseline 0.004 -20"><span class='ocrx_word' id='word_1_353' title='bbox 67 3494 136 3565; x_wconf 80' lang='lat' dir='ltr'>quod</span> <span class='ocrx_word' id='word_1_354' title='bbox 150 3507 307 3569; x_wconf 74' lang='lat' dir='ltr'>resurgam,</span> <span class='ocrx_word' id='word_1_355' title='bbox 323 3510 378 3551; x_wconf 91' lang='lat' dir='ltr'>nou</span> <span class='ocrx_word' id='word_1_356' title='bbox 393 3495 491 3561; x_wconf 88' lang='lat' dir='ltr'>babet;</span> <span class='ocrx_word' id='word_1_357' title='bbox 507 3495 561 3552; x_wconf 92' lang='lat' dir='ltr'>imo</span> <span class='ocrx_word' id='word_1_358' title='bbox 575 3495 689 3568; x_wconf 90' lang='lat' dir='ltr'>impedit</span> <span class='ocrx_word' id='word_1_359' title='bbox 701 3504 730 3551; x_wconf 91' lang='lat' dir='ltr'>et</span> <span class='ocrx_word' id='word_1_360' title='bbox 749 3495 861 3569; x_wconf 79' lang='lat' dir='ltr'>obligat,</span> <span class='ocrx_word' id='word_1_361' title='bbox 920 3495 1119 3568; x_wconf 80' lang='lat' dir='ltr'>ingrediamur:</span> <span class='ocrx_word' id='word_1_362' title='bbox 1146 3504 1175 3551; x_wconf 90' lang='lat' dir='ltr'>et</span> <span class='ocrx_word' id='word_1_363' title='bbox 1197 3497 1385 3561; x_wconf 91' lang='lat' dir='ltr'>memorando,</span> <span class='ocrx_word' id='word_1_364' title='bbox 1410 3496 1600 3569; x_wconf 78' lang='lat' dir='ltr'>intelligendo,</span> <span class='ocrx_word' id='word_1_365' title='bbox 1624 3506 1652 3553; x_wconf 92' lang='lat' dir='ltr'>et</span> <span class='ocrx_word' id='word_1_366' title='bbox 1679 3498 1719 3555; x_wconf 85' lang='lat' dir='ltr'>ri·</span> 
     </span>
     <span class='ocr_line' id='line_1_40' title="bbox 68 3581 1719 3656; baseline 0 -15"><span class='ocrx_word' id='word_1_367' title='bbox 68 3581 307 3654; x_wconf 78' lang='lat' dir='ltr'>limusprolundi,</span> <span class='ocrx_word' id='word_1_368' title='bbox 323 3600 399 3641; x_wconf 82' lang='lat' dir='ltr'>amor</span> <span class='ocrx_word' id='word_1_369' title='bbox 422 3585 521 3651; x_wconf 86' lang='lat' dir='ltr'>carnis,</span> <span class='ocrx_word' id='word_1_370' title='bbox 546 3584 601 3640; x_wconf 90' lang='lat' dir='ltr'>ima</span> <span class='ocrx_word' id='word_1_371' title='bbox 623 3599 733 3654; x_wconf 87' lang='lat' dir='ltr'>semper</span> <span class='ocrx_word' id='word_1_372' title='bbox 753 3592 860 3656; x_wconf 90' lang='lat' dir='ltr'>petens,</span> <span class='ocrx_word' id='word_1_373' title='bbox 918 3584 1008 3639; x_wconf 88' lang='lat' dir='ltr'>dendo</span> <span class='ocrx_word' id='word_1_374' title='bbox 1038 3582 1161 3638; x_wconf 82' lang='lat' dir='ltr'>fruamur</span> <span class='ocrx_word' id='word_1_375' title='bbox 1189 3599 1295 3640; x_wconf 90' lang='lat' dir='ltr'>summo</span> <span class='ocrx_word' id='word_1_376' title='bbox 1320 3583 1400 3650; x_wconf 92' lang='lat' dir='ltr'>bono,</span> <span class='ocrx_word' id='word_1_377' title='bbox 1429 3591 1458 3639; x_wconf 89' lang='lat' dir='ltr'>et</span> <span class='ocrx_word' id='word_1_378' title='bbox 1489 3584 1614 3641; x_wconf 89' lang='lat' dir='ltr'>omnibus</span> <span class='ocrx_word' id='word_1_379' title='bbox 1640 3585 1719 3642; x_wconf 88' lang='lat' dir='ltr'>bonis</span> 
     </span>
     <span class='ocr_line' id='line_1_41' title="bbox 67 3669 1717 3744; baseline 0.003 -19"><span class='ocrx_word' id='word_1_380' title='bbox 67 3677 91 3725; x_wconf 86' lang='lat' dir='ltr'>st</span> <span class='ocrx_word' id='word_1_381' title='bbox 101 3669 315 3729; x_wconf 73' lang='lat' dir='ltr'>imbsbibtatis</span> <span class='ocrx_word' id='word_1_382' title='bbox 330 3673 504 3743; x_wconf 84' lang='lat' dir='ltr'>protundum,</span> <span class='ocrx_word' id='word_1_383' title='bbox 520 3676 593 3744; x_wconf 87' lang='lat' dir='ltr'>justo</span> <span class='ocrx_word' id='word_1_384' title='bbox 610 3673 712 3743; x_wconf 86' lang='lat' dir='ltr'>jndicio</span> <span class='ocrx_word' id='word_1_385' title='bbox 727 3680 773 3729; x_wconf 93' lang='lat' dir='ltr'>tuo</span> <span class='ocrx_word' id='word_1_386' title='bbox 787 3680 862 3729; x_wconf 91' lang='lat' dir='ltr'>tenet</span> <span class='ocrx_word' id='word_1_387' title='bbox 917 3671 988 3740; x_wconf 86' lang='lat' dir='ltr'>ejns.</span> <span class='ocrx_word' id='word_1_388' title='bbox 1005 3672 1122 3729; x_wconf 86' lang='lat' dir='ltr'>Prorsus</span> <span class='ocrx_word' id='word_1_389' title='bbox 1135 3688 1222 3744; x_wconf 90' lang='lat' dir='ltr'>penes</span> <span class='ocrx_word' id='word_1_390' title='bbox 1236 3688 1280 3729; x_wconf 92' lang='lat' dir='ltr'>me</span> <span class='ocrx_word' id='word_1_391' title='bbox 1295 3684 1348 3738; x_wconf 90' lang='lat' dir='ltr'>est,</span> <span class='ocrx_word' id='word_1_392' title='bbox 1361 3673 1390 3728; x_wconf 92' lang='lat' dir='ltr'>in</span> <span class='ocrx_word' id='word_1_393' title='bbox 1403 3688 1497 3729; x_wconf 85' lang='lat' dir='ltr'>amore</span> <span class='ocrx_word' id='word_1_394' title='bbox 1512 3688 1574 3730; x_wconf 87' lang='lat' dir='ltr'>meo</span> <span class='ocrx_word' id='word_1_395' title='bbox 1587 3689 1649 3730; x_wconf 91' lang='lat' dir='ltr'>cum</span> <span class='ocrx_word' id='word_1_396' title='bbox 1672 3675 1717 3730; x_wconf 86' lang='lat' dir='ltr'>ia-</span> 
     </span>
     <span class='ocr_line' id='line_1_42' title="bbox 67 3758 1718 3837; baseline 0.003 -21"><span class='ocrx_word' id='word_1_397' title='bbox 67 3758 242 3817; x_wconf 71' lang='lat' dir='ltr'>neruorum.</span> <span class='ocrx_word' id='word_1_398' title='bbox 916 3761 1011 3828; x_wconf 71' lang='lat' dir='ltr'>renim</span> <span class='ocrx_word' id='word_1_399' title='bbox 1029 3762 1179 3834; x_wconf 82' lang='lat' dir='ltr'>quisccrta</span> <span class='ocrx_word' id='word_1_400' title='bbox 1194 3761 1438 3819; x_wconf 88' lang='lat' dir='ltr'>conscientiaamo</span> <span class='ocrx_word' id='word_1_401' title='bbox 1460 3777 1534 3833; x_wconf 86' lang='lat' dir='ltr'>enm,</span> <span class='ocrx_word' id='word_1_402' title='bbox 1558 3763 1718 3837; x_wconf 89' lang='lat' dir='ltr'>etamplius</span> 
     </span>
    </p>

    <p class='ocr_par' dir='ltr' id='par_1_16' title="bbox 94 3849 1717 3928">
     <span class='ocr_line' id='line_1_43' title="bbox 94 3849 1717 3928; baseline 0.002 -23"><span class='ocrx_word' id='word_1_403' title='bbox 94 3851 121 3905; x_wconf 73' lang='lat' dir='ltr'>t.</span> <span class='ocrx_word' id='word_1_404' title='bbox 149 3849 219 3913; x_wconf 78' lang='lat' dir='ltr'>Sed,</span> <span class='ocrx_word' id='word_1_405' title='bbox 243 3863 261 3906; x_wconf 93' lang='lat' dir='ltr'>o</span> <span class='ocrx_word' id='word_1_406' title='bbox 284 3850 411 3919; x_wconf 85' lang='lat' dir='ltr'>Domine,</span> <span class='ocrx_word' id='word_1_407' title='bbox 437 3852 555 3924; x_wconf 80' lang='lat' dir='ltr'>abyssus</span> <span class='ocrx_word' id='word_1_408' title='bbox 581 3853 709 3926; x_wconf 79' lang='lat' dir='ltr'>abyssum</span> <span class='ocrx_word' id='word_1_409' title='bbox 737 3853 859 3908; x_wconf 86' lang='lat' dir='ltr'>invocat:</span> <span class='ocrx_word' id='word_1_410' title='bbox 916 3858 945 3905; x_wconf 93' lang='lat' dir='ltr'>et</span> <span class='ocrx_word' id='word_1_411' title='bbox 963 3849 1110 3920; x_wconf 77' lang='lat' dir='ltr'>perfectius</span> <span class='ocrx_word' id='word_1_412' title='bbox 1123 3867 1216 3908; x_wconf 87' lang='lat' dir='ltr'>amare</span> <span class='ocrx_word' id='word_1_413' title='bbox 1229 3867 1292 3908; x_wconf 90' lang='lat' dir='ltr'>amo</span> <span class='ocrx_word' id='word_1_414' title='bbox 1307 3859 1337 3908; x_wconf 93' lang='lat' dir='ltr'>et</span> <span class='ocrx_word' id='word_1_415' title='bbox 1351 3851 1487 3908; x_wconf 88' lang='lat' dir='ltr'>desidero.</span> <span class='ocrx_word' id='word_1_416' title='bbox 1507 3852 1582 3909; x_wconf 84' lang='lat' dir='ltr'>Totis</span> <span class='ocrx_word' id='word_1_417' title='bbox 1604 3869 1672 3928; x_wconf 73' lang='lat' dir='ltr'>ergo</span> <span class='ocrx_word' id='word_1_418' title='bbox 1689 3854 1717 3909; x_wconf 91' lang='lat' dir='ltr'>in</span> 
     </span>
    </p>
   </div>
   <div class='ocr_carea' id='block_1_14' title="bbox 66 3936 861 4192">
    <p class='ocr_par' dir='ltr' id='par_1_17' title="bbox 66 3936 861 4192">
     <span class='ocr_line' id='line_1_44' title="bbox 66 3936 861 4013; baseline 0 -19"><span class='ocrx_word' id='word_1_419' title='bbox 66 3937 176 4009; x_wconf 72' lang='lat' dir='ltr'>sbyuus</span> <span class='ocrx_word' id='word_1_420' title='bbox 196 3936 419 4011; x_wconf 76' lang='lat' dir='ltr'>profundissimae</span> <span class='ocrx_word' id='word_1_421' title='bbox 442 3940 558 3997; x_wconf 84' lang='lat' dir='ltr'>miseriae</span> <span class='ocrx_word' id='word_1_422' title='bbox 581 3957 650 3997; x_wconf 89' lang='lat' dir='ltr'>meae</span> <span class='ocrx_word' id='word_1_423' title='bbox 672 3941 798 4013; x_wconf 83' lang='lat' dir='ltr'>abyssum</span> <span class='ocrx_word' id='word_1_424' title='bbox 821 3941 861 3995; x_wconf 92' lang='lat' dir='ltr'>ai·</span> 
     </span>
     <span class='ocr_line' id='line_1_45' title="bbox 66 4026 860 4100; baseline 0.001 -18"><span class='ocrx_word' id='word_1_425' title='bbox 66 4026 171 4083; x_wconf 78' lang='lat' dir='ltr'>isima</span> <span class='ocrx_word' id='word_1_426' title='bbox 183 4028 379 4087; x_wconf 79' lang='lat' dir='ltr'>misericordia</span> <span class='ocrx_word' id='word_1_427' title='bbox 394 4037 457 4086; x_wconf 88' lang='lat' dir='ltr'>tuae.</span> <span class='ocrx_word' id='word_1_428' title='bbox 476 4029 609 4100; x_wconf 83' lang='lat' dir='ltr'>Quaerens</span> <span class='ocrx_word' id='word_1_429' title='bbox 627 4030 804 4087; x_wconf 86' lang='lat' dir='ltr'>substantiam</span> <span class='ocrx_word' id='word_1_430' title='bbox 818 4030 860 4084; x_wconf 91' lang='lat' dir='ltr'>cui</span> 
     </span>
     <span class='ocr_line' id='line_1_46' title="bbox 66 4115 859 4192; baseline 0.006 -22"><span class='ocrx_word' id='word_1_431' title='bbox 66 4115 169 4187; x_wconf 85' lang='lat' dir='ltr'>innitar,</span> <span class='ocrx_word' id='word_1_432' title='bbox 185 4132 268 4190; x_wconf 87' lang='lat' dir='ltr'>quam</span> <span class='ocrx_word' id='word_1_433' title='bbox 283 4118 499 4191; x_wconf 87' lang='lat' dir='ltr'>apprehendam,</span> <span class='ocrx_word' id='word_1_434' title='bbox 522 4119 624 4175; x_wconf 89' lang='lat' dir='ltr'>nullam</span> <span class='ocrx_word' id='word_1_435' title='bbox 646 4134 759 4192; x_wconf 87' lang='lat' dir='ltr'>usquam</span> <span class='ocrx_word' id='word_1_436' title='bbox 780 4119 859 4175; x_wconf 90' lang='lat' dir='ltr'>inve·</span> 
     </span>
    </p>
   </div>
   <div class='ocr_carea' id='block_1_15' title="bbox 915 3939 1718 4194">
    <p class='ocr_par' dir='ltr' id='par_1_18' title="bbox 915 3939 1718 4194">
     <span class='ocr_line' id='line_1_47' title="bbox 915 3939 1715 4013; baseline 0.009 -18"><span class='ocrx_word' id='word_1_437' title='bbox 915 3955 979 3995; x_wconf 91' lang='lat' dir='ltr'>eum</span> <span class='ocrx_word' id='word_1_438' title='bbox 1003 3939 1122 3998; x_wconf 84' lang='lat' dir='ltr'>feramur</span> <span class='ocrx_word' id='word_1_439' title='bbox 1142 3942 1321 4013; x_wconf 87' lang='lat' dir='ltr'>amplexibus,</span> <span class='ocrx_word' id='word_1_440' title='bbox 1344 3949 1373 3998; x_wconf 88' lang='lat' dir='ltr'>et</span> <span class='ocrx_word' id='word_1_441' title='bbox 1395 3943 1494 3999; x_wconf 88' lang='lat' dir='ltr'>osculis</span> <span class='ocrx_word' id='word_1_442' title='bbox 1517 3941 1715 4003; x_wconf 75' lang='lat' dir='ltr'>incumbamus.</span> 
     </span>
     <span class='ocr_line' id='line_1_48' title="bbox 916 4027 1718 4099; baseline 0.01 -19"><span class='ocrx_word' id='word_1_443' title='bbox 916 4028 1050 4099; x_wconf 70' lang='lat' dir='ltr'>amande,</span> <span class='ocrx_word' id='word_1_444' title='bbox 1077 4030 1232 4099; x_wconf 90' lang='lat' dir='ltr'>tremende,</span> <span class='ocrx_word' id='word_1_445' title='bbox 1258 4027 1388 4096; x_wconf 90' lang='lat' dir='ltr'>colende,</span> <span class='ocrx_word' id='word_1_446' title='bbox 1412 4030 1503 4086; x_wconf 86' lang='lat' dir='ltr'>suavis</span> <span class='ocrx_word' id='word_1_447' title='bbox 1525 4040 1553 4086; x_wconf 90' lang='lat' dir='ltr'>et</span> <span class='ocrx_word' id='word_1_448' title='bbox 1577 4031 1665 4099; x_wconf 87' lang='lat' dir='ltr'>mitis,</span> <span class='ocrx_word' id='word_1_449' title='bbox 1688 4041 1718 4088; x_wconf 89' lang='lat' dir='ltr'>et</span> 
     </span>
     <span class='ocr_line' id='line_1_49' title="bbox 916 4115 1716 4194; baseline 0.009 -24"><span class='ocrx_word' id='word_1_450' title='bbox 916 4115 1008 4172; x_wconf 84' lang='lat' dir='ltr'>multae</span> <span class='ocrx_word' id='word_1_451' title='bbox 1020 4116 1227 4184; x_wconf 81' lang='lat' dir='ltr'>misericordia,</span> <span class='ocrx_word' id='word_1_452' title='bbox 1242 4117 1358 4191; x_wconf 75' lang='lat' dir='ltr'>dignare</span> <span class='ocrx_word' id='word_1_453' title='bbox 1373 4119 1526 4190; x_wconf 83' lang='lat' dir='ltr'>amplexum</span> <span class='ocrx_word' id='word_1_454' title='bbox 1549 4135 1651 4186; x_wconf 89' lang='lat' dir='ltr'>meum,</span> <span class='ocrx_word' id='word_1_455' title='bbox 1670 4121 1716 4194; x_wconf 86' lang='lat' dir='ltr'>qui</span> 
     </span>
    </p>
   </div>
   <div class='ocr_carea' id='block_1_16' title="bbox 59 4203 1717 5435">
    <p class='ocr_par' dir='ltr' id='par_1_19' title="bbox 59 4203 1717 5435">
     <span class='ocr_line' id='line_1_50' title="bbox 66 4203 1717 4279; baseline 0.002 -19"><span class='ocrx_word' id='word_1_456' title='bbox 66 4204 104 4262; x_wconf 90' lang='lat' dir='ltr'>uio</span> <span class='ocrx_word' id='word_1_457' title='bbox 116 4204 172 4261; x_wconf 83' lang='lat' dir='ltr'>uisi</span> <span class='ocrx_word' id='word_1_458' title='bbox 187 4212 228 4273; x_wconf 86' lang='lat' dir='ltr'>te,</span> <span class='ocrx_word' id='word_1_459' title='bbox 240 4206 289 4278; x_wconf 91' lang='lat' dir='ltr'>qui</span> <span class='ocrx_word' id='word_1_460' title='bbox 302 4223 368 4264; x_wconf 84' lang='lat' dir='ltr'>vcro</span> <span class='ocrx_word' id='word_1_461' title='bbox 391 4217 466 4264; x_wconf 89' lang='lat' dir='ltr'>certa</span> <span class='ocrx_word' id='word_1_462' title='bbox 490 4215 517 4263; x_wconf 91' lang='lat' dir='ltr'>et</span> <span class='ocrx_word' id='word_1_463' title='bbox 542 4208 629 4264; x_wconf 86' lang='lat' dir='ltr'>solida</span> <span class='ocrx_word' id='word_1_464' title='bbox 653 4225 684 4265; x_wconf 89' lang='lat' dir='ltr'>es</span> <span class='ocrx_word' id='word_1_465' title='bbox 699 4207 858 4272; x_wconf 89' lang='lat' dir='ltr'>substantia,</span> <span class='ocrx_word' id='word_1_466' title='bbox 915 4203 1041 4275; x_wconf 80' lang='lat' dir='ltr'>dignatus</span> <span class='ocrx_word' id='word_1_467' title='bbox 1056 4221 1086 4261; x_wconf 90' lang='lat' dir='ltr'>es</span> <span class='ocrx_word' id='word_1_468' title='bbox 1101 4216 1225 4262; x_wconf 89' lang='lat' dir='ltr'>naturam</span> <span class='ocrx_word' id='word_1_469' title='bbox 1240 4222 1345 4276; x_wconf 91' lang='lat' dir='ltr'>meam;</span> <span class='ocrx_word' id='word_1_470' title='bbox 1361 4206 1475 4279; x_wconf 75' lang='lat' dir='ltr'>dignare</span> <span class='ocrx_word' id='word_1_471' title='bbox 1490 4224 1534 4263; x_wconf 90' lang='lat' dir='ltr'>me</span> <span class='ocrx_word' id='word_1_472' title='bbox 1549 4209 1642 4266; x_wconf 88' lang='lat' dir='ltr'>osculo</span> <span class='ocrx_word' id='word_1_473' title='bbox 1651 4212 1717 4265; x_wconf 91' lang='lat' dir='ltr'>cba-</span> 
     </span>
     <span class='ocr_line' id='line_1_51' title="bbox 65 4292 1714 4369; baseline 0.001 -19"><span class='ocrx_word' id='word_1_474' title='bbox 65 4293 168 4351; x_wconf 85' lang='lat' dir='ltr'>nonuiai</span> <span class='ocrx_word' id='word_1_475' title='bbox 190 4310 225 4351; x_wconf 84' lang='lat' dir='ltr'>ex</span> <span class='ocrx_word' id='word_1_476' title='bbox 250 4310 276 4350; x_wconf 81' lang='lat' dir='ltr'>ae</span> <span class='ocrx_word' id='word_1_477' title='bbox 299 4296 360 4368; x_wconf 90' lang='lat' dir='ltr'>ipso</span> <span class='ocrx_word' id='word_1_478' title='bbox 384 4296 545 4367; x_wconf 83' lang='lat' dir='ltr'>subsistens,</span> <span class='ocrx_word' id='word_1_479' title='bbox 569 4313 585 4352; x_wconf 91' lang='lat' dir='ltr'>a</span> <span class='ocrx_word' id='word_1_480' title='bbox 609 4312 664 4368; x_wconf 90' lang='lat' dir='ltr'>quo</span> <span class='ocrx_word' id='word_1_481' title='bbox 688 4297 770 4354; x_wconf 91' lang='lat' dir='ltr'>etiam</span> <span class='ocrx_word' id='word_1_482' title='bbox 798 4311 861 4369; x_wconf 83' lang='lat' dir='ltr'>quae</span> <span class='ocrx_word' id='word_1_483' title='bbox 915 4292 1002 4348; x_wconf 89' lang='lat' dir='ltr'>ritatis</span> <span class='ocrx_word' id='word_1_484' title='bbox 1017 4300 1079 4362; x_wconf 85' lang='lat' dir='ltr'>tuae,</span> <span class='ocrx_word' id='word_1_485' title='bbox 1093 4294 1140 4366; x_wconf 93' lang='lat' dir='ltr'>qui</span> <span class='ocrx_word' id='word_1_486' title='bbox 1155 4301 1260 4350; x_wconf 79' lang='lat' dir='ltr'>naturae</span> <span class='ocrx_word' id='word_1_487' title='bbox 1273 4310 1343 4351; x_wconf 81' lang='lat' dir='ltr'>meac</span> <span class='ocrx_word' id='word_1_488' title='bbox 1356 4294 1484 4368; x_wconf 75' lang='lat' dir='ltr'>dignatus</span> <span class='ocrx_word' id='word_1_489' title='bbox 1508 4311 1539 4351; x_wconf 90' lang='lat' dir='ltr'>es</span> <span class='ocrx_word' id='word_1_490' title='bbox 1561 4296 1640 4351; x_wconf 87' lang='lat' dir='ltr'>unire</span> <span class='ocrx_word' id='word_1_491' title='bbox 1662 4313 1714 4352; x_wconf 93' lang='lat' dir='ltr'>na-</span> 
     </span>
     <span class='ocr_line' id='line_1_52' title="bbox 63 4382 1712 4458; baseline 0.001 -20"><span class='ocrx_word' id='word_1_492' title='bbox 63 4389 132 4453; x_wconf 86' lang='lat' dir='ltr'>sunt,</span> <span class='ocrx_word' id='word_1_493' title='bbox 156 4384 250 4440; x_wconf 86' lang='lat' dir='ltr'>omnia</span> <span class='ocrx_word' id='word_1_494' title='bbox 273 4385 376 4441; x_wconf 84' lang='lat' dir='ltr'>liabent</span> <span class='ocrx_word' id='word_1_495' title='bbox 390 4402 461 4443; x_wconf 89' lang='lat' dir='ltr'>esse.</span> <span class='ocrx_word' id='word_1_496' title='bbox 482 4385 536 4441; x_wconf 90' lang='lat' dir='ltr'>Scd</span> <span class='ocrx_word' id='word_1_497' title='bbox 552 4385 616 4458; x_wconf 92' lang='lat' dir='ltr'>quid</span> <span class='ocrx_word' id='word_1_498' title='bbox 632 4387 705 4453; x_wconf 88' lang='lat' dir='ltr'>dico,</span> <span class='ocrx_word' id='word_1_499' title='bbox 724 4386 860 4441; x_wconf 76' lang='lat' dir='ltr'>invenio?</span> <span class='ocrx_word' id='word_1_500' title='bbox 915 4388 1002 4436; x_wconf 88' lang='lat' dir='ltr'>turam</span> <span class='ocrx_word' id='word_1_501' title='bbox 1017 4389 1100 4437; x_wconf 91' lang='lat' dir='ltr'>tuam.</span> <span class='ocrx_word' id='word_1_502' title='bbox 1114 4383 1264 4453; x_wconf 78' lang='lat' dir='ltr'>Amplexus</span> <span class='ocrx_word' id='word_1_503' title='bbox 1278 4389 1372 4438; x_wconf 90' lang='lat' dir='ltr'>noster</span> <span class='ocrx_word' id='word_1_504' title='bbox 1384 4390 1427 4439; x_wconf 90' lang='lat' dir='ltr'>cst</span> <span class='ocrx_word' id='word_1_505' title='bbox 1448 4382 1483 4437; x_wconf 89' lang='lat' dir='ltr'>ad</span> <span class='ocrx_word' id='word_1_506' title='bbox 1503 4391 1540 4450; x_wconf 94' lang='lat' dir='ltr'>te,</span> <span class='ocrx_word' id='word_1_507' title='bbox 1564 4383 1712 4441; x_wconf 84' lang='lat' dir='ltr'>allectuum</span> 
     </span>
     <span class='ocr_line' id='line_1_53' title="bbox 62 4470 1712 4545; baseline 0.003 -22"><span class='ocrx_word' id='word_1_508' title='bbox 62 4470 163 4529; x_wconf 84' lang='lat' dir='ltr'>iamsi</span> <span class='ocrx_word' id='word_1_509' title='bbox 186 4480 214 4529; x_wconf 83' lang='lat' dir='ltr'>te</span> <span class='ocrx_word' id='word_1_510' title='bbox 234 4473 409 4545; x_wconf 85' lang='lat' dir='ltr'>invenissem,</span> <span class='ocrx_word' id='word_1_511' title='bbox 434 4474 520 4533; x_wconf 90' lang='lat' dir='ltr'>solide</span> <span class='ocrx_word' id='word_1_512' title='bbox 544 4475 731 4531; x_wconf 85' lang='lat' dir='ltr'>subsisterem.</span> <span class='ocrx_word' id='word_1_513' title='bbox 761 4475 860 4544; x_wconf 85' lang='lat' dir='ltr'>Quaero</span> <span class='ocrx_word' id='word_1_514' title='bbox 914 4476 943 4525; x_wconf 93' lang='lat' dir='ltr'>et</span> <span class='ocrx_word' id='word_1_515' title='bbox 955 4485 1069 4542; x_wconf 92' lang='lat' dir='ltr'>operum</span> <span class='ocrx_word' id='word_1_516' title='bbox 1084 4480 1197 4526; x_wconf 86' lang='lat' dir='ltr'>conatus</span> <span class='ocrx_word' id='word_1_517' title='bbox 1211 4478 1240 4525; x_wconf 90' lang='lat' dir='ltr'>et</span> <span class='ocrx_word' id='word_1_518' title='bbox 1254 4471 1377 4527; x_wconf 79' lang='lat' dir='ltr'>extensio</span> <span class='ocrx_word' id='word_1_519' title='bbox 1390 4471 1425 4525; x_wconf 89' lang='lat' dir='ltr'>ad</span> <span class='ocrx_word' id='word_1_520' title='bbox 1441 4470 1585 4526; x_wconf 81' lang='lat' dir='ltr'>fruendum</span> <span class='ocrx_word' id='word_1_521' title='bbox 1606 4481 1642 4529; x_wconf 88' lang='lat' dir='ltr'>te.</span> <span class='ocrx_word' id='word_1_522' title='bbox 1658 4473 1712 4528; x_wconf 91' lang='lat' dir='ltr'>Os·</span> 
     </span>
     <span class='ocr_line' id='line_1_54' title="bbox 63 4559 1711 4636; baseline 0.001 -21"><span class='ocrx_word' id='word_1_523' title='bbox 63 4560 104 4617; x_wconf 90' lang='lat' dir='ltr'>ubi</span> <span class='ocrx_word' id='word_1_524' title='bbox 121 4561 262 4619; x_wconf 76' lang='lat' dir='ltr'>inveniam</span> <span class='ocrx_word' id='word_1_525' title='bbox 287 4579 368 4636; x_wconf 84' lang='lat' dir='ltr'>quem</span> <span class='ocrx_word' id='word_1_526' title='bbox 391 4563 485 4621; x_wconf 81' lang='lat' dir='ltr'>dilexit</span> <span class='ocrx_word' id='word_1_527' title='bbox 507 4563 598 4619; x_wconf 87' lang='lat' dir='ltr'>anima</span> <span class='ocrx_word' id='word_1_528' title='bbox 622 4577 692 4620; x_wconf 87' lang='lat' dir='ltr'>mea.</span> <span class='ocrx_word' id='word_1_529' title='bbox 717 4564 859 4620; x_wconf 80' lang='lat' dir='ltr'>circumeo</span> <span class='ocrx_word' id='word_1_530' title='bbox 914 4561 1003 4616; x_wconf 91' lang='lat' dir='ltr'>culum</span> <span class='ocrx_word' id='word_1_531' title='bbox 1018 4567 1150 4625; x_wconf 90' lang='lat' dir='ltr'>nostrum,</span> <span class='ocrx_word' id='word_1_532' title='bbox 1166 4574 1226 4614; x_wconf 93' lang='lat' dir='ltr'>cum</span> <span class='ocrx_word' id='word_1_533' title='bbox 1251 4574 1326 4629; x_wconf 82' lang='lat' dir='ltr'>purae</span> <span class='ocrx_word' id='word_1_534' title='bbox 1348 4559 1448 4615; x_wconf 89' lang='lat' dir='ltr'>mentis</span> <span class='ocrx_word' id='word_1_535' title='bbox 1462 4575 1560 4629; x_wconf 90' lang='lat' dir='ltr'>pumm</span> <span class='ocrx_word' id='word_1_536' title='bbox 1580 4560 1628 4615; x_wconf 86' lang='lat' dir='ltr'>libi</span> <span class='ocrx_word' id='word_1_537' title='bbox 1647 4576 1711 4632; x_wconf 87' lang='lat' dir='ltr'>por-</span> 
     </span>
     <span class='ocr_line' id='line_1_55' title="bbox 62 4616 1713 4724; baseline 0.001 -18"><span class='ocrx_word' id='word_1_538' title='bbox 62 4650 174 4707; x_wconf 81' lang='lat' dir='ltr'>riritstis</span> <span class='ocrx_word' id='word_1_539' title='bbox 197 4654 280 4721; x_wconf 77' lang='lat' dir='ltr'>buius</span> <span class='ocrx_word' id='word_1_540' title='bbox 302 4667 419 4724; x_wconf 74' lang='lat' dir='ltr'>magna,</span> <span class='ocrx_word' id='word_1_541' title='bbox 444 4652 536 4710; x_wconf 82' lang='lat' dir='ltr'>sacnti</span> <span class='ocrx_word' id='word_1_542' title='bbox 559 4654 639 4724; x_wconf 86' lang='lat' dir='ltr'>bujus</span> <span class='ocrx_word' id='word_1_543' title='bbox 659 4655 744 4710; x_wconf 86' lang='lat' dir='ltr'>vicos.</span> <span class='ocrx_word' id='word_1_544' title='bbox 759 4652 860 4708; x_wconf 86' lang='lat' dir='ltr'>Vivant</span> <span class='ocrx_word' id='word_1_545' title='bbox 875 4616 897 4696; x_wconf 71' lang='lat' dir='ltr'><strong>c</strong></span> <span class='ocrx_word' id='word_1_546' title='bbox 915 4647 1180 4721; x_wconf 78' lang='lat' dir='ltr'>rigimusaiieotum·</span> <span class='ocrx_word' id='word_1_547' title='bbox 1197 4649 1338 4718; x_wconf 82' lang='lat' dir='ltr'>amplexus</span> <span class='ocrx_word' id='word_1_548' title='bbox 1362 4656 1424 4703; x_wconf 89' lang='lat' dir='ltr'>tuus</span> <span class='ocrx_word' id='word_1_549' title='bbox 1447 4648 1482 4703; x_wconf 87' lang='lat' dir='ltr'>ad</span> <span class='ocrx_word' id='word_1_550' title='bbox 1505 4662 1566 4719; x_wconf 89' lang='lat' dir='ltr'>nos,</span> <span class='ocrx_word' id='word_1_551' title='bbox 1591 4648 1713 4724; x_wconf 63' lang='lat' dir='ltr'>omaus</span> 
     </span>
     <span class='ocr_line' id='line_1_56' title="bbox 63 4735 1711 4815; baseline 0.001 -19"><span class='ocrx_word' id='word_1_552' title='bbox 63 4739 113 4796; x_wconf 80' lang='lat' dir='ltr'>sibi</span> <span class='ocrx_word' id='word_1_553' title='bbox 129 4741 188 4813; x_wconf 83' lang='lat' dir='ltr'>qui,</span> <span class='ocrx_word' id='word_1_554' title='bbox 204 4744 275 4797; x_wconf 82' lang='lat' dir='ltr'>sicut</span> <span class='ocrx_word' id='word_1_555' title='bbox 287 4742 352 4798; x_wconf 91' lang='lat' dir='ltr'>dicit</span> <span class='ocrx_word' id='word_1_556' title='bbox 365 4742 523 4815; x_wconf 79' lang='lat' dir='ltr'>Apostolus,</span> <span class='ocrx_word' id='word_1_557' title='bbox 545 4743 666 4801; x_wconf 70' lang='lat' dir='ltr'>ornanti</span> <span class='ocrx_word' id='word_1_558' title='bbox 679 4747 746 4800; x_wconf 78' lang='lat' dir='ltr'>cont</span> <span class='ocrx_word' id='word_1_559' title='bbox 763 4758 781 4796; x_wconf 90' lang='lat' dir='ltr'>c</span> <span class='ocrx_word' id='word_1_560' title='bbox 798 4742 859 4798; x_wconf 85' lang='lat' dir='ltr'>cito</span> <span class='ocrx_word' id='word_1_561' title='bbox 914 4737 1075 4797; x_wconf 88' lang='lat' dir='ltr'>visitationis</span> <span class='ocrx_word' id='word_1_562' title='bbox 1088 4744 1117 4793; x_wconf 92' lang='lat' dir='ltr'>et</span> <span class='ocrx_word' id='word_1_563' title='bbox 1129 4736 1322 4793; x_wconf 81' lang='lat' dir='ltr'>consolationis</span> <span class='ocrx_word' id='word_1_564' title='bbox 1336 4744 1398 4793; x_wconf 85' lang='lat' dir='ltr'>tuae.</span> <span class='ocrx_word' id='word_1_565' title='bbox 1415 4735 1544 4794; x_wconf 85' lang='lat' dir='ltr'>Osculum</span> <span class='ocrx_word' id='word_1_566' title='bbox 1559 4746 1646 4806; x_wconf 92' lang='lat' dir='ltr'>tuum,</span> <span class='ocrx_word' id='word_1_567' title='bbox 1662 4756 1711 4798; x_wconf 87' lang='lat' dir='ltr'>re-</span> 
     </span>
     <span class='ocr_line' id='line_1_57' title="bbox 62 4827 1713 4905; baseline -0.001 -20"><span class='ocrx_word' id='word_1_568' title='bbox 62 4830 109 4885; x_wconf 86' lang='lat' dir='ltr'>Dei</span> <span class='ocrx_word' id='word_1_569' title='bbox 123 4829 237 4905; x_wconf 70' lang='lat' dir='ltr'>(diptica.</span> <span class='ocrx_word' id='word_1_570' title='bbox 254 4845 294 4899; x_wconf 84' lang='lat' dir='ltr'>tv,</span> <span class='ocrx_word' id='word_1_571' title='bbox 313 4835 364 4901; x_wconf 88' lang='lat' dir='ltr'>l8).</span> <span class='ocrx_word' id='word_1_572' title='bbox 380 4832 521 4889; x_wconf 77' lang='lat' dir='ltr'>circumeo</span> <span class='ocrx_word' id='word_1_573' title='bbox 544 4832 658 4903; x_wconf 86' lang='lat' dir='ltr'>plateas,</span> <span class='ocrx_word' id='word_1_574' title='bbox 677 4832 746 4887; x_wconf 86' lang='lat' dir='ltr'>latas</span> <span class='ocrx_word' id='word_1_575' title='bbox 770 4831 859 4887; x_wconf 88' lang='lat' dir='ltr'>saeculi</span> <span class='ocrx_word' id='word_1_576' title='bbox 914 4827 1012 4884; x_wconf 84' lang='lat' dir='ltr'>velatio</span> <span class='ocrx_word' id='word_1_577' title='bbox 1026 4835 1054 4884; x_wconf 90' lang='lat' dir='ltr'>et</span> <span class='ocrx_word' id='word_1_578' title='bbox 1072 4827 1172 4884; x_wconf 86' lang='lat' dir='ltr'>iniusio</span> <span class='ocrx_word' id='word_1_579' title='bbox 1186 4828 1283 4902; x_wconf 77' lang='lat' dir='ltr'>graba</span> <span class='ocrx_word' id='word_1_580' title='bbox 1293 4836 1355 4885; x_wconf 82' lang='lat' dir='ltr'>tuae.</span> <span class='ocrx_word' id='word_1_581' title='bbox 1372 4829 1451 4885; x_wconf 84' lang='lat' dir='ltr'>Laeva</span> <span class='ocrx_word' id='word_1_582' title='bbox 1464 4829 1544 4884; x_wconf 84' lang='lat' dir='ltr'>etiarn</span> <span class='ocrx_word' id='word_1_583' title='bbox 1556 4829 1713 4902; x_wconf 86' lang='lat' dir='ltr'>temporalis</span> 
     </span>
     <span class='ocr_line' id='line_1_58' title="bbox 61 4916 1713 4993; baseline -0.003 -18"><span class='ocrx_word' id='word_1_584' title='bbox 61 4918 134 4987; x_wconf 77' lang='lat' dir='ltr'>nas,</span> <span class='ocrx_word' id='word_1_585' title='bbox 159 4926 189 4977; x_wconf 87' lang='lat' dir='ltr'>et</span> <span class='ocrx_word' id='word_1_586' title='bbox 210 4920 302 4976; x_wconf 84' lang='lat' dir='ltr'>oninia</span> <span class='ocrx_word' id='word_1_587' title='bbox 326 4937 388 4993; x_wconf 82' lang='lat' dir='ltr'>quae</span> <span class='ocrx_word' id='word_1_588' title='bbox 411 4921 483 4977; x_wconf 91' lang='lat' dir='ltr'>intra</span> <span class='ocrx_word' id='word_1_589' title='bbox 497 4937 541 4978; x_wconf 90' lang='lat' dir='ltr'>me</span> <span class='ocrx_word' id='word_1_590' title='bbox 564 4929 637 4988; x_wconf 87' lang='lat' dir='ltr'>sunt,</span> <span class='ocrx_word' id='word_1_591' title='bbox 654 4922 696 4976; x_wconf 90' lang='lat' dir='ltr'>vel</span> <span class='ocrx_word' id='word_1_592' title='bbox 712 4927 788 4977; x_wconf 81' lang='lat' dir='ltr'>extra</span> <span class='ocrx_word' id='word_1_593' title='bbox 804 4936 857 4985; x_wconf 90' lang='lat' dir='ltr'>me,</span> <span class='ocrx_word' id='word_1_594' title='bbox 913 4916 1107 4974; x_wconf 89' lang='lat' dir='ltr'>consolationis</span> <span class='ocrx_word' id='word_1_595' title='bbox 1120 4922 1184 4988; x_wconf 81' lang='lat' dir='ltr'>tuae,</span> <span class='ocrx_word' id='word_1_596' title='bbox 1208 4917 1334 4990; x_wconf 85' lang='lat' dir='ltr'>Domine,</span> <span class='ocrx_word' id='word_1_597' title='bbox 1360 4932 1415 4972; x_wconf 91' lang='lat' dir='ltr'>non</span> <span class='ocrx_word' id='word_1_598' title='bbox 1438 4917 1522 4983; x_wconf 90' lang='lat' dir='ltr'>desit,</span> <span class='ocrx_word' id='word_1_599' title='bbox 1545 4918 1593 4973; x_wconf 89' lang='lat' dir='ltr'>sed</span> <span class='ocrx_word' id='word_1_600' title='bbox 1613 4917 1648 4971; x_wconf 90' lang='lat' dir='ltr'>sit</span> <span class='ocrx_word' id='word_1_601' title='bbox 1661 4917 1713 4971; x_wconf 89' lang='lat' dir='ltr'>sub</span> 
     </span>
     <span class='ocr_line' id='line_1_59' title="bbox 60 5003 1712 5080; baseline 0.001 -20"><span class='ocrx_word' id='word_1_602' title='bbox 60 5003 166 5079; x_wconf 72' lang='lat' dir='ltr'>mugnis</span> <span class='ocrx_word' id='word_1_603' title='bbox 186 5005 361 5074; x_wconf 84' lang='lat' dir='ltr'>clamoribus,</span> <span class='ocrx_word' id='word_1_604' title='bbox 385 5005 467 5062; x_wconf 87' lang='lat' dir='ltr'>certis</span> <span class='ocrx_word' id='word_1_605' title='bbox 488 5005 590 5062; x_wconf 87' lang='lat' dir='ltr'>scilicet</span> <span class='ocrx_word' id='word_1_606' title='bbox 604 5007 753 5063; x_wconf 88' lang='lat' dir='ltr'>rationibus</span> <span class='ocrx_word' id='word_1_607' title='bbox 767 5006 802 5060; x_wconf 89' lang='lat' dir='ltr'>ad</span> <span class='ocrx_word' id='word_1_608' title='bbox 816 5006 858 5060; x_wconf 90' lang='lat' dir='ltr'>in·</span> <span class='ocrx_word' id='word_1_609' title='bbox 914 5007 1003 5080; x_wconf 87' lang='lat' dir='ltr'>capite</span> <span class='ocrx_word' id='word_1_610' title='bbox 1021 5022 1084 5063; x_wconf 89' lang='lat' dir='ltr'>meo</span> <span class='ocrx_word' id='word_1_611' title='bbox 1097 5008 1131 5062; x_wconf 91' lang='lat' dir='ltr'>ad</span> <span class='ocrx_word' id='word_1_612' title='bbox 1146 5007 1287 5063; x_wconf 78' lang='lat' dir='ltr'>utendum.</span> <span class='ocrx_word' id='word_1_613' title='bbox 1307 5009 1427 5064; x_wconf 83' lang='lat' dir='ltr'>Dextera</span> <span class='ocrx_word' id='word_1_614' title='bbox 1444 5022 1511 5063; x_wconf 88' lang='lat' dir='ltr'>vero</span> <span class='ocrx_word' id='word_1_615' title='bbox 1525 5005 1712 5076; x_wconf 78' lang='lat' dir='ltr'>tuaapiritua·</span> 
     </span>
     <span class='ocr_line' id='line_1_60' title="bbox 60 5093 1712 5169; baseline -0.002 -18"><span class='ocrx_word' id='word_1_616' title='bbox 60 5093 160 5151; x_wconf 75' lang='lat' dir='ltr'>terion</span> <span class='ocrx_word' id='word_1_617' title='bbox 173 5109 237 5150; x_wconf 86' lang='lat' dir='ltr'>mea</span> <span class='ocrx_word' id='word_1_618' title='bbox 251 5110 295 5151; x_wconf 87' lang='lat' dir='ltr'>me</span> <span class='ocrx_word' id='word_1_619' title='bbox 309 5102 448 5164; x_wconf 88' lang='lat' dir='ltr'>revocant,</span> <span class='ocrx_word' id='word_1_620' title='bbox 466 5094 636 5153; x_wconf 86' lang='lat' dir='ltr'>testificantia</span> <span class='ocrx_word' id='word_1_621' title='bbox 647 5112 679 5152; x_wconf 80' lang='lat' dir='ltr'>es</span> <span class='ocrx_word' id='word_1_622' title='bbox 691 5105 728 5162; x_wconf 90' lang='lat' dir='ltr'>te,</span> <span class='ocrx_word' id='word_1_623' title='bbox 746 5110 859 5169; x_wconf 83' lang='lat' dir='ltr'>reguum</span> <span class='ocrx_word' id='word_1_624' title='bbox 914 5096 960 5163; x_wconf 86' lang='lat' dir='ltr'>lis,</span> <span class='ocrx_word' id='word_1_625' title='bbox 976 5097 1012 5152; x_wconf 88' lang='lat' dir='ltr'>de</span> <span class='ocrx_word' id='word_1_626' title='bbox 1025 5096 1210 5168; x_wconf 87' lang='lat' dir='ltr'>spiritualibus</span> <span class='ocrx_word' id='word_1_627' title='bbox 1225 5102 1254 5152; x_wconf 84' lang='lat' dir='ltr'>st</span> <span class='ocrx_word' id='word_1_628' title='bbox 1267 5096 1378 5151; x_wconf 84' lang='lat' dir='ltr'>aeternis</span> <span class='ocrx_word' id='word_1_629' title='bbox 1391 5096 1540 5151; x_wconf 90' lang='lat' dir='ltr'>consolatio</span> <span class='ocrx_word' id='word_1_630' title='bbox 1554 5102 1609 5160; x_wconf 90' lang='lat' dir='ltr'>tua,</span> <span class='ocrx_word' id='word_1_631' title='bbox 1626 5100 1712 5149; x_wconf 90' lang='lat' dir='ltr'>totum</span> 
     </span>
     <span class='ocr_line' id='line_1_61' title="bbox 60 5180 1712 5258; baseline 0.001 -20"><span class='ocrx_word' id='word_1_632' title='bbox 60 5180 107 5238; x_wconf 90' lang='lat' dir='ltr'>Dei</span> <span class='ocrx_word' id='word_1_633' title='bbox 126 5183 200 5239; x_wconf 86' lang='lat' dir='ltr'>intra</span> <span class='ocrx_word' id='word_1_634' title='bbox 215 5199 260 5239; x_wconf 90' lang='lat' dir='ltr'>me</span> <span class='ocrx_word' id='word_1_635' title='bbox 275 5199 348 5251; x_wconf 85' lang='lat' dir='ltr'>esse,</span> <span class='ocrx_word' id='word_1_636' title='bbox 366 5195 394 5240; x_wconf 91' lang='lat' dir='ltr'>ut</span> <span class='ocrx_word' id='word_1_637' title='bbox 407 5185 480 5240; x_wconf 86' lang='lat' dir='ltr'>intus</span> <span class='ocrx_word' id='word_1_638' title='bbox 495 5185 522 5240; x_wconf 91' lang='lat' dir='ltr'>in</span> <span class='ocrx_word' id='word_1_639' title='bbox 537 5185 617 5242; x_wconf 92' lang='lat' dir='ltr'>cubili</span> <span class='ocrx_word' id='word_1_640' title='bbox 632 5185 722 5241; x_wconf 88' lang='lat' dir='ltr'>cordis</span> <span class='ocrx_word' id='word_1_641' title='bbox 737 5192 763 5240; x_wconf 89' lang='lat' dir='ltr'>te</span> <span class='ocrx_word' id='word_1_642' title='bbox 787 5199 861 5257; x_wconf 83' lang='lat' dir='ltr'>quae-</span> <span class='ocrx_word' id='word_1_643' title='bbox 916 5203 961 5242; x_wconf 88' lang='lat' dir='ltr'>me</span> <span class='ocrx_word' id='word_1_644' title='bbox 976 5185 1156 5258; x_wconf 85' lang='lat' dir='ltr'>amplectatur</span> <span class='ocrx_word' id='word_1_645' title='bbox 1174 5183 1259 5242; x_wconf 66' lang='lat'>884</span> <span class='ocrx_word' id='word_1_646' title='bbox 1273 5185 1307 5240; x_wconf 90' lang='lat' dir='ltr'>ad</span> <span class='ocrx_word' id='word_1_647' title='bbox 1323 5183 1477 5240; x_wconf 81' lang='lat' dir='ltr'>fruendum.</span> <span class='ocrx_word' id='word_1_648' title='bbox 1493 5184 1527 5239; x_wconf 84' lang='lat' dir='ltr'>Et</span> <span class='ocrx_word' id='word_1_649' title='bbox 1540 5181 1568 5236; x_wconf 90' lang='lat' dir='ltr'>in</span> <span class='ocrx_word' id='word_1_650' title='bbox 1585 5181 1712 5253; x_wconf 86' lang='lat' dir='ltr'>amplexu</span> 
     </span>
     <span class='ocr_line' id='line_1_62' title="bbox 60 5271 1713 5345; baseline 0.001 -18"><span class='ocrx_word' id='word_1_651' title='bbox 60 5285 129 5342; x_wconf 82' lang='lat' dir='ltr'>nm,</span> <span class='ocrx_word' id='word_1_652' title='bbox 154 5288 240 5345; x_wconf 90' lang='lat' dir='ltr'>quem</span> <span class='ocrx_word' id='word_1_653' title='bbox 263 5274 359 5329; x_wconf 88' lang='lat' dir='ltr'>exiens</span> <span class='ocrx_word' id='word_1_654' title='bbox 382 5282 459 5329; x_wconf 83' lang='lat' dir='ltr'>extra</span> <span class='ocrx_word' id='word_1_655' title='bbox 479 5289 534 5329; x_wconf 91' lang='lat' dir='ltr'>non</span> <span class='ocrx_word' id='word_1_656' title='bbox 554 5274 672 5331; x_wconf 81' lang='lat' dir='ltr'>invenio.</span> <span class='ocrx_word' id='word_1_657' title='bbox 698 5274 769 5328; x_wconf 87' lang='lat' dir='ltr'>Ecce</span> <span class='ocrx_word' id='word_1_658' title='bbox 789 5273 862 5328; x_wconf 86' lang='lat' dir='ltr'>intus</span> <span class='ocrx_word' id='word_1_659' title='bbox 917 5275 1056 5332; x_wconf 87' lang='lat' dir='ltr'>charitatis</span> <span class='ocrx_word' id='word_1_660' title='bbox 1079 5282 1142 5340; x_wconf 83' lang='lat' dir='ltr'>tuae,</span> <span class='ocrx_word' id='word_1_661' title='bbox 1165 5273 1193 5328; x_wconf 91' lang='lat' dir='ltr'>in</span> <span class='ocrx_word' id='word_1_662' title='bbox 1211 5271 1311 5329; x_wconf 89' lang='lat' dir='ltr'>osculis</span> <span class='ocrx_word' id='word_1_663' title='bbox 1334 5272 1485 5328; x_wconf 86' lang='lat' dir='ltr'>dulcedinis</span> <span class='ocrx_word' id='word_1_664' title='bbox 1509 5284 1572 5340; x_wconf 78' lang='lat' dir='ltr'>tua,</span> <span class='ocrx_word' id='word_1_665' title='bbox 1598 5271 1626 5326; x_wconf 91' lang='lat' dir='ltr'>in</span> <span class='ocrx_word' id='word_1_666' title='bbox 1644 5286 1713 5343; x_wconf 83' lang='lat' dir='ltr'>pace</span> 
     </span>
     <span class='ocr_line' id='line_1_63' title="bbox 59 5357 1715 5435; baseline 0.001 -18"><span class='ocrx_word' id='word_1_667' title='bbox 59 5372 130 5421; x_wconf 80' lang='lat' dir='ltr'>tem.</span> <span class='ocrx_word' id='word_1_668' title='bbox 156 5363 325 5418; x_wconf 77' lang='lat' dir='ltr'>Annuntiate</span> <span class='ocrx_word' id='word_1_669' title='bbox 344 5362 420 5435; x_wconf 84' lang='lat' dir='ltr'>mibi,</span> <span class='ocrx_word' id='word_1_670' title='bbox 445 5364 535 5419; x_wconf 90' lang='lat' dir='ltr'>omnia</span> <span class='ocrx_word' id='word_1_671' title='bbox 558 5364 687 5419; x_wconf 88' lang='lat' dir='ltr'>interiora</span> <span class='ocrx_word' id='word_1_672' title='bbox 702 5377 773 5429; x_wconf 86' lang='lat' dir='ltr'>mea,</span> <span class='ocrx_word' id='word_1_673' title='bbox 798 5376 862 5416; x_wconf 90' lang='lat' dir='ltr'>num</span> <span class='ocrx_word' id='word_1_674' title='bbox 919 5365 946 5419; x_wconf 90' lang='lat' dir='ltr'>in</span> <span class='ocrx_word' id='word_1_675' title='bbox 961 5363 989 5418; x_wconf 92' lang='lat' dir='ltr'>id</span> <span class='ocrx_word' id='word_1_676' title='bbox 1003 5365 1093 5435; x_wconf 85' lang='lat' dir='ltr'>ipsum</span> <span class='ocrx_word' id='word_1_677' title='bbox 1108 5361 1223 5417; x_wconf 91' lang='lat' dir='ltr'>dormiat</span> <span class='ocrx_word' id='word_1_678' title='bbox 1238 5366 1267 5416; x_wconf 87' lang='lat' dir='ltr'>et</span> <span class='ocrx_word' id='word_1_679' title='bbox 1281 5360 1434 5432; x_wconf 86' lang='lat' dir='ltr'>requiescat</span> <span class='ocrx_word' id='word_1_680' title='bbox 1448 5357 1633 5428; x_wconf 75' lang='lat' dir='ltr'>inimemor,</span> <span class='ocrx_word' id='word_1_681' title='bbox 1647 5376 1715 5435; x_wconf 88' lang='lat' dir='ltr'>quo·</span> 
     </span>
    </p>
   </div>
   <div class='ocr_carea' id='block_1_17' title="bbox 97 5505 1137 5580">
    <p class='ocr_par' dir='ltr' id='par_1_20' title="bbox 97 5505 1137 5580">
     <span class='ocr_line' id='line_1_64' title="bbox 97 5505 1137 5580; baseline 0.001 -17"><span class='ocrx_word' id='word_1_682' title='bbox 97 5506 162 5579; x_wconf 71' lang='lat' dir='ltr'>(tt)</span> <span class='ocrx_word' id='word_1_683' title='bbox 180 5506 211 5562; x_wconf 90' lang='lat' dir='ltr'>ln</span> <span class='ocrx_word' id='word_1_684' title='bbox 226 5506 388 5579; x_wconf 86' lang='lat' dir='ltr'>quibusdam</span> <span class='ocrx_word' id='word_1_685' title='bbox 401 5507 602 5580; x_wconf 84' lang='lat' dir='ltr'>manuscriptis,</span> <span class='ocrx_word' id='word_1_686' title='bbox 616 5507 697 5565; x_wconf 80' lang='lat' dir='ltr'>liber</span> <span class='ocrx_word' id='word_1_687' title='bbox 709 5507 927 5580; x_wconf 76' lang='lat' dir='ltr'>soliloquiorum</span> <span class='ocrx_word' id='word_1_688' title='bbox 945 5509 973 5567; x_wconf 85' lang='lat'>8.</span> <span class='ocrx_word' id='word_1_689' title='bbox 991 5505 1137 5567; x_wconf 74' lang='lat' dir='ltr'>ternarii.</span> 
     </span>
    </p>
   </div>
   <div class='ocr_carea' id='block_1_18' title="bbox 0 0 1858 5962">
    <p class='ocr_par' dir='ltr' id='par_1_21' title="bbox 0 0 1858 5962">
     <span class='ocr_line' id='line_1_65' title="bbox 0 0 1858 5962; baseline 0 0"><span class='ocrx_word' id='word_1_690' title='bbox 0 0 1858 5962; x_wconf 95' lang='lat' dir='ltr'> </span> 
     </span>
    </p>
   </div>
  </div>
 </body>
</html>
