3706 5962
96 198 168 259 1305
641 196 740 257 LlBllll
758 195 799 254 llll
819 195 907 255 uoco
925 195 1012 257 aaut
1032 198 1181 259 vlvtttbl.
1670 200 1739 260 leue

93 322 229 395 benignus
250 331 277 377 et
296 319 448 377 misericors
471 332 522 375 est.
547 320 586 375 De
608 319 653 376 illo
676 336 791 391 namquo
815 318 885 375 scri·
905 319 1044 413 “bonum
1067 322 1141 391 qnod
1164 321 1313 377 debueram
1335 320 1432 390 lacere,
1457 337 1511 377 non
1537 320 1604 389 leci;
1631 320 1735 378 malum

95 409 642 481 ptumcst:Suauisllomirruscniocrsis,
652 412 681 464 et
691 409 887 465 miserationes
945 410 1016 479 quod
1040 424 1094 465 non
1116 409 1263 466 debueram
1282 410 1380 482 lacere,
1411 410 1472 465 ieci.
1499 410 1557 481 Ego
1576 411 1657 466 miser
1684 426 1738 466 non

94 501 157 568 eius
170 514 253 571 super
263 499 360 554 omnio
369 512 454 568 opero
465 498 526 566 ejus
538 496 625 564 (Psoi.
635 511 731 561 oxntv,
744 498 781 562 9).
807 495 891 568 igitur
944 514 1005 554 sum
1018 498 1118 570 dignus
1128 497 1220 554 videre
1234 498 1403 554 altitudinem
1417 499 1479 556 coeli
1493 513 1550 571 prae
1564 497 1738 554 multitudiue

96 601 174 641 soror
197 585 366 651 charissima,
387 584 565 652 deprecemur
588 585 676 656 ipsum
692 583 841 639 terribilem
857 597 891 638 ae
944 586 1093 657 iniquitatis
1112 602 1188 656 tneae,
1213 587 1340 658 quoniam
1363 587 1464 643 irritavi
1488 587 1555 643 iram
1571 587 1739 656 omnipoten-

92 672 272 742 justissimum
285 672 407 728 iudicem
428 688 489 727 cum
515 672 641 743 lacrymis
659 681 687 727 ct
710 675 782 726 ottrni
805 674 889 727 dcto·
946 674 979 731 tis
997 676 1045 730 Dei
1060 675 1203 732 adversum
1219 693 1269 741 me,
1294 687 1321 731 et
1337 675 1545 733 innumerabilia
1565 676 1636 731 mala
1649 691 1738 730 coram

94 761 177 828 tione,
193 770 223 818 nt
242 761 269 815 in
284 760 329 815 die
346 760 438 829 judicii
453 777 507 814 uon
529 762 623 814 reddat
647 768 726 815 notas
740 762 891 815 secuudum
945 779 976 818 eo
991 764 1120 836 cogitavi,
1135 764 1190 819 dixi
1214 773 1242 819 et
1265 763 1315 819 leci
1341 764 1376 818 ab
1400 765 1512 819 inlantia
1534 780 1598 819 mea
1611 780 1698 836 usque
1712 763 1739 817 in

95 850 249 919 iniquitates
282 859 395 914 nostras,
420 848 467 902 sed
506 848 654 904 secundum
690 847 891 903 misericordias
946 860 1106 924 praesentem
1126 852 1208 909 diem.
1232 853 1289 924 Ego
1304 852 1397 908 infelix
1423 853 1534 923 peccavi
1557 852 1584 908 in
1615 851 1738 925 infantia,

96 951 170 1003 suas,
195 946 222 991 et
246 946 274 991 ut
298 952 352 990 uon
375 935 513 1005 permittat
536 951 584 991 nos
608 951 669 990 cum
692 935 784 1006 impiis
798 935 892 992 audire
947 940 1055 1010 peccavi
1080 940 1106 994 iu
1130 941 1301 1010 pueritiam
1325 941 1518 1008 adolescentia,
1545 941 1571 995 in
1585 944 1739 1012 juventute3

96 1025 170 1079 illam
184 1024 333 1079 terribilem
346 1026 516 1092 senteutiam,
528 1027 578 1094 lle,
589 1025 746 1089 rnoledicti,
757 1026 789 1080 in
798 1039 892 1095 rprtem
947 1030 995 1083 sed
1009 1028 1102 1094 etiam,
1116 1028 1189 1098 quod
1204 1036 1245 1084 est
1260 1032 1369 1101 gravius
1379 1039 1406 1084 et
1421 1029 1611 1100 periculosius,
1631 1028 1740 1100 peccavi

97 1118 239 1169 eternum
254 1114 323 1168 :sed
339 1120 366 1167 ut
377 1129 427 1167 nos
441 1114 520 1169 iaciat
533 1129 595 1168 cum
609 1114 705 1169 electis
715 1113 773 1168 suis
787 1115 891 1176 audire,
947 1116 974 1170 in
998 1126 1146 1173 senectute.
1168 1115 1258 1172 Cecidi
1280 1117 1361 1172 miser
1383 1117 1411 1171 in
1434 1133 1540 1173 coennm
1565 1117 1739 1191 flagitiorum.

103 1205 207 1268 l'caile,
218 1201 678 1274 balaamitarummeepaetptte
692 1202 892 1274 repnompmd
948 1206 1006 1275 Ego
1021 1221 1084 1260 reus
1098 1205 1184 1260 cecidi
1208 1205 1235 1258 in
1255 1205 1359 1262 lovcam
1376 1214 1557 1277 peccatorum.
1573 1205 1633 1279 Ego
1647 1205 1741 1274 culpa-

97 1291 172 1348 oolis
191 1295 329 1363 porcium
342 1296 385 1347 est
407 1293 440 1348 ab
454 1293 563 1362 oncino
582 1289 682 1347 mundi
697 1289 807 1361 (batte.
824 1306 890 1354 xxv,
947 1294 1010 1350 bilis
1023 1293 1107 1350 cecidi
1130 1293 1157 1348 in
1171 1303 1280 1365 puteum
1296 1294 1455 1367 iniquitatis.
1475 1296 1532 1366 ligo
1547 1293 1642 1349 infelix
1656 1291 1741 1348 cecidi

97 1381 142 1444 tt,
157 1381 212 1450 st).
947 1382 974 1437 in
990 1381 1152 1454 protundum
1176 1383 1312 1439 malorum
1328 1400 1336 1437 ι
1351 1383 1481 1439 descendi
1496 1383 1579 1438 miser
1594 1382 1621 1436 in
1635 1381 1741 1438 voluta·

947 1471 1023 1526 brum
1037 1470 1174 1527 vitiorum.
1190 1473 1258 1542 lieu,
1274 1472 1371 1529 miseri
1389 1476 1448 1541 heu,
1464 1470 1571 1526 inlelixl
1596 1468 1693 1538 cecidi,
1716 1474 1744 1524 et

335 1571 445 1627 [χχιι
462 1601 498 1613 .-
516 1573 658 1645 Epiroqus,
947 1576 995 1628 per
1008 1576 1052 1616 me
1065 1577 1120 1617 non
1138 1561 1214 1618 valeo
1229 1578 1351 1634 surgere.
1365 1562 1404 1617 Tc
1418 1577 1483 1635 ergo
1507 1560 1649 1630 deprecor,
1664 1570 1743 1613 soror

910 1610 977 1702 Βιιι
991 1648 1097 1705 Christo
1111 1648 1242 1718 amabilis,
1259 1659 1288 1706 nt
1312 1659 1341 1706 tu
1366 1665 1410 1706 me
1438 1649 1565 1706 subleves
1584 1663 1667 1703 mann
1690 1653 1742 1700 tum

136 1735 196 1789 ¹68.
220 1733 304 1786 soror
326 1731 495 1799 charissima,
511 1733 568 1801 jam
585 1747 633 1802 per
646 1731 763 1802 gratiam
778 1730 828 1785 nei
843 1745 895 1784 m-
948 1738 1088 1795 ontionis.
1104 1738 1211 1794 nanum
1228 1748 1280 1794 tua
1294 1738 1422 1795 orationis
1435 1737 1501 1793 mitri
1517 1737 1636 1807 porrige,
1658 1744 1685 1790 et
1698 1749 1742 1789 ma

100 1821 153 1876 l‘iln
168 1819 310 1876 locutionis
324 1820 358 1873 ad
372 1830 477 1889 poliunt
493 1820 604 1890 tllt'lgb:
630 1819 679 1875 sed
695 1829 785 1874 lamen
799 1818 895 1874 llel'tltn
948 1827 983 1880 (le
1002 1827 1136 1897 prolundo
1160 1827 1287 1883 vitiorum
1310 1828 1431 1883 extrahe,
1455 1827 1518 1881 Tuae
1541 1823 1742 1880 intercessionis

99 1908 133 1962 ad
147 1915 174 1963 te
198 1916 320 1964 telesim·
340 1907 487 1978 l0qt¹⁰11d0·
503 1908 756 1978 Tuenimrogasti,
771 1909 895 1964 utrecht
950 1929 1057 1968 manum
1081 1915 1198 1980 intende,
1215 1924 1242 1970 et
1265 1931 1309 1971 me
1324 1916 1358 1970 de
1378 1916 1455 1971 loven
1482 1912 1635 1986 iniquitatis
1656 1911 1742 1981 eripe.

100 2013 198 2058 sanctoe
211 2002 407 2058 admonitionis
420 2002 566 2058 scriberem
581 2003 638 2058 tibi.
655 2004 714 2073 Ego
727 2016 790 2056 vcro
804 2001 828 2056 si
843 2016 896 2055 non
949 2004 1032 2057 Soror
1054 2002 1221 2068 charissima,
1245 2011 1334 2059 certus
1361 2019 1421 2057 sum
1444 2003 1518 2075 qnod
1543 2001 1566 2057 si
1592 2011 1620 2057 tu
1636 2006 1744 2068 pactum

100 2100 130 2146 ut
143 2091 234 2155 debui,
250 2102 340 2146 tamen
366 2108 414 2161 per
428 2093 541 2162 gratiam
555 2091 613 2153 Dei,
627 2100 656 2146 ιιι
671 2091 756 2161 potui,
772 2107 804 2145 ex
821 2089 897 2146 dictis
949 2090 1097 2160 quodcum
1113 2090 1219 2145 Christo
1235 2091 1370 2160 pepigisti,
1385 2089 1548 2153 servaveris,
1575 2100 1601 2142 et
1625 2087 1672 2141 tihi
1695 2087 1743 2139 da-

100 2189 252 2235 saoctorum
267 2179 377 2234 Petrum
391 2181 425 2233 ed
440 2187 516 2235 tuam
529 2178 768 2234 commonitionem
787 2191 897 2233 senten·
950 2177 1023 2231 hitur
1037 2179 1174 2232 coronain
1189 2186 1290 2233 telerna
1303 2177 1411 2250 gandia,
1428 2176 1531 2232 etmihi
1549 2175 1682 2244 peccatori
1692 2175 1742 2226 da-

101 2268 153 2322 tias
168 2267 274 2339 collegi,
289 2282 356 2337 quas
371 2273 422 2322 tuae
445 2266 587 2322 Dilectioni
602 2266 629 2321 in
641 2267 693 2322 hoc
710 2266 779 2321 libro
793 2281 896 2337 reprae-
950 2265 1023 2320 bitur
1037 2265 1113 2320 venia
1131 2265 1159 2320 in
1175 2266 1225 2322 hac
1239 2266 1302 2323 vita.
1325 2267 1353 2321 Si
1369 2272 1396 2321 tu
1410 2281 1440 2321 ea
1459 2281 1520 2335 quae
1534 2264 1640 2320 Christo
1662 2261 1740 2317 vovi·

101 2355 216 2411 scotavi.
233 2356 301 2410 Ecce
316 2354 412 2426 igitur,
441 2370 519 2411 soror
535 2354 602 2409 mihi
616 2353 644 2409 in
666 2353 771 2410 Christo
786 2353 896 2424 dilecta,
951 2355 994 2421 sti,
1004 2354 1199 2410 devotamenta
1213 2354 1383 2426 impleveris;
1400 2363 1425 2409 et
1441 2353 1503 2407 mihi
1514 2352 1628 2425 indigno
1639 2352 1743 2407 veniam

101 2445 185 2500 habes
199 2445 277 2499 bouae
301 2445 363 2499 vitae
387 2445 498 2499 monita.
524 2445 621 2499 Datum
637 2443 739 2498 esttibi
754 2443 897 2498 consilium
951 2443 1093 2506 obtinebis,
1110 2451 1139 2499 et
1156 2450 1184 2498 tu
1202 2460 1264 2500 cum
1286 2442 1386 2500 sanctis
1408 2441 1560 2514 virginibus
1581 2441 1609 2496 in
1637 2439 1741 2496 eoelesti

102 2533 171 2588 bene
186 2532 305 2601 vivendi,
320 2540 347 2588 et
366 2533 447 2587 etiam
464 2547 568 2588 norma.
583 2532 663 2587 Nulla
674 2532 731 2600 jam
744 2530 898 2601 ignomotia
951 2530 1066 2587 thalamo
1086 2531 1229 2586 laetaberis

101 2636 117 2676 a
137 2629 247 2692 peccato
266 2630 291 2676 te
305 2629 426 2675 excusat.
441 2621 503 2676 Non
517 2637 547 2675 es
560 2623 615 2689 jam
631 2619 720 2676 nescia
731 2620 811 2674 bonae
824 2620 896 2677 vitae.
988 2622 1049 2674 tio.
1063 2621 1183 2676 Honesta
1196 2620 1285 2696 virgo,
1305 2630 1396 2676 certus
1410 2635 1480 2684 snm,
1497 2634 1548 2675 nec
1561 2617 1657 2672 dubito
1672 2615 1744 2688 qnod

101 2709 162 2763 Non
178 2709 250 2764 enim
264 2708 422 2779 impmdens
443 2718 489 2763 ant
503 2710 597 2780 ignara
617 2709 685 2763 bene
707 2707 815 2763 vivendi
840 2708 898 2776 jam
952 2716 997 2763 tua
1012 2707 1150 2781 virginalis
1163 2708 1248 2765 oratio
1268 2708 1367 2780 poterit
1382 2709 1506 2765 obtinere
1529 2708 1630 2764 veniam
1646 2720 1745 2776 pecca-

101 2797 203 2867 poteris
227 2796 342 2852 dicore:
363 2798 416 2851 Per
437 2796 617 2869 ignerantiam
641 2795 774 2866 peccavi..
786 2796 897 2867 Quatei
913 2777 935 2854 Β
952 2807 1040 2851 torum
1053 2813 1175 2853 meorum
1192 2797 1256 2852 mihi
1279 2797 1402 2872 indiguo.
1426 2798 1508 2852 Soror
1532 2793 1706 2859 venerabilis,
1723 2793 1746 2848 si

101 2883 169 2950 Quia
181 2884 240 2952 iam
254 2884 294 2939 lex
305 2883 393 2954 posita
407 2889 449 2939 est
466 2883 514 2937 tibi
528 2900 608 2953 quam
623 2884 708 2938 debes
722 2883 799 2956 sequi
814 2902 821 2937 ε
837 2884 896 2953 jam
950 2892 979 2939 tu
993 2885 1021 2939 in
1036 2885 1145 2941 servitio
1158 2885 1222 2951 Dei,
1237 2886 1307 2942 siout
1321 2885 1440 2958 pollicita
1453 2900 1492 2952 es,
1509 2882 1744 2956 perseveraveris:

103 2983 211 3029 ostensa
225 2983 289 3028 sunt
311 2973 355 3028 tihi
378 2983 511 3044 praecepta
533 2975 602 3029 bene
620 2974 728 3030 vivendi
743 2992 750 3028 ι
765 2975 822 3043 jam
842 2978 894 3028 de·
951 2982 978 3028 et
993 2973 1057 3027 mihi
1075 2973 1208 3043 peccatori
1218 2974 1412 3046 indulgentiam
1426 2972 1613 3044 consequeris,
1628 2981 1690 3026 ottu
1707 2971 1747 3024 in·

101 3069 278 3115 monstratum
298 3061 403 3116 esttibi
426 3061 541 3134 qualiter
568 3062 595 3116 in
623 3062 704 3119 domo
724 3062 776 3117 Dei
798 3062 898 3118 debeas
952 3068 994 3115 ter
1012 3063 1111 3117 choros
1130 3061 1266 3132 virginum
1282 3064 1309 3116 ιιι
1329 3074 1485 3132 perpetuum
1500 3057 1672 3114 exaltaberis.
1688 3058 1747 3112 llo-

101 3148 254 3205 oonversari
279 3151 389 3219 :qualis
411 3149 511 3207 debeas
526 3166 596 3219 esse,
619 3151 675 3220 jam
693 3162 830 3206 ostensum
854 3161 895 3203 est
952 3158 1030 3206 nesta
1043 3149 1130 3222 virgo,
1148 3165 1215 3221 rogo
1232 3159 1262 3205 ut
1277 3152 1380 3206 intenta
1395 3157 1485 3205 monte
1494 3148 1588 3204 audias
1603 3161 1666 3219 quae
1676 3145 1747 3201 dico.

102 3238 160 3292 tibi.
175 3239 234 3292 lam
250 3237 333 3293 habes
348 3238 531 3309 cognitionem
543 3240 734 3295 mandatorum
751 3257 757 3292 :
773 3240 829 3309 Jam
845 3239 898 3293 seis
952 3239 992 3292 Tu
1006 3253 1035 3292 es
1049 3251 1128 3291 soror
1148 3252 1205 3292 mea
1228 3237 1401 3292 devotissima
1424 3237 1450 3290 in
1466 3235 1583 3298 Christo,
1600 3250 1649 3303 per
1669 3233 1749 3302 cujus

102 3325 165 3397 quid
181 3326 302 3382 sitrecte
321 3325 421 3382 vivere.
446 3326 513 3381 vire
537 3342 602 3397 crgo
626 3341 659 3380 ne
683 3327 752 3380 ultra
765 3326 897 3392 olt'endas,
953 3323 1174 3379 intercessionem
1189 3324 1314 3378 mundari
1331 3341 1345 3376 a
1361 3331 1533 3390 peecatorum
1548 3337 1671 3376 meorum
1685 3335 1747 3375 sor-

104 3414 164 3469 vide
179 3430 213 3468 nc
226 3414 353 3486 deinceps
366 3415 468 3469 honum
483 3414 555 3484 qnod
570 3413 650 3479 nosti,
668 3413 831 3470 dissimules.
850 3415 900 3467 ito·
954 3412 1035 3467 dibus
1049 3428 1103 3466 non
1127 3412 1231 3467 dubito.
1248 3412 1276 3467 Si
1293 3419 1333 3478 tu,
1347 3409 1512 3466 honorabilis
1527 3410 1614 3480 virgo,
1639 3417 1749 3479 accepta

103 3518 169 3558 nuru
192 3503 260 3575 legis
283 3502 352 3558 male
377 3500 492 3558 vivendo
515 3501 676 3556 contemnis.
693 3500 720 3555 Si
747 3502 819 3555 hona
839 3517 901 3571 quae
953 3497 1158 3569 esvirgolleo,
1174 3497 1237 3553 etsi
1253 3507 1282 3553 tu
1304 3514 1366 3553 cum
1380 3497 1445 3553 losn
1460 3495 1568 3552 Christo
1586 3510 1687 3567 sponso
1702 3505 1749 3551 tuo

103 3591 182 3663 legis,
203 3591 272 3646 male
290 3589 404 3647 vivendo
418 3588 622 3660 contempseris,
647 3589 674 3642 iu
689 3598 836 3660 conspectu
851 3589 900 3643 Dei
954 3594 1027 3642 casto
1041 3585 1122 3642 cubili
1135 3586 1271 3658 cubueris,
1283 3603 1331 3656 pro
1348 3587 1438 3642 salute
1451 3600 1511 3641 mea
1520 3583 1650 3657 quidquid
1665 3584 1701 3639 ab
1716 3597 1749 3638 co

104 3679 184 3732 nimis
198 3678 252 3734 eris
272 3677 426 3749 culpabilis.
447 3677 557 3742 Quare?
572 3679 643 3745 Quia
665 3675 759 3731 melius
773 3684 815 3731 est
829 3675 901 3730 tiam
956 3675 1062 3745 petieris
1086 3673 1251 3742 impetrabis.
1270 3675 1353 3742 Situ,
1374 3691 1461 3740 soror,
1477 3676 1558 3730 castis
1583 3673 1750 3744 amplexibus

105 3764 200 3822 salutis
214 3781 267 3821 non
282 3780 460 3839 cognoscere,
483 3781 565 3836 quam
581 3774 643 3836 post
658 3761 746 3820 890
764 3763 900 3836 cognitio·
955 3763 1093 3820 Christum
1108 3763 1259 3832 amplexata
1272 3763 1368 3834 fueris,
1393 3763 1516 3834 proiecto
1532 3763 1597 3817 mihi
1613 3761 1748 3833 peccatori

105 3869 168 3908 nem
193 3865 265 3908 rotro
299 3854 348 3908 ire.
381 3855 455 3926 Ergo
485 3861 625 3922 acceptum
659 3854 760 3908 donum
783 3850 901 3906 scientiae
956 3853 1060 3907 veniam
1074 3852 1194 3908 obtinere
1215 3853 1325 3923 poteris.
1348 3851 1378 3907 Si
1401 3861 1429 3906 tu
1453 3851 1623 3921 amplexibus
1647 3850 1749 3906 Christi

105 3948 193 3993 mente
216 3948 244 3992 ct
267 3955 349 4008 opere
370 3944 455 3996 retine
474 3956 480 3994 :
498 3941 578 4010 imple
593 3954 676 4011 opero
697 3938 769 4010 quod
784 3937 901 3994 didicisti
955 3939 1170 4013 l'ragrautissimo
1189 3939 1273 3997 odore
1305 3938 1466 4012 virginitatis
1499 3939 1657 4005 adhaeseris,
1684 3938 1764 3993 mihi'

106 4025 295 4097 praeceptione.
317 4026 398 4082 Soror
423 4028 595 4090 venerabilis,
625 4028 721 4083 iterum
746 4027 899 4099 iterumque
914 4047 938 4123 n
955 4028 1066 4100 indiguo
1081 4028 1275 4102 indulgentiam
1295 4029 1437 4085 obtinebis.
1456 4029 1483 4084 Si
1497 4029 1587 4084 lesum
1615 4025 1750 4082 Christum

106 4110 233 4182 praecipio
257 4110 315 4178 tibi,
340 4123 368 4166 ut
395 4128 501 4167 summo
525 4113 615 4168 studio
637 4115 775 4170 custodias
799 4115 900 4170 monita
957 4133 1084 4189 sponsum
1099 4117 1236 4175 coelestcm
1251 4134 1333 4189 super
1346 4119 1437 4174 omnia
1446 4119 1589 4182 amaveris,
1607 4125 1635 4171 et
1648 4114 1676 4169 in
1692 4116 1752 4185 ejus

106 4200 188 4270 huius
207 4198 280 4254 libii·
957 4205 1112 4260 dulcissimo
1126 4220 1218 4260 amore
1242 4205 1419 4276 requieveris,
1444 4203 1603 4258 delictorum
1627 4217 1751 4258 meorum

957 4291 1154 4347 absolutionem
1189 4292 1332 4364 acquirere
1373 4290 1484 4362 poteris.
1517 4291 1597 4345 lesus
1629 4290 1752 4344 Christus

142 4360 493 4432 LXX¹¹1···30i‘lll·⁵'lll'0
508 4377 536 4418 ὅθ
548 4361 780 4418 illieroeiil‘l'lssm
791 4362 868 4432 opud
958 4394 1074 4449 sponsus
1090 4390 1152 4434 tuus
1167 4394 1222 4434 non
1246 4389 1271 4434 te
1286 4378 1470 4445 contristabit3
1498 4379 1545 4433 sed
1569 4377 1750 4449 quodcunque

412 4434 600 4504 Deumwll‘ll·
959 4466 1066 4538 petieris
1080 4466 1154 4523 dabit
1169 4467 1227 4536 tibi,
1243 4469 1289 4540 qui
1304 4478 1331 4524 te
1344 4482 1400 4524 sue
1415 4468 1519 4538 copulae
1530 4466 1642 4521 sociavit
1657 4483 1664 4520 :
1682 4469 1750 4520 mul-

148 4563 209 4615 loe.
224 4559 262 4616 'l'e
276 4559 417 4629 deprecor,
440 4571 517 4613 soror
531 4556 686 4613 charissima
700 4555 729 4610 in
743 4554 859 4624 Christo,
876 4562 905 4611 ut
959 4567 1014 4611 tum
1038 4557 1108 4613 enim
1131 4566 1158 4612 te
1181 4556 1277 4630 diligit,
1292 4556 1339 4630 qni
1362 4572 1411 4613 suo
1426 4555 1556 4629 sanguine
1584 4563 1611 4610 te
1626 4553 1749 4625 redemit.

110 4664 163 4702 nou
175 4649 266 4720 pigeat
275 4646 368 4702 audire
380 4661 412 4701 ea
422 4662 484 4716 quae
498 4645 546 4700 tihi
560 4645 621 4700 volo
630 4643 720 4701 dicere
730 4660 793 4699 cum
803 4660 902 4718 magno
958 4646 1042 4719 igitur
1055 4660 1131 4702 antor
1155 4656 1216 4702 tuus
1232 4646 1260 4700 ιιι
1274 4645 1391 4713 Christo,
1413 4645 1465 4701 crit
1489 4654 1660 4716 peccatorum
1675 4658 1751 4698 meo-

109 4735 271 4791 desiderio:
288 4735 351 4807 quia
366 4735 393 4788 in
412 4734 520 4789 Christo
543 4744 570 4788 te
592 4733 706 4789 multum
730 4733 825 4802 diligo,
841 4733 903 4789 ideo
958 4750 1018 4789 rum
1048 4734 1180 4791 remissio.
1205 4734 1287 4806 Spem
1302 4734 1470 4790 retmssionis
1484 4733 1581 4801 habco,
1598 4733 1621 4788 si
1636 4744 1675 4802 tu,
1688 4732 1751 4788 oha-

110 4825 157 4881 tibi
170 4825 362 4882 conscientiam
385 4823 497 4880 ostendo
512 4838 611 4879 meam.
629 4823 680 4878 Sed
696 4824 760 4878 dum
776 4822 823 4877 tibi
839 4838 903 4895 pec-
960 4822 1065 4878 tissima
1079 4837 1167 4889 soror,
1181 4838 1262 4897 qnam
1284 4824 1395 4877 multum
1411 4819 1506 4894 diligo,
1526 4820 1668 4877 intraveris
1688 4835 1751 4876 oum

108 4921 167 4969 cata
181 4930 242 4969 mea
266 4910 420 4978 mamlesto,
436 4928 468 4967 nc
483 4911 551 4969 lorte
566 4927 643 4967 aures
660 4919 719 4966 tuas
734 4911 852 4981 polluam
868 4909 904 4966 ti·
958 4911 1064 4966 Christo
1078 4911 1111 4966 ad
1131 4912 1238 4982 nuptias
1253 4910 1281 4966 in
1295 4912 1431 4967 coelestcm
1448 4911 1605 4966 thalamum.
1628 4911 1678 4975 Tu,
1705 4924 1750 4964 so-

108 5018 179 5060 meo.
193 5003 230 5057 Ta
246 5011 335 5058 tamen
351 5017 428 5074 rogo,
444 5001 543 5057 dilecta
555 5015 633 5057 soror
649 5000 677 5055 in
687 4999 805 5070 Christo,
817 5007 848 5080 ut
856 4999 905 5056 des
959 5013 1003 5054 ror
1018 4996 1191 5068 venerahilis,
1207 5001 1234 5054 iu
1254 5000 1299 5055 die
1312 4998 1425 5055 districti
1450 5014 1482 5055 ac
1498 4997 1629 5055 tremendi
1656 4997 1750 5065 iudicii

107 5092 210 5147 venium
227 5090 291 5146 mihi
308 5090 442 5161 peccatori
462 5090 584 5163 indigno.
602 5090 657 5160 ligo
673 5089 754 5144 miser
768 5097 795 5143 ct
810 5104 905 5159 pecca·
959 5088 1017 5153 Dei,
1034 5088 1160 5147 solatium
1176 5104 1264 5144 meum
1279 5088 1341 5155 eris,
1357 5089 1402 5142 ubi
1422 5104 1482 5143 sum
1498 5087 1652 5143 redditurus
1667 5086 1750 5141 ratio·

107 5191 148 5236 tor
162 5197 177 5234 a
192 5180 285 5250 primis
302 5180 356 5234 iere
383 5178 461 5234 annis
484 5177 664 5234 contaminavi
680 5179 763 5233 vitam
788 5193 900 5234 meam:
958 5193 1019 5232 uem
1040 5176 1073 5232 de
1096 5176 1185 5247 culpis
1210 5188 1236 5232 et
1260 5177 1431 5251 negligentiis
1447 5176 1525 5232 meis.
1542 5176 1664 5231 ldcritum
1679 5176 1749 5230 enim

108 5284 215 5335 semper
238 5283 307 5323 nova
331 5276 440 5335 peccata
463 5267 599 5323 veteribus
625 5265 769 5336 conjunxi3
794 5281 902 5338 semper
958 5278 1010 5320 tna
1025 5273 1125 5320 sancte
1140 5266 1301 5337 virginitatis
1316 5266 1419 5320 minuet
1434 5282 1538 5334 poenarn
1565 5280 1634 5319 meae
1650 5264 1751 5334 iniqui·

107 5363 215 5426 peccata
239 5354 357 5426 peccatis
380 5355 488 5417 addidi;
514 5372 625 5424 peccare
649 5371 785 5426 uunquam
807 5355 898 5412 desit:
955 5357 1028 5411 tatis.
1045 5359 1140 5409 Amen.
