3706 5962
171 222 221 288 391
697 206 878 274 coutuntur
895 205 1031 266 ueenns
1049 208 1076 266 s.
1096 209 1293 273 remunerer

1766 215 1821 278 392

170 362 222 417 est,
247 366 324 407 amor
345 347 444 413 carnis,
470 351 622 416 parentum,
648 357 726 398 amor
753 338 870 405 socialis,
892 352 968 393 amor
984 346 1008 425 fl
1027 351 1106 392 arnor
1119 338 1299 395 inimieorum.
1322 338 1437 394 Auditus
1456 335 1529 392 enim
1558 337 1623 392 nihil
1649 336 1774 406 interius,
1790 341 1818 397 id

170 441 309 510 naturalis,
325 452 401 494 amor
419 431 575 508 spiritualis,
591 446 667 488 amor
687 431 752 487 Dei.
778 430 829 486 Per
848 428 968 500 quinque
1023 434 1065 481 est
1080 427 1150 484 intra
1165 444 1274 502 corpus,
1300 437 1439 500 operatur,
1462 426 1511 481 sed
1536 426 1656 482 exterius
1685 429 1822 501 quodem·¹

168 547 263 588 sensus
278 527 408 597 corporis,
423 523 562 580 mediante
576 521 640 591 vita,
665 536 763 592 eorpus
787 518 884 574 animoe
902 531 967 572 oon·

168 618 308 692 iungitur:
327 632 380 689 per
399 615 520 686 quinque
533 627 631 668 sensns
649 609 813 682 spirituales,
829 607 966 663 mediante

161 709 312 776 'charitate
328 706 418 761 anima
433 704 491 759 Deo
506 701 688 757 consociatur.

475 789 584 847 CAPUT
600 790 658 844 Vll.

169 886 449 962 Snprodietiamores
463 882 585 954 quinque
599 878 724 937 sensibus
738 878 953 949 comparentur.

204 981 248 1033 lb.
269 970 364 1032 Tectni
387 979 561 1043 eomparatur
573 982 649 1024 arnor
664 974 824 1038 parentum:
841 964 904 1036 quia
923 962 964 1016 af·

166 1067 254 1124 iectus
266 1065 317 1120 iste
332 1071 473 1135 promptus
485 1057 621 1121 omnibus,
634 1064 660 1112 et
671 1053 872 1128 quodammode
881 1067 963 1126 gros·

166 1172 212 1209 sus
226 1136 421 1224 et‘palpabilis,
446 1149 485 1203 sic
507 1164 537 1203 se
560 1145 685 1201 omnibus
707 1142 823 1199 naturali
845 1141 962 1215 quodam

166 1259 280 1301 occursu
289 1240 394 1314 praebet
409 1248 436 1295 et
450 1237 559 1309 ingerit,
574 1242 604 1292 nt
618 1233 742 1305 effugere
755 1249 816 1288 eum
832 1246 886 1286 non
898 1245 961 1301 pos-

167 1328 215 1393 sis,
230 1327 311 1381 etiem
327 1324 348 1380 si
363 1322 441 1380 velis.
458 1322 557 1377 Tactus
570 1320 643 1376 enim
657 1335 755 1375 sensus
770 1325 811 1374 est
820 1327 891 1374 totus
906 1330 963 1372 cor·

168 1415 279 1487 perulis,
299 1414 345 1487 qui
362 1429 394 1469 ex
409 1410 592 1483 quorumlibet
603 1423 748 1480 corporum
768 1405 961 1478 conjunctione

166 1497 324 1567 conticitnr3
349 1497 371 1551 si
395 1504 487 1552 tamen
510 1510 593 1551 unum
615 1509 720 1559 eorum,
749 1497 795 1548 aut
819 1500 962 1563 utmmque

165 1588 246 1654 vivat,
263 1595 290 1643 nt
306 1593 394 1643 tectus
418 1601 480 1643 esse
499 1587 592 1656 possit.
617 1582 691 1638 Sicut
714 1583 787 1637 euim
807 1596 916 1652 quoquo
935 1586 962 1634 te

1022 516 1113 584 modo,
1128 517 1155 573 id
1171 528 1212 573 est
1227 520 1261 573 ad
1281 534 1361 573 aures
1386 517 1506 587 pulsans,
1531 516 1649 572 animam
1673 527 1767 575 evocet
1790 527 1819 575 ut

1020 614 1099 662 exeat
1114 616 1141 664 et
1155 609 1255 664 audiat.
1271 609 1315 664 Sic
1329 616 1357 663 et
1370 622 1492 662 amorem
1507 605 1678 663 inimicorum
1692 607 1720 663 in
1735 608 1818 664 corde

1021 695 1093 766 nulle
1121 697 1160 751 vis
1175 705 1290 766 naturae,
1305 695 1394 751 nullus
1407 695 1521 765 alicuius
1536 694 1746 752 necessitudinis
1769 715 1817 753 su·

1019 784 1099 840 scitat
1111 785 1235 852 allectus,
1252 786 1300 841 sed
1315 785 1371 840 sola
1384 784 1551 849 obedientia,
1564 801 1624 856 qun
1634 802 1684 857 per
1694 787 1816 843 auditum

1017 873 1194 944 significatur.
1224 875 1342 946 Ideoque
1361 889 1437 929 amor
1459 873 1509 928 iste
1529 872 1675 944 spiritualis
1704 876 1815 934 dicitur.

1019 964 1082 1019 ldoo
1097 966 1179 1019 etiam
1194 963 1257 1036 quia
1270 965 1304 1017 ad
1321 963 1378 1017 Filii
1398 962 1447 1017 eet
1467 961 1684 1029 similitudinem,
1698 973 1726 1020 et
1740 966 1811 1024 lilio·

1018 1070 1078 1107 rum
1095 1053 1143 1107 Dei
1159 1053 1266 1124 proficit
1280 1052 1449 1122 dignitatem,
1465 1052 1573 1106 dicente
1587 1051 1719 1107 Domino:
1730 1057 1816 1111 Bene·

1016 1144 1103 1210 [acite
1123 1142 1164 1197 nir
1180 1141 1227 1215 qni
1238 1141 1357 1198 oderunt
1367 1155 1421 1203 nor,
1434 1139 1541 1195 nititr'e
1551 1140 1607 1209 filii
1619 1143 1713 1197 Putris
1723 1148 1813 1200 vestri

1016 1231 1065 1301 qni
1080 1247 1109 1284 tn
1126 1231 1202 1285 coelis
1217 1234 1259 1286 est
1275 1230 1384 1297 (natet.
1406 1247 1432 1298 v,
1449 1231 1493 1296 ll,
1511 1229 1568 1300 ιιι)
1588 1229 1746 1301 etreliqua.

1052 1322 1097 1373 20.
1118 1317 1229 1385 Quinto,
1247 1317 1314 1374 visui
1325 1326 1498 1388 comparatur
1516 1318 1722 1375 amordivinus.
1735 1321 1815 1379 Visus

1016 1407 1090 1462 eninr
1106 1406 1260 1478 principalis
1281 1416 1322 1462 est
1342 1422 1454 1462 sensus:
1479 1406 1548 1462 sicut
1568 1409 1638 1462 inter
1656 1424 1752 1464 omnes
1771 1413 1815 1465 ιιι·-Ι

1017 1495 1149 1551 sectiones
1163 1496 1340 1566 principatum
1356 1495 1462 1550 obtinet
1477 1509 1555 1551 arnor
1574 1496 1692 1552 divinus.
1712 1499 1734 1552 Α
1753 1499 1813 1554 visu

1016 1585 1155 1639 oculorum
1170 1584 1261 1640 eaeteri
1276 1600 1374 1640 sensus
1387 1584 1481 1640 videre
1500 1584 1636 1650 dicuntur,
1658 1602 1719 1641 cum
1739 1588 1813 1643 solus

166 1677 291 1742 verteris,
308 1692 407 1748 corpus
422 1683 497 1730 tuum
512 1689 567 1729 non
583 1679 746 1743 potestesse
756 1671 911 1727 sinetactu:
924 1669 963 1725 sie
978 1659 1000 1736 B
1017 1674 1108 1729 videat
1122 1675 1227 1729 oculus.
1241 1674 1358 1729 Dicimus
1373 1673 1457 1740 enim,
1477 1673 1571 1744 Tange
1589 1681 1616 1728 et
1637 1674 1709 1739 vide,
1730 1685 1809 1748 gusto

167 1780 218 1819 nec
236 1764 327 1819 anima
343 1770 387 1817 tna
402 1762 461 1818 sine
485 1762 536 1816 boc
561 1759 671 1816 aflectu.
696 1760 811 1829 Propter
837 1757 910 1830 quod
935 1757 962 1812 in
1017 1770 1044 1816 ot
1063 1763 1135 1829 ride,
1151 1763 1245 1834 sicque
1260 1762 1295 1817 de
1310 1761 1440 1832 reliquis:
1456 1762 1550 1833 sicque
1565 1762 1599 1815 ab
1613 1765 1811 1821 amoredivino

167 1853 317 1924 scripturis
340 1866 417 1907 umor
440 1850 491 1906 iste
520 1864 574 1905 non
598 1848 712 1903 multum
741 1845 960 1911 commendatum
1017 1859 1115 1906 oaetera
1137 1851 1265 1907 dicuutur
1288 1851 1380 1915 amari,
1400 1867 1461 1922 quae
1489 1852 1559 1906 bene
1579 1861 1723 1918 amantur,
1749 1869 1812 1908 oum

165 1942 219 1997 imo
238 1956 273 1996 ne
292 1939 327 1996 sit
348 1939 447 1994 nimius
465 1944 616 2002 coercetur,
642 1936 751 1991 dicente
775 1934 905 1991 Domino:
932 1935 962 1991 si
1015 1939 1075 1994 luce
1089 1938 1189 1995 clarius
1208 1947 1314 1995 constet
1330 1939 1366 1994 nil
1389 1939 1491 1996 debere
1510 1939 1606 2008 amari,
1628 1940 1680 1995 nisi
1699 1948 1812 2013 propter

166 2032 228 2105 pois
242 2029 368 2086 nonodit
381 2035 587 2101 patremmeum
598 2030 650 2083 ont
663 2031 785 2082 matrem
802 2042 893 2092 suern,
903 2041 961 2080 non
1016 2029 1117 2095 Deum;
1134 2046 1185 2084 nec
1200 2029 1283 2083 amari
1299 2045 1356 2083 rem
1371 2036 1555 2102 quopropter
1574 2029 1648 2084 aliud
1659 2030 1722 2101 quid
1739 2046 1813 2086 ama-

164 2125 257 2193 petert
271 2135 349 2175 niens
364 2134 422 2176 erae
436 2118 595 2189 disciputus
607 2114 686 2188 (bne.
702 2130 761 2180 niv,
778 2115 834 2183 26).
1017 2125 1069 2183 tur,
1086 2104 1136 2173 sed
1151 2117 1178 2172 id
1193 2118 1282 2188 potius
1297 2125 1410 2189 propter
1429 2117 1501 2188 quod
1520 2128 1635 2175 anrutur.
1652 2118 1728 2174 Unde
1747 2128 1809 2179 est:

201 2211 245 2263 ιι.
277 2206 415 2277 Secundo,
439 2205 530 2278 gustui
551 2212 723 2276 comparatur
745 2217 822 2259 amor
845 2201 960 2268 socialis,
1016 2206 1811 2279 dormomnr'rpoterniterinereir'setr’nterronomine·¹

165 2312 241 2353 amor
255 2297 401 2361 fraternus,
417 2309 494 2350 amor
508 2301 609 2350 sanetae
623 2300 652 2349 et
666 2293 806 2350 catholieae
821 2290 958 2359 Ecclesiae,
1016 2301 1064 2349 tur
1088 2294 1197 2368 (Epiros.
1220 2311 1259 2363 ιιι,
1276 2295 1330 2367 lb).
1351 2294 1431 2351 Visus
1453 2298 1492 2350 vis
1510 2296 1633 2367 quaedam
1652 2306 1694 2352 ets
1707 2297 1805 2353 animae

164 2385 199 2443 de
213 2385 405 2457 quoscriptum
420 2391 478 2440 est:
495 2387 564 2441 licce
578 2400 662 2457 quom
672 2381 773 2440 bonnm
783 2386 811 2437 et
821 2398 905 2455 quom
916 2385 961 2453 jn·
1016 2398 1101 2451 mera,
1117 2392 1146 2439 et
1159 2392 1265 2455 potens,
1283 2391 1310 2442 et
1324 2400 1409 2456 pura:
1425 2384 1465 2440 sic
1486 2392 1511 2438 et
1531 2399 1607 2440 arnor
1623 2385 1729 2442 divinus
1756 2402 1808 2457 po·

168 2475 296 2532 cendum
305 2473 547 2544 habitoresrotres
554 2470 850 2541 innnnmIQuiasicut
856 2485 906 2541 per
914 2485 962 2541 gu·
1016 2486 1080 2527 rens
1094 2479 1146 2540 est,
1158 2473 1220 2544 qnia
1236 2487 1335 2543 magna
1350 2473 1508 2543 opedtatur3
1524 2472 1573 2527 sed
1588 2482 1613 2529 et
1625 2490 1719 2544 purus,
1732 2475 1806 2547 quia,

164 2572 235 2619 stum
250 2563 304 2621 vita
321 2562 525 2619 administratur
544 2561 681 2632 eorporis;
704 2561 744 2616 sic
759 2560 796 2616 illi
813 2558 962 2617 mandevit
1016 2559 1085 2615 sicut
1096 2560 1140 2616 ille
1148 2560 1195 2630 ait,
1206 2560 1449 2634 nihilinqninatum
1459 2561 1487 2616 in
1496 2577 1558 2616 enrn
1569 2561 1681 2618 incurrit
1696 2565 1737 2634 (S.
1752 2566 1807 2621 dar·

166 2655 299 2710 Dominus
315 2651 536 2708 benedictionem
551 2653 678 2706 etuitom
692 2649 737 2722 [al.
754 2650 817 2705 add.
833 2665 919 2723 usqne
929 2649 961 2704 in
1015 2650 1200 2721 pertinente
1210 2650 1291 2707 libris
1304 2650 1721 2721 Confessionnmetelibi).Non
1732 2653 1806 2708 enim

166 2739 433 2812 ineolumiGunus
444 2739 524 2794 etiam
534 2737 958 2810 licetcorporaliterexerceetnr‚
1014 2738 1142 2812 dignatur
1157 2740 1230 2794 Deus
1244 2739 1330 2795 amari
1344 2755 1405 2794 cum
1424 2738 1513 2811 aliqua
1530 2740 1582 2794 alia
1602 2757 1641 2807 ro,
1661 2757 1722 2813 qure
1741 2758 1806 2812 pro·

165 2844 291 2900 saporem
307 2836 397 2883 tamen
412 2828 674 2901 introrsnsgenerat,
692 2843 745 2901 quo
765 2827 854 2882 anime
871 2825 959 2882 attici·
1015 2834 1077 2898 pter
1105 2829 1194 2899 ipsum
1214 2843 1268 2884 non
1293 2836 1407 2884 amatur.
1438 2828 1515 2884 Visus
1538 2830 1602 2885 item
1626 2830 1653 2884 in
1675 2830 1806 2886 eminenti

163 2927 223 2974 tur:
250 2916 453 2990 propterquod
479 2916 627 2988 corporalis
644 2915 754 2988 quidem
781 2916 897 2971 maxime
917 2916 960 2971 bic
1013 2916 1137 2986 cerporis
1150 2932 1213 2972 arce
1229 2925 1256 2972 et
1270 2916 1371 2989 insigni
1384 2918 1480 2989 cepitis
1499 2918 1557 2974 loco
1576 2919 1689 2989 positus,
1713 2927 1742 2974 et
1761 2935 1808 2974 se-

163 3022 270 3071 sensus,
288 3005 337 3061 sed
353 3015 443 3060 tamen
465 3021 497 3061 ex
519 3012 594 3075 parte
623 3005 713 3075 aliqua
732 3005 814 3060 etiam
838 3005 960 3059 animalis
977 2969 1132 3060 erundum
1147 3004 1251 3077 idpsius
1263 3006 1384 3078 eorporis
1399 3006 1512 3062 tonnam
1523 3006 1595 3062 infra
1608 3007 1698 3072 habet,
1714 3016 1752 3074 et,
1762 3023 1807 3064 or-

163 3111 224 3153 esse
239 3095 440 3165 comprobatur.
457 3094 501 3151 Sic
516 3104 545 3150 et
559 3109 636 3150 amor
650 3092 765 3160 socialis,
782 3094 843 3166 quia
857 3109 890 3150 ex
901 3108 959 3149 cor-
1012 3093 1087 3166 dine,
1103 3102 1131 3149 et
1145 3094 1288 3167 dignitate,
1305 3101 1333 3150 et
1347 3095 1452 3151 virtutis
1468 3097 1587 3166 potentie
1608 3096 1697 3152 oninia
1720 3106 1807 3154 creto·

162 3183 249 3257 porali
268 3181 468 3240 cohabitatione
486 3182 515 3238 in
530 3198 624 3251 unum,
640 3198 674 3238 ex
694 3182 869 3238 similitudine
891 3197 957 3253 pro·
1013 3197 1105 3238 rorum
1120 3199 1247 3239 sensnum
1262 3183 1453 3250 instrumenta,
1469 3183 1597 3258 ipsosque
1608 3200 1715 3253 sensus,
1725 3202 1805 3258 quos,

164 3271 325 3343 fessionum,
338 3288 371 3328 ex
393 3271 528 3344 parilitate
547 3271 706 3336 studiorum,
725 3271 839 3344 aliisque
861 3272 956 3341 hujus·
1012 3280 1042 3326 ut
1056 3272 1092 3326 ite
1107 3271 1206 3338 dicam,
1222 3271 1405 3343 animaliores,
1422 3274 1644 3346 propinquiorem
1659 3291 1727 3349 quos
1741 3290 1808 3333 vero

163 3362 235 3419 modi
251 3361 350 3432 causis,
366 3360 579 3428 contoederatur,
600 3360 755 3434 mutuisque
774 3359 870 3417 officiis
886 3376 956 3415 enu·
1012 3361 1222 3433 corporaliores,
1237 3361 1408 3418 remotiores.
1425 3360 1535 3418 lnlimus
1551 3365 1624 3420 enim
1642 3366 1762 3421 omnium
1779 3371 1808 3421 et

162 3450 248 3518 tritur,
268 3450 386 3510 maxime
406 3449 529 3506 animulis
543 3466 604 3507 esse
617 3449 736 3508 ridetur.
749 3449 804 3506 Sed
819 3457 909 3506 tamen
923 3466 956 3506 ex
1013 3450 1120 3506 caeteris
1129 3450 1276 3524 ignobilior
1290 3456 1387 3514 tectus,
1397 3451 1460 3507 licet
1473 3454 1625 3508 communis
1636 3469 1698 3509 esse
1712 3454 1807 3510 videa·

162 3556 261 3616 rnngne
276 3547 353 3613 parte
372 3547 401 3596 et
414 3539 564 3614 spiritualis
583 3549 636 3607 est,
653 3539 716 3614 quia
732 3539 801 3596 sicut
814 3555 897 3611 sapor
915 3545 956 3595 est
1013 3551 1055 3594 tur
1071 3539 1154 3594 totius
1168 3539 1299 3610 corporis,
1314 3546 1406 3594 tamen
1420 3540 1530 3611 proprie
1547 3556 1674 3597 manuum
1689 3550 1740 3597 est.
1762 3543 1809 3598 Sic

159 3632 187 3685 iu
201 3638 292 3700 gustu,
306 3628 345 3684 sio
358 3628 474 3685 allectus
483 3629 612 3685 traternae
631 3629 771 3685 charitatis
789 3629 887 3700 ttagrn
905 3627 954 3700 [ol.
1014 3644 1092 3683 mens
1116 3644 1178 3700 quae
1205 3632 1288 3700 caput
1310 3635 1352 3683 est
1366 3629 1471 3697 animae,
1497 3635 1525 3685 et
1549 3632 1697 3703 principale
1721 3632 1809 3702 ipsius

160 3716 439 3791 fragrat1inallectu,
456 3718 490 3772 do
504 3732 558 3789 quo
572 3717 701 3788 scriptum
716 3727 777 3773 est:
800 3718 879 3774 Sient
903 3733 957 3773 nn·
1012 3716 1122 3783 mentis,
1142 3716 1296 3773 sedcsesse
1314 3716 1397 3773 debet
1408 3717 1507 3772 amoris
1522 3717 1581 3788 Dei,
1602 3729 1631 3775 ut
1656 3722 1739 3775 subse
1756 3721 1808 3774 ba-

158 3812 297 3881 pnentnm
320 3806 477 3879 incapite,
503 3804 575 3878 qnod
597 3805 744 3863 descendit
773 3810 805 3862 in
832 3806 955 3873 barbam,
1013 3805 1205 3875 beatetregat
1214 3809 1243 3859 et
1251 3802 1367 3859 illustret
1375 3815 1489 3860 caeteros
1499 3820 1682 3870 amores;nec
1693 3807 1808 3863 sitineis

158 3897 272 3954 borbum
287 3897 396 3960 Aerem·
412 3892 486 3968 qnod
495 3893 639 3951 deseendit
654 3895 687 3949 in
701 3911 781 3950 oram
795 3897 958 3951 vestimenti
1012 3890 1085 3963 quod
1095 3907 1125 3948 se
1136 3890 1284 3946 abscondat
1294 3907 1308 3946 a
1319 3891 1485 3962 calomenus,
1495 3904 1523 3948 et
1532 3892 1633 3950 lumine
1643 3896 1721 3965 ejus:
1739 3910 1808 3967 quos

158 3987 231 4057 ejus,
251 3986 326 4040 ment
345 4000 391 4042 ror
415 3984 536 4041 Hermon
551 3984 598 4058 qni
618 3982 761 4040 descendit
780 3987 813 4040 in
830 3989 956 4044 montem
1011 3981 1121 4053 quidem
1144 3981 1349 4052 spiritualiores,
1371 3982 1476 4036 babens
1493 3983 1715 4055 propinquiores;
1736 4000 1807 4058 quos

158 4073 226 4131 Sion
247 4073 334 4143 (Prot.
349 4073 472 4142 enixu).
498 4105 502 4113 ·
1011 4087 1076 4126 vero
1099 4070 1272 4126 animaliores
1290 4071 1333 4127 vel
1352 4070 1525 4134 carnaliores,
1547 4075 1724 4139 remotiores;
1744 4089 1809 4130 cum

194 4158 276 4218 not
295 4163 344 4217 le.
364 4160 467 4227 Tertio,
483 4159 561 4216 odori
575 4169 748 4231 comparatur
761 4176 838 4218 amor
847 4169 955 4218 natura·
1011 4160 1188 4216 dilexerimus
1201 4159 1336 4215 Dominun
1352 4169 1473 4217 nostrum
1486 4177 1519 4216 ex
1534 4168 1590 4217 toto
1604 4163 1686 4218 corde
1700 4172 1807 4228 nostro,

158 4249 202 4317 lis,
218 4250 265 4322 qni
279 4249 437 4315 naturaliter
457 4266 491 4307 ex
509 4249 594 4322 ipsius
614 4256 718 4307 naturae
736 4250 908 4308 similitudine
928 4261 955 4308 et
972 4285 995 4362 n
1012 4257 1082 4305 etex
1098 4256 1153 4304 tota
1168 4249 1257 4304 anime
1270 4258 1374 4315 nostra,
1389 4260 1417 4305 et
1435 4265 1467 4305 ex
1492 4250 1618 4306 omnibus
1636 4251 1737 4307 viribus
1761 4267 1810 4308 no

157 4338 295 4396 consortio
309 4340 414 4413 absque
428 4339 501 4395 omni
512 4355 561 4411 spe
571 4341 832 4412 recompensationis
845 4355 954 4398 omnem
1012 4340 1086 4404 stris,
1100 4347 1128 4394 et
1145 4339 1299 4411 proximem
1318 4348 1440 4396 nostmm
1457 4340 1526 4396 sicut
1545 4356 1595 4396 nos
1613 4342 1696 4413 ipsos.
1716 4342 1807 4411 Visus,

157 4426 293 4485 bominem
313 4427 416 4502 diligit:
433 4428 478 4500 qui
494 4444 527 4484 ex
548 4427 661 4497 occultis
677 4436 783 4484 naturae
802 4430 955 4486 recessibus
1013 4438 1042 4484 ut
1053 4427 1177 4495 diximus,
1200 4429 1226 4484 in
1241 4429 1358 4500 digniori
1371 4430 1493 4500 corporis
1510 4430 1570 4485 loco
1584 4431 1679 4487 sedern
1689 4433 1807 4498 habeus,

157 4517 281 4585 veniens,
297 4525 325 4574 et
340 4518 437 4575 animae
451 4533 481 4575 se
495 4517 626 4594 ingerens
641 4518 706 4574 nihil
718 4520 864 4576 humanum
876 4519 911 4574 ab
922 4536 955 4575 eo
1013 4519 1095 4574 etiam
1110 4535 1193 4591 super
1210 4519 1298 4589 ipsum
1309 4518 1480 4574 animalitatis
1494 4520 1619 4575 virtutem
1634 4521 1734 4592 aliquid
1750 4537 1810 4578 mo-

159 4608 260 4678 patitur
275 4623 335 4664 esse
350 4607 480 4665 alienum.
495 4610 598 4666 Sensus
612 4614 701 4666 annm
720 4608 771 4666 iste
793 4610 879 4682 magis
898 4610 955 4664 ani·
1012 4610 1055 4666 liri
1074 4610 1201 4666 videtur:
1223 4617 1249 4664 et
1268 4611 1369 4664 mentis
1387 4607 1430 4665 vel
1449 4609 1597 4676 memorie,
1616 4618 1747 4682 quantum
1766 4611 1810 4667 tas

159 4695 313 4753 melisesse
325 4697 530 4770 videturquam
542 4698 701 4770 corporalis,
715 4698 743 4754 id
759 4707 801 4754 est
815 4699 953 4764 odoratus,
1011 4707 1062 4766 est,
1084 4699 1167 4771 gestit
1192 4697 1290 4752 imitari
1313 4698 1451 4760 virtutem,
1480 4713 1533 4753 uno
1565 4700 1639 4753 borae
1666 4709 1810 4756 momento

163 4785 227 4859 qnia
241 4785 275 4841 ad
285 4786 432 4843 creandum
445 4788 631 4845 euminterius
640 4803 739 4860 eorpus
749 4788 815 4842 nihil
824 4789 880 4861 egit
890 4804 956 4859 prae·
1012 4788 1132 4844 medium
1165 4787 1226 4843 coeli
1244 4787 1400 4857 pervolans,
1424 4786 1450 4840 in
1474 4801 1529 4842 uno
1552 4788 1681 4843 momenti
1706 4800 1809 4860 puncto

159 4881 201 4934 ter
217 4875 305 4933 levem
320 4875 493 4932 instrumenti
508 4878 560 4948 sni,
575 4877 602 4934 id
620 4886 662 4935 est
683 4878 953 4949 nariumattractum3
1015 4878 1131 4950 plurime
1142 4885 1275 4932 terrarum
1290 4877 1376 4930 stadia
1390 4877 1569 4942 transvolans,
1586 4877 1625 4933 sic
1636 4884 1664 4933 et
1677 4877 1810 4933 illumina·

156 4971 185 5019 et
201 4965 266 5022 iicet
284 4965 397 5022 haustus
414 4982 464 5039 per
489 4981 599 5039 eorpus,
618 4968 737 5023 animam
756 4976 845 5024 tamen
861 4965 953 5032 allicit,
1013 4974 1059 5021 tus
1073 4980 1149 5021 amor
1163 4965 1223 5030 Dei,
1239 4980 1316 5021 suam
1330 4963 1357 5018 in
1372 4964 1460 5020 auimo
1480 4965 1626 5021 christiana
1645 4967 1736 5022 sedem
1754 4966 1808 5023 eb·

160 5069 214 5110 non
230 5070 338 5127 corpus.
353 5055 398 5112 Sic
412 5066 440 5112 et
455 5070 532 5112 amor
552 5057 682 5112 naturalis
700 5056 786 5131 magis
809 5055 954 5127 spiritualis
1011 5056 1114 5121 tineus,
1132 5053 1165 5108 ad
1181 5053 1325 5127 quamdam
1345 5053 1442 5110 divine
1459 5055 1588 5125 potentiae
1606 5055 1809 5111 similitudinem

162 5157 223 5200 esse
245 5146 355 5202 videtur
378 5161 458 5219 quern
484 5146 621 5213 animelis3
648 5146 721 5218 qnia,
744 5154 846 5217 praeter
866 5146 952 5202 solnm
1011 5158 1073 5200 eant
1088 5144 1225 5217 provebit,
1239 5143 1303 5199 dum
1322 5158 1433 5200 omnem
1448 5151 1601 5200 creaturam
1618 5152 1760 5216 angustam
1780 5154 1810 5201 et

166 5235 349 5290 connaturalis
359 5234 534 5290 humanitatis
548 5241 712 5307 respectum,
724 5248 778 5289 uon
791 5234 954 5308 consangui-
1017 5234 1141 5301 brevem,
1158 5234 1211 5289 imo
1225 5234 1328 5290 nullam
1341 5235 1430 5291 videri
1442 5233 1506 5291 lacit
1523 5237 1558 5290 ed
1575 5233 1809 5306 comparationem

159 5320 241 5389 nites,
256 5338 310 5379 nou
325 5324 452 5397 societas,
468 5339 522 5381 nec
536 5323 625 5396 aliqua
643 5324 754 5379 omnino
767 5322 794 5378 in
810 5338 843 5378 eo
857 5337 953 5379 neces·
1019 5325 1077 5395 Dei,
1094 5326 1157 5381 dum
1173 5324 1284 5382 conlidit
1299 5339 1347 5381 sua
1360 5341 1423 5382 esse
1437 5324 1529 5382 omnia
1547 5341 1608 5397 quae
1627 5324 1714 5380 Patris
1732 5333 1810 5396 sent,

159 5409 249 5468 titudo
264 5411 417 5483 hujusmodi
432 5414 632 5471 consideretur.
1015 5416 1079 5473 dnm
1094 5414 1186 5473 omnia
1198 5417 1224 5472 ei
1238 5413 1453 5488 cooperanturin
1463 5414 1563 5471 bonum
1574 5414 1666 5488 (Rom.
1679 5416 1809 5488 vonit),

200 5502 243 5557 tt.
266 5500 369 5570 Quone
392 5503 495 5559 auditui
516 5510 781 5575 comparatorem
797 5503 952 5580 spiritnelis,
1023 5507 1088 5564 dum
1106 5506 1163 5563 sire
1177 5505 1285 5576 Paulus,
1300 5506 1356 5563 sire
1375 5504 1492 5577 Cepbas,
1506 5504 1649 5564 siuenmra
1664 5505 1724 5562 sire
1740 5505 1812 5577 vita,
