3706 5962
90 187 129 247 29
742 197 775 256 lli
793 198 930 263 CANTch
950 204 1058 268 slutto
1077 207 1122 266 lv.
1398 223 1406 229 ·
1718 212 1754 272 30

93 329 157 369 nam
180 313 286 384 pariter
303 312 434 371 virtutem
454 319 482 371 et
501 314 662 388 sapientiam
685 319 765 390 justis
787 322 898 399 legibus
914 344 938 430 Α
952 334 1028 404 scoto
1040 333 1104 405 (lso.
1121 347 1200 399 nur,
1213 336 1255 398 lu,
1274 331 1326 403 lsi-
1342 333 1406 388 lare
1419 347 1499 402 acon,
1512 349 1573 406 quae
1586 337 1622 392 ab
1639 335 1754 412 antiquo

91 416 194 475 praras
218 402 361 457 rationalis
384 410 518 460 creatura
541 420 596 461 nou
621 406 756 480 inspirare
775 413 898 485 quidem,
954 422 1088 480 currentis
1105 429 1209 478 natura
1229 436 1403 494 nequaquam
1413 422 1539 478 conclusa
1555 431 1617 480 sunt
1631 425 1752 500 legibus.
1788 431 1792 438 '

94 491 321 562 seddissltemffl
342 491 517 550 V0¹¹¹⁰¹³i087
538 492 658 562 Quodsi
680 497 717 554 iil
740 506 791 570 esi,
814 503 899 562 multo
953 515 1025 569 hotta
1047 512 1107 584 ejus
1125 512 1158 567 iu
1180 510 1299 569 ccclesia
1322 515 1499 568 sanctorum.
1515 511 1639 580 Quodam
1658 519 1753 586 nuqua

93 581 188 637 minus
214 579 318 652 ambigi
347 588 439 653 Ρθῑθθῑ
467 590 556 640 “¹021ss
583 592 745 643 caeiewrum
772 589 900 648 animan·
953 601 1122 657 excellentiae
1135 599 1290 674 privilegio,
1306 615 1362 655 non
1378 609 1483 657 tantum
1497 600 1632 673 equitatis
1644 602 1753 674 dispen-

95 670 178 736 tium,
204 686 265 742 qnae
290 670 405 726 naturali
428 670 567 728 ducuntur
585 674 696 742 allecta,
725 684 752 734 et
769 694 899 737 sensuum
953 690 1067 756 satione,
1088 689 1137 746 sed
1160 689 1279 765 gratuito
1303 689 1454 746 sanctitatis
1478 692 1552 746 dono
1575 697 1603 746 et
1627 707 1750 747 munere.

94 759 142 815 vel
160 758 365 832 imflffissfliiffliss
387 767 492 817 ‘imum
515 771 636 835 ficuum?
660 765 773 835 iudl⁰5⁰r
789 784 844 824 110ss
859 785 901 825 ar-
953 781 1026 835 leus
1038 781 1101 852 ejas
1114 781 1147 835 in
1160 779 1280 835 ecclesio
1293 785 1463 836 sanctorum
1477 797 1487 834 .·
1502 778 1631 851 quoniam
1647 779 1684 834 ita
1697 778 1754 836 lau·

95 849 181 904 bitrio
205 847 318 904 rationis
336 862 353 902 a
373 849 464 905 diuina
483 850 660 922 dispositione
674 855 786 912 minime
808 874 900 915 exem·
953 868 1015 922 dem
1031 869 1092 938 ejus
1102 874 1257 924 sanctorum
1271 867 1393 924 ostendit
1402 874 1490 938 actus,
1502 875 1532 922 ut
1545 867 1620 923 illam
1629 867 1753 924 attendat

96 946 174 1010 ptos.
197 939 233 994 Bt
248 945 278 992 ut
291 938 378 993 semel
392 939 566 1009 concludam,
584 941 773 1000 universarum
796 946 899 1005 veles·
953 957 1077 1013 allectus.
1102 957 1195 1013 Sancti
1212 957 1285 1012 enim
1313 956 1478 1014 excellenter
1504 957 1652 1029 gratiarum
1679 958 1752 1013 dona

96 1025 756 1104 sentiam,quainhocautinhocremmgenere
770 1037 899 1106 sunt,ch
953 1045 1113 1117 suscipiunt,
1143 1045 1314 1104 devotionern
1338 1047 1516 1117 persentiunt,
1540 1045 1753 1120 gratulationem
1786 1060 1790 1065 ·

95 1115 273 1172 existentiam
283 1133 337 1188 (11¹²
346 1125 419 1182 ⁸⁰⁰¹.
432 1117 476 1174 tel
484 1133 563 1174 sssum
580 1133 634 1190 (1¹10
647 1120 751 1194 aliquid
765 1123 897 1192 efficium·
953 1135 1121 1206 persolvunt.
1151 1135 1215 1192 ldeo
1243 1135 1362 1208 quodam
1394 1135 1520 1191 laudatur
1552 1133 1696 1207 privilegio
1723 1133 1752 1190 iu

95 1203 274 1275 justissimas,
307 1206 529 1278 potentissimus,
559 1207 789 1279 prudentissimus
806 1214 901 1272 made·
954 1223 1077 1280 Ecclesia
1094 1232 1251 1279 sanctorum
1267 1241 1274 1280 :
1291 1231 1369 1280 extra
1392 1223 1544 1281 Ecclesiam
1565 1222 1690 1280 laudatur
1703 1220 1754 1279 mi·

95 1302 175 1351 raiol·
198 1294 309 1352 &ieritis
332 1304 361 1352 el
382 1295 595 1354 immutabilibus
621 1306 725 1368 movet,
748 1310 775 1359 el
802 1310 900 1376 mutat,
954 1311 1068 1368 nisterio
1087 1311 1241 1367 insensibili
1266 1319 1294 1368 et
1307 1319 1383 1368 muto
1397 1329 1499 1379 rerum,
1515 1326 1585 1369 vano
1599 1311 1751 1369 bominum.

96 1392 127 1440 et
150 1385 273 1441 continet
294 1386 469 1443 decretorum
492 1386 605 1459 regulis,
622 1395 651 1443 et
674 1399 802 1447 cunctam
822 1409 902 1450 crea·
955 1400 985 1455 ln
999 1401 1082 1456 rebus
1097 1400 1243 1457 insensatis
1259 1400 1379 1457 conditio
1391 1419 1399 1471 ;
1413 1401 1442 1456 in
1464 1400 1618 1458 hominibus
1635 1415 1691 1457 non
1705 1415 1752 1457 re·

96 1481 190 1528 turam
217 1490 352 1548 nusquam
385 1476 557 1533 exorbitante
583 1476 656 1550 regit
682 1480 794 1550 justitia,
823 1483 901 1555 quasi
955 1487 1026 1543 natis
1044 1487 1180 1560 aliquanta
1203 1487 1331 1563 cognitio,
1349 1487 1376 1543 in
1391 1487 1495 1544 neutris
1519 1496 1611 1544 tamen
1631 1485 1750 1545 dilectio.

97 1563 333 1619 ordinatissimam
348 1572 375 1622 et
384 1565 622 1638 dispositissimam
637 1566 783 1626 civitatem.
954 1577 1024 1632 Nam
1039 1576 1147 1633 dilectio
1161 1575 1316 1634 conditoris
1335 1575 1377 1630 sui
1396 1574 1424 1630 in
1445 1575 1540 1646 primis
1553 1575 1637 1643 nulla,
1653 1575 1680 1629 in
1703 1589 1752 1632 sc·

138 1656 166 1707 5.
195 1652 320 1710 flaccina
350 1668 418 1726 ergo
446 1653 542 1710 civitas
571 1660 614 1708 est
638 1656 800 1714 universitas
823 1674 901 1716 crea·
955 1664 1052 1721 cundis
1065 1680 1119 1721 non
1130 1671 1233 1721 sancta.
1246 1666 1318 1720 heus
1332 1667 1392 1735 ejas
1402 1666 1434 1719 in
1444 1665 1561 1719 cocleae
1574 1667 1752 1722 sanctorum·

100 1749 184 1806 turae,
210 1757 289 1815 quarn
312 1757 415 1813 sponsa
439 1742 612 1800 circuituram
633 1759 663 1799 se
687 1748 834 1819 proponit?
848 1749 902 1805 cir·
918 1742 940 1821 Β
956 1753 1071 1809 Sanctus
1096 1751 1216 1808 enimet
1241 1767 1301 1824 quac
1323 1750 1432 1808 condita
1455 1758 1528 1820 sunt,
1544 1757 1574 1805 ut
1594 1744 1753 1809 naturaliter

99 1831 228 1887 coierunt
251 1830 389 1902 sapientes
409 1832 489 1903 hujus
512 1833 607 1890 saeculi
626 1848 720 1890 rerum
739 1844 858 1907 naturas,
874 1846 903 1895 et
956 1842 1020 1912 sint,
1039 1848 1067 1898 et
1089 1856 1150 1914 quaa
1171 1840 1328 1912 dispensata
1348 1847 1420 1907 sunt,
1437 1845 1465 1894 nt
1483 1838 1706 1896 inconvenienter
1723 1841 1753 1898 et

99 1923 128 1976 in
152 1917 268 1975 artificio
292 1934 342 1975 sno
357 1930 518 1991 operantem
540 1925 720 1983 adverterunt
740 1926 902 1997 sapientiam
956 1930 1109 1987 inordinate
1133 1944 1188 1986 non
1202 1929 1276 1996 sint;
1292 1937 1320 1986 et
1343 1945 1405 2003 qua
1424 1927 1753 2000 praedestinatianam

99 2007 159 2063 Dei.
177 2006 347 2078 Operantem
360 2009 431 2081 dico,
449 2011 499 2067 sed
513 2028 568 2070 non
582 2029 651 2087 opus
664 2016 699 2073 de
714 2031 768 2088 quc
781 2015 899 2088 legitur:
956 2022 1043 2088 beate,
1059 2020 1123 2086 sint,
1139 2019 1265 2077 universa
1278 2027 1466 2091 perscrutatur
1487 2025 1514 2074 et
1532 2018 1648 2074 aestimat
1668 2031 1754 2088 quau·

98 2096 173 2152 Deua
183 2100 283 2153 eutem
292 2114 345 2156 rea
357 2105 455 2156 noster
469 2106 651 2162 ontesaeculn
661 2109 793 2178 operatus
802 2111 845 2162 est
859 2122 902 2164 so·
955 2118 1013 2166 lum
1027 2110 1106 2167 datur
1123 2125 1129 2164 :
1150 2117 1180 2166 nt
1194 2125 1244 2182 per
1257 2110 1317 2166 irasc
1331 2107 1450 2165 auctoris
1463 2107 1538 2179 iuxta
1553 2105 1626 2164 vires
1641 2105 1753 2180 colligat

98 2186 192 2242 tutem
207 2186 241 2241 ira
256 2188 347 2245 aredio
361 2195 445 2247 terre
460 2191 549 2263 (Psoi.
564 2210 663 2264 nxxrrr,
682 2197 738 2269 ta).
755 2195 900 2270 Cognove-
955 2199 1103 2267 notionem,
1116 2198 1218 2272 migret
1226 2197 1262 2254 ad
1271 2196 1483 2266 emulationem,
1497 2196 1619 2270 rapiatur
1633 2195 1661 2251 in
1674 2193 1753 2250 allec·

99 2282 163 2330 rnnt
186 2275 324 2348 inopere
349 2277 494 2349 artillcem,
515 2283 565 2340 sed
589 2298 645 2341 non
666 2284 900 2359 glorificaverant5
955 2288 1068 2356 copem.
1218 2338 1223 2347 ,
1293 2299 1316 2357 ,’
1357 2354 1361 2360 ,

100 2372 145 2418 ant
168 2363 273 2437 gratias
291 2375 407 2439 merant
427 2369 518 2441 (Rom.
546 2387 565 2439 1,
596 2374 653 2447 al).
683 2372 782 2430 Fidelis
808 2360 901 2442 inii'rii
964 2354 1186 2466 'lfll'hc‘ergo
1204 2365 1467 2454 iivit'ai‘spi'ritualis
1488 2381 1540 2444 est,
1557 2375 1616 2430 hac
1629 2369 1753 2430 Ecclesia

100 2451 191 2507 omnia
204 2453 320 2525 replicat
334 2459 539 2515 ctreeensetin
553 2459 663 2519 laudem
675 2461 776 2530 Debet
790 2476 901 2518 omnem
955 2473 1118 2532 sanctornm,
1135 2448 1221 2538 quairi
1240 2460 1413 2520 ci'rc'uitbrdm
1435 2479 1497 2520 sese
1521 2478 1624 2535 sponsa
1646 2476 1752 2533 praesn-

103 2550 257 2597 creaturam
279 2552 412 2614 provocat
431 2545 465 2601 ad
485 2548 703 2620 glorificandum,
726 2550 904 2630 uiseipsaar
955 2554 1108 2633 missimus
1129 2553 1328 2632 bone-quanta
1352 2552 1395 2628 hic
1415 2551 1520 2629 utilium
1540 2547 1754 2621 copiaapecula-

101 2630 200 2686 excitet
221 2631 251 2686 in
274 2633 406 2707 gratiam,
433 2643 461 2691 et
482 2637 670 2693 univcrsitatis
689 2622 906 2705 contuii'u‘diril
956 2633 1080 2715 iiobuml
1101 2627 1274 2720 Quisfgepira‘
1288 2623 1532 2725 itatis'e'sistimare
1555 2637 1650 2710 possit,
1670 2651 1752 2710 quam

101 2735 165 2774 num
181 2719 337 2779 stimuletur
360 2721 388 2778 in
411 2738 542 2781 amorem.
565 2726 693 2783 circuivit
717 2726 854 2795 Salomon,
874 2732 903 2783 et
956 2731 1071 2803 pulchra
1084 2736 1112 2785 et
1125 2718 1205 2802 quani
1224 2711 1340 2800 §larini
1358 2717 1422 2783 ‘sint
1433 2727 1536 2800 tibique
1555 2726 1710 2798 spectacula
1724 2725 1753 2781 iu

100 2807 135 2864 de
160 2807 248 2864 cedro
273 2809 373 2866 Libani
398 2811 547 2884 disputavit
576 2815 721 2888 usquead
752 2818 902 2889 hyssopum
956 2817 1144 2885 sacramentis,
1168 2815 1314 2888 exemplis,
1331 2814 1490 2872 miraculis?
1509 2813 1600 2870 Prima
1623 2813 1754 2872 salvatio·

100 2897 155 2967 (ill
178 2898 242 2970 lico.
267 2913 306 2966 rr,
330 2902 388 2968 33).
408 2899 537 2957 circuivit
561 2901 589 2958 in
614 2902 790 2975 Ecclesiaste,
815 2911 844 2962 et
867 2904 902 2961 de
956 2908 1009 2979 nis,
1020 2905 1140 2964 secunda
1150 2903 1377 2974 conversationis,
1389 2903 1570 2960 attestationis
1585 2910 1648 2960 sunt
1661 2903 1751 2961 tertia.

100 2984 302 3041 elementorum
326 2996 470 3061 postquam
491 2988 620 3047 disseruit
645 2992 768 3060 circuitu,
789 2993 823 3049 ad
843 2992 902 3048 hn-
956 2997 1025 3068 Quid
1041 3010 1116 3064 vero,
1131 3011 1194 3051 cum
1217 2993 1251 3050 de
1275 2992 1420 3066 mysteriis,
1437 3008 1498 3050 cnm
1517 2993 1552 3050 de
1571 2992 1694 3049 moribus
1717 2989 1753 3048 ad

100 3089 203 3130 manos
225 3081 301 3131 actm
319 3076 532 3149 disputationem
555 3079 696 3149 derivarit,
717 3089 747 3138 ut
762 3083 797 3139 de
817 3091 939 3197 trans-c
956 3083 1190 3142 remunerationes
1222 3089 1340 3139 aetemas
1372 3081 1560 3153 temporalium
1593 3081 1753 3138 meritorum

101 3172 186 3220 eunte
200 3181 292 3221 rerum
306 3167 426 3224 vanitate
440 3168 474 3224 ad
497 3179 703 3241 permanentem
718 3172 845 3228 transiret
859 3188 903 3229 re-
957 3175 1123 3232 admiratura
1145 3185 1225 3229 mens
1249 3169 1387 3242 assurgit?
1410 3170 1546 3241 Quantum
1574 3169 1612 3225 ibi
1636 3168 1754 3242 profusis

101 3251 222 3310 ritatem.
248 3255 378 3312 circuivit
400 3256 462 3329 iob,
489 3257 544 3317 imo
562 3261 765 3319 circumductus
784 3270 827 3318 est
846 3276 901 3318 ma·
956 3265 1027 3321 rotis
1041 3261 1196 3320 refunditur
1209 3259 1321 3334 gaudiil
1337 3259 1407 3317 Filii
1421 3259 1578 3328 hominum,
1595 3259 1696 3334 utquid
1710 3258 1753 3315 di·

104 3343 176 3416 gisa
195 3344 313 3402 Domino
327 3362 378 3418 per
391 3355 474 3406 terrae
487 3348 676 3425 fundamenta,
693 3350 746 3409 ¹8
759 3368 809 3424 per
823 3367 903 3408 men·
958 3353 1050 3427 licitis
1068 3368 1152 3420 oona,
1171 3356 1200 3407 et
1213 3349 1346 3424 queritis
1363 3349 1562 3406 mendacium?
1576 3349 1661 3420 (Prot.
1673 3363 1713 3413 ιν,
1725 3346 1752 3417 3)

104 3449 208 3497 summ,
230 3450 280 3505 per
306 3432 407 3492 bucam
431 3445 458 3494 et
480 3438 571 3505 bases,
597 3446 625 3496 et
646 3439 765 3514 lapidem
786 3440 903 3516 angula·
957 3441 1053 3515 utquid
1063 3439 1182 3496 animum
1191 3437 1224 3493 ad
1235 3437 1324 3493 aliena
1333 3436 1532 3493 oblectamenta
1541 3436 1708 3504 convertitis,
1719 3436 1755 3490 la·

104 3538 177 3590 rem,
203 3530 230 3578 et
252 3531 327 3580 astra
348 3527 491 3598 matutina,
505 3535 534 3583 et
556 3527 673 3586 filiorum
691 3529 741 3587 liei
754 3530 870 3601 jubilum
895 3544 902 3585 :
957 3527 1199 3601 horioscquaeritis
1212 3526 1339 3581 labentes
1353 3523 1487 3580 deficias?
1502 3523 1584 3593 Quasi
1597 3524 1755 3580 admanum

104 3627 160 3683 per
173 3611 254 3669 mar-'s
270 3613 349 3680 onia,
366 3621 395 3673 et
416 3616 534 3686 vulvam,
550 3626 578 3674 et
599 3616 802 3686 vestimentum,
818 3626 846 3676 et
860 3633 906 3677 cu·
958 3618 1100 3676 materiam
1123 3615 1186 3671 lidei
1203 3621 1304 3671 nostra
1320 3611 1420 3669 tenetis
1442 3610 1589 3684 mysteria,
1604 3611 1639 3667 ad
1653 3626 1755 3669 marno-

103 3699 240 3773 liginosos
258 3701 378 3761 infantia
392 3699 505 3778 ¹pannos
526 3725 532 3765 :
557 3721 608 3780 per
632 3707 776 3778 terminos,
800 3716 903 3776 vectes,
960 3709 1028 3764 riam
1051 3713 1187 3780 prompta,
1213 3704 1249 3760 ad
1270 3701 1457 3759 meditandum
1480 3700 1609 3774 profusa,
1629 3702 1663 3756 ad
1685 3701 1754 3757 sub·

103 3797 133 3845 et
146 3789 228 3857 ostia,
252 3806 301 3864 per
323 3800 411 3849 ortum
436 3794 558 3864 diluculi,
583 3803 611 3853 et
634 3812 742 3854 aurora
757 3797 855 3865 lecum,
877 3804 906 3854 et
960 3797 1110 3855 sistendum
1133 3799 1275 3867 perpetua,
1295 3793 1331 3848 ad
1358 3790 1547 3847 sufficiendum
1569 3788 1660 3861 Pleni·
1684 3788 1754 3861 filib

102 3886 194 3935 certas
220 3879 353 3952 quasdam
377 3888 537 3940 caewrarnm
566 3901 657 3942 rerum
691 3884 804 3942 naturas
835 3886 903 3957 (loli.
960 3889 1080 3963 inquam,
1096 3884 1248 3951 hominum,
1263 3880 1318 3938 imo
1332 3879 1379 3936 lilii
1394 3880 1513 3947 Excelsi‚
1530 3879 1631 3934 alumni
1645 3877 1755 3953 religio·

103 3984 218 4038 xxxmn,
248 3972 352 4045 xxxix).
384 3973 486 4031 Omnes
520 3975 592 4031 euim
620 3991 764 4033 numerare
793 3976 906 4051 longum
961 3977 1014 4044 nis,
1032 3974 1077 4050 qni
1101 3973 1235 4049 regularis
1260 3969 1411 4042 disciplina
1429 3967 1522 4025 limina
1542 3968 1637 4037 teritis,
1659 3967 1755 4041 utquid

104 4068 172 4126 erat,
203 4077 265 4134 qnae
286 4061 377 4118 omnia
391 4063 541 4135 prudenter
564 4065 680 4121 intuenti
699 4065 906 4122 admirationem
959 4067 1034 4123 arida
1050 4065 1129 4122 lance
1151 4078 1236 4134 aquas
1250 4060 1420 4118 caenulentas
1433 4057 1522 4125 sititis,
1538 4058 1665 4115 coelestes
1680 4056 1756 4113 lasti·

106 4150 262 4207 condaris
292 4151 424 4224 iacerent,
449 4160 478 4210 et
502 4154 548 4227 pie
567 4156 751 4213 consideranti
773 4168 904 4214 amorem.
960 4155 1048 4212 ditis?
1063 4153 1164 4226 thuid
1178 4149 1359 4224 cogitationes
1372 4147 1513 4204 admittitis
1528 4146 1556 4202 in
1574 4146 1704 4212 animum,
1721 4144 1756 4203 ad

110 4239 144 4295 Et
161 4241 222 4298 hac
245 4242 427 4300 communiter
454 4245 581 4301 omnihus
610 4245 751 4319 proposita
778 4253 841 4301 sunt
865 4261 906 4302 ra-
960 4261 1074 4320 quarum
1089 4243 1211 4300 actiones
1225 4257 1280 4298 non
1303 4237 1408 4295 mittitis
1429 4239 1562 4294 manum?
1577 4237 1655 4306 Qnad
1672 4250 1757 4308 agera
1795 4264 1802 4271 ·

106 4327 179 4387 tinne
203 4331 354 4398 utentibus,
378 4339 405 4388 et
426 4333 580 4390 conditoris
602 4334 644 4390 sui
665 4337 836 4407 majestatem
851 4329 906 4390 ma·
961 4336 1067 4409 penitus
1088 4330 1263 4396 detrectatis,
1282 4329 1377 4404 utquid
1401 4327 1525 4385 studiosa
1542 4334 1634 4384 mente
1656 4334 1756 4383 ratrac·

105 4419 206 4476 niiesta
220 4419 429 4492 pulchritudinis
443 4438 500 4479 sure
515 4421 608 4495 specie
630 4423 832 4483 commendant.
849 4424 905 4480 Sub
960 4425 1043 4481 tatis?
1064 4422 1176 4497 Experti
1199 4421 1360 4493 frequenter
1380 4418 1445 4475 estis
1469 4417 1541 4489 quod
1562 4432 1671 4472 omnem
1686 4417 1757 4470 hanc

105 4516 161 4565 tam
179 4509 295 4583 pulchro
316 4516 407 4567 amen
422 4510 556 4569 velamine
580 4512 734 4584 pulchriora
751 4521 824 4580 sunt,
845 4528 906 4585 quae
960 4515 1070 4571 inanem
1094 4527 1223 4585 pompam
1242 4511 1400 4578 recogitatu
1416 4504 1588 4574 lurpiissdissss
1604 4503 1674 4560 &²⁰⁸
1686 4501 1757 4559 0¹⁰5·

104 4597 194 4656 latent
210 4599 367 4656 salvationis
381 4607 482 4658 nostrae
501 4610 680 4668 sacramenta,
702 4610 729 4660 et
748 4602 906 4674 multiplicia
959 4621 1026 4677 pere
1041 4603 1112 4659 solet
1127 4601 1216 4656 exitus
1230 4593 1414 4668 poenitudinis.
1429 4592 1555 4664 Denique
1573 4598 1601 4649 et
1613 4594 1702 4664 pudor
1715 4598 1758 4649 est

106 4686 289 4762 spiritualium
299 4688 371 4746 dona
380 4688 541 4762 gratiarum.
962 4693 1091 4766 prodere,
1102 4695 1130 4746 et
1144 4701 1227 4759 poena
1240 4683 1366 4742 reticere.
1382 4679 1566 4739 lleditationis
1576 4696 1645 4754 ergo
1655 4685 1757 4738 mutale

142 4781 169 4834 a.
188 4777 312 4852 Denique
333 4787 361 4834 et
376 4778 463 4835 David
477 4779 505 4835 in
524 4779 578 4836 fine
590 4779 760 4837 Psalmorum
774 4795 837 4835 curn
851 4792 907 4836 cm·
961 4780 1113 4848 materiam,
1129 4778 1179 4834 sed
1192 4783 1301 4834 servate
1316 4771 1481 4829 instantiam.
1496 4769 1584 4839 Quam
1599 4769 1701 4826 loednm
1715 4773 1759 4824 est

110 4884 171 4924 nem
186 4873 339 4926 creaturam
352 4869 381 4923 in
395 4868 490 4926 laudes
503 4868 553 4926 Dei
567 4870 730 4927 concitasset
748 4885 754 4923 :
772 4871 904 4935 contule,
962 4882 1025 4930 tunc
1039 4870 1128 4927 studia
1147 4876 1238 4927 vestra
1253 4863 1349 4931 minui,
1366 4879 1428 4920 cum
1443 4867 1582 4917 mutantur
1595 4859 1622 4916 in
1637 4857 1757 4960 melius?

110 4954 203 5027 inquit,
220 4959 339 5014 Domino
352 4958 499 5015 canticam
508 4973 623 5025 nomm,
636 4960 699 5017 latta
709 4961 770 5033 ejus
781 4959 813 5014 in
823 4960 907 5016 eccle·
961 4964 1018 5019 lloc
1032 4964 1123 5019 aulem
1138 4959 1217 5024 dico;
1235 4956 1305 5013 sicut
1319 4951 1479 5012 exhibuistis
1499 4949 1620 5006 animum
1634 4947 1668 5001 ad
1683 4960 1779 5046 cogn.

107 5043 153 5102 sia
166 5052 333 5104 coactorum
347 5046 433 5119 (Psoi.
449 5063 540 5116 cxcix,
556 5048 593 5121 l).
609 5047 679 5105 Vere
699 5065 811 5114 nomtm,
829 5049 907 5119 cujus
962 5060 1033 5108 tatus
1063 5049 1230 5106 affectuosos
1253 5045 1335 5103 sada
1361 5040 1549 5116 turpitudinis,
1569 5039 1606 5093 ita
1629 5036 1757 5135 cshtbolc

108 5135 195 5190 nescit
208 5134 400 5208 antiquitatem
419 5135 544 5207 materia,
560 5136 697 5194 fastidium
718 5137 805 5210 gratia
823 5151 829 5190 :
845 5153 908 5209 quar
962 5157 1033 5198 nunc
1047 5140 1081 5195 ad
1104 5136 1235 5195 fecundos
1255 5134 1384 5192 circuitus
1406 5131 1523 5204 pulchrae
1547 5125 1678 5183 veritatis.
1695 5125 1756 5183 cir·

108 5239 217 5295 semper
230 5232 273 5280 est
287 5240 382 5281 amore
395 5239 504 5294 recens,
520 5241 571 5281 usu
586 5226 731 5284 recentior.
750 5227 819 5283 llere
835 5225 908 5281 enirn
962 5231 1093 5289 rnmdotc
1111 5230 1188 5295 sion,
1210 5225 1298 5297 inquit
1317 5220 1469 5287 Psalmista,
1485 5221 1514 5274 et
1533 5215 1756 5289 complectimini

107 5328 223 5382 mcum,
238 5314 312 5386 quod
326 5314 467 5371 hominum
480 5313 586 5372 animos
604 5315 639 5372 ad
652 5323 783 5373 aeternam
797 5315 908 5371 innovat
961 5336 1024 5378 eom
1038 5318 1123 5391 (Psoi.
1139 5329 1226 5385 xcvu,
1243 5317 1298 5383 13).
1314 5308 1484 5371 Circumdate
1499 5305 1666 5371 meditando,
1682 5318 1758 5406 curn·

107 5402 574 5481 beatimdinemilenlqnolegitur:
586 5406 908 5478 Nemantnera’tisprio·
961 5407 1107 5482 plectimini
1129 5403 1256 5461 amando.
1275 5396 1492 5472 complectimini
1510 5401 1628 5462 camut
1646 5395 1707 5466 eim
1720 5397 1758 5450 stt

103 5497 228 5563 ram,ct
240 5495 360 5569 somno
372 5495 707 5567 calamitosissimam
728 5510 835 5572 quoque
854 5508 903 5566 eos
962 5506 989 5554 et
1010 5492 1218 5574 comprehensio
1240 5490 1356 5567 integra,
1372 5497 1399 5545 et
1413 5486 1555 5550 collocatio
1574 5482 1677 5548 ntiae·
1693 5480 1756 5548 Pius
