3706 5962
154 223 207 283 aas
432 208 434 213 '
647 221 755 283 sonno
776 221 818 281 ns
841 223 918 282 vrri
938 221 978 281 nr
999 219 1155 283 rtsstoun
1176 221 1300 283 noum.
1756 223 1813 286 aas

153 349 288 421 amplecti,
304 350 409 407 fortiter
423 348 521 407 imitari
535 348 649 422 dignum
664 355 715 419 est,
736 348 844 404 salubre
858 355 885 404 et
897 347 950 404 bo·
967 361 992 440 g
1010 346 1078 402 calis
1097 345 1271 403 coutinentia
1288 356 1353 402 voto
1382 343 1533 418 sigillatam,
1544 352 1549 362 ·
1560 344 1589 401 in
1616 346 1703 418 cujus
1731 361 1811 406 saoro

145 438 306 496 noritieum.
322 440 386 496 llaec
400 441 472 496 enim
500 445 563 495 sunt
590 438 768 494 instrumenta
790 437 949 506 fortissima,
1006 443 1084 492 utero
1111 436 1170 492 sola
1201 434 1318 508 Spiritus
1345 434 1432 491 sancti
1456 434 1650 492 inenarrabilis
1673 433 1767 493 virtus
1784 445 1810 496 ta

152 529 251 600 quibus
265 529 438 601 omnipotens
457 529 546 586 virtus
562 537 590 585 et
608 526 807 601 investigabilis
820 526 952 599 sapientia
1006 524 1111 598 concipi
1129 525 1200 592 iecit,
1217 532 1243 580 et
1266 525 1339 580 nesci
1359 523 1386 578 in
1414 539 1485 582 rerae
1510 524 1670 582 humilitatis
1684 531 1809 585 natura:

152 618 212 685 Dei,
233 617 457 675 restaurationem
471 619 565 673 mundi
589 625 715 688 potenter
730 623 811 688 atque
837 615 951 672 mirifice
1005 615 1042 671 ita
1056 621 1085 671 ut
1105 630 1154 671 nac
1167 613 1312 671 divinitatis
1325 613 1354 669 in
1382 620 1409 669 ιε
1424 614 1602 683 majestatem,
1619 629 1673 670 nec
1688 614 1809 690 virgini-

153 716 267 779 operata
280 715 330 774 est,
351 715 379 764 et
393 723 479 780 usqne
494 709 576 764 modo
601 714 740 779 operatur.
757 706 879 762 Christus
894 707 949 761 Do·
1005 704 1067 760 tatis
1079 703 1263 776 integritatem
1278 702 1306 758 in
1322 703 1406 758 llatre
1425 702 1539 759 violaret
1557 702 1713 760 nauviutis
1728 719 1810 762 occa·

153 796 403 854 miuusminoratus
417 803 459 853 est
472 797 506 852 ab
522 796 641 869 Angelis,
658 802 687 852 ut
702 811 751 853 nos
765 794 950 867 aequarethn-
1004 792 1095 850 sio.0
1123 791 1246 861 amanda,
1273 806 1289 847 o
1316 791 1473 847 admiranda
1502 791 1638 864 dignatio!
1655 793 1735 850 Dens
1753 793 1810 852 im·

153 885 231 960 galis.
246 887 279 942 Et
292 886 353 960 quis
366 893 479 958 propter
494 885 634 942 Christum
662 901 716 941 non
742 900 773 941 se
799 884 950 942 humiliet?
1003 898 1104 939 mensae
1118 881 1223 955 gloria,
1240 879 1341 937 vermis
1367 879 1578 952 contemptibilis
1595 880 1657 938 lieri
1676 897 1737 938 non
1750 883 1805 941 de·

153 974 276 1032 Christus
289 974 420 1033 Dominus
434 991 484 1046 pro
497 975 613 1046 peccatis
626 975 727 1031 nostris
742 973 888 1031 crucifixus
897 981 948 1040 est,
1004 971 1132 1043 spexisti;
1149 972 1222 1027 Deus
1236 969 1368 1038 omnium,
1384 984 1533 1027 conservus
1547 986 1693 1028 servornm
1714 986 1804 1046 appa·

154 1074 181 1120 et
196 1080 303 1122 crucem
316 1079 434 1120 amaram
454 1065 511 1120 suis
525 1065 692 1120 amatoribus
705 1062 866 1121 dulcoravit.
880 1063 951 1119 lior·
1005 1076 1064 1117 rere
1073 1059 1192 1117 voluisti.
1207 1061 1303 1116 Parum
1319 1058 1368 1115 tibi
1385 1059 1474 1117 visum
1488 1066 1529 1116 est
1553 1062 1661 1118 Patrem
1676 1069 1706 1118 te
1719 1061 1802 1119 nobis

153 1159 220 1211 tuus
234 1161 286 1226 est,
301 1161 329 1211 et
347 1162 463 1211 mortem
477 1153 593 1217 necavit,
609 1160 639 1209 ut
652 1152 805 1211 viveremus
835 1167 885 1224 per
911 1150 949 1206 il·
1004 1165 1064 1205 esse
1078 1154 1105 1205 et
1115 1148 1272 1207 dominum:
1290 1147 1374 1204 irater
1384 1155 1476 1205 noster
1489 1164 1550 1205 esse
1561 1148 1692 1222 dignatus
1712 1165 1753 1206 es.
1770 1150 1806 1207 tlt

155 1242 220 1299 lum.
235 1243 269 1307 Et
283 1242 346 1315 quis
364 1259 419 1299 non
438 1249 509 1299 amet
536 1242 675 1298 Christum
700 1240 844 1297 Dominum
860 1240 874 1297 l
889 1239 950 1311 quis
1005 1247 1044 1307 tn,
1059 1236 1175 1294 Domine
1201 1237 1402 1305 universorum,
1427 1238 1473 1310 qui
1501 1237 1603 1296 nullam
1625 1238 1717 1297 habas
1730 1238 1804 1296 indi-

154 1345 210 1389 uou
224 1332 342 1404 patiatur
356 1346 404 1403 pro
419 1330 525 1389 Christo
539 1331 553 1388 l
569 1329 691 1386 Christus
705 1346 753 1401 par
768 1330 856 1386 crucis
870 1329 952 1401 igno-
1005 1326 1137 1402 gentiam,
1156 1325 1225 1383 intra
1238 1326 1297 1396 ipsa
1310 1324 1455 1382 nativitatis
1470 1332 1523 1381 tuae
1546 1324 1622 1381 initia
1636 1340 1693 1382 non
1709 1325 1807 1384 abhor-

154 1419 264 1478 miniam
284 1421 319 1477 ad
334 1436 459 1492 supemae
485 1420 617 1477 claritatis
644 1418 759 1491 gloriam
786 1419 895 1486 transit,
924 1424 952 1474 et
1005 1414 1083 1474 ruisti
1112 1414 1300 1485 abjectissima
1323 1413 1490 1487 paupertatis
1517 1415 1663 1487 degustare
1702 1413 1807 1472 incom-

153 1509 215 1567 dnta
229 1516 270 1567 est
284 1510 310 1566 ei
324 1524 373 1581 pro
392 1525 442 1566 sua
456 1509 639 1567 reverentias
665 1508 724 1564 Deo
747 1508 826 1563 Patre
859 1505 948 1564 omnis
1007 1505 1144 1564 moda.Ut
1168 1502 1302 1560 enimait
1328 1503 1476 1574 Scriptura,
1492 1502 1542 1559 tibi
1555 1519 1619 1560 cum
1634 1504 1805 1571 nascereris,

153 1606 275 1671 potestas
294 1599 322 1655 in
335 1598 406 1657 coelo
420 1608 446 1657 et
461 1598 489 1655 in
508 1605 589 1665 terra,
607 1605 637 1654 ut
650 1596 764 1675 adorent
777 1611 839 1652 enm
855 1609 949 1653 omnes
1006 1612 1064 1656 con
1071 1598 1133 1652 crat
1145 1597 1220 1652 locus
1233 1594 1266 1649 irc
1273 1593 1430 1653 diversorio
1440 1592 1519 1666 (luc.
1532 1595 1610 1662 11,7);
1621 1608 1715 1668 neque
1723 1609 1808 1652 cuna·

154 1687 253 1760 Augeli
267 1688 328 1754 uei,
344 1695 372 1743 et
385 1687 413 1743 in
426 1687 534 1744 nomine
553 1688 618 1742 lesu
633 1700 713 1742 omne
738 1700 812 1757 genu
826 1685 950 1743 tlectntur
967 1670 990 1747 Β
1005 1685 1080 1754 bula,
1096 1699 1156 1754 quae
1170 1681 1381 1739 teneritudinem
1395 1688 1470 1739 tuam
1484 1681 1654 1754 exciperent,
1664 1683 1804 1741 habuisti:

155 1776 316 1839 caelestium,
328 1775 507 1843 terrestrium,
520 1782 547 1830 et
561 1774 742 1831 internorum.
1005 1774 1054 1829 sed
1069 1774 1096 1829 in
1112 1773 1158 1830 vili
1172 1772 1307 1843 praesepio
1320 1772 1456 1828 sordentis
1465 1771 1574 1839 stabuli,
1591 1779 1622 1828 tu
1640 1772 1690 1844 qui
1705 1778 1805 1829 terram

192 1868 218 1919 2.
239 1862 288 1920 tlni
303 1870 345 1919 est
358 1862 484 1934 gloriatio
499 1872 553 1927 tua,
583 1877 599 1917 o
614 1863 771 1930 christiane,
792 1861 844 1917 nisi
859 1861 886 1916 in
901 1875 950 1919 uo·
1007 1860 1096 1934 palmo
1106 1859 1258 1928 concludis,
1281 1858 1417 1916 involutus
1431 1859 1584 1929 panniculis
1600 1858 1753 1917 reclinatus
1764 1876 1802 1917 es.

155 1950 229 2006 mine
242 1949 365 2008 crucifixi
379 1950 487 2008 Domini
500 1950 550 2005 Doi
565 1949 614 2017 tui,
630 1960 658 2007 et
672 1950 699 2006 in
714 1949 815 2007 Christi
829 1951 949 2021 nomine,
1006 1951 1041 2005 Et
1055 1950 1106 2005 hoc
1119 1947 1209 2020 ipsum
1236 1964 1252 2003 a
1267 1947 1354 2004 brutis
1365 1948 1527 2004 animalibus
1542 1950 1627 2004 llatcr
1643 1958 1692 2005 tua
1712 1952 1805 2006 mutuo

153 2039 285 2111 qnodest
302 2053 601 2110 superomnenornen‚
621 2039 716 2112 inquo
733 2038 952 2111 quibenadictus
1005 2037 1118 2107 accepit.
1152 2035 1345 2105 consolamini,
1374 2034 1420 2108 qui
1448 2035 1476 2091 in
1497 2035 1624 2092 sordibus
1638 2039 1805 2112 paupertatis

152 2135 285 2197 estsuper
296 2135 406 2198 terram,
422 2127 598 2185 benedicetur
622 2128 651 2182 in
665 2126 768 2185 coelis?
791 2127 952 2185 Gloriamini
1005 2125 1171 2192 enutrimini,
1187 2125 1250 2197 quia
1268 2122 1407 2182 vobiscum
1420 2123 1494 2180 Deus
1508 2125 1536 2180 in
1551 2135 1727 2199 paupertate.
1745 2128 1804 2184 Non

153 2214 303 2272 innomine
318 2216 379 2272 Filii
400 2215 599 2287 Redemptoris,
624 2223 653 2273 et
671 2215 732 2272 dete
755 2217 887 2274 bonorem
914 2216 952 2273 illi
1008 2215 1088 2273 cubat
1103 2215 1131 2270 in
1145 2213 1251 2271 deliciis
1266 2213 1401 2284 splendidi
1414 2212 1542 2287 cubiculi,
1557 2228 1609 2270 nec
1623 2215 1766 2273 invenitur
1777 2216 1804 2273 in

153 2304 284 2363 salvatori
296 2311 400 2371 nostro,
414 2306 460 2377 qui
472 2321 572 2380 magna
584 2304 648 2362 lecit
662 2306 688 2361 in
700 2304 790 2374 nobis,
806 2312 834 2362 et
848 2305 953 2379 magni·
1006 2314 1078 2363 terra
1108 2303 1228 2360 suaviter
1249 2301 1410 2362 viventium.
1434 2302 1507 2372 Quid
1532 2304 1606 2360 ultra
1627 2304 1768 2377 gloriaris,
1786 2321 1803 2363 o

152 2392 230 2450 licata
245 2409 343 2450 nomen
358 2394 417 2464 ejus
436 2409 555 2463 mecum,
570 2395 692 2451 dicentes
707 2412 714 2449 :
738 2395 891 2451 adoramus
913 2401 949 2464 te,
1004 2394 1090 2461 dives,
1102 2393 1129 2449 in
1144 2407 1173 2448 re
1187 2392 1270 2461 lutea,
1286 2392 1313 2448 in
1324 2392 1467 2450 volutabro
1482 2391 1544 2450 lecti
1559 2392 1628 2464 picti
1642 2401 1674 2450 et
1687 2393 1801 2483 daliqti,

152 2481 259 2540 Christe
277 2498 329 2539 rex
342 2481 425 2539 lsrael
445 2484 544 2555 pariter
558 2491 584 2540 et
599 2483 737 2551 Gentium,
753 2483 882 2556 princeps
907 2499 953 2541 re·
1004 2498 1067 2541 curn
1081 2483 1136 2539 Rex
1150 2497 1246 2555 regum
1260 2482 1386 2539 recubitu
1408 2498 1458 2540 suo
1477 2498 1631 2554 pauperum
1656 2492 1803 2542 stramenta

153 2587 220 2644 gum
236 2579 322 2639 terrae,
337 2571 453 2627 Domino
478 2575 551 2629 Deus
566 2573 692 2640 sabaotb,
707 2572 793 2629 virtus
821 2572 950 2646 omnipo·
1004 2571 1146 2628 honestare
1158 2569 1308 2627 maluerit?
1322 2571 1387 2642 quid
1402 2572 1470 2628 dura
1485 2578 1635 2630 stramenta
1649 2572 1801 2643 ἀειεειιτίι,

157 2659 237 2716 tentis
251 2659 300 2716 Dei
315 2659 474 2717 fortissima.
497 2660 648 2718 Adoramns
662 2669 688 2717 ιε
712 2661 860 2733 pretiosum
885 2677 952 2732 pre·
1005 2675 1065 2717 cum
1081 2669 1158 2717 tener
1172 2659 1321 2715 infantulus
1351 2659 1379 2714 in
1407 2661 1486 2730 cujus
1510 2675 1595 2717 manu
1622 2661 1800 2729 suntomnia,

154 2747 222 2806 tium
239 2748 431 2818 redemptionis
446 2757 555 2817 nostrae,
579 2750 695 2806 hostiam
724 2748 875 2820 pacificam,
905 2750 952 2822 qui
1004 2749 1057 2804 tuis
1071 2748 1176 2820 sericis,
1192 2749 1247 2804 tuis
1262 2747 1362 2821 plumis
1376 2747 1459 2804 duras
1487 2748 1678 2820 iumentorum
1693 2751 1803 2825 stipulas

155 2837 215 2895 sola
239 2837 331 2894 odoris
348 2837 386 2894 tui
409 2839 546 2896 suavitate
568 2837 750 2896 inestimabili
765 2839 881 2905 Patrem,
905 2837 953 2912 qni
1004 2837 1193 2913 praelegerit?
1212 2835 1265 2894 Sed
1287 2842 1314 2893 ct
1336 2837 1433 2894 maella
1449 2840 1506 2908 tua,
1523 2838 1641 2911 Christe,
1657 2839 1804 2896 infantiae

155 2924 183 2983 in
194 2926 257 2982 altis
270 2925 382 2994 habitat,
398 2928 432 2982 ad
455 2928 653 2999 respiciendum
676 2927 787 2983 humilia
806 2927 951 2995 inclinasti,
1005 2936 1209 2994 persecutorum
1222 2926 1321 3000 gladiis
1336 2932 1391 2983 tuta
1405 2942 1460 2983 non
1476 2926 1538 2983 tuit.
1556 2926 1655 2984 Adhuc
1668 2927 1744 2984 enim
1759 2928 1803 2984 in·

154 3024 184 3071 et
194 3014 258 3070 tiliis
270 3016 307 3071 its
321 3014 482 3087 placabilem
496 3016 647 3073 reddidisti.
662 3018 746 3085 Tuas,
761 3015 879 3085 Christe,
893 3015 950 3071 mi·
971 2970 1047 3074 cter
1060 3015 1150 3073 dulcia
1166 3016 1256 3071 biatris
1270 3015 1355 3071 ubera
1370 3031 1471 3091 sugens
1489 3016 1673 3090 dependebas,
1689 3017 1805 3090 qnando
1827 3048 1830 3052 Δ

156 3103 306 3159 serationes
330 3103 519 3175 predicamus,
550 3114 602 3163 tnoe
626 3105 765 3162 suavitatis
793 3104 951 3162 memoriam
1004 3105 1129 3179 apparuit
1151 3104 1264 3178 angelus
1278 3105 1306 3161 in
1320 3104 1545 3179 somnislosepb,
1572 3105 1663 3163 dicens
1678 3125 1687 3162 a
1703 3107 1803 3180 Surge,

156 3207 218 3249 cum
232 3192 395 3250 abundantia
413 3200 580 3252 eructamus.
609 3194 683 3268 Tibi,
702 3194 819 3268 Christe,
847 3194 950 3252 sacrifi·
1004 3203 1031 3256 et
1045 3197 1140 3269 accipe
1154 3196 1275 3252 Puerum
1290 3198 1319 3250 ει
1334 3195 1452 3252 listram
1467 3197 1538 3267 ejus,
1550 3200 1580 3254 et
1592 3198 1661 3269 suge
1671 3196 1705 3252 ira
1724 3199 1804 3271 Aigy-

156 3280 228 3338 cium
255 3281 342 3339 laudm
364 3283 534 3340 immolamus
557 3298 607 3356 pro
625 3282 797 3341 multitudine
824 3282 951 3340 bonitatis
1003 3284 1271 3362 ptumetestoibi,
1288 3284 1458 3356 usquedum
1476 3285 1570 3343 dicam
1581 3285 1645 3343 tibi.
1661 3289 1803 3343 Miserum

156 3376 220 3437 ltlae·
241 3387 322 3444 quam
337 3372 476 3430 ostendisti
490 3372 577 3441 nobis,
603 3373 700 3429 semini
728 3388 855 3445 nequam,
888 3371 951 3428 liliis
1004 3380 1046 3436 eat
1059 3378 1137 3434 enirn
1152 3377 1187 3431 ut
1197 3372 1313 3431 Herodes
1323 3377 1435 3446 quaerut
1443 3376 1567 3431 Puerum
1581 3373 1804 3447 udpcrdertdum

155 3461 293 3519 sceleratis
306 3471 334 3520 et
347 3464 470 3534 perditis.
484 3465 553 3520 Cum
580 3464 671 3520 adbuc
694 3461 798 3518 inimici
813 3462 851 3517 tni
871 3476 947 3519 esse·
1005 3464 1189 3537 rumitant.
1204 3463 1364 3524 u,13.lam
1380 3469 1486 3529 extunc,
1496 3463 1568 3519 bone
1580 3463 1737 3530 Jesu,dnra
1751 3462 1804 3535 pati

156 3564 225 3617 mus,
250 3551 375 3620 Domine,
388 3561 415 3609 et
441 3567 515 3608 mors
536 3552 629 3624 iniqua
649 3551 677 3606 in
705 3565 813 3608 omnem
841 3565 949 3607 carnem
1005 3553 1124 3626 coepisti,
1151 3552 1207 3609 Nec
1221 3551 1309 3608 solum
1338 3550 1412 3607 illam
1426 3550 1546 3608 infantia
1566 3561 1619 3608 tuae
1634 3552 1803 3610 vexationem

155 3647 296 3695 exerceret
318 3639 477 3706 dominium,
499 3640 541 3696 cui
576 3653 657 3695 omne
683 3654 775 3695 mmen
789 3638 879 3695 Adam
893 3647 953 3697 erat
1005 3644 1033 3699 in
1053 3650 1080 3699 to
1107 3641 1167 3714 ipso
1189 3638 1428 3712 pertulistissiil
1447 3641 1493 3698 sed
1508 3648 1623 3698 mortem
1642 3642 1674 3699 in
1701 3640 1804 3714 pusillis

155 3724 304 3780 obnoxium
317 3725 386 3800 lege
406 3726 589 3800 primordialis
610 3725 707 3797 cnlpae,
733 3728 893 3784 recordatus
922 3743 952 3784 as
1006 3732 1069 3801 tuis,
1080 3745 1195 3804 quorum
1210 3729 1290 3785 multa
1304 3729 1390 3786 millia
1413 3729 1483 3786 inter
1504 3729 1670 3788 mammillas
1690 3738 1803 3789 matters

155 3810 232 3868 verbi
251 3812 442 3872 misericordiae
463 3822 527 3880 tua,
552 3823 579 3869 et
602 3815 767 3887 prospexisti
786 3830 820 3872 ex
844 3814 951 3872 sublimi
1004 3836 1055 3894 pro
1070 3826 1094 3876 te
1109 3817 1222 3876 Herodis
1237 3817 1376 3877 trucidarit
1390 3818 1552 3876 immanitas.

155 3899 319 3957 habitatione
334 3910 379 3958 tua
405 3905 432 3960 iu
451 3905 521 3960 hanc
533 3902 628 3960 vallem
647 3903 806 3976 plorationis
816 3913 951 3963 nostrast
1041 3911 1068 3965 i.
1083 3907 1269 3966 iniantiavero
1283 3907 1411 3965 teneriori
1424 3909 1546 3975 decursa,
1572 3907 1715 3968 humiliter
1733 3909 1802 3969 aeri·

156 3988 283 4048 mneriae.
304 3991 402 4049 Vidisti
432 3993 606 4050 aillictionem
630 3995 725 4067 populi
748 3993 797 4065 tui,
822 4002 850 4050 et
865 4004 952 4055 tactus
1005 3999 1066 4056 tatis
1084 3998 1162 4055 nobis
1176 3997 1331 4067 exemplum
1359 3996 1489 4054 tribuisti.
1516 3999 1579 4055 Nou
1605 3998 1685 4055 enim
1712 3997 1804 4056 sedisti

156 4081 268 4140 dulcore
290 4081 429 4141 charitatis
459 4082 632 4151 intrinsecus,
661 4084 810 4155 apposuisti
833 4084 952 4158 cogitare
1006 4104 1067 4144 cum
1095 4085 1208 4144 oonsilio
1226 4086 1383 4153 vanitatum,
1413 4087 1462 4143 sed
1489 4087 1517 4143 in
1545 4087 1640 4144 medio
1654 4088 1803 4155 doctorum,

156 4186 238 4243 snper
253 4186 304 4229 nos
317 4172 496 4245 cogitationes
510 4171 585 4244 pacis
599 4180 625 4230 et
639 4172 842 4246 redemptionis.
1006 4177 1175 4249 interrogans
1190 4181 1217 4232 et
1244 4175 1356 4233 audiens
1382 4175 1453 4242 illos,
1477 4191 1536 4233 cum
1561 4184 1658 4234 nmen
1675 4178 1805 4235 baurim

193 4263 220 4316 3.
235 4260 392 4333 thnidem
407 4278 555 4319 cumesses
570 4261 653 4318 Filius
678 4261 737 4331 Dei,
754 4263 827 4319 Deus
858 4279 949 4335 verns,
968 4286 991 4363 ss
1007 4266 1179 4324 scientiarum
1200 4280 1275 4320 esses
1297 4270 1380 4337 atque
1406 4264 1544 4337 Sapientia
1567 4265 1619 4322 Dei
1638 4266 1741 4325 Patris.
1756 4266 1806 4325 Sed

155 4351 214 4408 Deo
229 4350 311 4422 Patri,
326 4360 473 4424 sanctoque
490 4350 602 4423 Spiritui
617 4359 777 4423 coaternus,
792 4360 819 4409 et
833 4355 951 4412 eonsub·
1007 4364 1033 4414 et
1047 4355 1210 4414 obedientia
1221 4353 1300 4411 nobis
1315 4353 1430 4410 formam
1448 4354 1609 4422 retribuisti,
1630 4355 1698 4412 dnm
1714 4372 1805 4429 paras-

155 4439 298 4507 stnntialis,
320 4440 406 4496 lucem
428 4439 552 4497 habitans
576 4439 800 4512 inaccessibilem,
826 4453 951 4514 portans·
1007 4454 1064 4504 tum
1079 4444 1194 4516 imperio
1208 4452 1236 4499 tu
1256 4444 1406 4514 Imperator
1419 4443 1512 4501 mundi
1530 4442 1671 4503 humiliter
1683 4445 1807 4503 subditas

154 4545 210 4601 que
225 4529 410 4586 omnisverbo
423 4529 530 4587 virtutis
545 4538 608 4598 tuae,
624 4545 678 4587 non
692 4530 840 4604 despexisti
860 4530 951 4591 inhoc
1006 4535 1143 4595 exstitisti.
1162 4534 1199 4590 nt
1212 4532 1259 4589 ubi
1289 4531 1453 4590 robustioris
1466 4532 1551 4590 atatis
1566 4532 1714 4603 plenitudo
1728 4535 1807 4594 adre-

155 4622 258 4673 nostra
287 4618 456 4675 mortalitatis
483 4620 647 4691 ergastulum
675 4619 844 4677 altitudinem
878 4630 953 4679 tuam
1006 4627 1054 4691 nit,
1075 4624 1207 4680 missurus
1232 4637 1329 4679 manus
1347 4623 1379 4678 ad
1393 4621 1482 4693 fortia,
1501 4638 1628 4694 egressus
1643 4639 1674 4682 es
1689 4624 1722 4682 in
1736 4624 1807 4682 saln-

155 4703 298 4771 inclinare,
314 4705 361 4762 ubi
376 4716 497 4764 nostram
511 4715 539 4764 et
552 4716 714 4779 gustaresct
728 4710 889 4767 absorberes
903 4710 953 4767 mi·
1006 4722 1060 4771 tcrn
1074 4712 1168 4786 populi
1193 4712 1241 4781 tui,
1258 4719 1288 4768 ut
1307 4711 1385 4785 gigas
1407 4711 1568 4785 magnificus
1587 4711 1624 4767 ad
1645 4714 1809 4771 currendam

155 4793 263 4859 seriam,
281 4808 542 4868 nosquereparnres
568 4797 604 4851 ad
627 4795 752 4869 gloriam.
776 4798 875 4856 Parum
902 4799 953 4857 fuit
1005 4803 1075 4863 viam
1090 4803 1173 4858 totius
1185 4802 1284 4857 nostrae
1308 4800 1435 4860 miseria.
1454 4800 1488 4858 Et
1505 4801 1616 4872 quidem
1645 4809 1676 4858 ut
1693 4818 1810 4874 perom-

155 4881 278 4940 cbaritati
292 4888 345 4938 tuae
371 4885 404 4940 ed
418 4885 663 4941 consummandum
679 4901 750 4956 opus
761 4895 861 4945 nostra
881 4889 952 4944 salu·
1006 4893 1050 4948 nia
1065 4901 1091 4949 te
1105 4891 1224 4964 primurn
1250 4890 1380 4948 iratribus
1404 4890 1580 4961 assimilares,
1603 4907 1722 4950 serrum
1738 4902 1809 4951 tnua

156 4972 199 5040 tis,
220 4971 367 5028 Cherubim
387 4982 434 5030 ant
448 4973 598 5044 Seraphim,
612 4981 660 5030 aut
676 4990 760 5033 unum
784 4992 817 5033 ex
842 4978 953 5051 Angelis
1006 4980 1184 5055 baptizantem
1215 4989 1373 5053 peccatores
1401 4981 1429 5038 in
1457 4980 1656 5055 paenitentiam,
1679 4990 1808 5058 unquam

154 5059 292 5118 destinare
308 5077 316 5119 :
330 5061 390 5135 ipse
404 5061 494 5118 renim
503 5062 536 5118 ad
554 5077 605 5120 nos
622 5063 752 5137 dignatus
766 5079 796 5121 es
810 5081 859 5136 per
872 5082 951 5122 man·
1006 5077 1136 5147 peccator
1154 5071 1236 5127 adisti
1255 5087 1263 5129 ε
1290 5069 1421 5142 baptizari
1447 5076 1473 5128 te
1498 5071 1656 5145 postulasti,
1675 5070 1808 5134 innocens

155 5149 246 5206 datum
260 5150 357 5218 Patris,
373 5152 452 5221 cujus
471 5151 581 5208 nimiam
608 5153 761 5225 charitatem
777 5155 880 5224 experti
899 5171 950 5212 sn·
1006 5163 1084 5237 Agre
1099 5163 1160 5234 Del,
1175 5177 1257 5235 quem
1270 5161 1343 5217 nulla
1367 5162 1470 5234 peccati
1490 5161 1560 5219 scilta
1574 5176 1700 5236 unqugm
1716 5179 1809 5223 mm.

154 5253 216 5296 ¹¹¹¹¹³
230 5239 257 5295 1¹¹
274 5246 309 5296 ¹0·
326 5240 439 5309 venisli,
472 5242 592 5314 illlum,
616 5258 671 5300 ⁰⁰11
695 5243 782 5300 ¹0⁰⁰OE
808 5244 949 5314 mumfldb
1005 5253 1080 5311 lavit.
1095 5252 1248 5325 baptizatus
1275 5259 1365 5308 aumrn
1380 5265 1434 5309 non
1449 5258 1475 5307 te
1502 5251 1530 5308 in
1545 5251 1633 5324 aquis,
1659 5252 1714 5311 aad
1730 5267 1811 5329 aquas

131 5384 134 5389 .
154 5328 203 5386 sed
216 5330 389 5402 presentiam
404 5340 478 5388 tuam
490 5331 570 5391 uobis
583 5348 633 5405 per
651 5348 761 5391 carnem
790 5332 949 5391 exhibendo·
1004 5342 1070 5399 inte
1089 5341 1249 5410 sanctificas,
1264 5348 1295 5398 ut
1310 5357 1359 5413 per
1372 5357 1419 5398 aas
1433 5341 1615 5399 sanctificares
1627 5344 1747 5403 nos.1la
1758 5344 1809 5401 hs·

153 5414 258 5473 Venisti
271 5434 287 5474 a
300 5419 385 5493 regali
399 5421 469 5478 solio
489 5421 612 5480 sublimis
625 5422 719 5498 glorie
740 5431 792 5483 tuae
809 5422 838 5480 in
856 5423 949 5480 humi·
1003 5433 1103 5506 pissino
1118 5433 1143 5488 tn
1159 5432 1295 5489 decertum
1309 5430 1338 5488 in
1360 5431 1456 5504 spiritu
1483 5429 1649 5489 tortitudinis
1676 5448 1809 5509 egressam

152 5502 208 5566 lem
223 5505 437 5579 etabiootamm
450 5510 536 5570 oculis
562 5511 620 5572 sois
645 5512 775 5587 puellam
791 5527 841 5589 per
859 5512 946 5588 virgi·
1005 5530 1048 5592 cs,
1070 5529 1101 5579 ut
1115 5520 1177 5580 rita
1203 5518 1331 5581 sobtadn
1356 5519 1385 5579 in
1400 5527 1427 5583 to
1440 5536 1497 5583 non
1517 5522 1808 5599 dsunteasmplaaa
