3706 5962
84 224 156 286 aras
481 200 760 280 sunuoruuaun
779 216 954 279 maana:
984 219 1147 278 ruaraaao
1169 215 1354 304 amram„
1639 194 1731 299 lim

83 365 159 407 mors
171 348 306 417 uitiorum,
322 346 376 404 uita
394 343 543 401 virtutuml
563 355 589 399 te
602 343 659 400 Lex
691 353 719 400 et
738 344 879 415 Propbetae
895 361 919 441 Α
934 343 997 416 disi,
1013 358 1073 417 quae
1087 343 1214 399 homines
1227 339 1353 414 perducis
1367 339 1403 396 ad
1417 339 1538 414 patriam.
1555 340 1598 398 Tu
1612 340 1729 398 stadium

85 440 217 496 mirantur
233 455 239 492 :
257 436 450 508 etquicunque
471 434 506 488 ad
522 431 714 504 perfectionem
734 442 878 499 uenerunt,
935 433 1155 503 concertantium,
1194 433 1412 503 luctatorumque
1428 426 1513 504 [bone
1545 431 1729 498 currentium3

85 543 136 601 per
151 537 176 583 te
192 528 218 582 iu
230 527 392 597 paradisum
412 523 585 578 introierunt.
601 520 715 578 Obeata
737 522 792 578 vite
810 521 881 577 soli·
934 521 1061 594 perducis
1074 525 1109 577 ad
1123 521 1194 578 altas
1213 535 1338 577 coronas.
1355 520 1376 578 0
1400 518 1506 593 religio,
1524 521 1663 592 sepultura
1677 523 1730 577 do-

85 618 154 672 taria
169 623 196 671 et
208 612 426 684 contemplativa,
440 612 504 686 quid
519 611 588 666 ultra
603 610 637 666 de
656 619 682 665 te
692 609 883 682 loquorilpse
936 609 1041 666 minicae
1063 608 1218 681 passionis!
1236 610 1270 666 de
1289 617 1316 665 te
1338 610 1469 666 ieremias
1490 613 1619 683 propheta
1641 608 1729 667 dicit:

87 706 138 761 liei
166 705 260 772 Filius,
292 702 407 757 salvator
420 712 447 758 et
474 700 601 774 magister
614 706 716 766 noster,
731 698 883 769 exemplum
937 700 1046 754 Bonam
1066 701 1109 755 cst
1125 699 1291 770 prestolari
1309 715 1373 756 cnm
1393 699 1510 758 silentio
1528 700 1656 757 satutare
1671 702 1730 756 lici.

86 794 163 851 dedit
177 791 256 848 nobis
270 791 378 863 fugiens
392 790 420 845 in
435 791 584 856 desertum,
595 795 623 844 et
637 787 735 843 mansit
750 786 778 842 iu
793 786 886 842 solitu·
938 786 1032 844 Stabit
1050 788 1199 847 solitarias
1216 790 1245 842 et
1266 788 1371 845 tacebit
1393 787 1509 860 (lieren.
1524 803 1566 858 ιιι,
1581 792 1627 859 26,
1642 789 1688 860 28)
1701 789 1731 843 in

87 883 159 948 dine,
189 881 237 937 ubi
264 887 327 935 suat
351 893 419 934 rosae
443 877 581 933 charitatis
605 893 667 948 qnae
681 891 790 948 semper
809 874 885 930 llum·
938 887 1048 931 eremo:
1064 875 1126 948 quia
1141 878 1167 933 iu
1182 876 1346 948 quiescendo
1360 887 1387 934 et
1403 881 1516 935 tacendo
1530 879 1561 934 lit
1571 879 1652 934 bomo
1668 895 1734 949 pru-

87 980 217 1037 mescunt,
241 983 302 1041 quae
314 982 423 1037 semper
440 966 467 1020 in
483 975 575 1021 sancto
603 964 687 1020 odore
702 966 797 1021 vivunt
811 1002 818 1018 .
834 960 883 1018 Ubi
938 962 1016 1019 deus.
1031 966 1071 1020 De
1081 965 1123 1020 bis
1137 965 1250 1036 probata
1262 967 1387 1038 quaedam
1402 974 1475 1036 sunt,
1492 968 1563 1023 unde
1577 966 1676 1023 dicitur
1693 965 1736 1024 :0
1818 1019 1820 1037 ,

87 1061 157 1115 mira
171 1057 300 1131 perfectio
330 1053 383 1112 71
389 1054 408 1111 Ι
443 1053 676 1120 mortificatorum,
692 1061 720 1109 et
738 1052 885 1125 gratiarum
939 1051 1030 1124 bomo,
1046 1053 1109 1127 iuge
1121 1053 1255 1121 homiues,
1267 1055 1423 1125 religionem
1439 1054 1519 1127 elige,
1536 1063 1564 1111 et
1576 1056 1736 1112 salvaberis.

89 1149 170 1211 ectio.
186 1144 289 1203 scilicet
303 1145 479 1202 considerare
493 1158 553 1216 quae
568 1149 597 1197 et
623 1148 724 1213 quauta
743 1151 807 1196 aunt
822 1155 884 1211 quae
938 1141 1080 1217 Surqequi
1094 1143 1196 1200 dormis
1211 1144 1237 1199 iu
1250 1143 1358 1213 saeculo,
1371 1153 1398 1199 et
1410 1159 1550 1215 exsurges
1567 1145 1689 1211 mortuis,
1700 1145 1739 1200 di-

89 1238 172 1294 nobis
181 1234 373 1308 promittuntur
386 1233 413 1288 iu
428 1232 519 1299 coelis,
534 1240 561 1287 et
575 1231 704 1287 vilescere
716 1228 817 1286 iaciunt
832 1243 887 1284 om·
939 1229 1070 1305 mitteque
1084 1239 1207 1288 mortuos
1221 1231 1337 1305 sepelire
1353 1241 1472 1290 mortuos
1491 1249 1567 1289 suos.
1583 1232 1606 1289 0
1620 1234 1674 1290 vita
1687 1234 1740 1289 mi·

91 1325 205 1396 nuqua
220 1325 353 1379 habentur
367 1323 394 1378 iu
410 1323 498 1390 terris,
515 1320 645 1376 otdicore
661 1336 667 1373 :
689 1317 763 1388 Quid
773 1317 887 1391 prodest
940 1320 1044 1390 rabilis,
1060 1320 1200 1393 spirituale
1214 1320 1410 1388 habitaculum,
1424 1338 1485 1394 quae
1499 1321 1534 1377 de
1550 1322 1675 1393 superbis
1688 1323 1740 1379 bu-

93 1414 202 1472 bomini
218 1416 243 1469 ιι·
269 1412 412 1469 mnndum
436 1411 573 1476 lucretur,
594 1424 623 1466 sc
645 1411 744 1465 autem
762 1406 888 1480 perdat?
941 1407 1019 1464 miles
1031 1407 1105 1481 inab,
1121 1409 1156 1464 de
1171 1409 1276 1481 gulosis
1290 1410 1409 1482 sobrios,
1424 1411 1459 1466 de
1472 1410 1627 1467 crudelibus
1640 1412 1700 1484 pios
1712 1421 1741 1468 et

93 1505 204 1575 (llattlr.
220 1518 277 1566 xri,
305 1503 365 1570 26.)
381 1501 404 1556 0
418 1500 536 1555 solitudo
550 1496 722 1570 negotiorum
735 1497 887 1553 coelestium
906 1505 1059 1613 Bsanctos,
1073 1497 1108 1553 de
1130 1498 1266 1555 iracundis
1286 1500 1377 1565 mites,
1392 1499 1427 1555 de
1446 1499 1592 1556 luxuriosis
1615 1499 1740 1572 pudicos,

94 1591 238 1662 apotheca!
251 1591 279 1644 ln
295 1598 321 1644 te
333 1588 485 1644 transitoria
494 1594 521 1642 et
532 1597 637 1642 terrena
647 1593 787 1641 nrutnutur
798 1585 887 1640 incoe·
941 1582 976 1641 de
1003 1585 1220 1642 inobedientibus
1238 1586 1406 1657 obedientes,
1428 1597 1455 1643 et
1476 1586 1509 1643 de
1532 1588 1660 1645 osoribus
1674 1587 1741 1645 iacis

94 1680 173 1736 lestis
183 1678 390 1734 etaeterna.lloc
402 1677 542 1747 perbreve
558 1674 746 1749 purgatorium
760 1684 889 1746 operatur
942 1675 969 1730 iu
984 1673 1104 1730 fraterna
1116 1673 1261 1731 dilectione
1276 1673 1422 1732 ferventes.
1440 1676 1480 1731 Tu
1501 1675 1665 1748 loquacibus
1688 1676 1740 1731 lio·

96 1775 230 1825 aeteruum
247 1766 392 1824 etcoeleste
412 1764 579 1831 conuiuium,
595 1772 738 1833 etpasauae
748 1763 891 1833 sempiter-
944 1778 1006 1838 quaa
1025 1761 1131 1818 frenum
1145 1763 1272 1836 imponis,
1290 1772 1319 1820 tu
1335 1764 1483 1820 mundis
1509 1766 1643 1822 castitatis
1655 1765 1744 1821 dulcis

96 1871 148 1912 nae.
156 1855 276 1928 Denique
287 1855 315 1910 in
326 1863 351 1910 to
362 1855 487 1923 lacrymae
498 1859 637 1908 mutamur
646 1851 673 1906 iu
684 1850 783 1924 risum,
792 1857 819 1907 et
829 1867 894 1923 gau·
945 1850 1047 1908 amoris
1062 1851 1161 1907 Christi
1176 1852 1288 1908 adhibes
1312 1854 1463 1925 cingulum,
1480 1863 1507 1909 tu
1529 1854 1700 1924 ieiuniorum
1714 1871 1745 1912 ac

98 1943 172 2001 diurn
190 1944 295 2014 pariunt
314 1942 521 2014 sempiternum.
544 1940 583 1994 lix
606 1939 778 2010 possessione
791 1939 893 2011 quippo
946 1940 1098 2013 vigiliarum
1114 1956 1144 1996 es
1158 1942 1259 2007 nutrix,
1284 1952 1311 1996 tu
1334 1957 1418 2014 vegos
1437 1941 1507 2014 ligas
1520 1943 1633 2010 catenis,
1649 1952 1678 1998 tu
1696 1959 1746 2013 pa-

97 2041 214 2097 terrena,
238 2046 300 2101 quae
327 2030 465 2086 vermibus
489 2028 650 2084 mortalibus
676 2027 830 2095 relaxatur,
859 2026 894 2082 ad
948 2029 1049 2085 tientiae
1064 2037 1163 2096 custos,
1176 2037 1204 2085 tu
1216 2031 1552 2102 purissimaesimplicitatis
1562 2047 1592 2087 es
1606 2032 1745 2103 magistra.

99 2131 207 2177 aeternae
221 2119 386 2175 lraereditatis
399 2118 593 2190 patrimonium
618 2117 784 2188 pervenitur.
800 2115 824 2171 0
848 2132 895 2170 rc·
949 2116 1003 2187 Qui
1013 2123 1039 2172 te
1053 2116 1161 2188 fugiunt
1174 2118 1233 2174 lnce
1248 2117 1299 2173 Dei
1318 2119 1414 2190 privati
1429 2129 1509 2187 suut;
1524 2119 1571 2191 qui
1582 2119 1696 2190 diligunt
1711 2128 1746 2183 te,

99 2209 175 2279 ligio,
187 2207 332 2278 spiritualis
346 2207 482 2263 exercitus
500 2206 581 2271 lucta,
608 2203 741 2260 mirabilis
763 2199 894 2258 oilicinal
951 2204 1105 2278 astringunt
1126 2214 1154 2262 et
1176 2214 1286 2276 gustant
1307 2223 1389 2277 quarn
1405 2207 1495 2263 suavis
1519 2217 1560 2263 est
1573 2208 1707 2262 Dominus
1722 2217 1750 2262 et

101 2298 127 2353 in
143 2307 168 2352 te
183 2296 269 2352 tidelis
284 2299 373 2351 citima
391 2295 528 2352 Creatoris
543 2295 585 2350 sui
599 2294 625 2348 iu
641 2308 671 2348 se
682 2298 814 2349 restaurat
827 2293 898 2346 ima·
952 2292 1050 2349 dulcis.
1070 2293 1110 2348 'ln
1128 2294 1204 2350 ducis
1218 2293 1249 2349 ad
1270 2307 1371 2350 aeterna
1395 2294 1494 2368 gaudie
1507 2310 1568 2367 quae
1586 2296 1682 2350 oculus
1696 2310 1750 2350 nou

101 2386 203 2460 ginem,
218 2400 250 2440 ac
264 2387 297 2438 ad
313 2400 368 2440 suae
383 2381 591 2457 reditimnginis
603 2383 758 2453 puritatem.
779 2381 819 2436 Tu
841 2381 899 2436 ior·
953 2381 1095 2447 vinianae
1110 2385 1183 2438 auris
1206 2382 1316 2454 audivit,
1331 2399 1380 2439 uec
1403 2383 1431 2438 iu
1454 2398 1502 2439 cor
1526 2383 1642 2440 bominis
1656 2399 1751 2440 ascen-
1798 2424 1802 2435 .

102 2491 166 2544 nau,
182 2474 227 2529 ubi
256 2488 320 2529 rasa
347 2472 459 2544 superni
485 2471 568 2543 Regis
597 2469 759 2536 iorrnnntur,
774 2468 820 2525 ubi
837 2483 900 2537 pec-
954 2469 1061 2537 derunt,
1082 2476 1109 2526 et
1121 2469 1214 2543 linqua
1228 2471 1320 2527 dicere
1337 2487 1393 2528 nou
1413 2479 1503 2545 potest
1517 2487 1577 2544 quae
1591 2479 1619 2527 tu
1639 2472 1750 2543 parasti,

103 2574 161 2620 csta
189 2563 339 2629 solvuntur,
357 2569 385 2616 et
411 2577 473 2617 cum
487 2559 594 2632 angelis
609 2560 637 2614 in
660 2558 760 2615 divinis
776 2557 902 2614 laudibus
956 2558 1083 2625 Domine,
1098 2557 1274 2633 diligentibus
1287 2568 1325 2616 te.
1346 2561 1525 2632 ingredimini
1540 2561 1630 2633 igitur,
1655 2560 1753 2616 iratres

103 2652 256 2707 insudatur.
273 2650 480 2712 Osanctavita.
498 2649 625 2703 balneum
648 2647 809 2714 animarum,
826 2662 900 2702 mors
956 2646 1011 2701 mci
1025 2646 1206 2717 dilectissimi,
1230 2665 1261 2706 ex
1285 2666 1338 2722 quo
1363 2658 1442 2706 vocat
1468 2665 1517 2705 vos
1540 2650 1628 2724 magni
1648 2650 1753 2705 consilii

105 2751 288 2812 peccatorum,
304 2746 330 2796 et
348 2739 497 2795 animarum
517 2737 703 2808 purgatorium
718 2736 901 2792 sordidarum.
919 2708 941 2788 c
958 2735 1101 2808 Angelus:
1122 2747 1149 2793 et
1168 2753 1222 2792 non
1237 2738 1349 2808 tardata,
1365 2739 1426 2810 quia
1440 2738 1557 2811 pretium
1573 2754 1711 2812 magnum,
1728 2745 1755 2793 et

105 2828 290 2884 'sumentium
313 2836 415 2885 secreta
443 2824 568 2896 purificas
593 2843 600 2880 ι
623 2833 651 2880 tu
679 2823 904 2881 conscientiarum
958 2840 1013 2881 non
1027 2841 1138 2895 parvum
1150 2832 1191 2881 est
1205 2825 1233 2880 in
1254 2842 1326 2882 mora
1341 2827 1502 2898 periculum.
1522 2828 1553 2882 ln
1567 2835 1686 2882 sanctam
1701 2826 1756 2899 igi-

107 2916 262 2988 aqualorem
280 2915 369 2982 diluis,
387 2927 468 2987 atque
482 2914 516 2970 ad
535 2913 665 2988 angelicae
679 2912 905 2985 munditiaepuri-
960 2923 1002 2968 tur
1026 2912 1149 2970 iestinate
1168 2913 1269 2969 Christi
1287 2914 1444 2986 religionem
1463 2930 1469 2968 :
1485 2922 1512 2971 ct
1530 2913 1693 2970 illuminabit
1707 2930 1757 2974 vos

108 3013 190 3061 tatem
204 3006 346 3075 pervenire
361 3003 426 3060 lacu
440 3003 555 3058 anirnas.
572 3003 612 3058 Tu
639 3002 711 3058 scala
731 3001 825 3068 Jacob,
845 3016 905 3074 qun
959 2999 1043 3058 Filius
1067 3001 1117 3055 Dei
1135 3017 1182 3072 per
1204 3001 1367 3077 condignam
1392 3001 1614 3072 satisfactionem,
1634 3003 1757 3074 quicum

109 3094 212 3151 animas
228 3094 354 3164 perducis
367 3096 400 3149 ad
430 3093 595 3165 paradisum.
623 3091 662 3146 Tu
678 3091 722 3149 via
737 3091 813 3164 regia
827 3106 905 3163 para-
959 3091 1039 3146 Patre
1053 3100 1079 3147 et
1091 3090 1193 3162 Spiritu
1210 3097 1304 3147 sancto
1314 3090 1381 3148 visit
1394 3102 1420 3149 et
1433 3100 1530 3167 regnat
1544 3106 1593 3164 per
1605 3091 1696 3148 omnia
1707 3109 1759 3149 sae·

960 3180 1022 3236 cala
1035 3179 1208 3238 saeculorum.
1224 3180 1322 3236 Amen.

877 3424 996 3482 SlilillO

351 3556 383 3610 ln
393 3549 468 3608 iliad
483 3548 613 3616 llicbaeoe,
631 3562 693 3620 cap.
707 3563 747 3617 ιιι,
758 3546 806 3620 iit
822 3568 829 3606 ε
846 3569 858 3601 ι
875 3547 1007 3606 Indicabo
1019 3549 1082 3619 tibi,
1093 3550 1206 3620 obomo,
1218 3550 1287 3624 quid
1300 3551 1461 3620 sitientem,
1475 3559 1551 3612 reto.

169 3834 305 3891 Tribnitur
318 3829 453 3889 Bemardo
467 3826 495 3882 in
511 3823 633 3897 Spirensi
645 3821 739 3881 codice
753 3822 887 3896 impresso
904 3837 975 3881 anno
997 3828 1079 3897 taor,
1092 3842 1147 3884 non
1164 3836 1236 3884 recte
1251 3827 1404 3900 inscriptus,
1421 3830 1457 3885 lla
1473 3829 1552 3885 trina
1566 3827 1709 3900 qualitate

837 3920 1040 3994 lacrymarum.

153 4058 179 4111 l.
200 4050 271 4119 Quid
285 4047 432 4104 retribuam
447 4044 563 4102 Dandae
579 4059 630 4133 ριοι
643 4043 768 4101 omuibus
793 4057 854 4115 quae
866 4057 908 4097 re·
928 4044 1055 4139 nbulas,
1073 4048 1163 4117 placas
1178 4049 1223 4106 tibi
1239 4048 1376 4105 eoelestem
1388 4050 1505 4115 Patrem,
1530 4064 1612 4120 quem
1628 4063 1677 4118 pro
1702 4057 1763 4119 pec

118 4142 213 4197 tribuit
232 4134 324 4192 minii
339 4135 469 4192 Indicabo
481 4131 543 4202 tibi,
558 4133 647 4199 immo,
659 4133 726 4204 qnid
740 4132 780 4188 sit
793 4132 908 4198 bonum,
968 4136 1037 4192 catis
1053 4137 1107 4193 tuis
1122 4137 1254 4194 oileusum
1269 4138 1390 4194 tenebas.

119 4234 148 4288 et
164 4225 244 4285 77⁰2
256 4223 325 4298 quid
334 4225 406 4280 baar
417 4223 547 4294 requirat
561 4236 579 4275 a
596 4224 641 4276 te:
653 4222 753 4292 ulique
763 4222 914 4292 [aameju-
1004 4232 1030 4282 2.
1045 4228 1124 4283 Nunc
1145 4243 1209 4300 ergo
1233 4226 1353 4283 arisoultn
1378 4225 1458 4297 quale
1483 4225 1517 4280 sit
1542 4223 1675 4294 judicium
1690 4224 1763 4296 quod

120 4320 238 4385 dicium,
252 4317 281 4371 02
305 4313 422 4385 ἅῐῑῐθθΐθ
442 4307 676 4377 mssmwidl'dma
705 4311 734 4364 ⁶²
759 4308 916 4364 sollicitum
968 4315 1056 4371 iacere
1072 4314 1184 4387 juberis.
1206 4314 1326 4369 Primum
1342 4324 1383 4368 est
1398 4313 1447 4368 tibi
1459 4313 1593 4382 judicium
1612 4311 1763 4368 iaciendum

122 4407 266 4465 ambulare
280 4419 347 4460 anm
363 4403 415 4459 Deo
436 4402 497 4456 itta.
516 4397 579 4452 Tria
593 4399 651 4453 haec
664 4403 728 4453 sunt
742 4410 804 4467 quae
817 4395 916 4450 oslerrc
968 4402 1003 4458 do
1024 4409 1051 4457 te
1074 4404 1151 4473 ipso;
1175 4402 1285 4468 deinde,
1303 4401 1373 4457 inter
1401 4411 1427 4456 te
1453 4409 1481 4457 et
1499 4400 1650 4469 proximum
1666 4409 1762 4468 tuum;

120 4496 221 4566 debes,
237 4492 299 4565 (luia
313 4500 341 4548 θῑ
356 4491 440 4556 Βθῦθ,
464 4486 511 4559 (lul
525 4485 630 4543 “initis
652 4491 704 4553 0³22
720 4482 828 4539 ⁰⁰¹¹¹¹i⁸l
843 4482 915 4538 ffl¹¹⁰
970 4503 1118 4563 postremo,
1134 4492 1167 4546 de
1187 4491 1309 4562 proximo
1331 4498 1386 4548 tuo.
1403 4491 1433 4544 ln
1449 4504 1482 4545 eo
1494 4488 1607 4559 jndicio,
1620 4505 1675 4563 qun
1686 4490 1763 4560 judi-

122 4585 150 4642 in
164 4582 297 4640 sacrificio
311 4579 409 4651 placari
418 4585 515 4650 polest.
532 4575 608 4632 Oilei·
621 4589 688 4647 ergo
700 4572 833 4644 judicium
848 4571 916 4628 Filio
969 4599 1015 4638 cas
1031 4582 1098 4637 inter
1113 4588 1140 4636 te
1154 4590 1180 4637 et
1193 4581 1347 4652 proximum
1362 4586 1449 4645 tuum,
1470 4578 1552 4634 debes
1565 4595 1626 4636 esse
1641 4579 1710 4651 pius,
1726 4582 1764 4637 Te

119 4672 217 4746 judici,
232 4671 302 4727 oller
323 4667 535 4724 misericordiam
564 4672 665 4720 sauctae
688 4660 823 4732 charitati,
846 4659 917 4716 oller
970 4672 1057 4743 ipsum
1071 4670 1155 4727 debes
1180 4668 1301 4742 judicare
1323 4670 1377 4724 1100
1400 4669 1480 4724 modo
1497 4686 1503 4725 :
1520 4669 1687 4725 considerare
1701 4669 1764 4724 dili.

122 4759 330 4819 sollicitudinem
341 4754 504 4830 paternitati.
516 4754 558 4808 dd
569 4751 729 4825 sapientiam
740 4749 919 4822 pertinetdis-
971 4771 1067 4836 genior
1081 4760 1145 4832 quid
1162 4759 1237 4827 facis,
1254 4757 1320 4831 quid
1335 4772 1388 4814 non
1405 4757 1763 4828 120533quidsaoefedebps‚

123 4848 449 4918 ⁰r01103³d⁰l18iii⁸²0ffl›
470 4843 573 4915 Ρίθῐᾶὅὶ
591 4840 624 4895 id
637 4838 845 4912 paternitatem,
863 4838 919 4895 ⁸⁰¹·
972 4858 1000 4906 et
1013 4850 1078 4920 quid
1102 4848 1190 4906 iacere
1213 4863 1267 4904 uon
1290 4848 1385 4904 debes.
1410 4848 1514 4912 Postea,
1530 4846 1588 4902 haec
1601 4847 1634 4902 ad
1649 4847 1766 4902 invicem

122 4939 244 4996 licitudo.
264 4936 308 4993 Sic
322 4944 410 4991 lamen
439 4931 518 4998 offer.
539 4939 568 4986 ul
596 4944 683 5000 ”elue
704 4927 734 4982 1¹1
755 4926 920 4984 dssiseilfflle
973 4938 1145 5009 conserendo,
1168 4938 1303 5011 perpende
1316 4935 1339 4991 si
1353 4935 1424 4991 idem
1439 4935 1563 5007 estquod
1577 4934 1642 4992 incia
1656 4946 1681 4992 et
1696 4933 1767 5007 quod

123 5043 266 5085 munerum
280 5025 408 5081 unitatem
421 5019 559 5077 Trinitatis
568 5016 682 5084 dividas,
698 5032 786 5089 neque
810 5017 837 5073 ia
853 5033 920 5088 pnr-
972 5030 1068 5101 debes,
1083 5030 1154 5101 quod
1174 5043 1228 5083 uon
1243 5025 1307 5082 tacis
1321 5031 1349 5080 et
1362 5024 1440 5096 quod·
1459 5039 1512 5079 non
1535 5024 1629 5079 debes.
1651 5022 1730 5092 Quod
1745 5022 1768 5078 ei

126 5116 426 5190 ticipationedonorum
439 5108 598 5166 Trinitatem
615 5106 727 5163 nuituis
751 5106 919 5179 coniundas3
973 5120 1011 5174 'pa
1037 5116 1185 5182 inveneris,
1214 5113 1310 5187 gande.
1337 5112 1364 5167 Si
1389 5118 1478 5168 autem
1505 5112 1577 5168 idem
1601 5112 1769 5185 perspexeris

126 5207 174 5264 sed
191 5204 306 5274 ⁸issgtlli⁸
320 5216 379 5267 ³11st,
404 5210 430 5256 ⁰1
444 5197 524 5254 Simul
540 5198 586 5252 ⁰¹¹1
600 5195 708 5268 imilla
721 5196 863 5252 0¹¹¹le
887 5196 915 5251 Si
974 5210 1046 5286 quod
1058 5208 1123 5265 lauis
1136 5213 1162 5261 et
1175 5203 1246 5277 quod
1264 5216 1316 5257 non
1331 5201 1423 5267 debes,
1440 5207 1486 5255 aut
1499 5200 1571 5272 quod
1586 5217 1641 5258 uon
1656 5200 1727 5258 iacis
1744 5211 1771 5259 ct

124 5296 199 5366 iuste
215 5290 330 5361 ludim,
351 5291 457 5359 justum
479 5285 598 5357 ildioeffl
613 5285 742 5340 ¹¹⁰⁰⁰l¹¹⁸·
758 5285 786 5339 Sl
812 5284 919 5339 miiflli·
977 5301 1071 5364 debes,
1093 5296 1165 5351 time.
1180 5294 1252 5349 luter
1271 5300 1295 5347 te
1309 5300 1337 5345 et
1352 5289 1505 5360 proximum
1530 5297 1606 5347 tuum
1622 5292 1673 5348 boc
1687 5291 1769 5348 modo

128 5381 247 5439 ⁰⁰idi⁸ffl
261 5378 362 5452 diligis,
372 5393 432 5433 ⁰1¹¹ss
450 5375 496 5446 qui
512 5375 572 5446 95⁰³
586 5380 629 5431 flii
643 5372 804 5443 8ὒθθΡῑῦΜῙἰ
817 5372 921 5429 iillffi·
973 5388 1097 5464 judieare
1111 5383 1206 5444 debes.
1220 5380 1287 5437 vide
1298 5379 1365 5454 quid
1380 5380 1444 5436 lacis
1455 5381 1578 5452 proximo
1593 5387 1650 5449 tuo,
1665 5386 1692 5436 et
1706 5380 1771 5452 quid

129 5458 171 5543 cio
186 5468 330 5528 venenas.
347 5467 374 5523 Si
390 5464 562 5524 sonantium
578 5461 924 5534 armoreoerseaparaas
977 5478 1029 5534 ιιιι
1043 5474 1105 5532 nau
1119 5471 1256 5546 purcman
1275 5478 1346 5525 tuus.
1368 5469 1395 5524 si
1411 5467 1455 5524 rae
1472 5469 1520 5525 aar
1539 5471 1639 5524 aonium
1654 5469 1728 5537 ruera,
1744 5475 1773 5525 a
