3706 5962
58 180 103 240 m
670 177 701 236 lN
719 177 861 238 clutton
879 176 986 238 salillo
1003 179 1097 240 xttv.

1610 184 1709 246 ‘tat

56 321 140 378 quam·
157 303 280 375 privatio
302 302 383 359 docet
411 304 459 374 (ll),
489 318 569 375 quam
597 303 631 358 sit
661 303 856 361 transcendens
914 302 1029 359 ellusam
1047 305 1167 374 uberius,
1184 314 1371 361 etconantem
1387 308 1501 364 transire
1516 323 1603 382 usque
1618 309 1652 363 ad
1667 310 1709 365 di-

57 395 110 462 ejus
124 394 274 464 majestas.
287 393 325 449 Eo
335 391 396 463 ipso
407 407 460 463 quo
470 392 660 449 veliementior
670 400 721 459 est,
734 392 854 448 velocius

56 481 164 538 tramit:
180 484 257 555 lpse,
274 480 371 553 iuquit,
389 479 579 537 declinaverat
590 483 674 553 atqne
686 480 853 537 transierat.

55 571 162 637 ideone,
179 570 248 627 teau
273 571 356 636 boue,
375 568 520 625 declinasti
541 567 577 623 ad
597 583 735 639 sponsam,
756 576 854 623 uttam

54 661 98 715 cito
113 659 281 715 declinares
290 659 325 714 ab
334 659 388 716 εει
405 660 473 730 lpse,
490 658 586 731 inquit,
601 657 794 716 declinaverat
808 664 853 713 at·

55 767 95 822 que
107 752 287 806 transierat.
298 747 370 816 Quid
380 755 432 816 εει,
447 751 623 804 transierat?
632 747 788 803 Transierat
798 764 852 811 mc,

55 837 197 894 transierat
228 839 302 895 vires
328 854 414 908 meas,
440 837 595 911 pertransiit
613 854 668 892 me.
688 835 752 892 ldco
776 835 853 909 quasi

55 926 118 983 ferre
135 935 167 984 et
180 928 336 985 subsistere
348 944 401 983 uon
412 927 548 984 valentem
559 925 665 982 transiit
674 942 729 982 me.
741 924 853 981 Gladius

55 1017 223 1071 erret-bum
237 1016 289 1072 Dei
303 1015 414 1089 (lipttea.
440 1031 480 1081 ut,
504 1017 560 1085 ll),
576 1014 683 1089 gladius
704 1020 747 1071 est
760 1015 851 1078 lesus,

54 1103 170 1159 ammam
196 1104 258 1159 sina
280 1119 357 1161 mora
379 1110 407 1158 et
428 1100 587 1159 dillicultute
610 1102 777 1174 pertransit:
797 1116 851 1156 nou

56 1193 220 1261 subsistens,
235 1192 300 1248 dum
316 1195 377 1264 ejus
391 1193 592 1250 vehementiam
611 1191 755 1264 liquefacta
774 1206 851 1245 meus

56 1283 188 1339 sustinere
204 1298 260 1340 uun
271 1283 353 1339 valet.
370 1281 524 1337 flammeus
539 1282 583 1338 bic
597 1281 706 1354 gladius
716 1289 768 1336 εει.
785 1279 851 1336 Ideo

55 1370 120 1425 sicut
139 1386 208 1427 cera
223 1371 280 1426 lluit
295 1387 311 1426 a
325 1370 395 1427 facie
418 1370 497 1440 iguis,
523 1371 563 1426 sic
585 1369 675 1424 annua
690 1384 822 1425 succensa
835 1382 851 1421 a

910 391 972 447 lecti
988 394 1140 459 transitum,
1157 393 1224 448 nibil
1245 410 1413 464 praesumens
1430 395 1458 449 iu
1478 398 1537 465 ejus
1551 400 1708 469 praesentia.

911 481 938 534 lu
955 497 1022 536 voce
1038 481 1226 538 exsultationis
1241 482 1390 555 liquefacta
1405 499 1463 537 sum
1483 485 1572 538 statim
1586 494 1615 539 ut
1628 486 1707 543 locu-

910 576 952 623 tus
963 577 1005 624 est
1015 569 1083 643 ipse.
1097 573 1201 627 Anima
1217 588 1279 627 mea
1296 573 1508 644 lt'qnet'ttcttteat,
1523 572 1618 646 inquit.
1635 575 1706 643 Quid

908 667 959 723 est,
987 659 1141 732 liquefacta
1170 662 1235 719 eat?
1269 661 1299 715 ld
1329 669 1378 727 est,
1401 678 1528 718 crescens
1552 662 1622 718 facta
1653 673 1703 733 εει,

908 764 1030 815 currens,
1042 749 1206 807 clarescens.
1223 751 1356 806 Crescens
1380 767 1462 821 super
1476 767 1516 817 se,
1533 767 1647 809 currens
1671 754 1706 809 ad

907 837 1005 907 ipsum,
1018 855 1051 893 ex
1066 839 1125 911 ipso
1139 839 1304 895 clarescens.
1321 840 1424 895 Virtute
1440 856 1577 912 crescens,
1592 829 1713 898 currens

907 928 986 993 votis,
1003 928 1117 983 veritate
1132 929 1288 985 clarescens
1304 948 1309 984 :
1328 930 1380 987 boc
1405 939 1456 997 est,
1472 931 1536 1000 lata,
1553 930 1650 997 labilis,
1667 931 1706 987 lu·

906 1032 981 1073 cons.

941 1087 1021 1158 5.'Ex
1047 1105 1096 1159 lrac
1120 1103 1189 1160 forte
1217 1104 1410 1177 liquefactione
1431 1107 1580 1177 praestitum
1600 1107 1636 1161 illi
1663 1117 1704 1164 est

905 1192 978 1262 quod
995 1209 1091 1247 suanus
1105 1209 1160 1249 suae
1180 1195 1317 1265 myrrham
1336 1193 1475 1261 distillant,
1492 1210 1570 1251 meus
1584 1194 1703 1268 liquefa-

905 1289 947 1335 cta
962 1290 1012 1338 est.
1028 1281 1083 1337 Cur
1098 1282 1205 1337 tertium
1231 1282 1413 1352 preterimus,
1430 1284 1503 1356 quod
1517 1285 1652 1341 cauticum
1668 1285 1702 1340 il-

905 1367 950 1423 lud
966 1370 1100 1440 apponit?
1116 1372 1201 1427 llabct
1217 1371 1290 1428 euim
1305 1372 1344 1428 sic
1359 1388 1512 1429 connexum
1527 1390 1561 1430 ex
1582 1374 1678 1431 ordine
1695 1393 1702 1431 :

56 1458 116 1515 faeie
129 1461 203 1531 ejus.
216 1462 329 1525 Anima,
346 1458 441 1532 inquit,
458 1475 521 1515 rnen
537 1460 691 1531 liquefacta
705 1462 757 1526 est,
769 1462 801 1513 nt
812 1455 853 1512 dt>
911 1461 1010 1515 Venter
1026 1460 1132 1526 tremit,
1145 1461 1293 1517 distillant
1307 1477 1419 1528 manas,
1435 1464 1534 1517 anima
1550 1464 1702 1534 liquefacta

57 1548 141 1603 lectas
157 1548 272 1604 locutas
288 1551 340 1606 est.
357 1545 460 1602 Videtis
476 1546 592 1618 qualiter
613 1545 646 1600 ad
662 1545 777 1619 ignitum
792 1544 850 1601 elo·
905 1551 958 1601 est.
976 1547 1067 1602 Potest
1083 1548 1142 1604 istic
1152 1547 1243 1613 edam,
1255 1548 1351 1604 leviter
1365 1549 1435 1605 bauo
1452 1548 1598 1605 lectionem
1614 1561 1703 1606 trans·

56 1634 145 1705 quium
159 1634 301 1709 liquefecit
315 1634 443 1697 animam.
867 1631 889 1707 Β
906 1648 1029 1700 currens,
1042 1637 1194 1692 ordinatum
1205 1637 1341 1709 quoddam
1353 1645 1527 1711 augmentum
1538 1638 1680 1695 advertere
1691 1660 1699 1695 ι

84 1727 275 1782 i.Pessalnm
289 1724 537 1797 ostitrrrer'aperni
550 1723 738 1791 directanee
749 1723 852 1795 etipse
906 1737 960 1779 nun
977 1729 1067 1778 tamen
1084 1723 1160 1780 l'acile
1183 1734 1225 1779 est
1241 1733 1268 1781 ει
1283 1725 1393 1796 planum
1417 1725 1539 1801 gradatae
1553 1726 1703 1784 distinctio-

54 1814 247 1871 declinaverat
262 1820 345 1885 atqne
356 1813 524 1869 transierat.
536 1813 575 1866 lta
590 1811 617 1866 iu
632 1811 851 1868 manifestatione
905 1814 947 1867 nis
971 1812 1103 1869 rationem
1123 1813 1273 1884 assignare.
1293 1814 1322 1868 ln
1338 1814 1464 1869 omuibus
1478 1814 1588 1886 quidam
1607 1818 1703 1873 modus

54 1902 203 1958 dominicae
219 1901 440 1967 resurrectionis,
462 1917 523 1973 quae
538 1899 611 1956 facta
624 1908 666 1957 εει
681 1901 786 1957 duobus
799 1899 851 1955 illis
904 1901 1039 1972 signatur,
1055 1902 1104 1957 sed
1123 1903 1211 1973 major
1225 1902 1253 1955 in
1269 1901 1390 1957 secundo
1406 1919 1487 1974 quarn
1506 1903 1534 1956 in
1548 1903 1656 1975 primo:
1673 1911 1704 1960 et

53 1991 181 2047 euntibus
196 1992 225 2047 iu
240 1992 382 2056 Emmaus,
398 2000 427 2046 ut
441 1990 528 2061 aperti
543 1996 606 2045 suut
620 1989 691 2047 oculi
705 2005 801 2046 eorum
816 1988 850 2043 ad
905 1993 993 2061 major
1006 1991 1033 2044 in
1049 1991 1129 2046 tertio
1140 2007 1221 2062 quarn
1244 1991 1271 2044 iu
1286 1992 1417 2047 secundo.
1434 1992 1497 2048 Plus
1511 2000 1554 2048 est
1569 1992 1642 2049 enim
1656 1993 1702 2049 di-

54 2080 276 2153 cognoscendum
291 2079 397 2146 lesum,
412 2079 463 2134 sub
473 2078 532 2150 ipsa
547 2077 695 2149 apertionis
709 2079 775 2134 bora
787 2093 850 2134 era·
904 2078 1006 2135 stillare
1022 2095 1103 2151 quam
1119 2087 1253 2145 tremere;
1269 2080 1338 2136 sicut
1353 2080 1504 2151 liquescere
1518 2097 1600 2154 quam
1622 2081 1708 2138 disul-

54 2169 112 2224 uait
125 2170 160 2224 ab
180 2168 269 2227 oculis
287 2184 394 2235 eorum,
410 2175 437 2223 et
457 2167 535 2240 quasi
557 2167 716 2239 pertransiit
729 2182 778 2223 cor
791 2166 850 2221 illo·
904 2167 971 2224 lare.
988 2168 1084 2225 'lotum
1108 2176 1218 2241 praestat
1233 2169 1380 2240 prasentia
1399 2170 1492 2240 spousi
1507 2186 1617 2243 sponsae
1635 2187 1706 2236 suae,

55 2267 161 2321 rum‚ut
169 2256 222 2329 ipsi
232 2257 361 2313 fatentur.
375 2257 472 2313 Nonne
482 2259 667 2312 eornoatram
678 2255 780 2311 ardens
788 2258 850 2310 erat
903 2256 977 2329 quod
992 2259 1052 2327 ejtts
1066 2266 1164 2314 venter
1178 2258 1281 2330 tremit,
1296 2257 1426 2313 distillant
1440 2274 1548 2330 manus,
1564 2260 1654 2317 anima
1666 2259 1704 2315 li-

56 2348 89 2400 r'n
100 2346 189 2410 nobie,
212 2345 281 2402 dnm
298 2345 482 2420 loqueretar?
497 2352 551 2401 etc.
564 2348 631 2416 (Luc
649 2361 727 2415 nutv,
744 2345 850 2410 13-32.)
905 2345 1030 2416 qucfacta
1045 2355 1096 2402 est.
1111 2346 1208 2401 Totum
1223 2351 1266 2402 est
1285 2362 1319 2401 ex
1341 2353 1414 2403 tactu
1429 2363 1526 2404 manus
1540 2349 1601 2421 ejus
1614 2358 1641 2406 ει
1655 2365 1704 2406 vo·

55 2435 165 2492 ,meus
183 2433 267 2494 toa
282 2442 342 2491 orat
365 2435 393 2490 in
415 2435 480 2508 ipsis
500 2435 528 2490 iu
553 2435 743 2503 collocutione,
759 2434 850 2490 sedin
903 2431 943 2489 cis
957 2433 1059 2496 auditu,
1085 2443 1170 2490 totum
1189 2442 1232 2488 est
1255 2450 1287 2488 ex
1305 2441 1388 2499 tactu,
1404 2441 1441 2502 ει,
1457 2444 1486 2490 ut
1501 2435 1540 2491 sic
1554 2436 1653 2507 dicam,
1669 2454 1703 2494 ex

54 2524 225 2596 apparitione
238 2524 417 2597 liquefactum
431 2533 473 2579 cst
488 2524 515 2579 iu
530 2523 576 2579 illa
590 2524 693 2580 visione
706 2523 851 2580 vehemen·
905 2522 1074 2593 pertransitu
1090 2524 1161 2592 ejus.
1177 2522 1246 2589 Quia
1262 2521 1358 2594 tangit,
1375 2523 1465 2579 tremit
1481 2542 1487 2577 :
1502 2523 1625 2591 distillat,
1639 2528 1704 2598 quia

51 2614 94 2682 u,
103 2612 265 2671 soliditatem
290 2622 319 2670 ει
345 2613 526 2669 constantiam
551 2628 605 2669 nou
629 2612 766 2669 obtinens.
780 2611 851 2681 Quid
904 2611 1065 2684 perstringit
1080 2619 1108 2668 ει
1131 2609 1279 2682 pertransit
1294 2610 1364 2665 illam
1384 2611 1412 2666 iu
1427 2612 1522 2682 spiritu
1537 2614 1703 2682 vehementi,

54 2703 128 2758 enim
144 2711 185 2759 est
197 2704 289 2760 tasum
306 2702 462 2769 evanuisse,
477 2702 529 2756 uisi
545 2701 605 2758 illos
619 2701 646 2756 in
662 2701 749 2776 gloria
762 2717 849 2773 appa·
904 2701 982 2770 cujus
996 2716 1091 2758 vocem
1107 2699 1194 2768 audis,
1215 2698 1264 2756 sed
1278 2700 1370 2756 nescis
1387 2700 1460 2756 unde
1475 2701 1566 2757 veniat
1589 2710 1636 2759 aut
1650 2719 1704 2775 quo

54 2793 162 2848 ritiouis
181 2793 334 2848 subsistere
359 2787 413 2848 uon
438 2791 582 2847 valuisset
596 2790 723 2847 Declinat
736 2788 763 2844 in
778 2789 850 2844 dile·
905 2789 996 2849 vadat.
1027 2789 1091 2845 ldeo
1115 2788 1264 2861 liquefacta
1283 2795 1326 2844 est
1353 2788 1441 2844 anima
1461 2790 1531 2860 ejus,
1552 2798 1582 2846 ut
1600 2791 1706 2849 locutus

53 2887 122 2934 etam
134 2887 164 2936 ut
177 2881 277 2936 flumen
292 2879 377 2952 pacis,
392 2879 439 2935 sed
456 2885 486 2934 ut
500 2878 595 2950 glorie
609 2885 716 2934 torrens
728 2885 852 2950 pertran·
905 2888 948 2938 est
963 2880 1031 2951 ipse.
1048 2876 1106 2933 Vox
1127 2876 1251 2933 subtilior
1266 2892 1348 2933 mauu
1366 2885 1417 2946 est,
1441 2878 1629 2936 vehementius
1645 2896 1705 2937 mo·

54 2969 96 3036 sit,
112 2969 181 3025 sicut
196 2969 414 3041 torreusigueus
432 2967 584 3039 liquescere
600 2966 702 3023 faciens
720 2967 849 3034 animam,
867 2937 888 3015 Β
904 2976 960 3032 vet,
984 2973 1011 3021 et
1031 2964 1152 3022 velocius
1178 2964 1284 3020 transit.
1310 2965 1407 3021 Sermo
1421 2966 1486 3022 lesu
1504 2965 1654 3024 subtilioris
1678 2974 1705 3024 ει

54 3073 134 3129 qaam
156 3057 281 3124 inundat,
303 3073 383 3130 quam
407 3055 502 3124 reficit,
527 3072 607 3127 quam
633 3055 738 3111 transit.
764 3056 850 3125 Quam
905 3054 1073 3111 sublimioris
1096 3052 1227 3110 doctrinae
1250 3053 1313 3126 plus
1337 3053 1469 3125 continet,
1499 3053 1581 3127 quam
1610 3056 1701 3130 aliqua

55 3146 140 3202 dulcis
153 3148 231 3211 hora,
248 3144 357 3217 quaudo
366 3144 456 3201 anima
466 3143 619 3217 lruicigneo
630 3142 745 3199 torrenti
760 3142 851 3215 lique·
905 3159 1019 3216 operum
1047 3143 1164 3214 prodere
1194 3150 1296 3214 queant
1323 3144 1461 3214 exempla.
1491 3143 1580 3201 Omne
1608 3144 1705 3201 transit

55 3234 126 3291 taeta
140 3234 291 3292 misceturl
308 3249 390 3306 quam
410 3232 515 3289 subtilis
530 3240 571 3289 εει
589 3232 617 3288 iu
635 3232 682 3288 illo
701 3239 849 3298 momento,
908 3232 1063 3303 exemplum
1079 3231 1115 3288 de
1128 3232 1272 3302 majestate
1286 3230 1401 3286 Deitatis
1419 3246 1520 3296 sermo,
1538 3249 1620 3305 quem
1634 3233 1705 3290 inter

56 3339 134 3394 quam
148 3329 307 3391 extenuata,
333 3337 416 3394 quam
438 3321 546 3378 mobilis
559 3321 565 3377 l
580 3321 652 3375 Nihil
673 3328 737 3377 tunc
751 3319 851 3392 teporis
908 3320 1057 3393 discipulos
1082 3320 1150 3376 fudit
1176 3335 1181 3374 :
1203 3336 1312 3376 omnem
1336 3320 1531 3391 experientiam
1548 3321 1705 3392 pollicitatio

55 3412 147 3481 babet,
161 3411 229 3467 nihil
262 3410 369 3466 duritia)
398 3410 544 3481 reliquum,
560 3409 628 3463 nihil
653 3408 771 3482 rigoris:
788 3417 850 3463 tan-
905 3409 999 3485 gloriae
1019 3409 1126 3475 futurae,
1143 3425 1204 3481 quae
1220 3407 1385 3464 revelabitur
1398 3409 1426 3462 in
1440 3409 1528 3465 uobis.
1543 3410 1610 3465 lluic
1624 3409 1705 3466 intel-

57 3500 197 3557 tummado
217 3500 311 3557 calens
326 3508 352 3554 et
368 3499 485 3571 liquens.
503 3499 625 3570 Cognata
638 3505 701 3552 sunt
720 3497 771 3551 sibl
785 3496 852 3552 invi·
905 3499 1025 3574 ligentire
1053 3507 1080 3554 ει
1094 3496 1263 3570 perceptioni
1281 3497 1303 3552 si
1318 3497 1408 3568 aperis
1422 3497 1520 3553 ostium
1536 3505 1565 3552 ut
1578 3513 1703 3569 compre-

57 3605 116 3645 eem
131 3588 263 3661 liquidum
278 3597 306 3644 et
319 3588 446 3644 calidum.
462 3589 493 3642 ln
507 3587 548 3642 bis
562 3586 671 3642 duobus
684 3585 852 3657 contempla·
905 3588 1019 3652 headan,
1045 3585 1135 3642 statim
1162 3585 1281 3642 declinat
1303 3593 1331 3642 ει
1359 3586 1507 3659 pertransit
1522 3605 1529 3644 ε
1555 3585 1617 3643 ideo
1631 3593 1660 3642 et
1674 3594 1703 3641 tu

59 3679 137 3736 tionis
158 3695 225 3735 usus
244 3678 377 3734 consistit.
400 3676 480 3746 Quod
504 3675 635 3748 liquidum
657 3683 708 3745 εει,
731 3673 850 3731 calorem
905 3676 989 3732 transi
1003 3675 1031 3731 iu
1049 3674 1181 3730 affectum
1196 3673 1334 3746 liquefacti
1348 3673 1451 3732 cordis.
1467 3674 1509 3729 Ad
1524 3674 1593 3730 hauc
1604 3689 1702 3732 vocem

57 3767 208 3838 promptius
222 3766 363 3839 concipit;
381 3777 408 3822 ει
426 3772 574 3838 conceptus
597 3765 671 3820 calor
693 3764 753 3820 rice
772 3780 851 3821 versa
904 3764 997 3821 dilecti
1012 3764 1077 3820 dic:
1095 3764 1378 3835 lltrabttissaetaeet
1392 3764 1624 3822 scantianam
1637 3780 1702 3831 me:

58 3856 127 3928 quod
143 3855 277 3929 liquidum
303 3842 419 3927 reperit,
431 3852 559 3926 liquidius
582 3852 679 3910 reddit.
696 3852 775 3922 Quod
789 3853 850 3910 dico
904 3856 1070 3926 confortata
1079 3857 1132 3922 εει,
1143 3857 1172 3907 et
1182 3869 1241 3908 non
1245 3857 1344 3925 potero
1354 3853 1458 3911 adeam
1468 3852 1556 3924 (Psat.
1571 3867 1701 3922 oxxxrttt,

59 3944 172 4002 alidum
186 3953 215 4001 et
228 3945 364 4017 liquidum
378 3945 430 4001 boc
449 3951 500 4009 est,
517 3958 549 3998 ac
563 3942 586 3996 si
609 3942 667 3997 ants
682 3940 788 3997 dicatur
801 3958 850 3998 no·
905 3944 940 4008 6).
958 3945 993 3998 Et
1003 3941 1092 4000 anima
1106 3956 1168 3998 mea
1179 3940 1324 4014 liquefacta
1334 3948 1385 4009 εει,
1396 3940 1527 3999 deficiens
1542 3957 1559 3996 a
1573 3956 1700 4014 compre-

60 4034 184 4103 niuibus,
201 4049 364 4091 succensum
389 4041 417 4090 ει
441 4032 587 4089 ειιιεειιιιιι.
611 4030 735 4088 Calidum
750 4038 800 4097 est,
817 4048 849 4088 eo
904 4033 1046 4102 bensioue,
1063 4039 1091 4088 et
1105 4046 1161 4086 non
1174 4028 1313 4087 sufficiens
1327 4046 1361 4087 ex
1374 4030 1530 4088 vehementi
1544 4040 1572 4088 et
1583 4031 1702 4088 uiolenta

59 4123 126 4193 quod
137 4132 231 4179 amat:
257 4121 394 4180 sincermn
418 4130 447 4178 et
467 4119 610 4194 liquidum,
626 4120 688 4192 quia
703 4119 848 4191 quamdam
904 4121 1047 4179 dulcedine
1063 4119 1211 4192 persistere
1225 4127 1253 4175 et
1268 4119 1368 4176 morari
1386 4119 1415 4175 in
1430 4119 1618 4177 admiratione.
1636 4122 1700 4176 Pro-

60 4212 137 4267 amati
152 4213 182 4269 in
196 4227 227 4268 εε
244 4212 364 4282 speciem
377 4217 563 4282 representat.
580 4209 713 4278 Calidum,
725 4209 787 4281 quia
801 4225 847 4264 ar·
904 4219 965 4284 pter
979 4211 1037 4266 baec
1052 4218 1079 4267 ει
1092 4208 1257 4280 hujusmodi,
1273 4208 1361 4282 iuquit
1376 4226 1383 4265 ε
1397 4211 1500 4267 Anima
1508 4226 1572 4266 mea
1584 4211 1702 4283 liquefa-

58 4299 120 4357 det:
135 4300 281 4373 liquidum,
306 4301 371 4372 quia
394 4298 478 4356 videt.
503 4299 634 4364 Calidum,
661 4298 724 4370 quia
746 4298 849 4352 iullarn-
904 4306 951 4358 cta
966 4305 1017 4367 est,
1032 4303 1066 4354 nt
1079 4299 1200 4357 dilectas
1220 4300 1330 4355 locatus
1343 4304 1396 4354 εει.

60 4397 161 4445 matur:
178 4389 313 4462 liquidum
336 4389 401 4462 quia
422 4388 513 4444 dilecti
537 4387 655 4461 imagine
677 4386 847 4442 informatur.
939 4394 967 4445 6.
982 4388 1052 4458 Quid
1065 4387 1176 4460 putatis,
1192 4394 1222 4442 ut
1234 4386 1336 4459 aliquid
1351 4397 1452 4459 praeter
1465 4387 1564 4443 seriem
1579 4396 1607 4444 et
1622 4388 1698 4461 quasi

57 4476 130 4547 Quod
144 4477 281 4552 liquidum
295 4484 346 4545 est,
362 4478 401 4533 uil
415 4478 498 4534 habet
512 4477 657 4549 impurum,
674 4474 711 4529 nil
724 4476 846 4547 pigrum;

59 4566 134 4623 bade
148 4582 279 4635 cernens,
295 4576 323 4624 et
345 4566 425 4623 facile
450 4580 579 4637 sequens.
597 4565 649 4620 Sed
674 4571 748 4619 taum
762 4564 849 4634 gratia

59 4655 146 4729 liquidi
163 4672 219 4713 nou
235 4665 278 4713 est
295 4673 359 4713 cum
377 4656 452 4712 calor
476 4670 529 4712 nou
549 4662 601 4711 εει.
616 4655 689 4709 Beue
704 4653 845 4725 liquidum,

60 4748 128 4815 quod
150 4756 178 4804 et
197 4764 233 4803 ex
256 4747 372 4818 puritate
395 4745 487 4802 dilecti
510 4744 658 4800 claritatem
680 4742 805 4814 percipit,
822 4750 848 4797 ει

63 4837 134 4905 quasi
147 4837 283 4911 percitum
307 4844 335 4891 et
352 4841 508 4907 promptum
521 4843 596 4889 extra
611 4848 641 4888 εε
655 4831 772 4888 effusum
785 4839 848 4904 post

58 4923 180 4982 dilectum
203 4926 325 4995 festinat,
344 4925 392 4998 qui
412 4925 472 4998 jam
495 4922 697 4996 pertransierat.
723 4921 845 4994 lpse,in-

58 5013 121 5084 quit,
131 5017 375 5088 jampertransttt
391 5013 524 5085 ame,qui
534 5019 615 5068 totam
627 5009 782 5082 pertransiit
792 5024 845 5065 ιιιε.

59 5100 139 5160 telon
154 5104 287 5161 transitus
298 5119 306 5172 3
317 5102 365 5159 sed
380 5101 516 5160 violentiae
525 5115 579 5156 nou
593 5115 689 5170 pamm
704 5099 808 5155 habeus
819 5101 846 5153 in

56 5200 132 5263 actu,
148 5192 323 5266 liquefactam
349 5199 458 5263 pastae
482 5189 592 5261 reliquit
613 5189 730 5243 animam
746 5204 844 5253 meam,

84 5392 120 5462 ιι)
137 5390 209 5447 Vide
219 5403 253 5444 au
262 5389 421 5464 legendum,
432 5389 557 5446 Privatio
566 5388 637 5458 ejas,
649 5384 752 5440 melina
761 5399 847 5455 quarn

52 5462 190 5539 nuptio
201 5461 292 5521 dent.

191 5570 316 5631 Ριειοι..
330 5568 502 5630 damst.

904 4476 1104 4535 exabundanti
1125 4475 1160 4532 ad
1179 4475 1394 4532 cohortationem
1419 4491 1596 4548 praesumam
1622 4477 1697 4549 quid,

903 4569 1024 4640 inquam,
1042 4563 1152 4636 putatis,
1177 4563 1251 4636 quod
1266 4578 1320 4619 uon
1344 4564 1388 4619 hic
1408 4578 1498 4619 sermo
1517 4563 1697 4637 quorumdam

903 4655 1028 4730 suggillat
1038 4653 1177 4721 duritiam,
1198 4667 1315 4725 quorum
1330 4653 1437 4711 viscera
1451 4653 1541 4730 gelido
1556 4655 1698 4711 austerita-

903 4746 937 4801 tis
952 4745 1042 4800 nimiae
1057 4744 1197 4816 rigescunt
1215 4742 1326 4814 affectu,
1347 4759 1462 4817 quorum
1476 4743 1582 4802 viscera
1596 4745 1698 4802 nullum

902 4832 1094 4889 misericordiae
1117 4831 1248 4889 distillant
1272 4832 1414 4906 liquorem,
1439 4849 1490 4890 nec
1515 4835 1612 4908 exiguo
1639 4841 1696 4891 tre·

902 4929 1021 4979 montet
1036 4930 1179 4978 morentur
1199 4921 1300 4979 affectu
1322 4921 1407 4981 toa
1422 4940 1489 4996 erga
1512 4925 1694 4996 pmuitentes;

901 5010 1086 5067 misericordis
1115 5026 1209 5066 rnanus
1233 5019 1332 5067 tactum
1352 5027 1406 5067 uon
1432 5011 1563 5078 sentiunt,
1583 5009 1696 5082 piissimi

901 5101 964 5155 Jesu
978 5114 1033 5154 non
1047 5097 1187 5172 igniuntur
1197 5098 1324 5171 alloquio,
1342 5097 1492 5169 pulsantem
1503 5100 1530 5153 iu
1545 5098 1695 5170 poenitente

901 5190 995 5244 lesum
1009 5187 1074 5243 foris
1087 5203 1142 5243 non
1161 5186 1292 5242 andiunt?
1307 5186 1410 5241 Vereor
1424 5202 1459 5242 ue
1474 5185 1592 5242 declinet
1607 5186 1640 5241 ab
1655 5186 1695 5243 eis

901 5284 930 5334 ει
944 5283 1123 5348 pertranseat,
1137 5291 1173 5330 ue
1188 5289 1243 5330 nan
1258 5274 1395 5331 inveniant
1409 5291 1469 5331 cum
1485 5273 1650 5349 quesierint,
1669 5283 1697 5334 ει

901 5383 962 5422 cum
987 5364 1162 5421 clamaverint
1186 5379 1239 5419 nou
1264 5362 1390 5418 exaudiat
1413 5380 1470 5419 eos.
1491 5363 1545 5421 Cur
1563 5364 1697 5422 durantur

902 5456 1008 5513 viscera
1031 5464 1076 5510 tua
1096 5453 1131 5508 ad
1152 5452 1232 5522 lilios,
1257 5452 1334 5523 quasi
1354 5467 1408 5508 nou
1432 5452 1486 5509 siut
1509 5455 1566 5511 tuit
1584 5455 1696 5513 Poteras
