3706 5962
57 193 112 255 581
624 185 816 249 tractatus
833 187 877 250 ult
895 188 1017 251 anctae
1039 188 1135 253 Vlffl.
1654 194 1710 259 588

58 320 123 378 liter
136 316 289 383 inlectatnr,
310 329 427 387 pugnant
441 312 586 386 arripere:
602 314 639 370 ita
660 323 690 370 et
702 313 787 370 dium
801 329 854 371 ae·
871 334 896 415 g
910 323 1055 388 postquam
1069 316 1226 386 sarrexeit,
1240 332 1339 391 oeque,
1355 333 1404 390 pes
1417 333 1506 392 neqae
1518 336 1616 386 manes
1626 337 1708 385 enum

58 423 138 465 cesse
151 406 185 463 sit
203 402 440 460 edrereusritium
455 402 528 475 qnod
541 400 652 458 tertiam
666 403 786 473 ponitur,
800 403 856 475 pri·
913 403 1031 461 ollieinm
1052 413 1150 478 tenem,
1170 414 1199 462 et
1222 407 1315 463 onais
1332 407 1393 476 eiras
1413 407 1577 466 exhilaratio
1595 411 1709 469 vertitur

59 509 279 550 murnexercere
292 490 467 561 conflictum3
496 491 593 558 elium,
617 500 713 547 eontra
732 503 859 564 quartana
912 492 940 549 in
955 493 1069 549 ruinam.
1085 493 1131 550 Vir
1153 496 1287 567 superbus
1310 509 1361 552 nec
1379 497 1561 565 decorabitur,
1586 514 1637 556 aec
1655 516 1708 559 ro-

59 600 111 640 sen
125 581 248 656 quintum
263 598 270 638 ι
287 589 315 637 et
340 580 377 636 ita
399 590 480 653 prout
510 580 617 636 ritiaia
632 580 711 637 nobis
735 581 860 637 obtinent
912 580 1042 636 luntatem
1066 596 1142 636 snam
1165 582 1296 654 perducet
1317 582 1353 637 ad
1377 581 1470 640 linem.
1495 583 1612 656 Semper
1633 585 1709 643 eninr

53 673 254 745 principatum,
271 678 352 742 utque
379 668 591 743 impugnationis
617 670 735 744 exigitur
750 670 856 736 modus,
913 667 1078 726 conscientia
1091 669 1164 727 servi
1187 670 1238 726 Dei
1251 670 1360 726 humilis
1384 670 1467 727 debet
1482 687 1543 729 esse
1557 680 1585 728 et
1598 673 1683 729 tristis
1699 691 1708 729 ι

59 776 114 818 nos
128 776 239 834 quoqne
265 767 372 829 oportet
387 759 511 816 ordinem
538 758 674 816 instruere
688 757 857 831 praelioram.
913 756 1017 816 seilicet
1040 767 1072 813 ut
1094 775 1142 830 per
1165 757 1344 815 bumilitatem
1366 774 1421 815 non
1443 759 1592 833 superbiat,
1612 768 1640 816 et
1660 777 1711 835 per

61 854 95 908 Et
108 853 148 908 sie
172 860 267 908 contre
281 851 346 906 illud
362 867 446 907 noum
461 851 567 910 lortiter
585 866 748 924 pugnemus,
763 849 860 907 atalia
913 847 1005 904 utilene
1029 863 1177 905 moeroretu
1200 863 1249 906 eor
1272 847 1305 904 ed
1329 848 1468 906 lesairiam
1489 864 1543 906 non
1567 849 1708 909 dissolvat.

60 939 193 1013 aquibus
208 940 298 994 minus
312 939 513 1012 impugnamur,
540 955 594 999 non
609 939 792 1013 negligamus.
807 938 859 993 At·
913 935 963 990 Dei
975 951 1084 993 serrum
1098 936 1159 992 eine
1170 935 1371 993 intermissione
1380 936 1484 1011 legere,
1499 951 1591 1010 orare,
1601 945 1629 994 et
1645 952 1711 1009 ope·

50 1045 115 1102 -que
133 1029 171 1086 ita
191 1029 254 1084 totis
271 1027 373 1085 viribus
388 1026 556 1103 laboremus,
580 1037 611 1086 ut
631 1027 738 1084 nonde
760 1026 860 1084 nostrin
914 1024 968 1079 rari
982 1032 1100 1096 oportet,
1116 1041 1150 1081 ne
1164 1023 1232 1082 iorte
1250 1025 1431 1082 mentemotio
1446 1026 1565 1082 deditam
1579 1026 1643 1083 ritia
1658 1024 1710 1083 eibi

61 1118 210 1183 laboribus,
225 1117 273 1172 sed
289 1116 323 1172 de
331 1117 384 1173 vliei
404 1118 506 1175 auxilie
520 1115 700 1175 confidamus.
715 1118 774 1174 lioc
786 1115 861 1171 enim
914 1120 1115 1185 praeoccupent.
1138 1114 1213 1170 Nens
1229 1115 1288 1170 lteo
1311 1112 1398 1171 dicata
1423 1113 1464 1171 sie
1486 1122 1582 1172 cerem
1604 1113 1711 1171 minora

61 1205 191 1263 modoad
211 1204 350 1275 puritatem
368 1206 468 1274 cordis,
483 1213 511 1263 et
524 1206 558 1263 ad
583 1205 787 1278 plenitudinem
800 1202 860 1260 rir-
914 1200 994 1268 vitia,
1008 1209 1038 1256 ιιι
1053 1203 1171 1274 majora3
1193 1201 1256 1279 qnia
1275 1217 1290 1257 a
1310 1201 1429 1258 minimis
1446 1202 1592 1275 incipiunt,
1617 1202 1664 1274 qui
1682 1201 1711 1258 ia

62 1306 150 1354 tntum
171 1295 319 1351 valebimus
333 1293 441 1351 Christo
454 1295 599 1364 adjuvante
621 1293 775 1367 pervenire.
914 1291 1034 1346 maxima
1047 1299 1192 1362 proruunt.
1207 1291 1279 1348 Satis
1292 1290 1407 1348 delicate
1429 1308 1459 1347 se
1474 1291 1575 1363 palpat,
1592 1289 1712 1363 quivult

99 1386 144 1440 35.
158 1382 227 1437 lllud
241 1381 322 1436 etiam
337 1396 392 1436 non
406 1380 497 1438 minus
522 1389 548 1436 te
562 1380 631 1437 scire
644 1379 719 1450 volo,
734 1378 796 1452 qnia
810 1392 859 1435 ra·
913 1377 973 1435 siae
985 1378 1080 1436 labore
1095 1394 1194 1452 magno
1215 1378 1359 1452 studioque
1374 1379 1504 1436 continuo
1527 1381 1569 1436 rel
1584 1377 1647 1436 ritis
1661 1395 1712 1435 au·

62 1470 113 1526 riae
139 1471 167 1524 in
186 1469 314 1526 omnibus
338 1475 401 1523 sunt
416 1484 522 1525 morum
546 1468 768 1541 conspersiones.
782 1468 859 1524 Unde
914 1483 1020 1538 pecare,
1034 1467 1079 1525 rel
1100 1467 1212 1524 virtum
1235 1468 1386 1540 anquirere.
1413 1466 1511 1523 Anima
1525 1475 1615 1526 numm
1637 1466 1712 1525 mole

62 1558 117 1616 elia
131 1558 194 1614 vitia
208 1557 359 1630 tranquillis
375 1564 401 1614 et
416 1557 522 1614 lenibus
547 1557 678 1628 moribus,
702 1557 754 1614 alie
781 1555 857 1612 duris
913 1556 1003 1612 carnis
1017 1572 1112 1630 pressa
1135 1558 1203 1613 sicut
1225 1556 1337 1615 dillicile
1358 1556 1391 1612 ad
1415 1558 1529 1613 virtutes
1550 1556 1648 1631 surgit,
1674 1556 1713 1615 ita
1765 1553 1772 1566 '

60 1656 90 1703 et
102 1646 207 1720 asperis
222 1646 308 1702 sicine
321 1653 393 1700 sunt.
405 1646 485 1718 Saepe
500 1657 589 1702 eutem
613 1647 686 1718 quod
706 1644 766 1702 istis
790 1645 854 1717 pla·
872 1604 895 1683 Β
911 1641 992 1701 iacile
1006 1643 1034 1700 in
1048 1645 1110 1701 vitia
1125 1644 1210 1717 cadit;
1226 1643 1289 1715 quia
1303 1643 1355 1701 iste
1368 1643 1396 1701 in
1410 1643 1465 1701 imo
1480 1652 1553 1718 sunt,
1568 1643 1624 1700 illae
1647 1657 1712 1702 vero

61 1744 115 1808 cet,
139 1735 192 1791 illie
221 1733 354 1806 displicet.
378 1734 506 1791 Diabolus
537 1735 610 1792 enim
637 1736 704 1792 dum
728 1733 856 1805 decipere
913 1735 940 1790 in
955 1749 1135 1790 surnmaarce
1148 1732 1310 1790 consistunt.

59 1839 224 1897 quemquem
254 1823 360 1898 qaaerit,
389 1823 465 1904 prlut
491 1829 615 1883 nuaram
643 1822 856 1902 animciiuaqua
946 1826 993 1879 38.
1012 1823 1136 1902 Deaique
1158 1820 1291 1889 conuelli,
1315 1820 1382 1897 qaia
1398 1835 1456 1881 non
1479 1836 1529 1893 pro
1549 1821 1597 1877 Dei
1618 1835 1713 1878 amore

60 1913 176 1968 intendit
190 1929 198 1983 3
214 1911 318 1968 etinde
333 1927 362 1967 se
379 1911 508 1984 applicet,
524 1912 748 1969 undehominem
762 1917 857 1983 aptum
912 1911 1014 1968 saeeulo
1045 1910 1206 1980 renuntient,
1240 1907 1363 1967 laborare
1394 1924 1449 1967 non
1468 1915 1573 1968 curent.
1605 1910 1713 1966 Utinam

59 2001 247 2070 adprecatum
261 1998 417 2071 inspexerit.
442 2002 480 2055 lix
497 2016 528 2056 ea
552 2000 652 2072 quippe
667 2011 744 2073 perte
767 1999 857 2059 horni-
911 2000 984 2073 quod
1005 2001 1134 2055 mundum
1150 1998 1338 2070 relinquimus,
1362 1997 1512 2054 voluntatis
1526 1996 1571 2064 sit,
1592 2012 1647 2053 non
1664 2014 1712 2054 ne-

59 2104 126 2145 nem
149 2086 272 2143 diabolus
295 2093 387 2158 tentat,
411 2103 545 2158 quaeum
576 2105 624 2160 per
654 2094 857 2145 excrescentem
912 2089 1058 2147 cessitatis.
1081 2087 1132 2157 Qui
1152 2089 1225 2145 enim
1245 2103 1301 2144 non
1321 2085 1406 2160 rigida
1425 2085 1573 2144 intentione
1586 2084 1713 2142 monachi

61 2178 205 2233 humorem
223 2174 302 2231 facile
317 2177 351 2229 nrt
380 2175 445 2232 vitia
462 2176 587 2234 inclinari
601 2177 734 2247 conspicit
748 2194 756 2243 ;
772 2187 801 2233 ut
815 2191 858 2232 se·
913 2177 1107 2253 professionem
1120 2184 1264 2249 sectantur,
1280 2183 1382 2249 quanto
1398 2175 1508 2248 superni
1528 2174 1713 2247 amoriapro·

54 2265 183 2323 cundum
198 2264 322 2319 humoris
340 2263 573 2335 conspersionem,
587 2264 715 2321 adhibeat
728 2262 858 2321 tentatio·
913 2266 1032 2339 positum
1063 2264 1195 2322 dissolute
1226 2271 1368 2336 appetunt,
1401 2269 1475 2319 tento
1500 2260 1649 2335 proclivius
1678 2261 1713 2318 ad

63 2369 137 2411 nem.
169 2351 263 2408 Nullus
286 2366 354 2423 ergo
380 2352 486 2423 culpam
510 2368 564 2410 non
590 2353 704 2410 estimet
726 2368 808 2425 quent
824 2367 859 2409 ex
912 2356 1006 2412 mnndi
1026 2370 1147 2412 amorem
1167 2353 1258 2411 denno
1277 2353 1442 2410 reducuntur
1457 2368 1464 2410 r
1480 2367 1514 2407 ex
1537 2350 1636 2424 quibua
1666 2350 1713 2406 tlii

60 2440 256 2514 conspersione
280 2441 389 2512 propria
403 2442 537 2509 sustinet,
555 2441 756 2513 sed,quentnm
775 2441 857 2512 relat,
912 2443 1034 2517 eorporis
1051 2443 1226 2513 voluptatem,
1258 2440 1306 2496 alii
1328 2442 1458 2497 bonorem
1481 2441 1633 2513 requirunt.
1657 2436 1713 2495 Sed

64 2538 157 2586 centra
176 2528 203 2583 id
213 2528 285 2599 qnod
302 2526 397 2584 tolerat
411 2537 522 2602 pugnet.
537 2528 604 2584 Nam
624 2529 647 2584 ei
674 2529 860 2602 conspersioni
914 2531 960 2605 qni
974 2530 1009 2588 ad
1023 2531 1075 2588 hoo
1092 2529 1326 2588 conversationem
1344 2526 1492 2585 sanctitatis
1504 2524 1657 2600 pretendit,
1683 2531 1715 2583 ut

64 2618 146 2687 cedit,
162 2616 301 2673 tentationi
315 2617 355 2674 rel
370 2618 434 2672 vitio
450 2633 622 2689 nequequam
646 2616 756 2674 resistit.
776 2618 860 2692 lgitur
914 2619 974 2676 aliis
988 2619 1151 2692 quandoque
1165 2632 1280 2688 preesse
1291 2616 1444 2687 desideret3
1460 2617 1512 2671 iste
1529 2630 1584 2672 non
1595 2613 1715 2686 discipu·

64 2713 219 2762 constantes
233 2711 260 2759 et
276 2704 338 2759 duri
351 2720 442 2761 mores
461 2721 569 2777 semper
583 2715 676 2762 contra
691 2707 859 2780 superbiam,
914 2708 959 2764 las
982 2706 1090 2775 Christi,
1118 2705 1166 2762 sed
1189 2705 1326 2778 pravitatis
1361 2709 1480 2760 sectetur
1506 2702 1607 2760 existit.
1629 2701 1715 2758 Ferre

64 2794 135 2850 irem
148 2803 174 2848 et
188 2793 375 2849 crudelitatem
394 2793 493 2864 pariter
504 2802 664 2866 repugnent.
679 2794 797 2851 incundi
812 2811 861 2851 au·
915 2797 987 2854 enirn
1007 2812 1125 2865 erucem,
1150 2802 1177 2851 et
1202 2810 1257 2850 non
1282 2793 1360 2859 mori,
1376 2793 1581 2866 hypocritarum
1599 2798 1650 2849 est.
1666 2788 1715 2846 llle

65 2890 121 2939 tem
136 2889 163 2937 et
177 2882 253 2937 lenes
266 2888 361 2937 contra
374 2882 482 2938 inanem
493 2882 620 2953 gloriam,
640 2882 806 2954 hypocrisim
835 2879 898 2959 etc
914 2893 1002 2941 autem
1021 2883 1070 2956 qni
1091 2900 1120 2940 se
1140 2899 1189 2954 pro
1203 2885 1261 2939 Deo
1275 2881 1383 2938 duritie
1398 2881 1481 2938 tradit
1505 2880 1713 2948 monachorum,

63 2970 165 3028 ialsam
183 2972 305 3041 pietatem
320 2971 455 3042 praecipua
468 2981 572 3027 certare
588 2986 642 3027 non
660 2981 778 3028 cessent.
790 2972 863 3028 istud
917 2975 1041 3030 assiduus
1055 2973 1134 3029 debet
1146 2987 1206 3030 esee
1225 2971 1254 3026 in
1279 2969 1455 3036 orationibus,
1480 2968 1614 3041 lacrymae
1648 2981 1714 3024 aare

64 3071 182 3130 nemque
197 3056 338 3113 hominnm
357 3073 446 3129 genes
468 3058 554 3115 lendis
576 3074 668 3115 amore
691 3059 795 3116 laeilias
813 3075 862 3118 ce-
917 3064 984 3133 Deo,
1007 3075 1063 3118 nou
1085 3058 1240 3118 hominibua
1257 3057 1371 3128 oiierre3
1407 3055 1511 3128 ieiunia
1536 3057 1579 3112 -in
1612 3055 1715 3130 arrige

64 3147 151 3219 piton.
164 3145 272 3202 Nemini
287 3146 381 3202 volunt
395 3146 550 3218 displicere,
565 3161 660 3204 omnes
677 3148 864 3220 equanimiter
916 3149 1027 3208 modum
1041 3164 1093 3224 pro
1116 3148 1275 3206 lassitudine
1299 3153 1327 3205 et
1348 3146 1450 3206 riribns
1473 3147 1715 3219 corporisttmpe·

64 3246 175 3306 portare
201 3234 351 3301 ridentur3
382 3234 521 3308 decipiunt
547 3242 574 3292 et
605 3235 802 3309 decipiuntur:
837 3245 865 3294 et
916 3256 987 3297 rare.

65 3323 331 3396 quantohominibns
346 3322 464 3394 placent,
479 3331 553 3381 tanto
571 3322 640 3383 liunt
663 3325 721 3381 Deo
739 3325 863 3395 odibiles,
1220 3359 1338 3432 CAPUT
1357 3373 1408 3428 ΧΠ

65 3414 142 3467 sicat
154 3412 283 3484 seriptum
294 3419 336 3469 est
351 3413 466 3469 :Asiati
480 3416 509 3468 et
518 3412 700 3470 simulatores
709 3419 864 3486 provocent
1411 3413 1419 3428 ’

64 3504 143 3557 iram
156 3501 207 3557 Dei
221 3500 475 3572 (iecturali).
491 3501 558 3556 boni
572 3499 646 3557 enim
665 3503 717 3557 riri
737 3503 865 3558 timentes
919 3491 1064 3551 incitatio
1074 3490 1190 3564 juvente
1203 3486 1332 3559 relictori
1346 3484 1382 3541 od
1394 3486 1513 3542 vertetis
1526 3484 1583 3542 iter
1596 3489 1716 3544 timec

66 3590 166 3657 Deum,
181 3588 209 3644 id
230 3589 320 3659 ipsum
334 3589 407 3661 quod
421 3604 483 3645 esse
492 3586 581 3645 889
595 3597 764 3658 meruerant,
780 3588 864 3647 rideri
1211 3555 1425 3631 mmmm·

66 3676 216 3748 refugiunt.
232 3677 304 3735 Sane
318 3679 377 3735 laus
391 3679 509 3736 bumana
531 3677 619 3735 bonos
639 3679 755 3748 muniat,
778 3680 865 3736 malos
955 3680 999 3736 39.
1012 3675 1183 3748 Quapropter
1196 3687 1251 3731 noa
1267 3673 1355 3746 pigeat
1369 3677 1409 3744 te,
1429 3669 1501 3727 bone
1515 3668 1607 3739 nnn,
1633 3682 1716 3743 qnar-

66 3763 200 3821 laetificat.
919 3775 976 3823 tum
989 3772 1071 3840 potes
1088 3764 1196 3822 actibus
1222 3760 1323 3819 senode
1336 3759 1475 3829 insisterer
1499 3768 1530 3816 ut
1551 3757 1653 3814 laboris
1676 3755 1716 3813 ιι·

104 3856 150 3910 36.
168 3854 317 3924 Dupliciter
334 3862 428 3914 eutem
447 3855 611 3913 damnentur
630 3853 866 3929 minuente-sive
919 3853 1196 3929 lraetnsquendoquo
1216 3852 1305 3925 possis
1326 3849 1458 3922 recipere.
1484 3848 1540 3905 line
1567 3847 1661 3904 solem
1676 3855 1716 3903 ae

65 3958 119 4015 pro
132 3943 238 3999 occulte
252 3944 403 4016 iniquitate,
419 3946 477 4003 sire
501 3960 550 4018 pro
568 3953 664 4019 aperta
684 3945 863 4001 simulatione.
919 3945 998 4001 tende
1011 3942 1084 4018 qnod
1098 3941 1247 4000 monachus
1260 3941 1347 3999 iactae
1361 3955 1405 4009 es,
1421 3950 1447 3995 et
1460 3936 1522 3995 ideo
1535 3949 1570 3994 ee
1588 3950 1640 4008 ego
1654 3948 1716 4009 qaae

61 4032 136 4087 ‘Nem
148 4045 202 4086 non
216 4046 324 4102 semper
333 4032 416 4089 latent
435 4034 594 4104 hypocrite.
618 4034 705 4092 Omne
727 4034 863 4091 sincerum
917 4033 1043 4090 monachi
1064 4039 1136 4088 sunt.
1161 4031 1235 4087 luter
1255 4044 1304 4087 eos
1322 4045 1385 4086 cnm
1408 4027 1506 4100 quibus
1519 4024 1589 4085 uiris
1611 4031 1715 4082 sectare

63 4124 219 4191 permanet.
232 4118 300 4172 Nam
324 4134 385 4191 quae
408 4121 534 4178 etatulata
558 4132 632 4193 sant,
655 4121 781 4179 diuturne
801 4137 901 4228 essen
916 4121 1055 4179 meliores.
1070 4121 1099 4176 ln
1114 4118 1189 4178 omni
1206 4119 1291 4191 gradu
1304 4125 1330 4175 et
1344 4115 1441 4171 ordine
1459 4114 1569 4186 optimis
1584 4112 1714 4185 permista

62 4222 124 4264 non
138 4213 263 4276 pessunt.
280 4206 433 4278 llypooritte
447 4207 513 4265 loris
526 4209 645 4279 madidi,
659 4210 733 4268 intus
750 4210 863 4269 sordidi.
916 4217 982 4268 sant
1001 4210 1128 4283 pessima.
1143 4207 1288 4265 Aabnosos
1306 4220 1387 4262 senes
1410 4211 1439 4260 et
1458 4202 1621 4275 pertinaces.
1645 4213 1715 4272 quoa

66 4299 184 4353 Amator
198 4310 273 4351 rane
287 4295 385 4368 gloriae
398 4295 471 4355 unde
485 4296 572 4369 possit
594 4297 701 4354 landari·
711 4314 794 4373 egere
808 4316 864 4358 noa
919 4300 995 4357 rides
1014 4303 1041 4356 in
1059 4298 1102 4353 iris
1116 4297 1255 4354 abundare
1276 4291 1437 4363 periculosis
1460 4287 1643 4362 temporibas,
1655 4287 1713 4344 noli

59 4385 194 4458 quiescit.
210 4385 338 4442 Nonnulli
353 4385 559 4456 ialsaopinione
580 4387 739 4460 arrogantie
756 4390 864 4462 seper·
917 4387 1024 4444 imitari
1049 4387 1139 4442 liores
1162 4383 1300 4454 uitamque
1325 4380 1434 4436 illorum
1454 4378 1530 4452 luge,
1545 4375 1642 4434 aetibi
1661 4374 1715 4431 sint

66 4476 157 4530 lectos
170 4489 231 4531 esse
245 4474 410 4540 existimant,
425 4475 490 4531 dnm
511 4491 566 4532 nen
580 4483 644 4533 sunt
663 4496 670 4534 ι
688 4474 735 4549 qui
761 4477 879 4534 obortis.
916 4477 947 4533 in
962 4477 1089 4548 laqueum
1103 4479 1131 4528 et
1145 4470 1263 4526 ruinam.
1279 4466 1302 4523 0
1322 4482 1402 4540 qnam
1420 4465 1522 4522 multos
1536 4479 1616 4520 senes
1632 4471 1659 4520 et
1669 4464 1716 4533 je·

68 4563 261 4619 tentationibus
276 4567 458 4620 innotescunt.
474 4565 561 4623 Tanto
580 4564 643 4638 quis
656 4564 686 4622 lit
698 4565 806 4622 reritatl
819 4565 863 4623 ri·
919 4567 993 4622 dices
1013 4561 1097 4619 lsrael
1120 4558 1235 4631 turpiter
1263 4556 1344 4614 ritem
1368 4568 1448 4611 snam
1476 4551 1644 4624 negligentes
1664 4566 1716 4610 rex

65 4651 271 4725 cini0r‚quanto
287 4653 436 4726 seloagius
448 4669 512 4711 esse
533 4656 568 4711 ab
581 4671 616 4712 ee
636 4653 719 4711 luerit
746 4653 862 4711 arbitra·
918 4649 1061 4722 babylonie
1075 4651 1103 4705 ia
1118 4655 1190 4704 terre
1208 4641 1372 4718 captivitatis
1391 4649 1417 4699 et
1438 4640 1606 4699 maiusioait
1624 4637 1714 4713 posei-

66 4750 121 4798 tus.
150 4742 198 4797 Est
221 4742 356 4799 humilitas
378 4742 530 4801 lormidinis
553 4755 582 4802 et
607 4742 779 4817 ignorantie,
803 4759 863 4814 quoe
917 4741 978 4811 det3
995 4750 1022 4795 et
1039 4753 1120 4810 qnam
1136 4735 1214 4793 multi
1229 4735 1344 4805 jurense
1365 4731 1472 4805 spiritui
1487 4730 1634 4800 tementes,
1657 4730 1715 4789 tto-

67 4837 178 4886 nonest
205 4831 284 4887 lende
310 4832 404 4905 digna.
429 4833 576 4906 Hypoerite
603 4833 686 4891 rerba
709 4843 864 4890 tanaornm
918 4829 992 4884 raino
1010 4826 1170 4898 servientes,
1183 4824 1243 4881 alm
1263 4822 1363 4880 faciunt
1384 4821 1463 4893 ooelo,
1476 4819 1715 4894 totisque-viribus

62 4919 158 4987 hebet,
179 4922 260 4976 eitam
275 4924 447 4979 nonhabet:
475 4924 520 4982 oni
534 4923 779 4995 semperjectantie
792 4936 862 4981 oeu-
917 4918 969 4975 eibi
982 4914 1112 4991 diripiam
1125 4913 1207 4972 iltudl
1231 4910 1344 4971 aetnam
1368 4910 1462 4968 talium
1480 4909 1615 4984 preconis
1631 4910 1713 4980 jare·

66 5009 121 5074 los,
136 5008 236 5081 quibus
254 5011 324 5066 Deus
342 5012 427 5068 videri
443 5024 540 5085 potest,
559 5012 669 5072 otendit.
917 5022 981 5066 num
997 5004 1085 5064 nostri
1107 5003 1278 5061 imitarentur
1295 5017 1388 5070 senes,
1411 5008 1441 5058 nt
1466 5013 1568 5058 ennoea
1588 4995 1715 5055 redderet
1763 5019 1771 5034 ·

103 5099 148 5153 37.
164 5098 293 5169 Superbis
309 5108 336 5156 et
353 5100 504 5159 libidinosis
516 5102 579 5174 plus
590 5102 744 5160 dominatur
765 5100 863 5158 diebo-
916 5104 1037 5166 senecta,
1053 5096 1127 5170 qnod
1138 5102 1235 5152 tenera
1252 5092 1304 5149 lert
1317 5099 1415 5162 sponte
1427 5084 1625 5146 adotmeentiat
1641 5083 1671 5141 si
1684 5090 1714 5141 ta

60 5187 120 5242 ins.
136 5187 283 5244 Transaeta
299 5188 384 5246 libido
398 5205 507 5262 semper
520 5191 563 5246 sni
591 5190 718 5263 relinquit
741 5190 860 5263 poenitn·
916 5187 957 5243 ris
981 5185 1123 5260 proficere,
1145 5197 1200 5239 non
1222 5178 1352 5251 respicite
1370 5177 1436 5250 quid
1459 5175 1523 5232 meli
1545 5174 1643 5231 initui
1655 5170 1713 5240 ⁸155·

64 5275 168 5332 dinem.
190 5279 334 5351 Nunquam
356 5278 477 5349 satiatur,
500 5280 529 5336 et
551 5277 681 5337 exstincta
706 5279 863 5336 reemenda-
915 5279 964 5334 sed
981 5275 1047 5350 quid
1062 5268 1302 5343 beniipseieoere
1321 5266 1436 5322 debeas.
1454 5264 1549 5320 Nonne
1561 5260 1651 5320 neruis
1668 5275 1714 5319 ne·

63 5373 121 5421 tur.
145 5365 192 5423 Vae
213 5366 251 5423 illi
278 5368 325 5443 qni
354 5375 418 5425 tnnc
445 5369 540 5426 habuit
565 5366 711 5424 terminum
735 5366 860 5438 laxarier,
913 5366 1068 5441 'gotietores
1080 5368 1107 5416 et
1121 5359 1221 5416 milites
1235 5357 1320 5412 multe
1332 5353 1467 5410 seetinere
1488 5351 1618 5423 pericula,
1635 5351 1711 5408 utad

62 5454 177 5528 quando
198 5455 277 5513 vitel
298 5457 396 5515 vinam
419 5465 513 5515 eontra
536 5463 673 5531 potantem
694 5455 782 5530 lacit;·
797 5455 863 5530 qnia
915 5455 1035 5512 incertos
1050 5453 1167 5508 honores
1190 5455 1217 5505 et
1237 5444 1369 5520 perituras
1390 5441 1499 5501 (limnas
1526 5440 1713 5517 pemeoieuti
