3706 5962
21 297 23 302 ,
65 212 113 281 tu
672 221 706 282 ιι
725 220 863 283 munus
880 221 990 285 senno
1007 224 1108 286 xxtn.
1656 188 1715 291 ai

64 344 148 409 labor,
166 359 223 417 quo
238 349 339 417 corpus
353 349 381 401 et
399 345 464 400 satis
480 344 616 412 atteritur,
632 353 660 402 et
679 347 798 404 tenuiter
812 364 863 420 pa·
879 363 903 443 q
918 351 1540 423 spetucis,et'ittcauerttisterroe;ethiemum
1551 357 1713 416 testimonio

62 434 164 489 scitur?
184 434 309 490 Labores
333 449 464 489 manuum
481 449 591 491 suarum
607 450 661 491 non
676 435 727 492 soli
746 437 864 492 mandu-
918 439 984 509 fidei
995 440 1110 514 probuti
1121 447 1190 498 suut
1201 440 1292 514 (llehr.
1304 458 1342 510 ιιι,
1354 442 1459 514 37-39).
1471 442 1553 500 Vides
1566 454 1667 519 quanto
1678 446 1714 503 sit

61 530 136 589 caut,-
153 522 207 579 sed
218 523 253 577 de
267 521 444 578 insufficienti
453 522 607 595 partiuntur
616 525 720 597 egenis,
733 531 762 580 ut
776 532 804 581 et
813 525 865 582 illis
917 543 1013 583 eorum
1022 527 1089 584 litles
1098 530 1214 601 probata
1224 530 1363 599 scrutinio,
1375 530 1473 602 quibus
1483 530 1642 590 testimoniis
1652 551 1713 592 exe·

58 612 90 666 sit
113 609 272 677 tribulatio,
297 611 445 666 dnmmodo
470 612 531 668 aliis
558 613 690 669 abundet.
715 614 864 671 intervallis
917 615 1237 685 minatalQuidsvobis
1248 618 1300 674 tale
1309 618 1351 674 vel
1360 619 1504 690 expetitur,
1513 620 1557 677 vel
1568 631 1715 695 exspecta-

58 699 228 772 quihusdum
243 700 332 756 lerant
345 698 464 766 labores,
481 700 531 756 sed
552 700 624 758 lesso
644 717 760 775 corpore
778 702 865 761 fervet
918 705 984 760 tur?
998 707 1033 761 Et
1045 713 1137 763 vestm
1152 708 1210 763 haec
1224 706 1345 764 interiori
1364 725 1468 782 genere
1481 710 1633 766 testimonia
1647 727 1709 769 cro·

57 788 187 846 allectus.
214 788 274 844 lllic
300 787 388 844 tacitae
413 789 541 861 lacrymae
564 790 682 846 ubertim
709 790 861 859 volvuntur,
917 793 1010 850 dibilia
1024 796 1100 861 satis,
1112 812 1145 852 eo
1157 796 1267 869 quidem
1277 797 1459 864 credibiliora,
1472 798 1544 870 quod
1556 816 1610 856 non
1621 815 1654 856 cs
1664 818 1713 857 ne·

57 879 198 952 prodeunt
213 877 345 951 gemitus,
362 885 510 948 erumpunt
528 879 644 950 suspiria
661 895 666 934 :
684 880 773 952 utqui
787 882 864 951 juxta
917 886 1029 940 cessitas
1043 885 1181 957 imposuit,
1197 887 1244 941 sed
1258 888 1398 957 supposuit
1412 902 1441 942 se
1455 886 1587 944 voluntas.
1605 890 1709 946 Volun-

56 970 171 1025 sedent.
195 967 221 1022 si
243 966 312 1022 torte
333 983 366 1022 ex
390 982 421 1022 se
441 966 532 1039 frigidi
556 967 619 1034 sint,
640 969 736 1025 uicinis
761 971 863 1041 possint
917 979 1033 1046 tasergo
1043 974 1168 1029 voluutas
1178 974 1221 1040 sit,
1237 982 1264 1031 et
1275 974 1369 1047 primae
1377 975 1509 1033 libertatis
1522 978 1585 1046 jure
1596 977 1707 1047 nitatur,

57 1056 187 1113 scintillis
200 1055 326 1113 accendi.
347 1054 418 1124 Quid
437 1055 565 1128 denique,
582 1057 655 1129 quod
675 1058 780 1114 nonde
802 1075 862 1115 cre·
917 1059 1029 1115 liberam
1044 1078 1074 1117 se
1093 1062 1127 1116 ad
1147 1061 1349 1133 persistendum
1368 1064 1503 1131 exhibeat,
1519 1080 1574 1121 non
1594 1067 1710 1124 estimet

58 1147 128 1202 stino
154 1145 290 1218 cogitant,
311 1160 362 1200 nec
385 1145 419 1200 de
443 1144 577 1202 hodierno
597 1146 731 1219 quidem?
753 1164 862 1205 omnem
917 1148 950 1204 ad
960 1148 1154 1205 recedendum.
1171 1151 1312 1223 Agnoscat
1332 1151 1500 1208 necessitatis
1514 1152 1646 1223 debitum,
1660 1154 1709 1210 sed

58 1251 152 1291 euram
177 1233 357 1306 projicientes
374 1232 401 1288 in
423 1233 511 1305 ipsum
535 1234 581 1306 qui
604 1236 644 1291 eis
665 1245 782 1307 preest:
807 1253 863 1294 non
916 1250 971 1290 non
985 1235 1083 1290 sentiat
1098 1239 1205 1308 jugum.
1220 1237 1250 1292 ln
1269 1238 1341 1293 bono
1355 1237 1441 1295 libem
1455 1239 1500 1306 sit,
1518 1241 1592 1297 etad
1607 1241 1709 1297 bonum

56 1323 215 1396 praemium,
231 1323 280 1377 sed
296 1323 386 1378 solnm
400 1332 554 1394 quaerentes
569 1340 683 1396 regnum
698 1326 757 1382 Dei.
770 1325 861 1395 Quid?
915 1321 1090 1378 nihilominus
1104 1323 1206 1391 libera,
1222 1323 1251 1379 in
1265 1323 1311 1381 illo
1326 1326 1399 1397 quod
1416 1328 1473 1396 jam
1488 1335 1569 1396 tenet,
1587 1329 1659 1385 etad
1673 1330 1708 1384 il·

57 1411 128 1484 quod
149 1428 227 1484 pene
242 1411 440 1484 praeterieram,
456 1411 482 1466 iu
497 1412 615 1484 capitulo
633 1413 747 1486 singulis
765 1413 861 1471 diebus
915 1411 963 1467 lud
977 1428 1031 1483 quo
1054 1412 1165 1469 tendere
1180 1412 1280 1471 debet:
1298 1413 1347 1470 sed
1361 1413 1395 1469 ad
1417 1432 1449 1472 ea
1465 1434 1526 1490 quae
1546 1425 1707 1485 retroeunt,

58 1499 234 1557 examinandi
255 1500 362 1556 abbatis
380 1509 469 1556 astant
487 1501 599 1571 jndicio,
616 1502 694 1574 qnasi
708 1503 743 1557 ad
761 1503 861 1559 Christi
915 1500 1015 1555 nullam
1031 1499 1083 1556 sibi
1096 1499 1232 1557 licentium
1246 1503 1407 1574 permissam
1422 1503 1590 1561 existimans.

56 1590 219 1662 ptaesentati
235 1588 365 1644 tribunal.
381 1589 419 1644 lbi
434 1590 550 1664 quisque
564 1590 591 1645 in
609 1591 702 1662 primis
717 1600 860 1649 accusator
950 1590 976 1642 ὅ.
993 1587 1033 1644 De
1048 1596 1148 1660 quanto
1163 1604 1261 1645 acervo
1272 1588 1419 1645 testimonii
1432 1591 1531 1647 Paulus
1542 1593 1708 1664 ascenderit,

56 1687 94 1733 est
105 1677 167 1750 sui,
183 1676 322 1733 accusanti
332 1693 363 1733 se
377 1679 465 1734 locum
480 1677 540 1732 aliis
556 1679 703 1750 praen'pere
715 1678 857 1735 testinans.
875 1698 897 1777 fl
914 1676 1024 1731 tandem
1039 1675 1139 1732 audite.
1157 1677 1224 1749 lpse,
1242 1676 1338 1749 inquit,
1354 1678 1466 1751 quidem
1486 1679 1612 1752 Spiritus
1628 1685 1710 1740 testi·

56 1765 127 1837 Quid
143 1766 235 1836 ipsum
249 1764 407 1822 continuum
429 1766 577 1834 silentium,
593 1776 621 1823 et
643 1767 766 1839 quadarn
782 1784 859 1824 com-
913 1766 1041 1822 meatum
1055 1764 1150 1821 reddit
1164 1765 1282 1838 spt'rt'tui
1293 1767 1579 1840 nostro,quodsumus
1593 1770 1650 1839 filii
1661 1773 1710 1829 ltet'

56 1853 204 1927 positionis
228 1854 372 1926 gravitas?
396 1870 486 1911 nonne
515 1863 598 1911 totum
622 1856 858 1913 conversationem
914 1856 1004 1924 (Rom.
1019 1870 1078 1921 vtrt,
1095 1856 1150 1925 tt).
1162 1852 1285 1922 Quantus
1300 1870 1352 1910 nno
1363 1853 1391 1908 in
1403 1857 1453 1912 hoc
1465 1855 1621 1913 testimonio
1631 1873 1710 1914 acer·

57 1951 194 2007 venustat,
212 1952 240 1998 et
255 1943 371 2015 quadam
386 1943 535 1999 sanctitatis
549 1944 662 2015 pulchra
676 1946 757 2001 vestit
769 1945 859 2003 faciei
913 1942 976 2000 rust
995 1944 1049 1999 Sed
1065 1941 1131 1999 ioris
1141 1942 1264 2015 nunquid
1279 1958 1333 1998 non
1351 1941 1488 2014 perhibuit
1503 1944 1709 2003 testimonium?

56 2033 113 2105 lpse
129 2048 248 2089 somnus
265 2048 373 2106 quoque
387 2034 537 2089 sanctitatis
557 2033 739 2091 testimonium
760 2036 856 2104 reddit,
912 2035 978 2098 Deo,
998 2031 1094 2104 inquit,
1111 2036 1266 2089 attestante
1278 2033 1367 2105 siquis
1382 2036 1410 2088 et
1421 2035 1558 2107 prodipit's
1576 2039 1604 2091 et
1619 2035 1709 2095 acriis

56 2139 103 2178 uec
117 2122 150 2176 in
163 2137 268 2178 acervo
284 2121 500 2177 testimoniorum
511 2129 552 2178 est
566 2131 700 2178 tantorum
715 2124 774 2179 sine
790 2140 858 2181 con·
912 2119 1249 2193 virtutihus,etSpt'ritus
1258 2120 1707 2196 sunctidistributionibus(llehr.

55 2211 186 2267 iussione.
202 2211 274 2267 Nam
287 2211 411 2284 reliquiae
421 2211 614 2283 cogitationum
625 2211 788 2269 confitentur
805 2213 859 2271 75
912 2225 942 2276 rt,
959 2212 998 2279 l).
1022 2210 1056 2264 Et
1073 2217 1166 2265 tamen
1181 2218 1255 2266 tanto
1270 2211 1432 2267 constitutus
1454 2211 1481 2266 in
1499 2226 1598 2270 acervo
1617 2213 1708 2268 virtu-

56 2299 174 2365 Christo,
192 2298 241 2354 uhi
256 2313 464 2371 somnocorpns
479 2299 614 2354 obruitur.
630 2298 771 2368 Quomodo
786 2301 858 2357 enim
912 2303 970 2353 tum
993 2308 1020 2354 et
1039 2297 1223 2355 attestantium
1247 2298 1420 2371 gratiarum:
1443 2300 1583 2371 Nondum,
1610 2301 1707 2374 inquit,

56 2388 217 2444 dormientis
240 2392 371 2460 poterunt
389 2403 444 2444 non
458 2388 565 2444 versari
584 2397 647 2446 ante
668 2391 762 2446 oculos
776 2391 858 2447 totius
910 2402 956 2442 me
967 2386 1091 2443 arbitror
1101 2387 1350 2458 comprehendisse.
1368 2389 1457 2446 Unum
1470 2390 1654 2462 quidamque
1668 2407 1709 2446 re·

58 2477 160 2533 dinrnae
175 2475 394 2534 conversationis
408 2475 543 2549 imagines
555 2476 681 2548 depictae,
692 2477 757 2534 etin
767 2479 857 2536 animo
912 2480 956 2531 tro
965 2481 1034 2531 suut
1044 2476 1157 2541 oblitus,
1166 2477 1203 2532 ott
1212 2479 1357 2533 anteriora
1367 2477 1507 2535 extendor
1517 2479 1655 2553 (Philipp.
1665 2495 1706 2546 ιιι,

58 2567 197 2639 tigdare‘l
911 2565 966 2632 ta).
982 2565 1016 2618 Et
1032 2580 1082 2619 nos
1105 2579 1172 2635 ergo
1192 2568 1305 2620 tontum
1321 2564 1452 2623 hebentes
1468 2565 1634 2639 impositum
1650 2584 1708 2625 uu-

90 2657 115 2710 t.
132 2655 196 2711 Non
208 2654 257 2711 tibi
271 2671 388 2728 magnus
401 2653 444 2711 hic
458 2653 567 2712 videtur
582 2655 730 2711 testtmonii
744 2670 857 2713 aceruus
910 2653 971 2709 hem
987 2653 1113 2721 testium,
1130 2652 1299 2725 deponentes
1313 2670 1396 2710 omne
1414 2653 1523 2727 pondus
1537 2660 1567 2711 et
1580 2657 1707 2712 circum·

59 2744 135 2819 erigi,
152 2743 206 2800 nisi
221 2744 296 2816 quod
320 2758 376 2799 non
390 2744 539 2800 acervatim
554 2751 581 2799 et
603 2743 663 2799 sine
678 2744 774 2801 ordine
788 2745 857 2802 stunt
909 2743 1639 2814 stansaotpeecatumperpatienttamcurramusau
1646 2762 1708 2818 pro·

57 2832 114 2897 ista,
131 2835 180 2889 sed
198 2833 271 2889 serie
291 2841 377 2903 certa,
394 2840 420 2889 et
436 2832 493 2888 suis
516 2833 623 2905 singula
647 2842 710 2889 sunt
730 2835 857 2892 distincta
909 2830 1033 2902 potitum
1044 2836 1206 2892 certamen.-
1217 2830 1388 2903 aspicientes
1399 2829 1432 2887 in
1447 2836 1593 2890 auctorem
1602 2833 1669 2903 fidei
1680 2839 1709 2891 et

57 2922 250 2993 temporibus?
263 2921 361 2979 Nonne
376 2921 434 2978 haec
454 2922 610 2979 testimonia
624 2922 764 2979 credibilis
782 2923 856 2981 turta
910 2922 1169 2976 consummatorem
1185 2920 1289 2988 lesum,
1310 2919 1358 2992 qui
1375 2919 1519 2992 proposito
1540 2921 1592 2978 siti
1605 2923 1707 2994 pandis

57 3018 117 3066 sunt
131 3009 228 3076 uinus,
239 3026 273 3066 eo
289 3009 363 3081 quod
377 3010 487 3076 domum
502 3017 575 3066 tuam
590 3011 650 3067 talis
663 3012 744 3068 decet
758 3012 857 3070 sencti-
910 3009 1052 3064 sustt'ttut't
1066 3024 1189 3079 crucum,
1211 3009 1376 3079 contusione
1390 3011 1563 3083 contemptu,
1580 3015 1662 3085 atque
1676 3014 1708 3069 itt

57 3099 130 3165 tudo,
155 3098 296 3154 Domine?
315 3098 422 3156 Utinam
447 3099 537 3155 cordis
562 3100 616 3156 mei
639 3101 746 3157 radices
774 3119 857 3175 super
912 3095 1030 3152 dextera
1043 3096 1094 3152 liei
1105 3096 1191 3153 sedet.
1207 3098 1367 3170 Recogitate
1380 3100 1458 3153 euim
1477 3114 1542 3155 eum
1557 3101 1606 3173 qut·
1620 3102 1708 3157 tutem

56 3185 136 3242 istum
148 3188 304 3242 densentur
317 3202 456 3245 acervum.
472 3188 566 3244 Nescit
580 3188 679 3245 sterilis
691 3205 752 3246 esse
767 3197 857 3246 entus
910 3183 1709 3259 sustinuitopeecatoribusuduersussemetipsumcoutra-
1723 3244 1729 3254 ,

55 3276 136 3331 bonae
155 3275 373 3333 conversationis
398 3278 532 3333 cumulus.
559 3277 646 3334 Locus
668 3289 710 3335 est
734 3279 806 3335 altus
830 3287 858 3336 et
911 3272 1076 3342 dictionem,
1086 3277 1119 3328 ut
1129 3290 1165 3330 ue
1175 3274 1338 3344 fatigemini
1348 3275 1566 3332 cuimis'uestris
1579 3277 1708 3348 deficiem-

55 3366 138 3433 uher‚
164 3351 274 3437 qualem
286 3367 423 3438 prophete
441 3375 636 3423 commemorat
652 3381 658 3421 :
681 3368 764 3424 Vinea
777 3371 857 3440 secte
912 3365 963 3419 tes.
980 3360 1109 3418 Nondum
1124 3362 1201 3417 euim
1219 3377 1305 3432 usque
1320 3362 1356 3417 ud
1370 3364 1540 3433 sanquinem
1552 3365 1707 3421 restitistis

53 3457 97 3508 est
112 3452 217 3510 dilecto
228 3456 261 3510 itt
270 3469 372 3521 cornu,
384 3455 416 3508 itt
428 3455 578 3522 locouhert'
586 3456 651 3526 (lsa.
664 3471 694 3523 v,
707 3456 745 3527 l).
756 3457 788 3511 Et
800 3470 858 3511 ma·
912 3450 1002 3519 (ltebr.
1014 3465 1066 3516 xtt,
1079 3447 1347 3516 titillamenta
1361 3449 1515 3506 testimonia
1525 3451 1708 3524 praerogativa

54 3558 141 3612 gnum
156 3542 237 3614 plane
253 3542 352 3598 fertilis
365 3543 414 3599 soli
429 3543 621 3607 testimonium¹
637 3542 771 3604 fruetuum
786 3559 855 3616 pro·
911 3537 1027 3611 quadam
1043 3535 1169 3590 dicuntur
1181 3534 1348 3603 testimonia,
1358 3534 1386 3589 id
1397 3538 1587 3609 estmatlytitt,
1601 3539 1647 3612 qui
1656 3555 1707 3610 pro

54 3637 156 3684 tentus
173 3630 280 3687 uberior
301 3645 307 3684 :
326 3629 396 3687 sicut
415 3630 582 3687 econtrario
602 3630 657 3687 loci
670 3632 790 3699 ubertas,
808 3648 856 3686 ar·
911 3624 965 3681 iide
989 3622 1088 3679 Christi
1116 3622 1279 3697 sauguinem
1306 3621 1444 3680 iuuerunt.
1473 3625 1569 3682 Videte
1589 3626 1707 3698 primum

56 3719 134 3775 horis
156 3719 314 3791 qualitatem
340 3718 479 3794 redarguit
503 3720 538 3776 de
558 3719 775 3778 infructuositate
796 3736 855 3778 sua.
910 3714 1000 3786 ipsum
1030 3719 1177 3783 martyrem
1198 3712 1367 3782 Stephanum
1394 3711 1428 3768 ‹te
1457 3721 1559 3788 quanto
1587 3715 1707 3788 lapidum

55 3811 98 3863 An
112 3822 169 3862 non
193 3808 277 3864 arhor
290 3808 371 3874 mala,
389 3825 450 3880 quae
474 3815 575 3865 terram
589 3809 689 3865 bonam
708 3824 854 3881 occupans,
911 3817 1008 3859 acervo
1023 3801 1177 3858 ascenderit
1191 3801 1225 3857 nd
1245 3802 1391 3871 Christum,
1407 3820 1490 3877 quem
1505 3812 1533 3860 et
1546 3820 1642 3862 omnes
1658 3821 1706 3862 se-

56 3895 161 3953 huctus
186 3897 339 3969 condignos
358 3911 412 3952 non
437 3897 518 3969 parit,
538 3897 588 3954 sed
611 3913 663 3953 nec
686 3898 757 3955 ullos
778 3899 857 3954 honae
911 3898 1031 3965 quuntur
1041 3891 1138 3946 nuimae
1146 3894 1237 3962 justae.
1257 3893 1341 3962 Quasi
1349 3911 1429 3966 pree,
1442 3893 1540 3966 inquit,
1555 3910 1707 3966 caprarum

58 3986 114 4056 spei
126 3987 244 4057 parturit
254 3985 361 4042 flores?
376 3985 500 4042 forsitan
514 3995 541 4042 et
555 3984 702 4043 ficulneam
717 3986 789 4041 illem
804 3994 857 4043 ste.
911 3996 972 4052 quoe
986 3978 1176 4036 ascenderunt
1190 3978 1223 4037 de
1237 3985 1333 4038 moute
1349 3982 1464 4040 Gutccd.
1481 3982 1631 4039 Gestabant
1645 3986 1705 4041 tlte·

59 4075 144 4139 ulem,
164 4090 249 4148 quam
268 4074 401 4131 Dominus
415 4076 498 4146 jussit
517 4075 620 4132 succidi
639 4078 716 4146 (tuo.
737 4091 799 4143 utu,
816 4077 855 4143 7),
911 4083 1021 4124 saurnm
1036 4067 1098 4125 fidei
1112 4068 1141 4123 in
1165 4068 1236 4125 vasis
1250 4067 1387 4139 fictilibus,
1405 4070 1453 4126 sed
1479 4070 1629 4128 sublimitas
1648 4081 1707 4129 erat

57 4162 161 4220 lertiles
175 4164 210 4220 de
225 4163 318 4220 vicino
334 4163 421 4220 uneae
435 4164 666 4220 condemnabant.
682 4163 857 4235 Periniqunm
910 4157 1018 4215 virtutis
1033 4157 1092 4213 Dei.
1109 4156 1173 4213 ldeo
1190 4157 1267 4229 quasi
1282 4157 1464 4215 ascendentes
1479 4158 1616 4229 dicuntur,
1632 4161 1705 4235 quod

58 4261 110 4317 est,
127 4252 155 4307 in
170 4260 268 4310 sancte
283 4253 489 4310 couversatione
502 4254 665 4326 plantatum,
680 4253 719 4308 nil
733 4259 858 4310 sanctum
912 4262 960 4303 eos
978 4245 1106 4302 immania
1121 4252 1255 4302 tormenta
1274 4262 1328 4303 non
1350 4255 1405 4303 tam
1423 4247 1606 4322 infregerunt,
1622 4266 1706 4324 quum

58 4341 155 4410 moliri,
166 4350 196 4397 et
205 4342 396 4399 excusationes
407 4342 622 4414 praetendentem
637 4341 759 4417 cognatis
769 4358 858 4398 exem·
872 4373 896 4453 Β
912 4334 1089 4394 firmaverunt
1108 4334 1142 4389 nd
1158 4334 1328 4392 reddendum
1337 4337 1524 4395 testimonium
1539 4338 1638 4396 virtme
1651 4354 1708 4395 ma·

56 4429 108 4500 plis
130 4430 268 4498 convinci,
299 4438 327 4486 et
350 4430 416 4487 inde
440 4430 635 4488 descensiones
658 4430 804 4503 disponere
827 4431 856 4486 in
911 4440 975 4497 gna·
996 4423 1066 4494 Quid
1081 4423 1125 4479 hit
1144 4422 1184 4478 eit
1198 4423 1281 4478 animi
1297 4431 1348 4492 est,
1366 4426 1413 4499 qui
1428 4442 1479 4481 nec
1494 4442 1586 4495 unam,
1601 4435 1629 4482 et
1647 4442 1707 4482 eum

57 4517 138 4574 eorde
163 4535 224 4586 suo,
245 4519 321 4575 unde
344 4518 389 4574 alii
411 4520 575 4577 ascendunt.
599 4518 719 4577 Sufficiat
742 4518 791 4575 tibi
811 4518 857 4591 qui
912 4515 1009 4583 levem,
1025 4519 1052 4570 et
1066 4511 1182 4569 amicam
1200 4512 1408 4584 praepositorum
1424 4514 1640 4584 increpationem
1659 4530 1706 4570 su·

58 4607 121 4662 uiis
140 4623 183 4676 es,
208 4607 359 4665 descensus
379 4615 451 4665 tuus.
477 4607 549 4678 Quid
573 4608 706 4664 honorum
730 4622 858 4664 acervum
912 4603 1027 4672 stinent3
1042 4601 1091 4658 sed
1105 4600 1140 4656 ad
1154 4616 1239 4656 unum
1254 4599 1388 4656 austerius
1402 4600 1516 4656 verbum
1531 4608 1604 4659 totns
1617 4602 1706 4676 lique·

58 4710 184 4766 opernm,
194 4713 276 4770 quem
293 4697 338 4752 ulii
349 4697 489 4754 alacritate
499 4696 697 4765 conscendunt,
713 4696 857 4752 detrahere
913 4691 963 4747 scit
980 4691 1046 4748 boni
1067 4688 1211 4763 propositi,
1233 4705 1315 4762 quem
1337 4688 1389 4745 sibi
1412 4688 1597 4758 firmaverant,
1613 4692 1707 4765 rigori

61 4784 173 4855 moliris,
189 4794 217 4842 at
241 4787 382 4859 regulares
401 4786 591 4843 observantias
615 4785 772 4850 immutare,
790 4799 857 4858 qun·
911 4780 1030 4836 lstorum
1042 4789 1081 4836 tot
1096 4779 1208 4836 sullulta
1222 4779 1394 4837 adminiculis
1408 4781 1562 4838 testimonia
1577 4782 1621 4840 vix
1636 4791 1708 4841 stare

62 4890 119 4928 rum
132 4883 160 4930 et
178 4891 332 4944 numerum,
349 4883 375 4933 et
396 4876 520 4949 rigorem
534 4874 672 4930 causeris?
687 4872 750 4930 Noli
765 4873 858 4946 prohi-
911 4876 1038 4940 possunt;
1055 4866 1110 4927 16
1123 4869 1231 4925 illorum
1248 4877 1286 4925 tot
1301 4886 1426 4943 repressa
1439 4872 1582 4929 tormentis
1597 4873 1708 4928 uberius

60 4963 126 5019 bere
141 4979 190 5020 eos
205 4965 252 5038 qni
261 4966 333 5020 bene
347 4963 463 5030 iaciunt;
474 4963 499 5019 si
512 4971 601 5037 potes,
615 4970 643 5020 et
653 4963 711 5034 ipse
727 4962 872 5020 ascende(
911 4965 1068 5030 eruperunt.
1086 4960 1197 5014 Annon
1211 4966 1330 5031 quantus
1349 4976 1480 5016 numerus
1495 4961 1704 5032 suppliciorum,

60 5051 130 5107 Audi
144 5053 179 5109 de
193 5061 297 5126 quanto
311 5061 338 5110 et
353 5053 426 5127 quali
446 5069 544 5110 acervo
560 5053 646 5110 sancti
665 5052 856 5113 ascenderunt.
911 5054 1001 5102 tantus
1016 5054 1044 5103 et
1057 5061 1172 5103 acervus
1187 5048 1496 5106 testimoniorum‘tlltsi
1511 5057 1600 5105 morte
1613 5046 1706 5104 allecti

60 5142 289 5200 staetttartttrta
296 5144 445 5201 eleutero
452 5143 575 5216 experti,
583 5141 857 5215 iusuperetuiueutu
911 5144 966 5193 tots
985 5136 1038 5202 die,
1055 5144 1083 5193 et
1096 5135 1222 5192 aestimati
1236 5136 1305 5193 sicut
1320 5153 1384 5195 oves
1402 5137 1556 5204 occisionis,
1572 5137 1601 5192 in
1615 5136 1706 5193 omni·

57 5233 84 5284 et
94 5246 232 5299 curreres,
244 5231 369 5304 lapidati
381 5235 462 5299 sumt,
478 5230 549 5289 secti
562 5235 642 5297 suut,
653 5230 761 5287 tentati
775 5234 855 5297 suut,
911 5228 962 5282 bus
979 5233 1070 5283 tamen
1088 5231 1294 5297 superaverunt,
1309 5232 1336 5280 et
1355 5227 1429 5282 velut
1442 5226 1709 5300 superascenderunt

58 5314 88 5369 in
97 5316 455 5392 outumequdttmortut
464 5322 546 5375 suut.
560 5317 745 5374 Ctrcttieruttt
756 5316 788 5372 itt
799 5332 857 5373 ute·
911 5318 944 5374 de
953 5317 1067 5386 Galaad,
1083 5316 1118 5374 de
1126 5330 1225 5372 acervo
1235 5313 1369 5385 martyrii.
1384 5314 1447 5370 Non
1461 5318 1534 5373 enim
1549 5315 1584 5373 de
1594 5331 1706 5373 conser-

57 5408 134 5475 totit,
151 5411 185 5466 t'tt
196 5406 325 5482 pettttus
332 5407 473 5481 cuprinis,
489 5405 794 5482 eptateaatpnsttatt,
810 5409 854 5477 us·
910 5408 999 5465 vurtda
1017 5404 1153 5477 corporali
1172 5403 1225 5459 vita
1245 5409 1385 5458 certamen
1405 5402 1523 5461 inierunt
1538 5404 1637 5476 sancti,
1657 5405 1705 5464 sed

54 5496 139 5567 ptest,
151 5497 184 5556 its
197 5496 402 5558 solitudinibus
417 5500 560 5565 matites,
577 5496 610 5554 itt
624 5494 767 5555 awatttus
781 5498 810 5555 et
823 5497 856 5554 itt
909 5496 945 5555 de
957 5496 1011 5554 vita
1024 5493 1097 5564 tidei,
1112 5509 1145 5552 ex
1159 5491 1310 5566 quajusttts
1320 5488 1394 5549 tivit.
1410 5490 1529 5567 ideoque
1539 5492 1704 5554 nonnum
