3706 5962
89 191 132 257 Bi
222 194 230 207 '
715 179 937 249 statuuntur
957 178 1094 241 assarta
1703 186 1743 250 gg

95 315 212 376 estzeui
225 313 355 374 fortitudo
367 311 490 385 lapidum
504 311 633 369 fortitudo
647 310 717 383 ejus,
729 318 756 368 et
770 326 819 368 cor
831 311 892 382 eius
949 314 1022 365 ctum
1045 303 1220 365 extollentem
1247 321 1277 364 sa
1303 308 1434 366 adversus
1461 309 1603 369 scientiam
1629 313 1680 371 Dei
1709 316 1747 386 (ll

96 412 261 472 teneum;ut
274 418 327 462 nec
341 401 447 460 vexatio
462 401 508 459 det
516 401 684 458 intellectum
698 400 801 456 auditui
811 401 890 471 ejus:
950 399 1012 456 Cor.
1036 412 1063 462 x,
1089 399 1115 462 ι,
1146 395 1185 468 ὅ).
1214 396 1354 453 versatilis
1381 397 1417 453 sit
1443 398 1472 455 in
1490 415 1581 488 ‘manu
1609 408 1656 459 tua
1683 403 1745 478 gla-

87 496 195 570 .quales
213 493 334 566 denique
349 498 412 547 sunt
425 491 524 564 quibus
538 491 637 547 Paulus
650 489 697 559 ait,
713 491 757 546 Aa
771 490 892 547 aemula·
947 487 1008 543 dius
1032 484 1152 558 spiritua,
1169 493 1199 539 ut
1221 484 1257 540 ad
1280 501 1361 542 omne
1387 487 1460 559 quod
1482 488 1532 545 tibi
1557 492 1673 565 emergit
1695 510 1745 550 ne-

96 577 892 653 murftomr'aum?Numquidfortiorerillcsumus?(lcor.
946 573 1052 649 gotium
1066 573 1224 639 famulatum
1240 589 1292 629 nec
1314 585 1341 630 te
1361 574 1492 633 destituat
1514 580 1650 635 sermome
1673 580 1745 638 sacri

97 686 128 742 x,
145 671 203 744 88.)
216 671 276 731 Νοιι
290 676 333 727 εει
346 670 379 726 de
402 667 520 724 fortibus
544 668 637 733 lsrael,
654 667 701 739 qui
722 683 785 724 cuna
798 667 893 723 vulne·
947 664 1073 728 facultas,
1086 678 1148 719 cum
1161 663 1320 735 temporalis
1335 672 1364 720 et
1378 665 1468 720 subita
1486 665 1610 739 deposcit
1622 671 1744 727 occasio.

97 769 174 820 ratur
188 777 245 817 non
257 760 346 825 dolet3
363 774 426 816 cum
444 759 606 814 verberatur
621 773 676 813 non
696 756 787 822 sentit,
805 755 893 826 stupi-
947 755 979 809 ln
993 751 1071 808 labiis
1086 751 1133 807 tibi
1148 751 1192 816 sit,
1205 745 1303 807 norsin
1315 750 1390 808 ioliia
1403 756 1517 811 verbum
1531 757 1651 814 validum
1665 766 1691 816 et
1705 761 1746 816 ef·

97 850 150 907 dus
159 865 273 905 manens
282 847 318 903 ad
328 863 424 903 omnes
433 843 557 902 stimulos
568 844 716 917 anticipitis
725 844 810 918 gladii
818 843 894 900 verbi
948 840 1017 898 ficar
1035 856 1042 896 :
1057 840 1140 897 labia
1153 843 1241 908 euim,
1256 856 1311 896 non
1327 841 1563 907 folia,racsrtlotis
1581 849 1746 906 custodiunt

71 930 77 941 '
98 937 288 1015 penetrabilis,
304 943 331 994 ει
345 935 479 1011 gloriatur
493 935 517 990 ει
531 942 628 992 εοιιιιε
642 934 785 1005 sapientias
799 933 895 989 stimu-
948 930 1111 989 scientiam.
1123 929 1238 986 Gladius
1252 929 1330 985 verbi
1339 930 1387 986 tibi
1397 930 1433 986 sit
1442 947 1459 988 a
1469 932 1566 1000 latere,
1577 950 1633 991 non
1642 936 1671 992 in
1680 937 1747 995 late

98 1029 141 1085 los
153 1025 286 1086 calcitret.
301 1026 363 1082 Non
387 1023 447 1079 talis
465 1024 562 1093 llaria,
578 1024 658 1094 cujus
681 1023 811 1087 animam,
827 1037 859 1077 ac
872 1022 895 1079 si
948 1019 1007 1074 bris
1022 1037 1029 1074 :
1045 1018 1185 1090 proximus
1207 1017 1256 1074 tibi
1279 1018 1325 1073 sit.
1340 1019 1490 1092 Accingere
1506 1037 1540 1078 εο
1559 1039 1643 1096 super
1656 1024 1746 1083 femur

99 1115 210 1173 mollem
222 1115 377 1180 materiam,
393 1114 501 1186 gladius
525 1109 710 1184 pertransivit.
732 1112 776 1165 lle
791 1109 894 1165 utinam
949 1115 1035 1173 tuum,
1052 1117 1082 1163 ut
1103 1115 1201 1179 potens
1224 1105 1263 1163 sis
1286 1115 1314 1163 et
1338 1117 1489 1182 promptus,
1507 1120 1536 1167 et
1557 1114 1696 1171 exhortari
1718 1115 1747 1171 in

99 1204 180 1262 facile
205 1204 327 1261 obtineat
349 1204 466 1260 verbum
487 1200 624 1266 validum3
648 1199 676 1255 in
699 1214 743 1256 me
765 1204 895 1271 operetur
949 1196 1075 1252 doctrina
1085 1211 1163 1262 sana,
1175 1195 1427 1254 etcontradicentes
1438 1199 1614 1273 radarguere.
1625 1202 1689 1259 Non
1697 1203 1747 1260 tibi

99 1294 160 1363 ejus
174 1291 307 1357 efficacia,
319 1298 347 1348 ει
356 1290 477 1348 animam
490 1304 578 1346 meam
589 1287 634 1344 bic
642 1294 766 1360 penetret
775 1286 893 1359 gladius,
949 1284 986 1340 sit
1003 1285 1077 1341 ensis
1091 1285 1141 1340 sub
1156 1282 1268 1351 femore,
1284 1292 1313 1341 et
1335 1286 1413 1343 verbi
1426 1287 1500 1344 sacri
1522 1290 1643 1346 studium
1657 1292 1748 1348 carnis

99 1388 130 1438 ut
143 1389 170 1438 ει
183 1380 243 1453 ipsa
261 1379 341 1452 quasi
355 1379 385 1435 in
400 1378 522 1453 gladium
535 1383 711 1435 convertatur
724 1382 821 1431 contra
837 1374 894 1446 spi·
949 1372 1167 1447 prudentiaenon
1178 1388 1329 1445 supponas.
1343 1375 1565 1451 Uulurcujusqua
1579 1382 1749 1453 emisruper

100 1468 212 1526 rituales
226 1473 383 1540 pugnatura
398 1464 547 1538 nequitias.
950 1465 1046 1535 femur
1058 1478 1143 1519 suum
1155 1462 1253 1534 (Cant.
1268 1477 1310 1529 ιιι,
1327 1461 1366 1535 8).
1386 1463 1439 1518 Alii
1455 1464 1535 1521 datur
1548 1482 1641 1523 sermo
1654 1467 1749 1525 seien-

136 1559 163 1614 t.
178 1555 250 1626 Quid
260 1553 345 1611 mittis
359 1569 471 1610 manum
480 1553 515 1608 ad
529 1551 620 1620 forda,
633 1550 679 1624 qui
693 1567 727 1607 ex
740 1548 896 1607 fortissimis
951 1551 1004 1617 tim,
1020 1549 1067 1606 alii
1081 1564 1174 1607 sermo
1197 1549 1349 1622 sapientiae,
1366 1559 1393 1607 et
1406 1551 1554 1627 unicuique
1576 1555 1684 1612 doctori
1697 1572 1749 1612 sua

100 1661 156 1703 non
170 1649 221 1702 εει
243 1642 401 1701 Custodiam
425 1641 522 1714 utquid
546 1640 671 1711 suscipis,
694 1639 740 1712 qui
762 1638 896 1695 desidiam
950 1639 1030 1696 datur
1043 1654 1061 1695 a
1075 1638 1178 1710 Spiritu
1200 1638 1288 1713 ςιειιε
1302 1640 1329 1710 (1
1346 1640 1408 1699 Cor.
1423 1644 1506 1708 xu,l
1532 1643 1588 1712 ιι).
1612 1647 1749 1702 uniusau-

101 1750 157 1791 non
170 1731 294 1790 excutis?
304 1730 376 1802 Quid
391 1730 518 1786 lectulum
532 1728 629 1795 ambis,
641 1727 689 1800 qui
703 1726 827 1804 gladium
840 1744 895 1783 non
909 1728 935 1808 Β
946 1730 1052 1801 jusque
1061 1727 1138 1786 euris
1147 1742 1234 1799 super
1245 1729 1434 1798 femurruum
1445 1748 1454 1785 .·
1466 1736 1496 1786 ut
1510 1729 1557 1786 ubi
1567 1738 1610 1788 est
1623 1734 1749 1790 tentatio·

99 1823 205 1887 babes;
221 1827 268 1877 aut
282 1819 306 1876 si
319 1818 442 1894 gladium
464 1818 551 1874 habes
573 1815 660 1883 verbi,
676 1817 761 1873 babes
778 1815 856 1872 illum
868 1815 897 1870 in
950 1816 994 1872 nis
1007 1816 1127 1882 occasio,
1142 1815 1181 1872 ibi
1194 1817 1284 1886 maior
1297 1817 1373 1872 verbi
1387 1820 1588 1891 praeoccupatio
1603 1820 1658 1889 liat,
1673 1837 1751 1880 com·

100 1911 200 1983 vagina
215 1911 264 1981 [al.
281 1907 403 1983 paginal,
415 1923 470 1963 non
480 1907 565 1963 habes
579 1905 607 1961 in
622 1905 733 1978 linguai
742 1904 804 1962 Non
820 1912 897 1962 tenes
950 1905 1065 1963 monitio
1078 1905 1212 1962 crebrior.
1227 1906 1449 1980 lbtiuscujusquc
1463 1911 1539 1966 euris
1552 1926 1640 1983 super
1652 1914 1751 1983 femur

101 1998 230 2057 manibus
241 1997 352 2073 linguae,
369 1996 444 2054 verbi
458 1995 507 2053 Dei
522 1994 679 2052 versatilem
693 1994 824 2068 gladium.
842 1995 898 2051 Vo-
950 2012 1035 2053 suum
1049 2015 1058 2051 .·
1072 2002 1102 2050 ιιι
1116 2010 1146 2051 se
1160 1995 1220 2066 ipso
1242 1995 1333 2067 primo
1349 1997 1488 2069 corripiat,
1503 2013 1534 2054 sa
1548 1998 1636 2071 ipsum
1659 2009 1752 2058 custo·

100 2087 193 2146 lubilis
207 2095 250 2144 est
263 2102 364 2152 sermo,
376 2084 488 2158 spiritus
503 2084 646 2141 flammeus
661 2091 704 2139 est
721 2083 788 2141 :sed
804 2084 898 2141 nescio
950 2083 1018 2149 diat,
1029 2099 1059 2139 sc
1071 2083 1161 2154 ipsum
1170 2083 1312 2153 dijudicet.
1328 2084 1413 2141 Docet
1425 2093 1452 2141 te
1465 2086 1565 2143 Paulus
1579 2087 1658 2160 quasi
1667 2105 1751 2162 super

102 2175 239 2252 quemme
253 2182 350 2232 contra
373 2182 500 2231 naturam
523 2188 601 2230 suam
616 2172 748 2246 pigrescit
771 2172 799 2228 ia
814 2189 897 2229 manu
951 2172 1040 2228 femur
1059 2179 1246 2227 tuamensem
1266 2171 1395 2228 babere:
1418 2174 1579 2240 corridere,
1599 2174 1696 2248 inquit,
1723 2181 1753 2236 te

102 2275 148 2322 tua
165 2280 172 2320 :
188 2264 361 2340 restringitur
370 2272 399 2320 et
409 2264 561 2328 bebetetur,
574 2261 621 2334 qui
633 2261 740 2318 acutior
753 2269 797 2318 est
811 2269 839 2319 ει
853 2278 899 2334 ρε-
951 2261 1139 2334 ipsummet
1149 2265 1181 2315 tu
1190 2263 1318 2317 tenteris.
1326 2262 1407 2319 Euris
1416 2263 1552 2336 cujusque
1560 2279 1644 2336 super
1653 2267 1753 2336 femur

101 2353 264 2413 sanabilior
277 2352 352 2409 omni
366 2352 459 2426 gladio
473 2350 595 2423 ancipiti.
609 2350 671 2407 Non
684 2359 727 2407 εει
740 2350 821 2407 velox
837 2367 897 2408 ver·
951 2366 1048 2415 suum,
1058 2353 1174 2423 propter
1184 2351 1299 2408 timores
1308 2352 1693 2423 norturms,proptorlspsus
1704 2369 1751 2410 su-

102 2444 169 2502 bum
182 2442 211 2498 in
225 2456 274 2499 ore
290 2448 352 2509 tuo;
367 2456 423 2496 non
438 2440 523 2496 currit
542 2438 689 2502 velocitate
707 2455 762 2495 non
777 2445 820 2495 est
834 2455 897 2496 ver·
951 2438 1033 2504 bites,
1049 2446 1257 2510 proeoccupatos
1280 2454 1370 2494 casus.
1386 2438 1472 2509 Quasi
1494 2442 1621 2498 timorem
1634 2449 1749 2499 noctur·

102 2531 182 2588 satile
197 2531 224 2587 ia
233 2546 317 2586 manu
332 2536 379 2586 tue
390 2542 442 2601 pro
451 2527 585 2585 varietate
598 2526 712 2599 negotii,
724 2527 798 2600 quod
808 2535 900 2585 tamen
953 2543 1018 2584 num
1029 2527 1177 2600 Apostolus
1191 2527 1280 2583 innuit
1290 2527 1401 2583 dicens:
1414 2531 1444 2586 Si
1456 2535 1672 2604 praeoccupatur
1685 2534 1751 2603 sue·

103 2622 139 2678 ed
152 2636 248 2678 omnes
262 2618 410 2691 spiritualis
423 2615 585 2673 certaminis
599 2631 666 2671 usus
682 2615 813 2672 abundat.
828 2616 899 2685 Quid
952 2616 994 2672 rit
1009 2616 1088 2673 bomo
1104 2616 1137 2671 in
1155 2616 1250 2689 aliquo
1264 2616 1366 2672 delicto
1381 2617 1456 2686 (Gal.
1470 2633 1508 2684 vr,
1525 2619 1563 2687 ι).
1577 2618 1751 2676 Nocturnum

103 2709 152 2766 tibi
166 2722 284 2778 usurpas
294 2705 424 2771 officium,
437 2706 515 2776 cujus
525 2719 605 2759 usum
615 2717 671 2759 neu
681 2703 786 2760 habes?
799 2705 898 2762 Omnes
952 2712 994 2760 est
1017 2704 1089 2761 enirn
1113 2703 1187 2775 quod
1213 2703 1391 2775 improvisum
1417 2713 1468 2772 est,
1498 2706 1571 2779 quod
1595 2707 1714 2763 subitum
1742 2724 1749 2764 :

104 2800 230 2855 teuemer
243 2793 399 2867 pluuisset
413 2793 450 2849 ud
464 2793 538 2849 bella
552 2793 709 2848 doctissimi
721 2791 896 2863 (Guntia-ua
953 2797 1116 2850 nocturnum
1139 2791 1201 2850 ὅθ
1223 2793 1306 2848 ειιειιι
1330 2795 1404 2866 quod
1427 2794 1587 2851 insidiosum
1611 2804 1662 2852 est.
1683 2798 1750 2854 ldeo

104 2885 142 2948 8).
156 2883 220 2941 Sine
234 2898 318 2940 causa
331 2880 453 2954 gladium
467 2888 561 2953 portes
577 2887 614 2948 tu,
628 2880 673 2954 qui
688 2879 810 2937 bellandi
824 2880 898 2937 sulii·
953 2881 1036 2937 dicit:
1050 2883 1083 2940 tlt
1096 2898 1155 2938 mort
1167 2883 1454 2941 circumveniamus
1467 2888 1582 2941 satana.
1599 2885 1659 2942 Nom
1673 2889 1751 2944 enim

104 2973 208 3031 ειειιιει
221 2987 277 3028 nou
290 2971 375 3028 babes
397 2969 524 3043 peritiam
540 2987 546 3027 :
564 2976 612 3026 aut
625 2968 649 3025 ει
665 2969 763 3026 ιιοειιιε
776 2986 805 3026 es
820 2969 898 3026 belli-
952 2971 1115 3042 ignoramus
1129 2969 1249 3027 iusidias
1257 2973 1320 3044 ejus
1332 2972 1371 3039 (ll
1377 2971 1440 3028 Cor.
1452 2988 1481 3038 ιι,
1495 2974 1549 3044 ιι).
1559 2973 1635 3029 ldem
1645 2975 1748 3030 Paulus

104 3077 213 3135 gerare,
224 3059 314 3135 magis
327 3068 355 3116 te
364 3058 642 3131 exercesadnegotia
656 3058 759 3125 saecub,
770 3075 853 3131 quarn
863 3059 899 3114 ad
953 3059 1018 3115 alibi
1032 3059 1146 3115 timebat
1160 3074 1177 3114 a
1191 3059 1288 3115 timore
1303 3069 1447 3117 nocturno.
1472 3063 1571 3129 timec,
1587 3061 1683 3134 inquit,
1700 3080 1749 3128 ne,

104 3149 215 3222 negotia
229 3147 346 3215 Christi3
361 3147 472 3204 *forensi
485 3149 546 3218 jure
570 3147 632 3219 plus
658 3145 745 3203 uteris
759 3163 841 3220 quam
856 3163 899 3205 ac·
914 3121 936 3199 c
951 3148 1031 3207 sicut
1057 3164 1172 3222 serpeus
1199 3148 1316 3206 reducit
1335 3152 1431 3218 livam,
1459 3152 1505 3207 ita
1525 3161 1751 3224 commpaatur

105 3237 270 3306 clesmsticc,
285 3238 348 3311 plus
363 3235 489 3294 saeculari
505 3250 588 3309 quam
602 3235 735 3308 spirituali
748 3236 898 3293 certamine
953 3254 1050 3296 saurus
1063 3237 1151 3296 uestri
1160 3254 1178 3293 a
1187 3239 1380 3311 simplicitate,
1396 3256 1459 3312 quur
1474 3244 1518 3296 ert
1531 3241 1564 3296 ia
1582 3240 1695 3297 Christo
1711 3243 1752 3312 (ll

105 3327 200 3386 cales.
217 3327 346 3384 Paratum
360 3325 419 3383 vult
437 3324 526 3382 vimm
540 3322 755 3381 ecclesiasticum
768 3323 898 3396 Princeps
956 3329 1017 3385 Cor.
1036 3342 1074 3393 ιιι,
1094 3326 1132 3397 8).
1148 3327 1222 3382 Bona
1236 3326 1405 3397 simplicitas,
1420 3327 1467 3383 ubi
1480 3326 1589 3384 Christo
1603 3328 1750 3386 adhaerens

105 3414 248 3481 Ecclesia,
259 3422 384 3487 paratum
397 3429 461 3470 eum
471 3414 528 3471 vult
541 3412 577 3468 ad
586 3412 756 3469 reddendam
766 3413 899 3469 rationem
953 3432 1025 3470 unus
1039 3422 1080 3471 est
1094 3430 1156 3471 cum
1170 3414 1217 3471 illo
1231 3413 1352 3486 spiritus.
1370 3414 1533 3488 Simplicitas
1543 3424 1586 3473 εει
1599 3417 1646 3472 ubi
1659 3417 1750 3473 unitas

106 3504 141 3560 de
154 3519 197 3574 ea,
208 3519 270 3574 quaa
283 3510 327 3560 est
341 3503 369 3559 in
384 3501 473 3569 nobis,
486 3501 540 3559 lide
555 3508 583 3558 et
597 3517 647 3574 spe
661 3501 688 3572 (l
699 3504 776 3560 Patr.
786 3516 828 3569 ιιι,
842 3504 897 3572 15).
955 3511 996 3561 est
1012 3519 1019 3558 τ
1035 3503 1193 3575 simplicitas
1211 3512 1261 3569 est,
1278 3503 1301 3559 si
1314 3505 1371 3573 jam
1384 3520 1441 3562 non
1455 3504 1514 3576 ipse
1525 3505 1606 3571 vivis,
1625 3506 1675 3561 sed
1686 3506 1751 3562 vivit

106 3593 141 3648 Et
156 3591 285 3664 quoniam
299 3599 379 3664 pacto
394 3590 471 3663 piger
485 3598 513 3647 ει
527 3590 670 3661 imperitus
683 3590 718 3645 ad
730 3589 783 3646 ista
796 3588 900 3663 gloria·
954 3593 983 3648 in
997 3591 1168 3657 terristus;
1184 3591 1208 3647 si
1221 3599 1247 3648 ιε
1261 3591 1374 3648 devoret
1381 3592 1514 3664 sapientia
1520 3593 1581 3658 Dei,
1596 3593 1621 3649 ai
1631 3602 1658 3650 ιε
1670 3584 1752 3665 spiri·

106 3680 156 3745 ris,
172 3680 195 3735 si
210 3687 337 3752 prompte
352 3678 523 3751 respondeas
537 3677 645 3747 dejure
659 3677 902 3749 publicoiilecen-
956 3680 1037 3737 tualis
1049 3681 1197 3736 absorbeat
1211 3679 1313 3745 laetitie,
1331 3688 1359 3736 et
1376 3679 1477 3735 intimis
1501 3681 1669 3738 recondatur
1691 3680 1750 3738 vis·

107 3769 161 3826 tius
175 3770 259 3826 multo
269 3767 297 3823 in
311 3783 360 3825 ora
375 3767 477 3834 clerici,
490 3766 517 3823 in
531 3783 579 3825 cre
590 3769 717 3825 monachi
729 3783 808 3825 sacra
818 3785 901 3842 quam
955 3771 1072 3827 ceribus.
1093 3769 1128 3825 Et
1150 3767 1196 3824 ubi
1220 3777 1262 3825 est
1286 3776 1362 3825 tanta
1385 3769 1545 3842 simplicitas
1569 3770 1621 3826 nisi
1641 3770 1669 3825 in
1693 3770 1752 3828 lae·

108 3857 248 3915 mentoris
262 3857 352 3914 littera
367 3864 456 3912 sonat.
471 3855 542 3926 Quid
561 3856 589 3912 in
602 3855 757 3913 Jerusalem
771 3856 812 3914 vis
826 3856 901 3930 loqui
955 3860 1034 3915 tulo‘l

106 3947 202 4019 lingua
214 3945 352 4018 aegyptia?
361 3945 423 4002 Non
437 3944 476 4002 sic
490 3944 582 4004 baias.
595 3950 701 4014 Erunt,
708 3946 806 4019 inquit,
817 3950 901 4021 qairr-
992 3953 1018 4005 6.
1037 3948 1258 4021 lluiuacujusque
1266 3948 1342 4004 erreis
1352 3963 1438 4020 super
1447 3950 1542 4021 (emur
1554 3964 1648 4005 suum.
1661 3949 1755 4021 Super

107 4053 160 4110 que
173 4036 303 4092 civitatee
313 4037 346 4091 in
356 4039 434 4091 terra
445 4036 555 4107 AEqypti
566 4036 709 4109 laqueatas
725 4037 823 4108 lingua
836 4035 902 4093 cba-
957 4041 1061 4111 femur,
1072 4054 1128 4095 nou
1138 4045 1249 4111 propter
1262 4037 1361 4103 femur,
1373 4038 1422 4094 sed
1433 4042 1551 4111 propter
1562 4038 1676 4094 timores
1686 4053 1755 4096 uoc-

107 4123 275 4195 corallici.
291 4137 350 4191 xrs,
366 4124 411 4194 ¹8)
428 4139 435 4176 ε
456 4121 561 4179 scilicet
584 4122 648 4195 quia
667 4123 775 4195 penitus
793 4124 903 4180 hebraea
959 4132 1073 4185 turmot:
1093 4126 1164 4183 forte
1180 4126 1244 4197 quia
1258 4140 1314 4182 non
1326 4133 1368 4182 εει
1380 4125 1434 4181 illis
1448 4124 1604 4183 colluctatio
1618 4125 1753 4184 adversus

108 4227 165 4267 non
183 4218 319 4284 poterent,
339 4226 373 4268 ea
395 4211 572 4283 loquerentur
590 4227 651 4283 quae
674 4219 717 4267 est
739 4211 828 4268 vicina
850 4213 902 4269 be·
957 4232 1069 4273 carnem
1082 4223 1110 4270 et
1132 4215 1304 4289 sangrnuem,
1320 4214 1366 4287 qui
1384 4214 1547 4290 signaturin
1569 4214 1685 4281 femore,
1702 4216 1752 4272 sad

107 4300 205 4365 braerer
222 4299 286 4373 quia
298 4299 392 4372 lingua
414 4306 510 4356 sancta
522 4315 579 4356 non
602 4307 740 4372 poterant,
755 4299 798 4359 rel
815 4317 848 4357 ea
861 4301 903 4358 lo·
957 4304 1188 4362 adversusmundi
1197 4304 1515 4370 rectores,teuebrarum
1529 4304 1626 4361 barum
1637 4305 1749 4376 (epla.

109 4396 259 4463 querentur
268 4405 330 4462 quae
345 4396 447 4446 sanctae
462 4387 553 4444 affinis
567 4396 618 4444 est.
630 4389 702 4458 Quid
715 4390 756 4446 vis
767 4390 857 4447 media
869 4407 902 4447 ειι
957 4411 994 4462 vr,
1007 4393 1061 4466 ιι).
1073 4394 1138 4451 ldeu
1145 4399 1262 4468 propra-
1272 4397 1387 4451 timorer
1395 4398 1662 4463 maturassemus
1671 4393 1753 4465 spiri-

107 4487 187 4551 parte
200 4478 275 4551 loqui
288 4477 402 4545 azotice,
414 4477 460 4549 qui
472 4476 582 4548 judaice
595 4477 704 4536 debes?
714 4479 760 4536 Sic
770 4479 844 4536 enim
857 4481 904 4535 ha·
959 4484 1046 4541 tuales
1069 4484 1213 4557 nequitias.
1229 4482 1336 4553 Quanto
1358 4482 1508 4539 feliciorem
1527 4482 1625 4539 sortite
1638 4489 1681 4539 est
1695 4483 1754 4539 luc-

109 4568 160 4622 bas
173 4567 201 4623 in
216 4566 311 4638 ‚Esdra
334 4567 374 4638 (11
395 4567 475 4625 Esdr.
499 4581 559 4633 mu,
579 4566 634 4639 ιι).
658 4568 780 4641 loquere
802 4567 903 4639 linguis
957 4581 1022 4640 tam,
1039 4589 1101 4646 quae
1114 4572 1267 4630 Salomonis
1280 4571 1430 4629 contineris
1443 4571 1472 4627 in
1484 4571 1603 4628 lectulo?
1617 4587 1673 4627 uon
1688 4587 1754 4628 cou-

109 4670 164 4710 non
178 4653 329 4721 bominum,
346 4654 396 4710 sed
421 4654 600 4729 Angelorum.
615 4653 740 4729 Angelus
763 4656 836 4713 enim
854 4655 903 4713 Dei
956 4669 998 4718 tra
1020 4661 1146 4718 carnales
1168 4660 1313 4731 nequitias,
1330 4675 1381 4716 nec
1402 4667 1500 4716 contra
1518 4658 1674 4731 spirituales
1689 4660 1754 4732 qui·

109 4758 151 4807 es,
177 4740 224 4813 qui
245 4740 318 4797 sacri
340 4739 476 4813 profiteris
498 4741 575 4797 verbi
604 4740 793 4799 ministerium.
819 4745 903 4802 Labie
955 4751 1027 4816 dem,
1043 4749 1093 4805 sed
1107 4764 1170 4806 cum
1184 4747 1318 4819 spirituali
1332 4748 1437 4818 laetitia,
1452 4762 1515 4804 curn
1529 4747 1687 4813 Salomone,
1705 4748 1754 4820 qui

108 4831 186 4888 enim
195 4830 353 4888 ¹sacerdotis
368 4829 534 4888 custodiunt
548 4832 709 4900 scientiam,
719 4837 748 4915 et
761 4834 848 4906 legem
860 4846 903 4889 re·
955 4837 1061 4911 pacifici
1074 4837 1185 4893 nomine
1209 4845 1357 4909 praerogat.
1372 4836 1438 4894 ldae
1462 4836 1578 4909 pacifica
1596 4835 1753 4893 colluctatio

108 4921 222 4995 quirent
236 4935 273 4976 ec
286 4936 335 4978 ore
348 4920 420 4991 ejus
441 4921 507 4992 quin
524 4921 642 4992 augelus
664 4923 780 4980 Domini
793 4920 902 4981 emrci-
955 4943 1018 4985 cum
1041 4925 1112 4997 ipso.
1135 4925 1172 4980 Et
1198 4925 1304 4998 pacifici
1331 4941 1443 4993 nomen,
1469 4932 1498 4983 ει
1524 4925 1665 4999 sapientias
1692 4941 1754 4997 per-

109 5008 398 5081 tuumertfflalaclr.
414 5024 446 5075 ιι,
461 5008 501 5081 l).
956 5030 1053 5072 sonam
1076 5013 1205 5071 Salomon
1232 5015 1313 5086 gerit.
1341 5018 1421 5083 Ama,
1450 5015 1547 5088 inquit,
1576 5016 1753 5089 sapientium

143 5101 170 5154 s.
186 5096 389 5172 Evangelieeex
403 5104 460 5153 toto
474 5097 596 5172 loquere,
612 5097 660 5171 qui
674 5097 715 5156 vir
729 5098 901 5170 evangelicus
955 5108 984 5162 et
997 5102 1210 5176 amplexabitur
1229 5107 1266 5158 te.
1277 5101 1437 5175 Amplexus,
1448 5101 1646 5161 colluctationis
1660 5116 1755 5174 quam-

107 5203 148 5246 es.
173 5187 272 5244 Sermo
293 5202 361 5261 ergo
384 5193 447 5243 tuus
469 5186 560 5261 legem
586 5186 716 5253 redoleat,
740 5186 898 5260 Prophetas,
954 5194 1018 5249 dam
1032 5190 1151 5263 speciem
1166 5190 1471 5265 praefert.Amplexarc,
1484 5199 1514 5248 ιιι
1528 5191 1699 5264 amplexetur
1713 5198 1752 5246 te.

106 5275 269 5348 Apostolum
293 5291 388 5333 eorum
416 5276 506 5334 verbis
531 5276 653 5349 linguam
682 5282 757 5330 tuam
786 5292 897 5346 exacue,
956 5278 1159 5351 ὒιειιιεειειιι
1172 5280 1206 5336 ab
1219 5296 1263 5348 ea,
1276 5297 1342 5340 cum
1357 5280 1440 5338 illam
1454 5283 1544 5354 fueris
1557 5282 1752 5353 amplexatur,

105 5372 201 5421 mutua
227 5378 262 5420 ea
284 5364 324 5421 eis
347 5380 425 5423 erma
451 5365 572 5437 mundo
599 5366 665 5432 lieo,
693 5364 728 5420 ad
755 5365 900 5424 debellan-
935 5370 1023 5439 „sieut
1035 5369 1101 5427 dicit
1113 5368 1141 5425 iu
1157 5369 1310 5428 Proverbiis
1325 5374 1418 5442 (Prae.
1435 5386 1471 5442 rr,
1491 5369 1561 5442 8-8).
1577 5371 1754 5442 amplectere

105 5452 156 5511 (las
179 5451 355 5524 munitiones,
380 5455 416 5512 ad
439 5453 621 5529 mdigendnm
648 5469 758 5512 omnem
785 5454 899 5514 intelle·
935 5459 1163 5527 ‚verbumutera
1177 5474 1211 5518 eo
1226 5460 1297 5519 sicut
1310 5459 1528 5528 inlectulo,uon
1542 5458 1613 5518 siem
1626 5458 1754 5518 inbelle.
