3706 5962
168 159 221 237 sss

156 368 297 440 (Pactu,
314 369 352 439 5).
368 367 438 437 Quid
462 380 578 441 prosunt
594 371 672 427 vebis
688 372 756 438 baec,
772 369 885 442 nquior
900 369 961 425 Non

157 466 220 512 sunt
235 457 372 512 naturales
387 457 458 514 cibi:
488 459 574 530 magis
601 459 700 515 famem
723 460 782 515 baec
805 466 956 530 provocant

156 560 237 617 quam
267 545 453 615 exstinguunt.
480 545 558 602 Panis
583 562 701 620 namque
729 548 827 603 animae
853 546 960 616 iustitis

157 640 214 700 est;
229 642 259 688 et
276 632 326 688 soli
351 633 424 690 beati
439 633 485 705 qui
501 634 624 690 esuriunt
648 635 733 702 illum,
761 635 890 708 quoniam
906 633 959 705 ipsi

155 723 349 777 saturabuntur
373 722 486 794 (daret.
506 739 533 790 v,
551 724 590 792 6).
606 723 737 780 Nimirum
762 724 796 778 ad
811 723 957 796 imaginem

157 808 207 865 Dei
222 809 293 865 faeta
316 808 407 865 anima
426 809 576 877 rationalis,
608 810 716 867 caeteris
730 811 856 867 omnibus
877 823 958 865 oecu-

157 898 216 967 pari
230 906 328 969 potest,
364 897 464 969 repleri
493 899 611 971 omuino
633 914 687 955 non
707 907 806 971 potest.
824 899 956 970 Capacem

156 986 217 1053 Dei,
235 986 347 1059 quiquid
363 987 423 1043 Deo
437 987 527 1044 minua
542 995 592 1055 est,
614 1003 669 1044 non
684 987 816 1059 implebit.

313 1075 413 1132 xxvt.
442 1080 480 1133 De
494 1079 618 1135 circuitu
632 1077 799 1149 impiorum.

192 1167 238 1220 at.
268 1165 334 1221 lnde
360 1165 496 1237 estquod
534 1166 651 1222 naturali
677 1163 790 1238 quidem
820 1163 957 1220 desiderio

157 1267 293 1308 murmura
308 1252 395 1325 quivis
422 1254 553 1324 probatur
574 1260 706 1326 appetere
721 1253 833 1320 bonum,
856 1252 956 1307 nullam

157 1339 210 1396 nisi
226 1340 327 1413 adepto
340 1357 374 1398 eo
390 1342 513 1415 requiem
537 1341 689 1400 habiturus.
707 1342 840 1399 Caeterum
861 1348 956 1397 errant

157 1428 249 1485 miseri
264 1445 319 1486 non
343 1429 519 1487 invenientes
546 1431 628 1499 viam,
644 1440 682 1499 et,
706 1439 735 1488 ut
756 1431 953 1504 scriptumest,

140 1517 306 1576 „ambulant
320 1518 405 1593 impii
419 1519 592 1578 incircuitu
610 1520 699 1591 (Psoi.
716 1536 755 1587 ιι,
773 1520 812 1592 9),
826 1519 891 1575 dum
907 1518 956 1573 mi-

838 152 994 214 etbtutbt
1013 151 1149 211 abolus

44 277 54 297 ‘
159 295 262 345 meum,
280 279 347 352 quic
368 278 474 336 oblitus
496 298 559 338 sum
583 283 725 341 comedere
741 299 846 354 punem
867 293 1000 371 meumst
1019 278 1115 348 bolico,
1129 278 1238 334 inimica
1252 276 1356 344 aduris,
1377 276 1531 331 suffocatrix
1546 275 1618 344 vitae,
1639 285 1728 333 mater
1742 282 1815 350 tepi-

1762 154 1816 211 aba

1017 365 1108 421 ditatis
1122 367 1183 436 eius
1198 381 1259 439 quae
1273 366 1342 421 solet
1356 366 1414 420 Deo
1429 364 1558 420 vomitum
1569 379 1730 435 provocare.
1743 365 1814 421 Cave

1016 455 1074 522 tibi,
1089 455 1135 512 ait.
1153 454 1252 526 thuid
1268 452 1359 510 enimi
1369 452 1435 507 Cum
1455 453 1539 508 aueo
1553 453 1668 509 verbum
1682 468 1745 509 esse
1759 468 1814 509 non

1016 541 1134 614 dubites,
1150 543 1215 615 quid
1234 557 1303 612 opus
1320 551 1362 597 est
1389 539 1608 596 deliberatione?
1621 541 1707 597 Vocat
1722 542 1813 614 magui

1014 632 1120 688 consilii
1143 631 1280 706 Angelum
1309 630 1373 700 quid
1393 629 1481 685 aliena
1505 629 1616 685 consilia
1630 629 1813 700 praestolarisf

1014 720 1080 790 Quis
1094 720 1165 777 enim
1181 720 1295 786 fidelior,
1311 720 1404 792 quisve
1415 717 1563 788 sapientior
1577 716 1642 774 illo?
1656 718 1747 775 Seduc
1757 735 1812 785 me,

1014 809 1139 872 Domine,
1153 817 1181 865 et
1198 809 1314 864 seducar
1330 829 1337 861 ε
1358 808 1453 864 fortior
1468 815 1527 862 esto
1543 806 1728 864 etinvalesce.
1745 809 1813 864 Novi

1013 914 1065 970 epo
1080 914 1204 970 quaenam
1220 898 1275 953 sint
1289 914 1350 969 quae
1360 903 1468 968 oportet
1483 895 1542 951 fieri
1560 896 1625 952 cito.
1640 896 1681 950 ab
1694 911 1743 952 ore
1767 914 1813 966 pu-

1013 986 1049 1041 tei
1058 987 1193 1057 gebennae
1205 985 1320 1058 eripior3
1332 995 1360 1040 et
1369 984 1491 1040 inducias
1501 991 1603 1054 petam,
1613 993 1640 1038 et
1652 983 1811 1049 retardabos

1012 1087 1042 1129 et
1057 1075 1206 1131 cunctabor
1223 1075 1297 1131 exire
1319 1074 1342 1128 si
1356 1073 1426 1129 forte
1438 1072 1547 1128 interim
1560 1071 1606 1126 fiat
1615 1071 1812 1144 aliquidfdbs·

1012 1164 1093 1219 condi
1107 1163 1200 1237 ignem
1213 1164 1240 1218 in
1256 1163 1317 1219 sinu
1341 1177 1418 1228 meo;
1437 1170 1466 1216 et
1488 1158 1574 1217 Μ
1589 1169 1684 1217 exusto
1696 1161 1754 1232 jam
1767 1160 1810 1215 la-

1013 1259 1081 1316 tere,
1091 1253 1146 1321 iam
1159 1252 1266 1308 nudatis
1276 1251 1436 1317 visceribus,
1446 1252 1502 1320 jam
1514 1249 1590 1304 sanie
1600 1248 1754 1314 defluente,
1764 1250 1812 1304 diu

1015 1340 1080 1397 mibi
1095 1339 1304 1396 deliberandum
1319 1347 1359 1395 est
1373 1354 1408 1393 an
1418 1338 1603 1409 expergiscar,
1613 1353 1647 1392 an
1664 1337 1811 1403 excutiam,

1012 1441 1046 1481 au
1061 1426 1187 1496 abiiciam
1205 1426 1300 1484 illum?
1318 1428 1443 1498 llagnum
1458 1425 1569 1481 omnino
1583 1425 1713 1496 estquod
1728 1424 1813 1481 olfer-

1014 1525 1071 1585 tur;
1092 1517 1184 1572 sedeo
1213 1517 1306 1588 utique
1329 1516 1456 1572 libentius
1480 1523 1508 1569 et
1531 1513 1703 1571 festinantius
1727 1513 1813 1570 susei-

156 1622 222 1663 nora
236 1623 351 1682 quaeque
365 1609 438 1664 bona
450 1618 617 1681 quarentes,
633 1609 700 1665 illud
713 1624 825 1681 semper
843 1607 956 1664 deside·
974 1597 996 1675 Β
1012 1605 1153 1676 piendum,
1169 1613 1198 1660 et
1211 1605 1298 1660 obviis
1324 1603 1509 1675 arripiendum
1536 1601 1663 1657 manibus
1683 1616 1745 1658 cum
1760 1602 1814 1658 fer-

157 1703 227 1764 rant,
244 1697 317 1768 quod
336 1696 389 1752 sibi
416 1697 530 1753 vicinius
559 1697 677 1754 necdum
705 1696 831 1753 videntur
851 1696 954 1767 adepti.

156 1782 247 1854 Atque
266 1784 381 1854 utinam,
398 1784 495 1839 silleri
517 1792 621 1856 posset,
647 1793 746 1840 caetera
773 1783 863 1839 omnia
882 1784 955 1838 obti-

159 1870 263 1926 nuisset
288 1887 373 1938 unus;
400 1871 553 1944 eodemque
581 1872 676 1943 procul
706 1871 790 1927 dubio
814 1879 843 1928 et
857 1874 954 1942 ipsum,

158 1958 232 2030 quod
242 1958 292 2015 sibi
306 1959 393 2015 solum
406 1958 505 2016 deesse
520 1958 637 2031 videret,
650 1976 787 2016 summum
800 1960 895 2032 utique
905 1960 956 2014 bo·

158 2062 232 2115 num,
253 2046 390 2105 desiderio
405 2047 578 2119 quaesiturus,
587 2065 643 2121 quo
652 2059 750 2106 caetera
760 2063 870 2122 quoque
884 2065 956 2105 sem·

157 2150 208 2207 per
225 2135 328 2209 expetit
342 2151 396 2192 non
411 2135 520 2208 adepta.
543 2135 598 2193 Sed
613 2138 756 2194 innumera
768 2149 832 2193 sunt
848 2139 917 2206 brec,
929 2147 956 2193 et

158 2222 299 2279 acateris
321 2239 431 2295 qnoque
453 2224 556 2296 pariter
579 2226 766 2297 requiruntur.
781 2224 860 2292 Quod
873 2226 953 2290 valet,

156 2311 270 2385 quisque
284 2313 365 2368 trabit
380 2313 408 2367 in
425 2321 540 2385 partem,
557 2329 609 2370 nec
622 2313 769 2386 aliquando
797 2314 900 2385 poterit
914 2314 956 2368 bie

156 2398 284 2456 οἰιοιιίιιιο
297 2401 449 2474 peragrari.
467 2401 512 2456 l'is
522 2400 693 2472 praeveniref
702 2401 793 2473 incipe
808 2401 953 2457 transilire.

80 2522 84 2531 ·
157 2487 286 2560 Alioquin
301 2487 472 2561 praeripieris
481 2489 563 2544 miser
577 2489 605 2544 in
620 2489 758 2546 desiderio
772 2496 954 2555 terrenorum,

156 2582 183 2631 et
196 2591 212 2631 a
226 2590 331 2633 summo
345 2577 418 2634 bono
433 2592 466 2635 eo
491 2577 597 2650 longius
611 2577 768 2646 invenieris,
785 2587 880 2652 quote
894 2594 954 2632 am·

156 2664 227 2736 plius
236 2665 345 2721 dederis
356 2665 465 2722 caducis
477 2667 559 2723 rebus
569 2673 597 2722 et
607 2667 769 2724 transitoriis
779 2668 953 2739 appetendis.

157 2748 188 2806 ln
202 2751 314 2807 circuitu
330 2751 464 2822 siqnidem
478 2751 615 2818 ambulans
632 2761 660 2808 et
673 2753 748 2825 quod
763 2768 850 2825 prope
860 2764 917 2810 erat
927 2755 954 2808 in

1011 1709 1077 1750 vore
1093 1702 1121 1748 cl
1137 1692 1281 1748 hilaritate.
1313 1693 1410 1748 Probet
1434 1701 1525 1747 autern
1548 1689 1678 1762 seipsum,
1709 1690 1754 1763 qui
1777 1689 1814 1746 de

1012 1781 1123 1852 propria
1137 1781 1236 1836 virtute
1252 1779 1406 1851 praesumit3
1422 1794 1486 1834 nam
1512 1779 1605 1835 divina
1630 1778 1741 1850 quidem
1755 1794 1815 1834 om·

1013 1868 1077 1924 nino
1091 1870 1206 1939 probata
1230 1876 1282 1925 est.
1312 1869 1419 1923 Amicos
1439 1867 1572 1933 consulat,
1590 1867 1637 1938 qni
1651 1881 1706 1922 non
1719 1866 1787 1938 legit
1805 1886 1810 1921 :

1012 1957 1128 2013 Inimici
1144 1958 1270 2013 bominis
1285 1957 1434 2014 domestici
1450 1959 1510 2028 ejus
1526 1956 1621 2027 (lliclu
1632 1972 1682 2022 vu,
1699 1958 1738 2027 6).
1789 1947 1791 1951 ’

1011 2061 1136 2117 xxvur.
1151 2093 1182 2102 -
1200 2066 1238 2119 lle
1250 2062 1342 2118 fribus
1352 2061 1578 2134 responsionibus
1593 2061 1708 2117 Domini
1721 2061 1812 2118 adeor

1206 2133 1255 2207 qui
1276 2132 1484 2204 promittebant
1507 2132 1586 2205 sequi
1610 2148 1685 2189 eum.

1047 2222 1092 2275 at.
1120 2220 1191 2288 Quid
1208 2222 1364 2292 frequentat
1386 2220 1575 2292 Evangelium,
1600 2219 1646 2291 qui
1662 2220 1811 2292 Evangelio

1012 2324 1065 2364 non
1079 2309 1192 2364 obedit?
1208 2311 1243 2364 At
1257 2310 1285 2363 in
1300 2324 1333 2365 eo
1347 2323 1413 2364 sane
1436 2309 1552 2381 legimus
1566 2308 1734 2378 promittenti
1749 2309 1811 2364 cui·

1011 2397 1073 2451 dam
1088 2397 1167 2469 sequi
1190 2397 1344 2462 Dominum,
1370 2396 1418 2452 sed
1432 2398 1591 2453 defunctum
1610 2395 1685 2467 prius
1705 2403 1810 2468 patrem

1010 2484 1127 2556 sepelire
1150 2486 1251 2541 volenti
1280 2502 1441 2557 responsum
1466 2500 1527 2541 esse
1542 2485 1576 2540 ab
1593 2500 1637 2555 eo,
1653 2493 1683 2539 ut
1707 2485 1811 2540 sineret

1009 2578 1137 2632 rnortuos
1146 2575 1268 2646 sepelire
1276 2579 1403 2633 evorinus
1417 2574 1747 2645 suostlfettb.v111,22).
1763 2574 1810 2628 at-

1010 2663 1060 2719 teri
1074 2679 1183 2735 quoque
1213 2671 1316 2719 tantum
1346 2664 1403 2718 suis
1418 2663 1505 2734 quiin
1520 2662 1601 2718 domo
1616 2671 1693 2718 erant
1707 2661 1810 2717 valedi-

1009 2752 1561 2824 cerecnpienti:Nemo,inquit,mitteus
1571 2752 1810 2808 omnemodurc·

156 2837 241 2895 corde
256 2845 283 2894 et
298 2838 326 2894 in
341 2854 389 2894 ore
404 2847 460 2908 tuo,
476 2839 499 2894 si
513 2840 597 2896 corde
611 2840 752 2912 crederes,
766 2847 794 2897 et
807 2856 855 2897 ore
867 2840 954 2897 confi-
1012 2847 1102 2911 trum,
1111 2851 1139 2897 et
1151 2841 1307 2914 respiciens
1319 2845 1404 2902 retro.
1415 2845 1499 2913 optus
1514 2847 1557 2898 est
1567 2856 1651 2913 repne
1667 2840 1719 2897 ltei
1730 2841 1808 2907 (Luc.

155 2924 268 2993 teraris;
296 2933 373 2999 terga
396 2935 511 2998 ¹vertens
543 2927 674 2996 declinas,
705 2928 842 3002 elongaris
860 2931 894 2985 ab
911 2946 953 2987 eo.
970 2901 992 2980 c
1010 2944 1050 2998 ιι,
1067 2933 1123 3001 aa).
1151 2930 1206 2986 Sed
1222 2930 1286 3001 quid
1314 2928 1438 2984 audierat
1451 2927 1574 2999 primus?
1599 2927 1741 2999 lfeqister,
1761 2928 1807 2993 ait,

156 3012 224 3069 ilinc
233 3021 276 3068 est
291 3014 364 3085 quod
379 3014 545 3071 vociferatur
559 3015 662 3086 decus,
675 3019 888 3086 convertimini,
901 3019 957 3087 filii
1010 3018 1069 3076 volo
1082 3022 1110 3074 te
1119 3019 1199 3093 sequi
1212 3034 1377 3091 quocunque
1392 3018 1469 3073 ieris.
1481 3016 1529 3072 Cui
1540 3015 1711 3088 respondens
1720 3016 1811 3071 Domi-

154 3098 303 3156 bominum
317 3102 405 3172 (Psoi.
427 3116 547 3171 ιιιιιι,
560 3103 603 3175 3),
616 3105 727 3174 etitem,
744 3109 898 3175 Reuertere,
912 3124 956 3163 re·
1010 3124 1075 3163 uus:
1096 3107 1204 3182 Vulpes,
1220 3107 1316 3179 inquit,
1331 3109 1425 3177 [eveus
1440 3105 1554 3172 baberet,
1566 3108 1593 3159 ei
1604 3104 1730 3162 volueres
1744 3104 1809 3159 coeli

155 3194 273 3256 verine
286 3191 462 3259 sesomirim
480 3198 628 3261 revertere,
640 3200 790 3261 reuertere,
799 3201 835 3252 ut
845 3196 956 3252 intuea-
1009 3195 1110 3253 nidum
1121 3216 1130 3251 :
1142 3195 1235 3252 Filius
1248 3199 1346 3251 cutem
1357 3193 1481 3254 beverinis
1495 3210 1553 3250 nort
1567 3191 1651 3250 babet
1664 3191 1713 3249 ubi
1721 3196 1809 3264 eaput

158 3294 226 3336 mur
240 3282 268 3335 te
284 3278 408 3350 (Cubile.
432 3296 471 3352 vv,
486 3282 542 3354 tit).
558 3280 739 3341 infructuosa
756 3284 890 3356 siquidem
914 3284 956 3341 via
1010 3285 1132 3340 reclinet
1149 3284 1263 3353 (Mutila.
1279 3299 1339 3351 νιιι,
1358 3287 1401 3349 ts,
1420 3285 1476 3351 20).
1493 3279 1765 3336 Prudentiamcarnis
1779 3281 1808 3333 in

157 3376 210 3431 est,
226 3376 255 3423 et
268 3366 487 3424 inambulabilis:
509 3366 673 3444 faciliusque
693 3372 837 3442 pervenies
857 3372 956 3443 spretis
1010 3372 1088 3427 fovea
1108 3372 1205 3444 vulpis,
1221 3371 1249 3426 in
1266 3371 1330 3425 nido
1346 3370 1463 3427 volucris
1476 3385 1595 3440 arguens
1608 3358 1808 3425 cordiselatie-

156 3455 293 3522 omnibus,
309 3470 390 3529 quam
405 3454 524 3528 adeptis.
1009 3475 1083 3516 nem.
1096 3460 1146 3514 Est
1161 3460 1233 3514 enim
1248 3458 1384 3514 interdum
1403 3457 1497 3514 videre
1512 3456 1667 3520 nonnullos,
1680 3453 1726 3526 qui
1741 3446 1807 3509 reli-

239 3542 355 3601 xxvu.
371 3546 459 3602 -De
474 3543 660 3603 accensenda
677 3548 868 3606 conversione.
1009 3551 1060 3605 etis
1075 3548 1202 3605 omnibus
1221 3547 1414 3603 abrenuntiare
1428 3545 1527 3601 saeculo
1542 3547 1729 3618 disponentes,
1746 3560 1808 3599 curn

192 3635 238 3688 32.
254 3635 323 3689 liece
337 3647 389 3690 nos
402 3634 573 3706 reliquimus
587 3637 694 3701 omnic,
711 3638 740 3692 et
753 3638 845 3693 secuti
858 3653 955 3694 sumus
1009 3647 1084 3694 recte
1098 3637 1185 3694 offere
1201 3636 1293 3704 velint,
1306 3636 1400 3692 nolunt
1416 3634 1538 3689 dividere
1554 3641 1639 3700 recte,
1662 3631 1807 3689 calliditate

156 3726 203 3779 te:
219 3720 290 3795 quid
304 3738 366 3794 ereo
381 3723 435 3779 erit
449 3721 551 3779 uobis?
565 3722 683 3795 Dignum
706 3722 787 3795 plane
807 3725 954 3796 apostolica
1009 3726 1127 3782 bumana
1145 3734 1216 3781 totos
1242 3740 1305 3780 sese
1324 3725 1416 3780 divino
1429 3723 1599 3779 committere
1618 3721 1695 3778 nutui
1709 3719 1807 3777 formi-

156 3808 210 3865 fide
225 3816 253 3864 et
262 3809 407 3885 devotione
423 3809 621 3867 verbosulum
636 3810 770 3883 reliquisti
784 3811 888 3877 omnim
898 3813 953 3883 jam
1008 3815 1115 3882 dantes,
1131 3814 1180 3869 sed
1196 3822 1370 3870 reservantes
1385 3813 1477 3869 nescio
1491 3813 1556 3885 qnid
1567 3809 1705 3877 fermenti,
1721 3817 1751 3865 ut
1765 3818 1808 3865 to-

156 3897 312 3964 Dominum,
339 3898 430 3965 Petra,
444 3905 555 3954 secutus
569 3912 619 3953 es:
635 3905 663 3954 et
679 3913 752 3955 nunc
764 3898 875 3955 demum
889 3899 953 3971 quid
1008 3912 1061 3960 ram
1077 3919 1195 3959 massam
1210 3911 1366 3973 corrumpat
1380 3904 1406 3971 (l
1420 3905 1483 3960 Cor·
1494 3916 1522 3967 v,
1537 3902 1566 3972 6)
1581 3920 1588 3956 :
1605 3899 1678 3973 quod
1692 3899 1719 3954 in
1734 3898 1805 3955 mul-

155 3984 192 4040 sis
206 3993 375 4057 accepturus,
392 3984 555 4058 interrogas.
578 3985 649 4041 Vere
676 3985 781 4053 Simon,
805 4001 869 4042 vere
882 3988 953 4044 obe·
1009 3994 1043 4050 tis
1054 3992 1213 4066 frequenter
1227 3999 1368 4064 expertum
1383 3990 1525 4047 sabellius
1539 3991 1599 4045 sinc
1615 3989 1721 4046 duceet
1735 4003 1806 4059 pra·

155 4070 234 4129 diens
248 4073 275 4127 in
290 4072 428 4129 audeone
443 4073 525 4141 auris,
542 4072 601 4129 sine
616 4073 688 4146 pacti
704 4074 900 4131 conventione·
911 4076 954 4130 Ad
1007 4092 1123 4155 captore
1138 4080 1278 4154 spirituale
1292 4080 1410 4136 studium
1424 4078 1632 4151 apprehendere
1647 4077 1724 4134 facile
1734 4077 1806 4148 cogi-

156 4160 237 4217 unius
251 4161 324 4217 enirn
336 4160 470 4233 jussionis
483 4175 578 4218 vocem
592 4163 689 4218 Petrus
703 4168 732 4217 et
743 4162 868 4219 Andreas
886 4163 952 4220 reli·
1009 4179 1080 4241 tans,
1097 4170 1217 4226 ambulat
1240 4169 1267 4223 in
1292 4169 1397 4240 magnis
1420 4177 1448 4225 et
1471 4168 1640 4223 mirabilibus
1661 4181 1745 4237 super
1759 4181 1804 4231 se;

154 4250 206 4307 elis
220 4251 348 4307 omnibus
361 4250 449 4307 muli
462 4259 527 4306 ⁸⁰³1
546 4249 759 4324 Redempiofem
781 4252 894 4322 (ultim
911 4270 950 4319 W.
1007 4267 1037 4316 ut
1050 4261 1131 4332 vulgo
1146 4260 1255 4326 dicitur,
1269 4281 1282 4308 ι
1297 4258 1406 4314 Saliene
1420 4263 1566 4328 antequam
1580 4255 1680 4320 videat,
1691 4269 1805 4310 casurus

154 4341 209 4412 ιο).
228 4339 341 4411 Quodsi
355 4339 458 4396 bomini
486 4340 588 4396 carnali
607 4340 719 4397 stultitia
748 4340 818 4398 forte
832 4341 950 4407 videtur,
1006 4357 1152 4422 antequam
1168 4350 1279 4406 debeat,
1298 4370 1309 4398 s
1334 4348 1429 4403 Petrus
1443 4347 1592 4417 sommium
1606 4359 1684 4399 suum
1697 4343 1805 4413 iactans

154 4427 255 4497 audiat,
265 4429 468 4498 duedstulfum
482 4429 592 4498 estDei,
606 4429 767 4506 sapientius
779 4435 821 4489 est
832 4431 953 4488 bomini-
1005 4434 1034 4493 in
1049 4438 1176 4504 Domino,
1196 4447 1225 4494 et
1242 4452 1350 4493 omnem
1373 4433 1581 4491 sollicitudiuem
1607 4449 1685 4488 suam
1698 4432 1726 4486 in
1741 4447 1804 4488 eum

155 4515 203 4574 bus
215 4535 224 4572 τ
235 4519 263 4573 ei
276 4519 403 4591 quoniam
415 4519 529 4592 placuit
548 4520 603 4577 Deo
616 4535 667 4595 per
680 4519 842 4578 stultitiam
847 4523 952 4594 peredi-
1004 4526 1164 4601 projiciens,
1180 4536 1275 4582 certus
1289 4525 1362 4598 quod
1376 4524 1413 4578 illi
1428 4523 1500 4580 foret
1517 4538 1582 4578 cura
1591 4523 1626 4577 de
1640 4537 1683 4588 eo,
1695 4520 1806 4593 reliquit

152 4604 747 4682 cationissulourecredentes5quippecum
755 4610 951 4669 munduseum
1004 4616 1107 4680 omnia,
1135 4623 1245 4673 secutus
1260 4622 1302 4670 est
1330 4613 1484 4680 Dominum,
1501 4628 1537 4668 ne
1551 4612 1722 4683 interrogans
1746 4609 1806 4683 qui-

156 4690 344 4764 inseplentie
357 4695 480 4754 minime
501 4699 671 4770 cremenses
686 4701 713 4772 (l
727 4701 788 4759 Cor.
799 4716 819 4770 1,
835 4704 948 4773 imi).
1004 4705 1067 4762 dem
1086 4706 1121 4762 de
1135 4706 1258 4779 praemio,
1284 4705 1373 4759 donec
1394 4719 1426 4758 ex
1440 4700 1562 4773 periculo
1590 4700 1703 4757 divitum
1731 4697 1804 4770 quod

155 4777 359 4850 Q¹¹⁸¹¹³⁰⁸0¹²im
370 4783 613 4856 ¹¹¹¹¹¹¹di⁸i³ll¹entia
626 4787 769 4843 malfdisslf
782 4790 948 4862 mutilium,
1005 4795 1129 4852 Salvator
1151 4795 1379 4868 prosequebatur,
1394 4801 1515 4847 sumeret
1544 4788 1715 4846 occasionem
1737 4803 1803 4859 per-

153 4868 182 4924 et
204 4877 368 4942 conceptum
382 4871 410 4926 in
425 4871 465 4927 eis
479 4872 625 4948 exstinguit
648 4873 782 4947 spiritum,
803 4894 883 4950 quem
898 4895 949 4935 vo·
1003 4882 1132 4941 cantandi
1149 4901 1156 4936 :

152 4952 244 5015 luerat
257 4958 388 5014 Dominus
415 4960 595 5017 vehementer
609 4963 741 5019 accendi?
764 4965 833 5034 Noli,
850 4966 948 5038 inquit,
1112 4970 1216 5026 XXlll.
1231 5001 1266 5012 —
1286 4971 1323 5027 De
1336 4970 1458 5026 secundo
1472 4965 1695 5041 reponeretione.

155 5047 357 5120 praecipitanter
370 5063 466 5120 agere,
486 5049 531 5105 diu
555 5051 710 5119 considera,
736 5054 891 5126 diligentius
905 5055 947 5111 in·
1039 5066 1084 5120 35.
1104 5059 1176 5130 Quid
1197 5075 1262 5132 erpo
1281 5059 1338 5117 erit
1357 5058 1456 5116 nobb?
1482 5056 1675 5114 Aitillilesus
1691 5055 1802 5110 :Amen

154 5142 241 5195 tuere.
258 5139 386 5214 lfeqnum
402 5140 531 5214 estquod
558 5142 699 5215 proponis.
716 5150 826 5217 etopus
844 5146 948 5203 trabem
1004 5152 1067 5210 dieo
1096 5148 1183 5207 volu.
1212 5149 1330 5205 Verbum
1360 5147 1574 5204 confirmationis
1610 5142 1800 5216 premittitur:

153 5227 238 5285 multa
261 5229 468 5288 deliberatione.
497 5231 629 5304 Reperire
644 5232 709 5306 quid
729 5233 826 5304 possis,
848 5234 949 5292 amicos
1009 5255 1137 5311 maguum
1153 5238 1262 5296 noveris
1277 5252 1338 5294 esse
1352 5236 1425 5308 quod
1435 5236 1568 5308 sequitur.
1583 5238 1672 5291 Amen
1679 5231 1742 5288 dico
1755 5246 1803 5286 uo·

157 5319 275 5387 consrde,
293 5336 328 5377 ne
342 5329 406 5393 pest
419 5319 520 5376 facturn
535 5321 669 5392 poenitere
683 5323 831 5396 contingat.
1008 5328 1063 5395 bis,
1078 5328 1149 5402 quod
1159 5344 1206 5385 uos
1216 5326 1265 5400 qui
1274 5328 1365 5383 secuti
1378 5325 1448 5383 estis
1462 5341 1516 5395 me,
1533 5320 1800 5394 insuperantum,

191 5408 237 5462 it.
248 5408 311 5464 ttae
325 5409 459 5483 sapientia
485 5410 579 5468 mundi
600 5418 719 5484 terrena,
737 5411 871 5482 animalis,
887 5413 947 5471 dia-
1003 5416 1183 5478 consederit
1198 5411 1422 5475 fitiusbominis
1436 5414 1548 5487 (ltettb.
1560 5426 1621 5486 ιιι,
1632 5409 1801 5481 fluibus.
