3706 5962
99 168 165 227 ιιιι
414 124 418 136 “
673 153 1159 220 ιιιιοιιιιιιιιιιιιιιιιιιιι.
1672 164 1740 226 ura

97 305 175 350 emor
189 286 305 344 mnndi:
329 284 416 343 terret
433 284 461 342 ιιι
481 287 624 344 cordetuo
637 298 714 340 amor
727 292 892 341 terrenorum
906 295 930 376 fl
943 273 999 339 non
1012 297 1107 351 curas,
1122 282 1186 339 licet
1200 299 1307 355 semper
1320 283 1457 361 indigeas,
1489 284 1590 358 plenus
1616 289 1742 360 nequitiis

99 377 254 437 etmoritur
276 375 304 429 in
320 382 345 432 te
361 391 436 432 amor
450 383 611 434 aetemorum
638 374 789 429 bonorum:
812 387 894 428 mun·
947 378 975 426 et
990 371 1099 431 malitie.
1115 372 1300 444 Miserhomo,
1315 382 1344 428 ut
1371 375 1500 430 miserum
1526 391 1623 447 pascas
1646 393 1743 452 eorpus

63 472 66 479 '
98 467 162 523 dum
183 462 283 536 diligis,
303 465 331 518 et
349 464 436 517 Deum
450 463 601 535 relinquis:
626 463 746 517 omnium
765 458 895 515 recorda·
948 469 974 515 et
987 460 1094 526 vestias,
1110 468 1136 517 ιι
1154 462 1245 518 ιιιιιιι
1262 461 1445 539 voluptatibus
1469 480 1529 536 quae
1553 474 1617 536 post
1640 483 1743 538 pancos

97 556 145 620 tis,
161 563 190 610 ιι
206 560 233 608 te
246 552 335 623 ipsum
350 550 532 607 oblivisceris:
556 565 617 623 quae
631 556 824 621 superterram
834 555 897 604 sunt
947 549 1009 604 dies
1023 548 1190 606 avermibus
1210 550 1394 617 devorabitur,
1419 552 1581 622 satisfacias,
1611 555 1744 614 sollicitus

96 643 237 699 desideras
251 650 278 696 et
300 640 401 711 diligis,
424 639 544 696 coelestia
567 655 631 695 vero
653 654 706 694 non
723 653 824 696 curas:
848 653 896 710 ap-
949 637 1065 706 laboras,
1095 639 1236 707 discurris,
1265 638 1370 711 vigilas,
1394 647 1422 696 et
1442 655 1566 698 somnum
1592 659 1648 701 non
1673 646 1746 717 capis

98 731 265 806 propinquas
279 730 312 785 ad
331 730 481 797 interitum,
496 737 525 784 et
538 728 675 799 elongaris
690 743 705 782 a
719 728 822 784 salute:
838 742 895 782 our·
950 725 1044 792 oculis,
1057 732 1087 780 ut
1100 725 1204 799 replens
1221 725 1304 784 151
1319 735 1439 784 ventrem
1456 744 1463 784 ε
1478 739 1507 785 ιι
1518 747 1571 802 pro
1585 731 1678 789 anima
1691 742 1746 802 tua,

97 821 134 877 ris
143 820 176 874 ad
187 819 335 887 diabolum,
348 825 375 887 ιι
386 818 522 890 elongaris
535 833 549 872 a
566 818 633 873 Deo.
648 815 724 881 Redi,
742 815 809 886 redi,
824 829 897 889 prae-
950 828 1010 885 qnae
1024 814 1081 869 Deo
1091 815 1278 887 praesentanda
1293 823 1335 871 ιιι
1349 815 1376 871 in
1392 816 1477 890 ecelis,
1492 825 1603 877 cernon
1614 820 1748 878 sollicitos

98 907 231 965 varicator
252 905 345 972 homo,
371 904 404 960 ad
433 921 488 974 cor,
505 905 568 977 quia
582 906 701 977 loquitur
715 905 788 959 Deus
808 917 898 972 pacem
951 900 1082 973 fatigaris,
1097 912 1127 959 ιιι
1140 901 1225 974 ipsam
1240 918 1334 973 pasces
1353 904 1434 959 bonis
1452 907 1595 979 operibus,
1613 917 1643 966 et
1657 910 1750 966 induas

99 995 200 1068 eisqui
215 1000 407 1052 convertuntur
420 991 455 1049 ad
467 1008 524 1051 cor.
547 991 644 1049 Omnia
659 991 753 1047 mundi
766 991 847 1061 hujus
861 991 898 1044 ti·
952 989 1105 1058 virtutibus,
1117 1006 1152 1048 ne
1168 999 1296 1063 appareat
1311 992 1418 1049 nuditas
1432 996 1492 1064 ejus
1507 996 1522 1052 t
1539 997 1630 1055 llomo
1653 999 1747 1063 tristis,

100 1084 126 1140 bi
144 1084 218 1140 dedit
228 1083 319 1140 Deus:
344 1091 370 1137 et
390 1089 419 1137 tn
440 1090 551 1154 propter
565 1081 655 1136 omnia
681 1079 811 1151 relinquis
824 1094 898 1136 eum.
954 1080 1052 1151 qnaeris
1071 1096 1178 1150 semper
1201 1081 1314 1153 implere
1333 1089 1478 1151 ventrem;
1502 1100 1553 1141 cur
1576 1101 1636 1144 non
1664 1088 1751 1158 poscis

98 1171 195 1229 Omnia
209 1178 319 1244 propter
333 1179 360 1227 ιι
373 1168 435 1227 lecit
459 1170 553 1229 Deus:
576 1155 603 1226 et
629 1178 655 1224 ιιι
675 1175 789 1239 propter
811 1166 901 1223 omnia
954 1170 1070 1225 animam
1100 1169 1291 1228 esurientem?
1314 1171 1354 1226 De
1376 1187 1439 1228 rese
1459 1182 1614 1231 stercorum
1644 1191 1753 1245 semper

101 1261 214 1316 dimittis
228 1260 369 1330 teipsum.
387 1259 500 1330 Propter
519 1258 609 1314 omnia
629 1272 692 1331 quae
706 1265 850 1313 occurrunt
867 1255 901 1309 ti·
955 1269 1046 1326 cures,
1066 1253 1141 1310 etde
1159 1253 1209 1310 Dei
1231 1255 1348 1327 imagine
1370 1272 1419 1312 cnr
1441 1271 1496 1312 non
1519 1274 1602 1314 coras
1621 1260 1639 1315 ι
1660 1261 1752 1317 Ριιιιι

102 1349 141 1414 bi,
164 1348 275 1403 dimittis
297 1348 402 1415 Deum;
428 1354 456 1402 et
480 1345 583 1404 idcirco
603 1346 695 1403 omnia
706 1344 843 1402 dimittunt
863 1352 898 1398 te·
954 1341 1085 1409 sterilem,
1100 1349 1126 1397 et
1139 1358 1198 1414 quae
1212 1358 1265 1398 nnn
1281 1343 1350 1416 parit
1367 1357 1373 1398 :
1388 1344 1505 1400 animam
1518 1355 1613 1404 antem
1633 1349 1754 1405 ιιιιιιιιι-

103 1438 215 1508 Propter
229 1431 365 1492 creaturas
381 1433 510 1507 relinquis
523 1436 696 1503 Creatorem
711 1441 741 1489 et
754 1433 816 1490 ideo
831 1447 899 1489 con-
954 1440 1007 1487 tem
1026 1446 1081 1486 non
1095 1431 1178 1485 saties
1193 1431 1282 1491 bonis.
1298 1432 1344 1488 lle
1360 1432 1407 1488 tibi
1433 1434 1494 1500 erit,
1518 1434 1585 1509 quis
1606 1437 1753 1494 animatus

101 1534 145 1583 tre
159 1534 187 1581 te
204 1525 348 1599 insurgent
366 1540 461 1580 omnes
484 1533 623 1581 creature.
644 1522 713 1593 Quia
737 1521 899 1578 ostendendo
915 1563 938 1642 Β
954 1526 1064 1590 propter
1076 1519 1174 1575 famem
1190 1519 1217 1575 in
1233 1528 1258 1576 te
1273 1520 1389 1578 deliciet.
1406 1522 1453 1579 Vm
1472 1524 1520 1580 tibi
1536 1533 1590 1592 eat,
1606 1533 1638 1582 et
1651 1543 1695 1582 ιιι
1707 1529 1752 1584 tibi

102 1613 271 1680 Creatorem,
281 1611 418 1668 ostendisti
432 1627 538 1668 omnem
553 1618 722 1680 creaturam
746 1609 807 1665 ideo
821 1623 898 1664 orea-
952 1609 1013 1673 erit,
1029 1607 1092 1680 quia
1106 1608 1196 1664 reddis
1210 1624 1271 1681 quae
1289 1616 1353 1665 sunt
1375 1610 1490 1666 Caesaris
1515 1612 1630 1683 Caesari,
1646 1620 1676 1672 et
1701 1633 1751 1671 non

97 1709 170 1758 ture
190 1716 250 1772 quae
274 1700 353 1757 iaotae
381 1708 443 1758 snut
466 1702 493 1757 in
512 1700 690 1758 ministerium
713 1706 741 1755 et
760 1698 899 1755 utilitatem
953 1696 1045 1753 reddis
1059 1704 1195 1769 quaesunt
1210 1696 1337 1754 DeiDeo
1352 1718 1359 1756 :
1375 1707 1404 1756 et
1416 1699 1477 1757 ideo
1511 1701 1678 1760 ntaledictus
1697 1720 1754 1760 esa

103 1798 186 1857 tuam,
216 1795 405 1845 convertentur
425 1788 453 1842 in
475 1789 619 1846 vindictam
641 1795 667 1844 et
694 1802 800 1856 poenam
817 1791 899 1842 luam.
953 1787 1022 1855 Deo,
1041 1785 1256 1841 etconlnnderis
1270 1786 1360 1844 abeo.

104 1878 138 1932 Et
153 1892 193 1933 vae
208 1876 257 1930 tibi
271 1875 323 1930 erit
337 1875 394 1930 siue
408 1874 472 1945 tine,
487 1877 551 1947 quia
565 1874 675 1932 noluisti
689 1874 900 1930 babembonum
989 1875 1017 1928 i.
1041 1873 1118 1941 Vide,
1140 1872 1223 1928 miser
1246 1876 1340 1940 bomo,
1365 1876 1428 1948 quia
1449 1882 1538 1935 ιοιιιιιι
1565 1886 1610 1935 est
1639 1885 1753 1952 sanim,

103 1964 163 2020 ,ine
176 1963 239 2019 fine.
937 1968 1041 2018 totum
1055 1961 1180 2032 stultitia,
1197 1968 1285 2019 totnm
1307 1963 1455 2030 dementia,
1480 1966 1617 2040 quidquid
1641 1969 1709 2026 tacis
1730 1972 1756 2026 ιι

139 2057 167 2111 2.
192 2054 366 2123 Recognosce
387 2053 488 2124 itaque,
512 2051 594 2107 bomo
615 2051 711 2122 miser,
735 2065 901 2125 recognosce
929 2059 932 2066 ’
955 2052 1007 2107 boe
1021 2051 1132 2116 mundo,
1143 2059 1242 2122 praeter
1255 2051 1283 2107 id
1297 2051 1385 2109 solnm
1400 2056 1474 2127 quod
1489 2053 1516 2109 in
1532 2056 1637 2125 Deum
1652 2067 1680 2114 et
1694 2076 1755 2131 pro-

105 2141 286 2214 temetipsum.
313 2141 443 2212 Recogita
466 2141 528 2212 quie
551 2140 619 2195 nibil
648 2138 760 2197 fueris:
794 2138 902 2196 stende
954 2147 1015 2212 pter
1033 2140 1128 2205 Deum
1144 2147 1171 2194 et
1186 2140 1218 2194 ad
1233 2141 1363 2197 bonorem
1379 2142 1428 2198 Dei
1442 2142 1519 2200 lacis.
1535 2143 1683 2219 Quidquid
1702 2150 1756 2203 sine

106 2232 178 2307 quod
192 2230 253 2287 vilis
267 2238 294 2286 ιι
316 2229 405 2286 malus
418 2246 449 2286 ιι
469 2248 476 2298 ;
496 2229 637 2286 considera
656 2228 719 2300 quid
740 2227 846 2285 iuturus
859 2243 899 2283 ιι.
955 2228 1012 2283 Deo
1020 2226 1098 2297 iacis,
1109 2235 1194 2284 totum
1209 2236 1250 2284 est
1263 2229 1366 2285 malitia
1379 2238 1405 2286 et
1418 2233 1535 2299 sanitas3
1552 2234 1621 2307 qnia
1636 2236 1706 2292 nibil
1718 2242 1758 2290 est

108 2320 219 2391 Plange,
244 2319 326 2374 homo
350 2317 441 2386 miser,
464 2317 563 2391 plange
589 2317 757 2374 incessanter
794 2324 902 2388 peccata
954 2317 1059 2372 bonurn
1073 2316 1244 2374 sinesummo
1257 2318 1339 2374 bono.
1355 2319 1501 2394 Etmagna
1513 2321 1630 2380 miseria
1642 2324 1756 2382 bominis

107 2416 161 2463 tua.
190 2406 258 2463 Dele
282 2406 408 2477 lacrymis
432 2406 550 2461 malitias
569 2413 596 2461 ιι
620 2405 745 2461 miserias
758 2405 903 2477 tuas,quia
956 2406 1129 2463 estcumillo
1143 2407 1461 2481 nonesse,sineqnonon
1477 2419 1659 2481 potestesse.
1674 2416 1755 2478 Urde,

106 2496 243 2553 voluntate
268 2494 380 2567 propria
408 2493 535 2565 peccasti.
564 2495 709 2566 Displicent
740 2494 788 2550 tibi
821 2510 903 2565 super
956 2494 1480 2567 bomomiser,quiadsimilitudinemet
1494 2500 1697 2576 adimegn‘nem
1711 2503 1755 2558 Dei

107 2584 209 2651 omnia,
226 2582 367 2656 displiceat
377 2583 424 2639 tibi
441 2591 499 2640 toto
512 2583 594 2641 corde
609 2590 635 2639 et
648 2582 785 2648 continuo,
806 2582 903 2655 displi·
955 2592 1061 2640 creatus
1083 2600 1123 2651 ιι,
1149 2593 1176 2640 ιι
1197 2592 1308 2657 propter
1333 2586 1445 2642 nimiam
1469 2588 1632 2647 charitatem
1653 2590 1757 2648 Domini

107 2682 167 2727 ceat
185 2670 233 2725 tibi
255 2670 327 2741 quod
351 2670 495 2725 Dominum
515 2670 654 2726 immensae
675 2669 832 2740 majestatis,
855 2673 904 2725 ba·
956 2674 1113 2729 nostritesu
1127 2673 1226 2729 Christi
1239 2690 1254 2728 a
1265 2681 1351 2731 morte
1362 2677 1638 2749 aeternaturpissima
1656 2681 1758 2737 nedem

107 2760 216 2815 bentem
243 2765 402 2829 potestatem
419 2757 623 2822 omnisoarnis,
639 2764 666 2814 et
684 2757 790 2814 mittere
803 2772 903 2829 corpus
956 2768 1017 2833 ptus
1032 2778 1072 2829 es,
1101 2769 1127 2818 et
1145 2762 1274 2817 liberatus
1301 2778 1348 2828 es,
1373 2764 1406 2819 ad
1432 2765 1584 2823 ridendum
1607 2768 1757 2825 clantatern

109 2854 136 2905 ιι
156 2845 273 2901 animam
302 2847 331 2900 in
361 2845 524 2918 gebennam,
548 2860 629 2902 ansus
652 2844 724 2901 luisti
755 2845 904 2902 offendere.
921 2831 1053 2910 Gsummi
1068 2850 1118 2907 Dei
1132 2850 1189 2906 sola
1208 2851 1389 2907 inestimabili
1405 2851 1659 2912 misericordiam
1677 2873 1757 2913 roos-

108 2939 263 2992 dmarescat
285 2934 334 2990 tibi
358 2932 525 2992 amarissime
549 2948 596 2989 cor
617 2943 703 3001 tuum,
726 2934 800 3006 quod
815 2936 900 2991 Deum
956 2948 1000 2996 tus
1014 2956 1057 3009 ιι;
1074 2947 1101 2996 ιι
1115 2939 1239 3012 plurimis
1252 2939 1403 3011 beneficiis,
1428 2957 1460 2999 ex
1473 2959 1527 3015 quo
1550 2959 1612 2999 esse
1635 2945 1757 3014 caepisti,

108 3039 242 3079 summum
265 3021 672 3093 patrem·incomprehensibilis
696 3022 832 3090 bonitatis,
857 3022 902 3094 qui
955 3028 990 3084 ab
1006 3028 1135 3084 altissimo
1149 3028 1227 3085 Patre
1241 3028 1323 3085 totius
1337 3030 1463 3087 bonitatis
1474 3032 1507 3086 sd
1521 3031 1606 3088 rium
1621 3039 1758 3089 marnaio

110 3109 244 3180 benignus
259 3116 286 3164 et
301 3105 457 3164 misericors
471 3114 513 3162 est
526 3123 608 3178 super
622 3107 744 3180 ingratos
757 3117 783 3166 ιι
807 3111 902 3181 ιιιιοι,
957 3117 1108 3174 hahendam
1128 3131 1177 3188 per
1203 3116 1312 3174 unicum
1332 3118 1429 3175 Filium
1449 3134 1528 3176 snum
1553 3119 1691 3179 invitatus
1704 3137 1756 3179 es:

108 3194 268 3261 voluntarie,
293 3194 418 3259 libenter,
455 3209 486 3250 ac
521 3195 718 3252 delectabiliter
756 3195 904 3254 ostendisti.
958 3206 1041 3262 miser
1063 3205 1154 3271 bomo,
1174 3221 1340 3279 recognosce
1368 3208 1441 3265 bunc
1460 3209 1604 3277 bonorem,
1638 3210 1758 3284 intellige

109 3286 193 3342 Totus
205 3283 346 3356 displiceas
369 3281 427 3350 tibi,
447 3289 477 3339 ut
495 3291 567 3339 totus
587 3283 678 3355 possis
695 3284 801 3355 placere
815 3285 839 3342 ei
859 3286 906 3357 qni
960 3292 1116 3370 dignitatern
1131 3302 1214 3361 tuam,
1238 3294 1284 3366 qui
1308 3311 1325 3350 a
1347 3302 1421 3352 tenta
1448 3298 1593 3366 maiestate
1611 3298 1757 3356 honoratus

110 3383 152 3431 est
170 3390 302 3445 summus,
316 3387 400 3431 verus
414 3380 441 3429 et
455 3373 529 3428 solus
543 3376 636 3432 Dans:
655 3374 698 3431 oui
712 3390 792 3432 nemo
807 3377 907 3448 placet,
961 3401 1000 3443 ιι,
1029 3385 1158 3441 AEternnn
1180 3385 1251 3441 enim
1279 3386 1352 3443 Deus
1380 3387 1573 3444 eliminemus
1596 3390 1699 3446 meavit
1723 3398 1755 3458 ιι,

109 3463 162 3520 nisi
177 3462 224 3534 qui
246 3460 407 3533 sibimetipsi
421 3461 563 3533 displicet3
587 3469 615 3517 et
630 3477 711 3520 nemo
726 3462 751 3519 ei
771 3465 909 3538 displicet,
960 3475 1085 3534 formavit
1112 3483 1147 3542 te,
1168 3473 1285 3531 redemit
1312 3482 1348 3546 te,
1372 3484 1399 3532 et
1425 3476 1549 3535 inritavit
1563 3485 1605 3534 te.
1627 3479 1757 3534 laxiores

111 3551 163 3607 nisi
186 3550 234 3622 qui
264 3548 424 3621 sibimetipsi
448 3550 545 3619 placet.
570 3547 688 3621 Dissipat
702 3566 819 3623 namque
838 3553 909 3610 Deus
963 3572 1050 3621 nonar
1063 3573 1090 3623 et
1103 3564 1210 3635 amplus
1225 3579 1311 3622 amor.
1326 3564 1478 3640 Cognosce,
1492 3567 1616 3635 οιιοιιιο,
1626 3568 1756 3625 bonorem

111 3662 175 3704 oasa
188 3660 283 3702 eorum
297 3645 344 3718 qui
356 3645 511 3702 bominibus
529 3645 636 3718 placent
654 3648 741 3719 (Paul.
757 3663 806 3716 nn,
822 3650 861 3721 6).
876 3651 911 3706 lit
963 3664 1049 3720 tunm,
1066 3663 1093 3710 et
1113 3670 1192 3711 curre
1205 3654 1305 3726 gratias
1319 3670 1403 3726 agens
1416 3655 1451 3711 ed
1465 3654 1644 3714 invitatorem
1658 3666 1732 3713 tnnrn
1747 3674 1754 3728 ;

112 3733 185 3807 quod
200 3733 285 3791 altum
299 3743 327 3789 et
344 3734 487 3806 pulchmm
502 3744 543 3791 ιιι
562 3736 632 3808 apud
648 3736 781 3806 homines,
802 3738 908 3796 abomi-
962 3761 997 3801 ne
1010 3743 1088 3809 torte,
1108 3743 1130 3799 si
1145 3743 1269 3817 ingratus
1284 3743 1323 3801 ire
1336 3743 1468 3811 nolueris,
1484 3754 1533 3801 ant
1553 3745 1632 3812 villa,
1650 3752 1695 3801 aut
1708 3747 1755 3801 bo·

112 3822 202 3878 nabile
215 3830 255 3879 est
279 3823 349 3895 apud
374 3824 471 3880 Deum.
489 3823 588 3879 Mirum
602 3831 644 3881 est
662 3825 697 3882 de
711 3833 747 3897 te,
763 3827 909 3884 bomomi·
962 3849 1017 3901 res,
1034 3841 1159 3889 aututor
1174 3842 1200 3889 te
1215 3832 1396 3904 impedierint,
1411 3833 1497 3890 iratus
1515 3835 1654 3892 Dominus
1669 3836 1757 3906 jubeat

112 3926 166 3980 ser,
177 3910 249 3982 qnod
263 3911 298 3965 ad
313 3910 382 3965 nrals
400 3911 439 3966 sis
453 3917 527 3967 totus
541 3911 649 3978 aridus,
665 3918 737 3970 totus
757 3924 907 3989 promptus,
963 3928 990 3978 te
1004 3920 1116 3986 succidi,
1132 3928 1159 3976 et
1174 3919 1221 3975 tibi
1237 3920 1405 3977 ostiumvita
1419 3922 1627 3996 inperpetuum
1641 3923 1754 3980 claudat.

113 4006 187 4055 totus
200 3997 297 4063 lacilis,
314 4003 388 4054 totus
416 3997 533 4069 sapiens,
558 4005 586 4054 et
611 4006 684 4056 totus
705 4003 851 4060 sollicitus:
873 4007 908 4061 ed
961 4011 1102 4084 Cognosce
1119 4024 1195 4082 ergo,
1213 4026 1230 4067 o
1251 4012 1344 4078 bomo,
1364 4011 1495 4068 bonorem
1511 4020 1602 4085 tuum,
1617 4021 1647 4070 et
1662 4014 1756 4071 bonore

113 4090 186 4146 bona
198 4095 286 4144 autem
309 4103 339 4144 ιι
361 4095 435 4144 totus
449 4088 543 4154 durus,
560 4095 631 4145 totus
645 4089 731 4164 piger,
747 4100 819 4148 totus
832 4095 907 4167 tepi-
924 4106 947 4184 ῃ
963 4102 1118 4158 Creatorem
1133 4106 1219 4155 tuum.

112 4180 173 4246 dus,
189 4186 261 4235 totus
274 4176 382 4244 stultus,
399 4184 469 4233 totus
492 4176 645 4234 incredulus
659 4181 813 4239 etrebellis.
828 4184 907 4241 Unde
998 4196 1024 4248 ιι.
1041 4189 1103 4261 Sed,
1123 4189 1190 4243 boul
1204 4188 1285 4245 hodie
1300 4192 1388 4260 potest
1405 4197 1474 4247 recte
1487 4190 1540 4247 dici
1559 4209 1566 4247 :
1592 4195 1681 4252 Dorso
1699 4209 1756 4251 cast

113 4268 161 4325 tibi
177 4269 237 4337 boc,
254 4267 332 4322 nisia
346 4281 428 4322 carne
441 4281 523 4338 quam
532 4266 625 4341 diligis
645 4276 671 4323 et
686 4271 829 4343 sequeris?
839 4272 909 4340 Quia
961 4283 993 4337 in
1003 4281 1107 4338 tenore
1120 4283 1201 4346 esset,
1218 4295 1275 4337 nou
1288 4279 1436 4338 intellexit
1445 4299 1454 4334 .·
1464 4286 1656 4355 comparatus
1669 4286 1757 4355 estja-

112 4373 179 4416 sero
211 4371 318 4412 carnem
334 4354 433 4427 diligis,
445 4371 554 4413 carnem
566 4357 688 4429 sequeris
704 4375 711 4413 :
731 4369 758 4416 ιι
767 4361 831 4434 quia
848 4378 908 4418 car·
961 4372 1066 4426 neentis
1075 4368 1285 4441 insipientibus,
1299 4374 1329 4425 et
1338 4369 1441 4425 similia
1450 4370 1545 4439 sactus
1552 4372 1668 4430 catillis
1676 4372 1755 4444 (Psoi.

114 4461 175 4501 nem
189 4444 320 4518 aequeris,
336 4458 419 4515 opera
432 4444 521 4500 carnis
536 4445 613 4518 lacis,
629 4452 657 4502 et
680 4463 742 4503 oum
765 4464 797 4505 ea
824 4451 908 4520 pnni-
962 4471 1059 4525 ιιιιιιιι,
1076 4455 1131 4527 ts).
1147 4455 1264 4527 Dignum
1275 4464 1347 4511 certe
1358 4464 1384 4512 et
1395 4457 1497 4527 justum
1512 4466 1556 4514 est
1571 4467 1601 4514 ut
1614 4461 1666 4532 qni
1674 4460 1757 4518 rodas

114 4535 177 4591 eris.
194 4532 289 4588 Carnis
302 4540 356 4589 tue
369 4533 476 4591 fructus
489 4541 530 4590 est
557 4534 652 4605 libido,
678 4535 907 4611 concupiscentia,
961 4543 1048 4601 noluit
1058 4559 1118 4599 esse
1131 4543 1306 4616 Angelorum,
1332 4543 1377 4602 ist
1395 4545 1491 4602 similis
1502 4547 1702 4617 iumentorum
1716 4555 1757 4605 :et

15 4643 20 4654 =
115 4620 224 4688 invidia,
240 4621 390 4688 infirmitas,
406 4621 432 4676 id
450 4632 492 4678 est
504 4623 635 4694 fragilitas
647 4632 675 4681 et
697 4626 783 4694 dolor,
797 4629 907 4696 termis,
962 4634 1008 4708 qui
1021 4633 1153 4689 destruxit
1167 4632 1194 4687 in
1208 4649 1238 4689 se
1264 4632 1409 4706 imaginem
1438 4646 1465 4690 et
1493 4635 1758 4694 similitudinemDn’

115 4708 231 4781 putredo
241 4707 339 4776 terens,
353 4716 380 4764 et
392 4707 489 4766 fetidus
503 4709 580 4766 letor.
962 4723 1074 4791 dignum
1103 4728 1144 4776 est
1175 4728 1205 4776 ut
1222 4720 1315 4792 imago
1343 4730 1370 4776 ιι
1398 4720 1548 4779 similitudo
1574 4724 1759 4794 jumentorum

151 4799 179 4852 3.
195 4796 235 4850 Tu
250 4792 308 4866 ipse
322 4811 352 4851 es
371 4797 490 4852 tenebris
509 4796 669 4871 ignorantie
683 4799 723 4857 sic
746 4809 908 4872 excecatus,
963 4809 1099 4865 adhereat
1113 4808 1148 4863 ei.
1165 4807 1305 4880 Cognosce
1323 4818 1349 4865 te
1364 4824 1440 4883 ergo,
1456 4825 1473 4866 o
1500 4812 1586 4868 horno
1600 4815 1703 4884 miser,
1717 4830 1759 4871 oo·

115 4894 144 4940 ut
171 4884 276 4940 nescias
298 4882 362 4955 quid
377 4885 438 4939 sis?
454 4885 514 4940 Non
540 4887 657 4942 attendis
681 4904 735 4959 qno
753 4892 840 4958 radis,
856 4908 911 4947 non
963 4912 1066 4971 gnosce
1081 4905 1106 4953 te
1127 4899 1263 4954 meliorem
1283 4899 1388 4966 avibus,
1414 4899 1556 4957 meliorem
1582 4903 1759 4961 montismi-

115 4971 304 5029 animadvertis
326 4970 427 5027 iactum
449 4979 536 5039 tuum,
560 4989 649 5048 neque
672 4976 784 5032 insidias
807 4977 910 5037 inimici
964 4986 1109 5042 mantibus.
1132 4986 1194 5042 Noli
1219 5001 1281 5043 esse
1295 4986 1390 5042 similis
1409 4986 1542 5058 jumentis
1556 4988 1758 5063 insipientibus,

117 5069 144 5118 et
160 5060 324 5117 tentationes
335 5060 396 5130 ejus
411 5059 596 5118 fraudulentas
610 5063 751 5135 intelligis.
766 5065 850 5122 Totus
863 5085 912 5124 ne-
963 5090 1023 5146 quae
1041 5074 1129 5129 solam
1143 5074 1224 5130 sitam
1240 5084 1399 5147 presentem
1423 5074 1559 5148 cogitant3
1581 5094 1651 5150 quae
1666 5089 1759 5139 tantu

115 5151 221 5222 gligens
231 5166 272 5218 es,
287 5165 337 5207 neo
350 5150 455 5222 cogitas
471 5165 525 5223 quo
539 5151 648 5209 tendere
659 5152 759 5213 debes:
775 5155 846 5211 riam
862 5174 910 5214 ne·
963 5161 1081 5218 carnalis
1095 5169 1121 5219 et
1136 5163 1293 5234 temporalia
1306 5163 1432 5237 diligunt,
1453 5164 1517 5237 quia
1530 5180 1584 5223 nec
1594 5167 1654 5226 alis
1669 5169 1758 5228 sciunt

117 5237 180 5304 seis,
199 5244 226 5292 et
248 5253 302 5295 non
327 5237 455 5310 inquiris,
478 5238 596 5297 Grandis
618 5256 736 5312 namque
764 5241 810 5298 tibi
830 5255 914 5305 restat
967 5251 1128 5319 llomo,non
1144 5258 1171 5307 te
1186 5250 1315 5321 subjicias
1330 5250 1485 5322 cerninus
1503 5253 1758 5317 sisanarornns

116 5325 170 5379 via.
194 5324 314 5381 Sollicite
341 5325 391 5381 tibi
418 5327 518 5399 quaeris
545 5328 645 5396 cibum,
669 5330 793 5387 vestitum
817 5340 844 5389 et
864 5351 911 5392 re·
964 5338 993 5393 di
1009 5356 1016 5410 3
1036 5354 1092 5396 non
1106 5347 1132 5397 te
1145 5339 1281 5395 sustineas
1295 5355 1355 5396 osae
1369 5338 1451 5396 filium
1462 5339 1706 5418 diaboli,proptar
1718 5348 1760 5402 bo-

117 5410 217 5477 quiem,
233 5419 260 5467 et
283 5427 376 5470 omnes
395 5417 485 5472 carnia
503 5417 686 5488 necessitates,
701 5419 810 5490 quando
838 5422 910 5479 iodi—
962 5441 1056 5483 norem
1084 5428 1265 5500 potentissimi
1287 5436 1314 5485 et
1338 5430 1527 5502 sapientissimi
1550 5442 1579 5489 et
1603 5434 1760 5510 incompte·

117 5511 166 5569 ges
183 5512 190 5553 :
210 5496 244 5553 de
259 5498 315 5555 vita
329 5514 394 5557 vero
408 5509 435 5558 et
448 5503 534 5560 salute
546 5506 643 5561 anime
659 5515 712 5563 tna
730 5519 909 5585 supertepens
963 5516 1102 5574 hemibilis
1121 5517 1208 5576 Petris
1225 5518 1263 5576 tui
1285 5518 1408 5577 altissimi
1434 5520 1483 5579 Dsi
1506 5523 1603 5580 serni
1621 5542 1631 5582 a
1651 5531 1760 5600 propter
