<?xml version="1.0" encoding="UTF-8"?>
<!DOCTYPE html PUBLIC "-//W3C//DTD XHTML 1.0 Transitional//EN"
    "http://www.w3.org/TR/xhtml1/DTD/xhtml1-transitional.dtd">
<html xmlns="http://www.w3.org/1999/xhtml" xml:lang="en" lang="en">
 <head>
  <title>
</title>
<meta http-equiv="Content-Type" content="text/html;charset=utf-8" />
  <meta name='ocr-system' content='tesseract 3.04.00' />
  <meta name='ocr-capabilities' content='ocr_page ocr_carea ocr_par ocr_line ocrx_word'/>
</head>
<body>
  <div class='ocr_page' id='page_1' title='image "./patrologiaecurs00unkngoog_0307.png"; bbox 0 0 3706 5962; ppageno 0'>
   <div class='ocr_carea' id='block_1_1' title="bbox 55 188 1709 264">
    <p class='ocr_par' dir='ltr' id='par_1_1' title="bbox 55 188 1709 264">
     <span class='ocr_line' id='line_1_1' title="bbox 55 188 1709 264; baseline -0.005 -7"><span class='ocrx_word' id='word_1_1' title='bbox 55 190 111 264; x_wconf 77' lang='lat'><strong>601</strong></span> <span class='ocrx_word' id='word_1_2' title='bbox 649 189 840 255; x_wconf 72' lang='lat' dir='ltr'><strong>mutatus</strong></span> <span class='ocrx_word' id='word_1_3' title='bbox 858 189 900 252; x_wconf 81' lang='lat' dir='ltr'><strong>DE</strong></span> <span class='ocrx_word' id='word_1_4' title='bbox 920 188 1120 252; x_wconf 74' lang='lat' dir='ltr'><strong>cucullati.</strong></span> <span class='ocrx_word' id='word_1_5' title='bbox 1655 195 1709 258; x_wconf 73' lang='lat'><strong>502</strong></span> 
     </span>
    </p>
   </div>
   <div class='ocr_carea' id='block_1_2' title="bbox 55 304 1722 4645">
    <p class='ocr_par' dir='ltr' id='par_1_2' title="bbox 55 304 1722 4645">
     <span class='ocr_line' id='line_1_2' title="bbox 80 304 1706 412; baseline 0.006 -39"><span class='ocrx_word' id='word_1_6' title='bbox 80 304 142 373; x_wconf 67' lang='lat' dir='ltr'><strong>dt.</strong></span> <span class='ocrx_word' id='word_1_7' title='bbox 168 315 276 390; x_wconf 84' lang='lat' dir='ltr'><strong>Loquor</strong></span> <span class='ocrx_word' id='word_1_8' title='bbox 295 316 372 373; x_wconf 87' lang='lat' dir='ltr'><strong>robis</strong></span> <span class='ocrx_word' id='word_1_9' title='bbox 395 316 613 388; x_wconf 80' lang='lat' dir='ltr'>experimentum</span> <span class='ocrx_word' id='word_1_10' title='bbox 637 318 708 390; x_wconf 90' lang='lat' dir='ltr'><strong>quod</strong></span> <span class='ocrx_word' id='word_1_11' title='bbox 724 324 851 392; x_wconf 81' lang='lat' dir='ltr'><strong>expertus</strong></span> <span class='ocrx_word' id='word_1_12' title='bbox 867 331 891 412; x_wconf 57' lang='grc' dir='ltr'>Ι</span> <span class='ocrx_word' id='word_1_13' title='bbox 906 315 1030 374; x_wconf 86' lang='lat' dir='ltr'><strong>ordinatu</strong></span> <span class='ocrx_word' id='word_1_14' title='bbox 1050 331 1112 373; x_wconf 89' lang='lat' dir='ltr'><strong>esse</strong></span> <span class='ocrx_word' id='word_1_15' title='bbox 1127 331 1181 373; x_wconf 91' lang='lat' dir='ltr'><strong>uon</strong></span> <span class='ocrx_word' id='word_1_16' title='bbox 1195 322 1295 388; x_wconf 88' lang='lat' dir='ltr'><strong>potest.</strong></span> <span class='ocrx_word' id='word_1_17' title='bbox 1306 317 1386 387; x_wconf 88' lang='lat' dir='ltr'><strong>Nam,</strong></span> <span class='ocrx_word' id='word_1_18' title='bbox 1396 334 1459 379; x_wconf 89' lang='lat' dir='ltr'><strong>cnm</strong></span> <span class='ocrx_word' id='word_1_19' title='bbox 1467 321 1615 391; x_wconf 77' lang='lat' dir='ltr'><strong>aposolus</strong></span> <span class='ocrx_word' id='word_1_20' title='bbox 1624 322 1706 394; x_wconf 86' lang='lat' dir='ltr'><strong>dicat,</strong></span> 
     </span>
     <span class='ocr_line' id='line_1_3' title="bbox 55 404 1707 484; baseline 0.006 -22"><span class='ocrx_word' id='word_1_21' title='bbox 55 423 131 463; x_wconf 89' lang='lat' dir='ltr'><strong>sum.</strong></span> <span class='ocrx_word' id='word_1_22' title='bbox 154 404 183 461; x_wconf 87' lang='lat' dir='ltr'><strong>Si</strong></span> <span class='ocrx_word' id='word_1_23' title='bbox 213 405 320 479; x_wconf 90' lang='lat' dir='ltr'><strong>quaudo</strong></span> <span class='ocrx_word' id='word_1_24' title='bbox 342 421 405 460; x_wconf 89' lang='lat' dir='ltr'><strong>sane</strong></span> <span class='ocrx_word' id='word_1_25' title='bbox 427 406 548 478; x_wconf 89' lang='lat' dir='ltr'><strong>comperi</strong></span> <span class='ocrx_word' id='word_1_26' title='bbox 577 406 726 477; x_wconf 77' lang='lat' dir='ltr'><strong>profecisse</strong></span> <span class='ocrx_word' id='word_1_27' title='bbox 746 407 852 479; x_wconf 90' lang='lat' dir='ltr'><strong>aliquos</strong></span> <span class='ocrx_word' id='word_1_28' title='bbox 908 404 1172 464; x_wconf 80' lang='lat' dir='ltr'><strong>omniasecuodom</strong></span> <span class='ocrx_word' id='word_1_29' title='bbox 1186 407 1398 477; x_wconf 71' lang='lat' dir='ltr'><strong>ordinemficat</strong></span> <span class='ocrx_word' id='word_1_30' title='bbox 1411 409 1443 465; x_wconf 86' lang='lat' dir='ltr'><strong>ic</strong></span> <span class='ocrx_word' id='word_1_31' title='bbox 1456 409 1707 484; x_wconf 62' lang='lat' dir='ltr'><strong>sotadeorum,</strong></span> 
     </span>
     <span class='ocr_line' id='line_1_4' title="bbox 55 493 1707 574; baseline 0.007 -25"><span class='ocrx_word' id='word_1_32' title='bbox 55 502 183 552; x_wconf 87' lang='lat' dir='ltr'><strong>nostrum</strong></span> <span class='ocrx_word' id='word_1_33' title='bbox 198 511 230 550; x_wconf 88' lang='lat' dir='ltr'><strong>ex</strong></span> <span class='ocrx_word' id='word_1_34' title='bbox 253 495 321 548; x_wconf 88' lang='lat' dir='ltr'><strong>meis</strong></span> <span class='ocrx_word' id='word_1_35' title='bbox 336 494 454 565; x_wconf 86' lang='lat' dir='ltr'><strong>monitis,</strong></span> <span class='ocrx_word' id='word_1_36' title='bbox 473 505 536 553; x_wconf 90' lang='lat' dir='ltr'><strong>tuuc</strong></span> <span class='ocrx_word' id='word_1_37' title='bbox 556 510 611 552; x_wconf 92' lang='lat' dir='ltr'><strong>non</strong></span> <span class='ocrx_word' id='word_1_38' title='bbox 628 494 716 569; x_wconf 82' lang='lat' dir='ltr'><strong>piguit</strong></span> <span class='ocrx_word' id='word_1_39' title='bbox 739 511 793 561; x_wconf 91' lang='lat' dir='ltr'><strong>me,</strong></span> <span class='ocrx_word' id='word_1_40' title='bbox 809 494 852 550; x_wconf 89' lang='lat' dir='ltr'><strong>fa·</strong></span> <span class='ocrx_word' id='word_1_41' title='bbox 908 493 967 565; x_wconf 73' lang='lat' dir='ltr'><strong>dd);</strong></span> <span class='ocrx_word' id='word_1_42' title='bbox 978 501 1004 549; x_wconf 89' lang='lat' dir='ltr'><strong>et</strong></span> <span class='ocrx_word' id='word_1_43' title='bbox 1027 493 1127 551; x_wconf 90' lang='lat' dir='ltr'><strong>iterum</strong></span> <span class='ocrx_word' id='word_1_44' title='bbox 1138 513 1144 552; x_wconf 92' lang='lat'>:</span> <span class='ocrx_word' id='word_1_45' title='bbox 1157 496 1259 553; x_wconf 80' lang='lat' dir='ltr'><strong>Omnia</strong></span> <span class='ocrx_word' id='word_1_46' title='bbox 1266 499 1396 554; x_wconf 77' lang='lat' dir='ltr'><strong>cestrota</strong></span> <span class='ocrx_word' id='word_1_47' title='bbox 1403 499 1707 574; x_wconf 72' lang='lat' dir='ltr'><strong>charitateficctfflor.</strong></span> 
     </span>
     <span class='ocr_line' id='line_1_5' title="bbox 55 582 1708 661; baseline 0.005 -21"><span class='ocrx_word' id='word_1_48' title='bbox 55 593 131 648; x_wconf 83' lang='lat' dir='ltr'><strong>teor,</strong></span> <span class='ocrx_word' id='word_1_49' title='bbox 160 599 252 640; x_wconf 89' lang='lat' dir='ltr'><strong>curam</strong></span> <span class='ocrx_word' id='word_1_50' title='bbox 275 583 425 654; x_wconf 80' lang='lat' dir='ltr'><strong>pretulisse</strong></span> <span class='ocrx_word' id='word_1_51' title='bbox 456 584 589 641; x_wconf 88' lang='lat' dir='ltr'><strong>sermonis</strong></span> <span class='ocrx_word' id='word_1_52' title='bbox 610 583 721 657; x_wconf 90' lang='lat' dir='ltr'><strong>proprio</strong></span> <span class='ocrx_word' id='word_1_53' title='bbox 742 584 798 642; x_wconf 90' lang='lat' dir='ltr'><strong>otio</strong></span> <span class='ocrx_word' id='word_1_54' title='bbox 827 590 854 642; x_wconf 93' lang='lat' dir='ltr'><strong>et</strong></span> <span class='ocrx_word' id='word_1_55' title='bbox 907 598 965 647; x_wconf 84' lang='lat' dir='ltr'><strong>xtt,</strong></span> <span class='ocrx_word' id='word_1_56' title='bbox 983 582 1042 653; x_wconf 84' lang='lat' dir='ltr'><strong>tt),</strong></span> <span class='ocrx_word' id='word_1_57' title='bbox 1058 590 1132 654; x_wconf 89' lang='lat' dir='ltr'><strong>patet</strong></span> <span class='ocrx_word' id='word_1_58' title='bbox 1148 599 1179 638; x_wconf 91' lang='lat' dir='ltr'><strong>ea</strong></span> <span class='ocrx_word' id='word_1_59' title='bbox 1193 585 1316 640; x_wconf 87' lang='lat' dir='ltr'><strong>ordinem</strong></span> <span class='ocrx_word' id='word_1_60' title='bbox 1330 602 1384 643; x_wconf 94' lang='lat' dir='ltr'><strong>non</strong></span> <span class='ocrx_word' id='word_1_61' title='bbox 1399 586 1512 656; x_wconf 90' lang='lat' dir='ltr'><strong>habere,</strong></span> <span class='ocrx_word' id='word_1_62' title='bbox 1527 605 1588 661; x_wconf 86' lang='lat' dir='ltr'><strong>quae</strong></span> <span class='ocrx_word' id='word_1_63' title='bbox 1602 590 1630 645; x_wconf 88' lang='lat' dir='ltr'><strong>lu</strong></span> <span class='ocrx_word' id='word_1_64' title='bbox 1639 593 1708 648; x_wconf 87' lang='lat' dir='ltr'><strong>cha-</strong></span> 
     </span>
     <span class='ocr_line' id='line_1_6' title="bbox 55 670 1708 750; baseline 0.005 -22"><span class='ocrx_word' id='word_1_65' title='bbox 55 671 154 745; x_wconf 78' lang='lat' dir='ltr'><strong>quieti.</strong></span> <span class='ocrx_word' id='word_1_66' title='bbox 172 671 307 728; x_wconf 86' lang='lat' dir='ltr'><strong>Patieuter</strong></span> <span class='ocrx_word' id='word_1_67' title='bbox 329 671 431 728; x_wconf 89' lang='lat' dir='ltr'><strong>avellor</strong></span> <span class='ocrx_word' id='word_1_68' title='bbox 449 672 483 726; x_wconf 91' lang='lat' dir='ltr'><strong>ab</strong></span> <span class='ocrx_word' id='word_1_69' title='bbox 503 671 658 728; x_wconf 76' lang='lat' dir='ltr'><strong>infecunde</strong></span> <span class='ocrx_word' id='word_1_70' title='bbox 681 671 779 729; x_wconf 80' lang='lat' dir='ltr'>Rachel</span> <span class='ocrx_word' id='word_1_71' title='bbox 793 688 854 728; x_wconf 89' lang='lat' dir='ltr'><strong>am·</strong></span> <span class='ocrx_word' id='word_1_72' title='bbox 908 671 988 727; x_wconf 88' lang='lat' dir='ltr'><strong>ritate</strong></span> <span class='ocrx_word' id='word_1_73' title='bbox 1012 687 1067 727; x_wconf 88' lang='lat' dir='ltr'><strong>nou</strong></span> <span class='ocrx_word' id='word_1_74' title='bbox 1091 670 1168 728; x_wconf 89' lang='lat' dir='ltr'><strong>fiunt.</strong></span> <span class='ocrx_word' id='word_1_75' title='bbox 1186 672 1308 729; x_wconf 75' lang='lat' dir='ltr'>Charitas</span> <span class='ocrx_word' id='word_1_76' title='bbox 1322 673 1365 731; x_wconf 87' lang='lat' dir='ltr'><strong>via</strong></span> <span class='ocrx_word' id='word_1_77' title='bbox 1384 686 1426 732; x_wconf 90' lang='lat' dir='ltr'><strong>est</strong></span> <span class='ocrx_word' id='word_1_78' title='bbox 1444 685 1471 732; x_wconf 90' lang='lat' dir='ltr'><strong>et</strong></span> <span class='ocrx_word' id='word_1_79' title='bbox 1493 676 1548 733; x_wconf 87' lang='lat' dir='ltr'><strong>vita</strong></span> <span class='ocrx_word' id='word_1_80' title='bbox 1563 677 1708 750; x_wconf 85' lang='lat' dir='ltr'><strong>virtutum,</strong></span> 
     </span>
     <span class='ocr_line' id='line_1_7' title="bbox 56 758 1708 837; baseline 0.005 -22"><span class='ocrx_word' id='word_1_81' title='bbox 56 761 195 834; x_wconf 80' lang='lat' dir='ltr'>plexibus,</span> <span class='ocrx_word' id='word_1_82' title='bbox 211 768 241 816; x_wconf 92' lang='lat' dir='ltr'><strong>ut</strong></span> <span class='ocrx_word' id='word_1_83' title='bbox 261 759 327 814; x_wconf 90' lang='lat' dir='ltr'><strong>mibi</strong></span> <span class='ocrx_word' id='word_1_84' title='bbox 344 761 493 815; x_wconf 77' lang='lat' dir='ltr'><strong>exuberent</strong></span> <span class='ocrx_word' id='word_1_85' title='bbox 511 759 614 816; x_wconf 88' lang='lat' dir='ltr'><strong>fructus</strong></span> <span class='ocrx_word' id='word_1_86' title='bbox 624 758 791 830; x_wconf 80' lang='lat' dir='ltr'><strong>profectuum</strong></span> <span class='ocrx_word' id='word_1_87' title='bbox 810 775 855 815; x_wconf 88' lang='lat' dir='ltr'><strong>ue·</strong></span> <span class='ocrx_word' id='word_1_88' title='bbox 908 759 966 829; x_wconf 87' lang='lat' dir='ltr'><strong>ipse</strong></span> <span class='ocrx_word' id='word_1_89' title='bbox 982 768 1025 815; x_wconf 91' lang='lat' dir='ltr'><strong>est</strong></span> <span class='ocrx_word' id='word_1_90' title='bbox 1040 759 1082 816; x_wconf 90' lang='lat' dir='ltr'><strong>via</strong></span> <span class='ocrx_word' id='word_1_91' title='bbox 1096 760 1268 828; x_wconf 82' lang='lat' dir='ltr'><strong>eminentior,</strong></span> <span class='ocrx_word' id='word_1_92' title='bbox 1285 767 1313 818; x_wconf 88' lang='lat' dir='ltr'><strong>et</strong></span> <span class='ocrx_word' id='word_1_93' title='bbox 1327 762 1381 818; x_wconf 94' lang='lat' dir='ltr'><strong>illic</strong></span> <span class='ocrx_word' id='word_1_94' title='bbox 1406 763 1457 820; x_wconf 89' lang='lat' dir='ltr'><strong>iter</strong></span> <span class='ocrx_word' id='word_1_95' title='bbox 1476 780 1529 837; x_wconf 91' lang='lat' dir='ltr'><strong>quo</strong></span> <span class='ocrx_word' id='word_1_96' title='bbox 1556 766 1708 825; x_wconf 82' lang='lat' dir='ltr'><strong>ostenditur</strong></span> 
     </span>
     <span class='ocr_line' id='line_1_8' title="bbox 55 846 1711 924; baseline 0.004 -17"><span class='ocrx_word' id='word_1_97' title='bbox 55 858 189 907; x_wconf 77' lang='lat' dir='ltr'><strong>atrorum.</strong></span> <span class='ocrx_word' id='word_1_98' title='bbox 207 849 330 906; x_wconf 84' lang='lat' dir='ltr'><strong>Charitas</strong></span> <span class='ocrx_word' id='word_1_99' title='bbox 353 848 435 916; x_wconf 90' lang='lat' dir='ltr'><strong>euim,</strong></span> <span class='ocrx_word' id='word_1_100' title='bbox 464 863 592 920; x_wconf 85' lang='lat' dir='ltr'><strong>quaenon</strong></span> <span class='ocrx_word' id='word_1_101' title='bbox 611 847 710 919; x_wconf 84' lang='lat' dir='ltr'><strong>quaerit</strong></span> <span class='ocrx_word' id='word_1_102' title='bbox 727 865 789 920; x_wconf 80' lang='lat' dir='ltr'><strong>quae</strong></span> <span class='ocrx_word' id='word_1_103' title='bbox 807 863 856 904; x_wconf 88' lang='lat' dir='ltr'><strong>sua</strong></span> <span class='ocrx_word' id='word_1_104' title='bbox 909 846 1092 905; x_wconf 80' lang='lat' dir='ltr'><strong>salutarellei</strong></span> <span class='ocrx_word' id='word_1_105' title='bbox 1123 851 1209 920; x_wconf 84' lang='lat' dir='ltr'><strong>(Paci.</strong></span> <span class='ocrx_word' id='word_1_106' title='bbox 1235 866 1312 917; x_wconf 80' lang='lat' dir='ltr'><strong>xctx,</strong></span> <span class='ocrx_word' id='word_1_107' title='bbox 1335 852 1486 923; x_wconf 70' lang='lat' dir='ltr'><strong>eutlinde</strong></span> <span class='ocrx_word' id='word_1_108' title='bbox 1514 853 1664 924; x_wconf 73' lang='lat' dir='ltr'><strong>Apostolus</strong></span> <span class='ocrx_word' id='word_1_109' title='bbox 1683 855 1711 914; x_wconf 91' lang='lat' dir='ltr'><strong>iu</strong></span> 
     </span>
     <span class='ocr_line' id='line_1_9' title="bbox 55 934 1711 1018; baseline 0.004 -25"><span class='ocrx_word' id='word_1_110' title='bbox 55 945 122 1008; x_wconf 89' lang='lat' dir='ltr'><strong>snut</strong></span> <span class='ocrx_word' id='word_1_111' title='bbox 138 940 163 1008; x_wconf 78' lang='lat' dir='ltr'><strong>tf</strong></span> <span class='ocrx_word' id='word_1_112' title='bbox 177 940 238 995; x_wconf 83' lang='lat' dir='ltr'><strong>Cor.</strong></span> <span class='ocrx_word' id='word_1_113' title='bbox 254 953 317 1007; x_wconf 81' lang='lat' dir='ltr'><strong>xttt,</strong></span> <span class='ocrx_word' id='word_1_114' title='bbox 338 938 376 1003; x_wconf 81' lang='grc'><strong>5),</strong></span> <span class='ocrx_word' id='word_1_115' title='bbox 387 935 414 991; x_wconf 92' lang='lat' dir='ltr'><strong>id</strong></span> <span class='ocrx_word' id='word_1_116' title='bbox 435 936 501 992; x_wconf 90' lang='lat' dir='ltr'><strong>mihi</strong></span> <span class='ocrx_word' id='word_1_117' title='bbox 520 935 681 1006; x_wconf 91' lang='lat' dir='ltr'><strong>jamdudum</strong></span> <span class='ocrx_word' id='word_1_118' title='bbox 696 934 776 994; x_wconf 91' lang='lat' dir='ltr'><strong>facile</strong></span> <span class='ocrx_word' id='word_1_119' title='bbox 791 951 856 1009; x_wconf 92' lang='lat' dir='ltr'><strong>per·</strong></span> <span class='ocrx_word' id='word_1_120' title='bbox 911 936 997 1007; x_wconf 89' lang='lat' dir='ltr'><strong>prima</strong></span> <span class='ocrx_word' id='word_1_121' title='bbox 1008 935 1126 1008; x_wconf 86' lang='lat' dir='ltr'><strong>Epistola</strong></span> <span class='ocrx_word' id='word_1_122' title='bbox 1145 938 1179 993; x_wconf 91' lang='lat' dir='ltr'><strong>ad</strong></span> <span class='ocrx_word' id='word_1_123' title='bbox 1197 939 1353 996; x_wconf 88' lang='lat' dir='ltr'><strong>Corinthios</strong></span> <span class='ocrx_word' id='word_1_124' title='bbox 1370 958 1377 996; x_wconf 91' lang='lat'><strong>:</strong></span> <span class='ocrx_word' id='word_1_125' title='bbox 1395 941 1492 1000; x_wconf 78' lang='lat' dir='ltr'><strong>Adhuc</strong></span> <span class='ocrx_word' id='word_1_126' title='bbox 1506 943 1596 1014; x_wconf 86' lang='lat' dir='ltr'><strong>eiam,</strong></span> <span class='ocrx_word' id='word_1_127' title='bbox 1612 944 1711 1018; x_wconf 90' lang='lat' dir='ltr'><strong>iuquit,</strong></span> 
     </span>
     <span class='ocr_line' id='line_1_10' title="bbox 56 1024 1713 1103; baseline 0.004 -21"><span class='ocrx_word' id='word_1_128' title='bbox 56 1028 157 1094; x_wconf 91' lang='lat' dir='ltr'><strong>suasit,</strong></span> <span class='ocrx_word' id='word_1_129' title='bbox 185 1027 221 1081; x_wconf 94' lang='lat' dir='ltr'><strong>uil</strong></span> <span class='ocrx_word' id='word_1_130' title='bbox 246 1025 346 1082; x_wconf 89' lang='lat' dir='ltr'><strong>scilicet</strong></span> <span class='ocrx_word' id='word_1_131' title='bbox 373 1025 589 1081; x_wconf 81' lang='lat' dir='ltr'><strong>desiderabilium</strong></span> <span class='ocrx_word' id='word_1_132' title='bbox 611 1040 733 1079; x_wconf 88' lang='lat' dir='ltr'><strong>meorum</strong></span> <span class='ocrx_word' id='word_1_133' title='bbox 761 1025 858 1083; x_wconf 84' lang='lat' dir='ltr'><strong>uestris</strong></span> <span class='ocrx_word' id='word_1_134' title='bbox 912 1024 1133 1083; x_wconf 79' lang='lat' dir='ltr'><strong>eminentiorem</strong></span> <span class='ocrx_word' id='word_1_135' title='bbox 1153 1028 1228 1084; x_wconf 84' lang='lat' dir='ltr'><strong>vobis</strong></span> <span class='ocrx_word' id='word_1_136' title='bbox 1242 1028 1404 1087; x_wconf 80' lang='lat' dir='ltr'><strong>dernonatro</strong></span> <span class='ocrx_word' id='word_1_137' title='bbox 1418 1031 1446 1102; x_wconf 89' lang='lat' dir='ltr'><strong>(f</strong></span> <span class='ocrx_word' id='word_1_138' title='bbox 1458 1031 1520 1087; x_wconf 59' lang='lat' dir='ltr'><strong>dms</strong></span> <span class='ocrx_word' id='word_1_139' title='bbox 1535 1048 1588 1099; x_wconf 85' lang='lat' dir='ltr'><strong>xtt,</strong></span> <span class='ocrx_word' id='word_1_140' title='bbox 1604 1033 1669 1103; x_wconf 77' lang='lat' dir='ltr'><strong>³¹l²</strong></span> <span class='ocrx_word' id='word_1_141' title='bbox 1685 1040 1713 1090; x_wconf 88' lang='lat' dir='ltr'><strong>et</strong></span> 
     </span>
     <span class='ocr_line' id='line_1_11' title="bbox 57 1111 1712 1189; baseline 0.005 -18"><span class='ocrx_word' id='word_1_142' title='bbox 57 1115 191 1186; x_wconf 87' lang='lat' dir='ltr'><strong>praeferre</strong></span> <span class='ocrx_word' id='word_1_143' title='bbox 205 1113 378 1170; x_wconf 76' lang='lat' dir='ltr'><strong>utilitatibus,</strong></span> <span class='ocrx_word' id='word_1_144' title='bbox 396 1112 491 1184; x_wconf 89' lang='lat' dir='ltr'><strong>Orare,</strong></span> <span class='ocrx_word' id='word_1_145' title='bbox 506 1114 607 1185; x_wconf 78' lang='lat' dir='ltr'><strong>legere,</strong></span> <span class='ocrx_word' id='word_1_146' title='bbox 624 1113 755 1183; x_wconf 92' lang='lat' dir='ltr'><strong>scribere,</strong></span> <span class='ocrx_word' id='word_1_147' title='bbox 771 1113 858 1170; x_wconf 88' lang='lat' dir='ltr'><strong>medi·</strong></span> <span class='ocrx_word' id='word_1_148' title='bbox 911 1111 978 1167; x_wconf 88' lang='lat' dir='ltr'><strong>item</strong></span> <span class='ocrx_word' id='word_1_149' title='bbox 990 1127 996 1166; x_wconf 92' lang='lat'>:</span> <span class='ocrx_word' id='word_1_150' title='bbox 1007 1112 1084 1170; x_wconf 83' lang='lat' dir='ltr'><strong>Scire</strong></span> <span class='ocrx_word' id='word_1_151' title='bbox 1097 1116 1451 1189; x_wconf 81' lang='lat' dir='ltr'><strong>etiamruperemioerttem</strong></span> <span class='ocrx_word' id='word_1_152' title='bbox 1470 1121 1600 1178; x_wconf 79' lang='lat' dir='ltr'><strong>scientie</strong></span> <span class='ocrx_word' id='word_1_153' title='bbox 1618 1123 1712 1180; x_wconf 80' lang='lat' dir='ltr'><strong>elteri·</strong></span> 
     </span>
     <span class='ocr_line' id='line_1_12' title="bbox 57 1201 1710 1278; baseline 0.004 -19"><span class='ocrx_word' id='word_1_154' title='bbox 57 1204 124 1269; x_wconf 88' lang='lat' dir='ltr'><strong>tari,</strong></span> <span class='ocrx_word' id='word_1_155' title='bbox 147 1212 174 1260; x_wconf 90' lang='lat' dir='ltr'><strong>et</strong></span> <span class='ocrx_word' id='word_1_156' title='bbox 198 1203 220 1259; x_wconf 91' lang='lat' dir='ltr'><strong>si</strong></span> <span class='ocrx_word' id='word_1_157' title='bbox 247 1210 389 1276; x_wconf 77' lang='lat' dir='ltr'><strong>quaesunt</strong></span> <span class='ocrx_word' id='word_1_158' title='bbox 417 1202 469 1257; x_wconf 89' lang='lat' dir='ltr'><strong>alia</strong></span> <span class='ocrx_word' id='word_1_159' title='bbox 501 1202 648 1275; x_wconf 90' lang='lat' dir='ltr'><strong>spiritualis</strong></span> <span class='ocrx_word' id='word_1_160' title='bbox 675 1201 757 1258; x_wconf 89' lang='lat' dir='ltr'><strong>studii</strong></span> <span class='ocrx_word' id='word_1_161' title='bbox 773 1203 858 1271; x_wconf 88' lang='lat' dir='ltr'><strong>lucra,</strong></span> <span class='ocrx_word' id='word_1_162' title='bbox 914 1204 1004 1258; x_wconf 87' lang='lat' dir='ltr'><strong>tatem</strong></span> <span class='ocrx_word' id='word_1_163' title='bbox 1015 1204 1235 1276; x_wconf 76' lang='lat' dir='ltr'><strong>DeiOEpbeattt,</strong></span> <span class='ocrx_word' id='word_1_164' title='bbox 1250 1206 1305 1276; x_wconf 81' lang='lat' dir='ltr'><strong>lit).</strong></span> <span class='ocrx_word' id='word_1_165' title='bbox 1322 1206 1529 1264; x_wconf 85' lang='lat' dir='ltr'><strong>llaecestviude</strong></span> <span class='ocrx_word' id='word_1_166' title='bbox 1542 1225 1595 1278; x_wconf 90' lang='lat' dir='ltr'><strong>qua</strong></span> <span class='ocrx_word' id='word_1_167' title='bbox 1608 1210 1710 1266; x_wconf 85' lang='lat' dir='ltr'><strong>isaias:</strong></span> 
     </span>
     <span class='ocr_line' id='line_1_13' title="bbox 58 1289 1714 1369; baseline 0.004 -20"><span class='ocrx_word' id='word_1_168' title='bbox 58 1293 120 1350; x_wconf 80' lang='lat' dir='ltr'><strong>haec</strong></span> <span class='ocrx_word' id='word_1_169' title='bbox 145 1293 292 1350; x_wconf 83' lang='lat' dir='ltr'><strong>arbitratus</strong></span> <span class='ocrx_word' id='word_1_170' title='bbox 310 1309 369 1348; x_wconf 91' lang='lat' dir='ltr'><strong>sum</strong></span> <span class='ocrx_word' id='word_1_171' title='bbox 397 1298 510 1363; x_wconf 89' lang='lat' dir='ltr'><strong>propter</strong></span> <span class='ocrx_word' id='word_1_172' title='bbox 533 1306 583 1346; x_wconf 87' lang='lat' dir='ltr'><strong>ros</strong></span> <span class='ocrx_word' id='word_1_173' title='bbox 600 1290 772 1348; x_wconf 89' lang='lat' dir='ltr'><strong>detrimenta.</strong></span> <span class='ocrx_word' id='word_1_174' title='bbox 797 1291 861 1348; x_wconf 81' lang='lat' dir='ltr'><strong>Haec</strong></span> <span class='ocrx_word' id='word_1_175' title='bbox 913 1289 1105 1347; x_wconf 77' lang='lat' dir='ltr'><strong>ambulatum</strong></span> <span class='ocrx_word' id='word_1_176' title='bbox 1120 1293 1172 1349; x_wconf 87' lang='lat' dir='ltr'><strong>ltec</strong></span> <span class='ocrx_word' id='word_1_177' title='bbox 1189 1295 1245 1359; x_wconf 88' lang='lat' dir='ltr'><strong>vic,</strong></span> <span class='ocrx_word' id='word_1_178' title='bbox 1265 1294 1314 1366; x_wconf 85' lang='lat' dir='ltr'><strong>qut</strong></span> <span class='ocrx_word' id='word_1_179' title='bbox 1327 1295 1441 1353; x_wconf 85' lang='lat' dir='ltr'><strong>liberati</strong></span> <span class='ocrx_word' id='word_1_180' title='bbox 1452 1298 1714 1369; x_wconf 72' lang='lat' dir='ltr'><strong>suetintetredem-</strong></span> 
     </span>
     <span class='ocr_line' id='line_1_14' title="bbox 59 1377 1713 1459; baseline 0.005 -23"><span class='ocrx_word' id='word_1_181' title='bbox 59 1381 196 1455; x_wconf 85' lang='lat' dir='ltr'><strong>siquidem</strong></span> <span class='ocrx_word' id='word_1_182' title='bbox 210 1398 273 1437; x_wconf 84' lang='lat' dir='ltr'><strong>uero</strong></span> <span class='ocrx_word' id='word_1_183' title='bbox 290 1390 317 1437; x_wconf 91' lang='lat' dir='ltr'><strong>et</strong></span> <span class='ocrx_word' id='word_1_184' title='bbox 335 1388 411 1436; x_wconf 89' lang='lat' dir='ltr'><strong>ceste</strong></span> <span class='ocrx_word' id='word_1_185' title='bbox 425 1377 617 1452; x_wconf 89' lang='lat' dir='ltr'><strong>contemplatio</strong></span> <span class='ocrx_word' id='word_1_186' title='bbox 633 1378 720 1446; x_wconf 86' lang='lat' dir='ltr'><strong>babet,</strong></span> <span class='ocrx_word' id='word_1_187' title='bbox 736 1386 766 1434; x_wconf 93' lang='lat' dir='ltr'><strong>ut</strong></span> <span class='ocrx_word' id='word_1_188' title='bbox 783 1397 858 1437; x_wconf 89' lang='lat' dir='ltr'><strong>mou·</strong></span> <span class='ocrx_word' id='word_1_189' title='bbox 912 1380 959 1451; x_wconf 86' lang='lat' dir='ltr'><strong>pti</strong></span> <span class='ocrx_word' id='word_1_190' title='bbox 971 1396 988 1435; x_wconf 87' lang='lat' dir='ltr'><strong>c</strong></span> <span class='ocrx_word' id='word_1_191' title='bbox 998 1381 1126 1446; x_wconf 83' lang='lat' dir='ltr'><strong>Doctior,</strong></span> <span class='ocrx_word' id='word_1_192' title='bbox 1136 1381 1286 1440; x_wconf 85' lang='lat' dir='ltr'><strong>etoetta&#39;cct</strong></span> <span class='ocrx_word' id='word_1_193' title='bbox 1297 1383 1330 1437; x_wconf 83' lang='lat' dir='ltr'><strong>ic</strong></span> <span class='ocrx_word' id='word_1_194' title='bbox 1341 1385 1409 1441; x_wconf 82' lang='lat' dir='ltr'><strong>Sion</strong></span> <span class='ocrx_word' id='word_1_195' title='bbox 1419 1401 1486 1442; x_wconf 87' lang='lat' dir='ltr'><strong>cum</strong></span> <span class='ocrx_word' id='word_1_196' title='bbox 1507 1387 1589 1444; x_wconf 81' lang='lat' dir='ltr'><strong>feuda</strong></span> <span class='ocrx_word' id='word_1_197' title='bbox 1602 1406 1610 1456; x_wconf 89' lang='lat'>;</span> <span class='ocrx_word' id='word_1_198' title='bbox 1622 1389 1713 1459; x_wconf 61' lang='lat' dir='ltr'><strong>supet</strong></span> 
     </span>
     <span class='ocr_line' id='line_1_15' title="bbox 59 1466 1715 1548; baseline 0.005 -23"><span class='ocrx_word' id='word_1_199' title='bbox 59 1478 129 1538; x_wconf 91' lang='lat' dir='ltr'><strong>tem,</strong></span> <span class='ocrx_word' id='word_1_200' title='bbox 144 1487 223 1544; x_wconf 88' lang='lat' dir='ltr'><strong>quam</strong></span> <span class='ocrx_word' id='word_1_201' title='bbox 237 1470 331 1526; x_wconf 89' lang='lat' dir='ltr'><strong>divino</strong></span> <span class='ocrx_word' id='word_1_202' title='bbox 350 1469 414 1542; x_wconf 74' lang='lat' dir='ltr'><strong>igne</strong></span> <span class='ocrx_word' id='word_1_203' title='bbox 430 1469 606 1526; x_wconf 77' lang='lat' dir='ltr'><strong>vehementer</strong></span> <span class='ocrx_word' id='word_1_204' title='bbox 619 1466 769 1540; x_wconf 76' lang='lat' dir='ltr'><strong>succendit,</strong></span> <span class='ocrx_word' id='word_1_205' title='bbox 785 1477 859 1524; x_wconf 90' lang='lat' dir='ltr'><strong>tauto</strong></span> <span class='ocrx_word' id='word_1_206' title='bbox 914 1466 1286 1540; x_wconf 78' lang='lat' dir='ltr'><strong>dotoretpemitus.1.etitic</strong></span> <span class='ocrx_word' id='word_1_207' title='bbox 1296 1474 1715 1548; x_wconf 81' lang='lat' dir='ltr'><strong>sempiternesopercopitueo·</strong></span> 
     </span>
     <span class='ocr_line' id='line_1_16' title="bbox 60 1557 1712 1636; baseline 0.004 -22"><span class='ocrx_word' id='word_1_208' title='bbox 60 1560 164 1631; x_wconf 85' lang='lat' dir='ltr'><strong>repleat</strong></span> <span class='ocrx_word' id='word_1_209' title='bbox 186 1560 242 1615; x_wconf 89' lang='lat' dir='ltr'><strong>zelo</strong></span> <span class='ocrx_word' id='word_1_210' title='bbox 265 1567 292 1615; x_wconf 91' lang='lat' dir='ltr'><strong>et</strong></span> <span class='ocrx_word' id='word_1_211' title='bbox 313 1558 448 1614; x_wconf 88' lang='lat' dir='ltr'><strong>desiderio</strong></span> <span class='ocrx_word' id='word_1_212' title='bbox 471 1558 627 1630; x_wconf 80' lang='lat' dir='ltr'><strong>acquirendi</strong></span> <span class='ocrx_word' id='word_1_213' title='bbox 649 1560 717 1630; x_wconf 90' lang='lat' dir='ltr'><strong>Deo,</strong></span> <span class='ocrx_word' id='word_1_214' title='bbox 734 1558 781 1632; x_wconf 89' lang='lat' dir='ltr'><strong>qui</strong></span> <span class='ocrx_word' id='word_1_215' title='bbox 796 1574 858 1615; x_wconf 91' lang='lat' dir='ltr'><strong>eum</strong></span> <span class='ocrx_word' id='word_1_216' title='bbox 911 1557 1168 1628; x_wconf 77' lang='lat' dir='ltr'><strong>ram,puudiumet</strong></span> <span class='ocrx_word' id='word_1_217' title='bbox 1178 1562 1482 1624; x_wconf 83' lang='lat' dir='ltr'><strong>letiticmobtiaebunt</strong></span> <span class='ocrx_word' id='word_1_218' title='bbox 1491 1565 1712 1636; x_wconf 77' lang='lat' dir='ltr'><strong>(fac.n1,ld,ll).</strong></span> 
     </span>
     <span class='ocr_line' id='line_1_17' title="bbox 59 1643 1713 1720; baseline 0.005 -20"><span class='ocrx_word' id='word_1_219' title='bbox 59 1645 186 1703; x_wconf 75' lang='lat' dir='ltr'><strong>similiter</strong></span> <span class='ocrx_word' id='word_1_220' title='bbox 200 1647 324 1720; x_wconf 80' lang='lat' dir='ltr'><strong>diligant,</strong></span> <span class='ocrx_word' id='word_1_221' title='bbox 341 1654 371 1702; x_wconf 91' lang='lat' dir='ltr'><strong>ut</strong></span> <span class='ocrx_word' id='word_1_222' title='bbox 383 1647 468 1702; x_wconf 89' lang='lat' dir='ltr'><strong>otium</strong></span> <span class='ocrx_word' id='word_1_223' title='bbox 486 1646 720 1718; x_wconf 78' lang='lat' dir='ltr'><strong>contemplationis</strong></span> <span class='ocrx_word' id='word_1_224' title='bbox 739 1662 788 1718; x_wconf 92' lang='lat' dir='ltr'><strong>pro</strong></span> <span class='ocrx_word' id='word_1_225' title='bbox 803 1658 859 1702; x_wconf 90' lang='lat' dir='ltr'><strong>stu·</strong></span> <span class='ocrx_word' id='word_1_226' title='bbox 914 1643 1037 1701; x_wconf 79' lang='lat' dir='ltr'><strong>Charitas</strong></span> <span class='ocrx_word' id='word_1_227' title='bbox 1050 1655 1093 1702; x_wconf 90' lang='lat' dir='ltr'><strong>est</strong></span> <span class='ocrx_word' id='word_1_228' title='bbox 1109 1656 1273 1720; x_wconf 76' lang='lat' dir='ltr'><strong>preceptum</strong></span> <span class='ocrx_word' id='word_1_229' title='bbox 1288 1651 1399 1707; x_wconf 90' lang='lat' dir='ltr'><strong>Domini</strong></span> <span class='ocrx_word' id='word_1_230' title='bbox 1419 1652 1541 1708; x_wconf 89' lang='lat' dir='ltr'><strong>lucidum</strong></span> <span class='ocrx_word' id='word_1_231' title='bbox 1556 1652 1713 1710; x_wconf 89' lang='lat' dir='ltr'><strong>illuminans</strong></span> 
     </span>
     <span class='ocr_line' id='line_1_18' title="bbox 62 1733 1714 1811; baseline 0.005 -22"><span class='ocrx_word' id='word_1_232' title='bbox 62 1735 111 1792; x_wconf 92' lang='lat' dir='ltr'><strong>dio</strong></span> <span class='ocrx_word' id='word_1_233' title='bbox 133 1735 333 1808; x_wconf 77' lang='lat' dir='ltr'><strong>predicationis</strong></span> <span class='ocrx_word' id='word_1_234' title='bbox 359 1734 536 1792; x_wconf 89' lang='lat' dir='ltr'><strong>libentissime</strong></span> <span class='ocrx_word' id='word_1_235' title='bbox 559 1736 729 1792; x_wconf 89' lang='lat' dir='ltr'><strong>intermittat.</strong></span> <span class='ocrx_word' id='word_1_236' title='bbox 754 1736 788 1791; x_wconf 87' lang='lat' dir='ltr'><strong>Et</strong></span> <span class='ocrx_word' id='word_1_237' title='bbox 802 1752 862 1791; x_wconf 90' lang='lat' dir='ltr'><strong>rur-</strong></span> <span class='ocrx_word' id='word_1_238' title='bbox 914 1733 1010 1790; x_wconf 91' lang='lat' dir='ltr'><strong>oculos</strong></span> <span class='ocrx_word' id='word_1_239' title='bbox 1023 1733 1112 1805; x_wconf 81' lang='lat' dir='ltr'><strong>(Paul.</strong></span> <span class='ocrx_word' id='word_1_240' title='bbox 1128 1752 1208 1805; x_wconf 87' lang='lat' dir='ltr'><strong>ttvttt,</strong></span> <span class='ocrx_word' id='word_1_241' title='bbox 1219 1739 1255 1811; x_wconf 77' lang='lat' dir='ltr'><strong>ill.</strong></span> <span class='ocrx_word' id='word_1_242' title='bbox 1271 1740 1382 1810; x_wconf 87' lang='lat' dir='ltr'><strong>lpsaest</strong></span> <span class='ocrx_word' id='word_1_243' title='bbox 1396 1739 1486 1796; x_wconf 88' lang='lat' dir='ltr'><strong>lumen</strong></span> <span class='ocrx_word' id='word_1_244' title='bbox 1501 1741 1603 1810; x_wconf 88' lang='lat' dir='ltr'><strong>cordis,</strong></span> <span class='ocrx_word' id='word_1_245' title='bbox 1619 1757 1714 1799; x_wconf 84' lang='lat' dir='ltr'><strong>omnes</strong></span> 
     </span>
     <span class='ocr_line' id='line_1_19' title="bbox 62 1822 1712 1901; baseline 0.003 -21"><span class='ocrx_word' id='word_1_246' title='bbox 62 1839 125 1880; x_wconf 92' lang='lat' dir='ltr'><strong>suto</strong></span> <span class='ocrx_word' id='word_1_247' title='bbox 150 1824 324 1896; x_wconf 90' lang='lat' dir='ltr'><strong>potitavobis</strong></span> <span class='ocrx_word' id='word_1_248' title='bbox 350 1823 520 1897; x_wconf 89' lang='lat' dir='ltr'><strong>aliquatenus</strong></span> <span class='ocrx_word' id='word_1_249' title='bbox 543 1823 571 1878; x_wconf 92' lang='lat' dir='ltr'><strong>iu</strong></span> <span class='ocrx_word' id='word_1_250' title='bbox 600 1824 651 1882; x_wconf 90' lang='lat' dir='ltr'><strong>hac</strong></span> <span class='ocrx_word' id='word_1_251' title='bbox 680 1832 767 1897; x_wconf 90' lang='lat' dir='ltr'><strong>parte,</strong></span> <span class='ocrx_word' id='word_1_252' title='bbox 786 1833 862 1881; x_wconf 87' lang='lat' dir='ltr'><strong>tauto</strong></span> <span class='ocrx_word' id='word_1_253' title='bbox 915 1837 1012 1877; x_wconf 83' lang='lat' dir='ltr'><strong>sensus</strong></span> <span class='ocrx_word' id='word_1_254' title='bbox 1022 1822 1171 1881; x_wconf 87' lang='lat' dir='ltr'><strong>eteffeotus</strong></span> <span class='ocrx_word' id='word_1_255' title='bbox 1185 1827 1304 1883; x_wconf 89' lang='lat' dir='ltr'><strong>hominis</strong></span> <span class='ocrx_word' id='word_1_256' title='bbox 1317 1826 1469 1885; x_wconf 85' lang='lat' dir='ltr'><strong>clarificans</strong></span> <span class='ocrx_word' id='word_1_257' title='bbox 1483 1837 1510 1884; x_wconf 89' lang='lat' dir='ltr'><strong>et</strong></span> <span class='ocrx_word' id='word_1_258' title='bbox 1523 1843 1662 1901; x_wconf 85' lang='lat' dir='ltr'><strong>serenans,</strong></span> <span class='ocrx_word' id='word_1_259' title='bbox 1680 1835 1712 1884; x_wconf 91' lang='lat' dir='ltr'><strong>ut</strong></span> 
     </span>
     <span class='ocr_line' id='line_1_20' title="bbox 61 1907 1596 1989; baseline 0.005 -23"><span class='ocrx_word' id='word_1_260' title='bbox 61 1912 201 1967; x_wconf 88' lang='lat' dir='ltr'><strong>ardentius</strong></span> <span class='ocrx_word' id='word_1_261' title='bbox 225 1913 318 1968; x_wconf 88' lang='lat' dir='ltr'><strong>redeat</strong></span> <span class='ocrx_word' id='word_1_262' title='bbox 344 1911 374 1966; x_wconf 79' lang='lat' dir='ltr'><strong>iu&#39;</strong></span> <span class='ocrx_word' id='word_1_263' title='bbox 400 1911 426 1967; x_wconf 91' lang='lat' dir='ltr'><strong>id</strong></span> <span class='ocrx_word' id='word_1_264' title='bbox 455 1911 556 1984; x_wconf 90' lang='lat' dir='ltr'><strong>ipsum,</strong></span> <span class='ocrx_word' id='word_1_265' title='bbox 577 1919 681 1984; x_wconf 88' lang='lat' dir='ltr'><strong>quanto</strong></span> <span class='ocrx_word' id='word_1_266' title='bbox 695 1910 862 1969; x_wconf 76' lang='lat' dir='ltr'><strong>fructuosius</strong></span> <span class='ocrx_word' id='word_1_267' title='bbox 916 1907 1004 1966; x_wconf 88' lang='lat' dir='ltr'><strong>diseat</strong></span> <span class='ocrx_word' id='word_1_268' title='bbox 1018 1910 1099 1967; x_wconf 90' lang='lat' dir='ltr'><strong>homo</strong></span> <span class='ocrx_word' id='word_1_269' title='bbox 1113 1913 1160 1970; x_wconf 92' lang='lat' dir='ltr'><strong>ubi</strong></span> <span class='ocrx_word' id='word_1_270' title='bbox 1174 1915 1208 1970; x_wconf 92' lang='lat' dir='ltr'><strong>sil</strong></span> <span class='ocrx_word' id='word_1_271' title='bbox 1227 1916 1321 1971; x_wconf 91' lang='lat' dir='ltr'><strong>lumen</strong></span> <span class='ocrx_word' id='word_1_272' title='bbox 1334 1916 1477 1973; x_wconf 88' lang='lat' dir='ltr'><strong>oculorum</strong></span> <span class='ocrx_word' id='word_1_273' title='bbox 1491 1924 1518 1972; x_wconf 91' lang='lat' dir='ltr'><strong>et</strong></span> <span class='ocrx_word' id='word_1_274' title='bbox 1532 1932 1596 1989; x_wconf 81' lang='lat' dir='ltr'><strong>pax.</strong></span> 
     </span>
     <span class='ocr_line' id='line_1_21' title="bbox 60 1999 1713 2076; baseline 0.002 -20"><span class='ocrx_word' id='word_1_275' title='bbox 60 1999 242 2056; x_wconf 87' lang='lat' dir='ltr'><strong>intermisisse</strong></span> <span class='ocrx_word' id='word_1_276' title='bbox 264 1999 425 2066; x_wconf 89' lang='lat' dir='ltr'><strong>meminerit,</strong></span> <span class='ocrx_word' id='word_1_277' title='bbox 446 2011 471 2058; x_wconf 92' lang='lat' dir='ltr'><strong>et</strong></span> <span class='ocrx_word' id='word_1_278' title='bbox 491 2000 589 2056; x_wconf 90' lang='lat' dir='ltr'><strong>iterum</strong></span> <span class='ocrx_word' id='word_1_279' title='bbox 609 2009 718 2072; x_wconf 87' lang='lat' dir='ltr'><strong>sumpto</strong></span> <span class='ocrx_word' id='word_1_280' title='bbox 737 2010 862 2058; x_wconf 89' lang='lat' dir='ltr'><strong>contem-</strong></span> <span class='ocrx_word' id='word_1_281' title='bbox 952 2000 997 2054; x_wconf 76' lang='lat'><strong>37.</strong></span> <span class='ocrx_word' id='word_1_282' title='bbox 1012 1999 1135 2056; x_wconf 85' lang='lat' dir='ltr'><strong>Charitas</strong></span> <span class='ocrx_word' id='word_1_283' title='bbox 1152 2010 1194 2058; x_wconf 90' lang='lat' dir='ltr'><strong>est</strong></span> <span class='ocrx_word' id='word_1_284' title='bbox 1205 2003 1297 2061; x_wconf 91' lang='lat' dir='ltr'><strong>oleum</strong></span> <span class='ocrx_word' id='word_1_285' title='bbox 1310 2005 1383 2076; x_wconf 92' lang='lat' dir='ltr'><strong>quod</strong></span> <span class='ocrx_word' id='word_1_286' title='bbox 1403 2004 1478 2062; x_wconf 91' lang='lat' dir='ltr'><strong>omni</strong></span> <span class='ocrx_word' id='word_1_287' title='bbox 1499 2004 1599 2076; x_wconf 90' lang='lat' dir='ltr'><strong>liquori</strong></span> <span class='ocrx_word' id='word_1_288' title='bbox 1613 2019 1713 2075; x_wconf 90' lang='lat' dir='ltr'><strong>super·</strong></span> 
     </span>
     <span class='ocr_line' id='line_1_22' title="bbox 61 2087 1716 2166; baseline 0.004 -22"><span class='ocrx_word' id='word_1_289' title='bbox 61 2088 192 2159; x_wconf 89' lang='lat' dir='ltr'><strong>plationis</strong></span> <span class='ocrx_word' id='word_1_290' title='bbox 215 2094 298 2160; x_wconf 80' lang='lat' dir='ltr'><strong>gustu</strong></span> <span class='ocrx_word' id='word_1_291' title='bbox 312 2087 443 2143; x_wconf 85' lang='lat' dir='ltr'><strong>ualentius</strong></span> <span class='ocrx_word' id='word_1_292' title='bbox 471 2088 504 2143; x_wconf 85' lang='lat' dir='ltr'><strong>ed</strong></span> <span class='ocrx_word' id='word_1_293' title='bbox 528 2089 712 2162; x_wconf 88' lang='lat' dir='ltr'><strong>conquirenda</strong></span> <span class='ocrx_word' id='word_1_294' title='bbox 732 2090 806 2146; x_wconf 88' lang='lat' dir='ltr'><strong>lucra</strong></span> <span class='ocrx_word' id='word_1_295' title='bbox 820 2105 864 2146; x_wconf 90' lang='lat' dir='ltr'><strong>so·</strong></span> <span class='ocrx_word' id='word_1_296' title='bbox 916 2094 1001 2154; x_wconf 84' lang='lat' dir='ltr'><strong>natat,</strong></span> <span class='ocrx_word' id='word_1_297' title='bbox 1014 2091 1086 2159; x_wconf 92' lang='lat' dir='ltr'><strong>quod</strong></span> <span class='ocrx_word' id='word_1_298' title='bbox 1101 2098 1178 2147; x_wconf 85' lang='lat' dir='ltr'><strong>sanat</strong></span> <span class='ocrx_word' id='word_1_299' title='bbox 1192 2101 1219 2149; x_wconf 91' lang='lat' dir='ltr'><strong>et</strong></span> <span class='ocrx_word' id='word_1_300' title='bbox 1232 2092 1374 2160; x_wconf 89' lang='lat' dir='ltr'><strong>illuminet,</strong></span> <span class='ocrx_word' id='word_1_301' title='bbox 1387 2101 1414 2150; x_wconf 90' lang='lat' dir='ltr'><strong>et</strong></span> <span class='ocrx_word' id='word_1_302' title='bbox 1428 2094 1500 2166; x_wconf 91' lang='lat' dir='ltr'><strong>quod</strong></span> <span class='ocrx_word' id='word_1_303' title='bbox 1516 2109 1624 2151; x_wconf 87' lang='lat' dir='ltr'><strong>omnem</strong></span> <span class='ocrx_word' id='word_1_304' title='bbox 1636 2109 1716 2163; x_wconf 76' lang='lat' dir='ltr'><strong>aspe-</strong></span> 
     </span>
     <span class='ocr_line' id='line_1_23' title="bbox 61 2174 1716 2249; baseline 0.004 -17"><span class='ocrx_word' id='word_1_305' title='bbox 61 2176 110 2233; x_wconf 88' lang='lat' dir='ltr'><strong>lita</strong></span> <span class='ocrx_word' id='word_1_306' title='bbox 130 2176 270 2234; x_wconf 86' lang='lat' dir='ltr'><strong>alacritate</strong></span> <span class='ocrx_word' id='word_1_307' title='bbox 290 2182 417 2231; x_wconf 89' lang='lat' dir='ltr'><strong>recurret.</strong></span> <span class='ocrx_word' id='word_1_308' title='bbox 446 2175 580 2232; x_wconf 85' lang='lat' dir='ltr'><strong>Caeterum</strong></span> <span class='ocrx_word' id='word_1_309' title='bbox 604 2176 675 2233; x_wconf 91' lang='lat' dir='ltr'><strong>inter</strong></span> <span class='ocrx_word' id='word_1_310' title='bbox 689 2177 739 2232; x_wconf 87' lang='lat' dir='ltr'><strong>has</strong></span> <span class='ocrx_word' id='word_1_311' title='bbox 756 2177 864 2236; x_wconf 83' lang='lat' dir='ltr'><strong>uicissi·</strong></span> <span class='ocrx_word' id='word_1_312' title='bbox 918 2174 1026 2232; x_wconf 88' lang='lat' dir='ltr'><strong>ritatem</strong></span> <span class='ocrx_word' id='word_1_313' title='bbox 1040 2178 1149 2249; x_wconf 87' lang='lat' dir='ltr'><strong>propria</strong></span> <span class='ocrx_word' id='word_1_314' title='bbox 1163 2181 1295 2236; x_wconf 82' lang='lat' dir='ltr'><strong>suauitate</strong></span> <span class='ocrx_word' id='word_1_315' title='bbox 1320 2181 1449 2238; x_wconf 89' lang='lat' dir='ltr'><strong>laetificat.</strong></span> <span class='ocrx_word' id='word_1_316' title='bbox 1478 2184 1534 2239; x_wconf 87' lang='lat' dir='ltr'><strong>Hoc</strong></span> <span class='ocrx_word' id='word_1_317' title='bbox 1566 2182 1628 2241; x_wconf 91' lang='lat' dir='ltr'><strong>oleo</strong></span> <span class='ocrx_word' id='word_1_318' title='bbox 1643 2181 1716 2239; x_wconf 91' lang='lat' dir='ltr'><strong>uncti</strong></span> 
     </span>
     <span class='ocr_line' id='line_1_24' title="bbox 63 2263 1717 2340; baseline 0.002 -19"><span class='ocrx_word' id='word_1_319' title='bbox 63 2265 172 2322; x_wconf 89' lang='lat' dir='ltr'><strong>tudines</strong></span> <span class='ocrx_word' id='word_1_320' title='bbox 189 2265 347 2336; x_wconf 91' lang='lat' dir='ltr'><strong>plerumque</strong></span> <span class='ocrx_word' id='word_1_321' title='bbox 362 2280 439 2319; x_wconf 91' lang='lat' dir='ltr'><strong>meus</strong></span> <span class='ocrx_word' id='word_1_322' title='bbox 454 2263 576 2334; x_wconf 86' lang='lat' dir='ltr'><strong>fluctuat,</strong></span> <span class='ocrx_word' id='word_1_323' title='bbox 595 2273 717 2321; x_wconf 87' lang='lat' dir='ltr'><strong>metuens</strong></span> <span class='ocrx_word' id='word_1_324' title='bbox 734 2273 762 2322; x_wconf 88' lang='lat' dir='ltr'><strong>et</strong></span> <span class='ocrx_word' id='word_1_325' title='bbox 780 2267 863 2323; x_wconf 87' lang='lat' dir='ltr'><strong>rehe-</strong></span> <span class='ocrx_word' id='word_1_326' title='bbox 916 2265 1031 2335; x_wconf 85' lang='lat' dir='ltr'><strong>apostoli</strong></span> <span class='ocrx_word' id='word_1_327' title='bbox 1052 2274 1078 2321; x_wconf 90' lang='lat' dir='ltr'><strong>et</strong></span> <span class='ocrx_word' id='word_1_328' title='bbox 1095 2276 1237 2338; x_wconf 81' lang='lat' dir='ltr'><strong>martyres,</strong></span> <span class='ocrx_word' id='word_1_329' title='bbox 1253 2269 1441 2326; x_wconf 85' lang='lat' dir='ltr'><strong>suavissimam</strong></span> <span class='ocrx_word' id='word_1_330' title='bbox 1468 2270 1630 2340; x_wconf 88' lang='lat' dir='ltr'><strong>reputabunt</strong></span> <span class='ocrx_word' id='word_1_331' title='bbox 1648 2285 1717 2325; x_wconf 90' lang='lat' dir='ltr'><strong>mor·</strong></span> 
     </span>
     <span class='ocr_line' id='line_1_25' title="bbox 64 2352 1714 2426; baseline 0.002 -16"><span class='ocrx_word' id='word_1_332' title='bbox 64 2362 172 2411; x_wconf 89' lang='lat' dir='ltr'><strong>menter</strong></span> <span class='ocrx_word' id='word_1_333' title='bbox 190 2362 357 2420; x_wconf 80' lang='lat' dir='ltr'><strong>exaestuans,</strong></span> <span class='ocrx_word' id='word_1_334' title='bbox 382 2368 416 2408; x_wconf 91' lang='lat' dir='ltr'><strong>ue</strong></span> <span class='ocrx_word' id='word_1_335' title='bbox 443 2352 514 2408; x_wconf 91' lang='lat' dir='ltr'><strong>forte</strong></span> <span class='ocrx_word' id='word_1_336' title='bbox 536 2353 642 2426; x_wconf 90' lang='lat' dir='ltr'><strong>utrique</strong></span> <span class='ocrx_word' id='word_1_337' title='bbox 670 2355 778 2421; x_wconf 91' lang='lat' dir='ltr'><strong>horum,</strong></span> <span class='ocrx_word' id='word_1_338' title='bbox 798 2355 862 2411; x_wconf 91' lang='lat' dir='ltr'><strong>dum</strong></span> <span class='ocrx_word' id='word_1_339' title='bbox 919 2352 954 2407; x_wconf 92' lang='lat' dir='ltr'><strong>tis</strong></span> <span class='ocrx_word' id='word_1_340' title='bbox 967 2353 1175 2412; x_wconf 87' lang='lat' dir='ltr'><strong>amaritudinem</strong></span> <span class='ocrx_word' id='word_1_341' title='bbox 1191 2364 1217 2413; x_wconf 91' lang='lat' dir='ltr'><strong>et</strong></span> <span class='ocrx_word' id='word_1_342' title='bbox 1238 2356 1396 2414; x_wconf 86' lang='lat' dir='ltr'><strong>immensam</strong></span> <span class='ocrx_word' id='word_1_343' title='bbox 1416 2357 1547 2417; x_wconf 75' lang='lat' dir='ltr'><strong>saeuitiam</strong></span> <span class='ocrx_word' id='word_1_344' title='bbox 1563 2368 1714 2415; x_wconf 87' lang='lat' dir='ltr'><strong>tormento-</strong></span> 
     </span>
     <span class='ocr_line' id='line_1_26' title="bbox 63 2442 1717 2520; baseline 0.003 -21"><span class='ocrx_word' id='word_1_345' title='bbox 63 2443 123 2499; x_wconf 90' lang='lat' dir='ltr'><strong>suis</strong></span> <span class='ocrx_word' id='word_1_346' title='bbox 152 2442 342 2499; x_wconf 87' lang='lat' dir='ltr'><strong>affectionibus</strong></span> <span class='ocrx_word' id='word_1_347' title='bbox 357 2442 420 2498; x_wconf 87' lang='lat' dir='ltr'><strong>ltine</strong></span> <span class='ocrx_word' id='word_1_348' title='bbox 444 2442 508 2497; x_wconf 90' lang='lat' dir='ltr'><strong>iude</strong></span> <span class='ocrx_word' id='word_1_349' title='bbox 532 2442 700 2515; x_wconf 87' lang='lat' dir='ltr'><strong>distrahitur,</strong></span> <span class='ocrx_word' id='word_1_350' title='bbox 715 2443 776 2514; x_wconf 91' lang='lat' dir='ltr'><strong>plus</strong></span> <span class='ocrx_word' id='word_1_351' title='bbox 788 2445 862 2513; x_wconf 87' lang='lat' dir='ltr'><strong>justo</strong></span> <span class='ocrx_word' id='word_1_352' title='bbox 917 2456 990 2498; x_wconf 92' lang='lat' dir='ltr'><strong>rutn.</strong></span> <span class='ocrx_word' id='word_1_353' title='bbox 1008 2442 1134 2501; x_wconf 90' lang='lat' dir='ltr'><strong>Christus</strong></span> <span class='ocrx_word' id='word_1_354' title='bbox 1148 2445 1220 2501; x_wconf 90' lang='lat' dir='ltr'><strong>enim</strong></span> <span class='ocrx_word' id='word_1_355' title='bbox 1245 2456 1344 2503; x_wconf 89' lang='lat' dir='ltr'><strong>unctus</strong></span> <span class='ocrx_word' id='word_1_356' title='bbox 1362 2462 1378 2502; x_wconf 89' lang='lat' dir='ltr'><strong>u</strong></span> <span class='ocrx_word' id='word_1_357' title='bbox 1394 2447 1453 2504; x_wconf 86' lang='lat' dir='ltr'><strong>Deo</strong></span> <span class='ocrx_word' id='word_1_358' title='bbox 1467 2463 1524 2518; x_wconf 77' lang='lat' dir='ltr'><strong>prae</strong></span> <span class='ocrx_word' id='word_1_359' title='bbox 1539 2447 1717 2520; x_wconf 85' lang='lat' dir='ltr'><strong>participibus</strong></span> 
     </span>
     <span class='ocr_line' id='line_1_27' title="bbox 64 2529 1716 2606; baseline 0.003 -20"><span class='ocrx_word' id='word_1_360' title='bbox 64 2531 205 2597; x_wconf 77' lang='lat' dir='ltr'><strong>inhaereat,</strong></span> <span class='ocrx_word' id='word_1_361' title='bbox 221 2540 248 2586; x_wconf 93' lang='lat' dir='ltr'><strong>et</strong></span> <span class='ocrx_word' id='word_1_362' title='bbox 276 2530 316 2587; x_wconf 91' lang='lat' dir='ltr'><strong>sic</strong></span> <span class='ocrx_word' id='word_1_363' title='bbox 328 2530 356 2586; x_wconf 88' lang='lat' dir='ltr'><strong>in</strong></span> <span class='ocrx_word' id='word_1_364' title='bbox 371 2530 499 2586; x_wconf 91' lang='lat' dir='ltr'><strong>utrolibet</strong></span> <span class='ocrx_word' id='word_1_365' title='bbox 519 2529 560 2585; x_wconf 86' lang='lat' dir='ltr'><strong>ref</strong></span> <span class='ocrx_word' id='word_1_366' title='bbox 582 2530 615 2585; x_wconf 87' lang='lat' dir='ltr'><strong>ad</strong></span> <span class='ocrx_word' id='word_1_367' title='bbox 636 2531 800 2588; x_wconf 90' lang='lat' dir='ltr'><strong>modicuma</strong></span> <span class='ocrx_word' id='word_1_368' title='bbox 819 2531 862 2586; x_wconf 92' lang='lat' dir='ltr'><strong>di·</strong></span> <span class='ocrx_word' id='word_1_369' title='bbox 917 2529 973 2584; x_wconf 89' lang='lat' dir='ltr'><strong>suis</strong></span> <span class='ocrx_word' id='word_1_370' title='bbox 987 2530 1074 2599; x_wconf 84' lang='lat' dir='ltr'><strong>(Psoi.</strong></span> <span class='ocrx_word' id='word_1_371' title='bbox 1090 2549 1167 2599; x_wconf 84' lang='lat' dir='ltr'><strong>uutv,</strong></span> <span class='ocrx_word' id='word_1_372' title='bbox 1182 2536 1220 2606; x_wconf 89' lang='lat'><strong>8),</strong></span> <span class='ocrx_word' id='word_1_373' title='bbox 1235 2534 1569 2606; x_wconf 84' lang='lat' dir='ltr'><strong>hocoleosuosunxit,et</strong></span> <span class='ocrx_word' id='word_1_374' title='bbox 1583 2536 1716 2591; x_wconf 83' lang='lat' dir='ltr'><strong>exactoris</strong></span> 
     </span>
     <span class='ocr_line' id='line_1_28' title="bbox 64 2617 1714 2695; baseline 0.004 -21"><span class='ocrx_word' id='word_1_375' title='bbox 64 2620 129 2675; x_wconf 84' lang='lat' dir='ltr'><strong>rina</strong></span> <span class='ocrx_word' id='word_1_376' title='bbox 143 2619 232 2676; x_wconf 87' lang='lat' dir='ltr'><strong>deviet</strong></span> <span class='ocrx_word' id='word_1_377' title='bbox 249 2620 395 2675; x_wconf 83' lang='lat' dir='ltr'><strong>voluntate.</strong></span> <span class='ocrx_word' id='word_1_378' title='bbox 413 2619 528 2676; x_wconf 90' lang='lat' dir='ltr'><strong>Unicum</strong></span> <span class='ocrx_word' id='word_1_379' title='bbox 550 2619 650 2693; x_wconf 90' lang='lat' dir='ltr'><strong>quippe</strong></span> <span class='ocrx_word' id='word_1_380' title='bbox 664 2620 692 2676; x_wconf 92' lang='lat' dir='ltr'><strong>iu</strong></span> <span class='ocrx_word' id='word_1_381' title='bbox 707 2621 863 2691; x_wconf 89' lang='lat' dir='ltr'><strong>hujusmodi</strong></span> <span class='ocrx_word' id='word_1_382' title='bbox 914 2617 1010 2690; x_wconf 76' lang='lat' dir='ltr'><strong>iugum</strong></span> <span class='ocrx_word' id='word_1_383' title='bbox 1027 2619 1124 2678; x_wconf 90' lang='lat' dir='ltr'><strong>aiacie</strong></span> <span class='ocrx_word' id='word_1_384' title='bbox 1143 2622 1196 2678; x_wconf 90' lang='lat' dir='ltr'><strong>ulei</strong></span> <span class='ocrx_word' id='word_1_385' title='bbox 1211 2631 1431 2695; x_wconf 85' lang='lat' dir='ltr'><strong>computrescere</strong></span> <span class='ocrx_word' id='word_1_386' title='bbox 1445 2623 1509 2680; x_wconf 89' lang='lat' dir='ltr'><strong>fecit</strong></span> <span class='ocrx_word' id='word_1_387' title='bbox 1524 2623 1590 2695; x_wconf 85' lang='lat' dir='ltr'><strong>(fec.</strong></span> <span class='ocrx_word' id='word_1_388' title='bbox 1607 2640 1637 2690; x_wconf 84' lang='lat' dir='ltr'><strong>x,</strong></span> <span class='ocrx_word' id='word_1_389' title='bbox 1658 2625 1714 2693; x_wconf 77' lang='lat' dir='ltr'><strong>at).</strong></span> 
     </span>
     <span class='ocr_line' id='line_1_29' title="bbox 65 2705 1716 2786; baseline 0.004 -22"><span class='ocrx_word' id='word_1_390' title='bbox 65 2709 214 2766; x_wconf 90' lang='lat' dir='ltr'><strong>remedium</strong></span> <span class='ocrx_word' id='word_1_391' title='bbox 242 2726 289 2765; x_wconf 87' lang='lat' dir='ltr'><strong>seu</strong></span> <span class='ocrx_word' id='word_1_392' title='bbox 313 2710 458 2783; x_wconf 77' lang='lat' dir='ltr'><strong>refugium,</strong></span> <span class='ocrx_word' id='word_1_393' title='bbox 482 2710 569 2765; x_wconf 90' lang='lat' dir='ltr'><strong>oratio</strong></span> <span class='ocrx_word' id='word_1_394' title='bbox 601 2718 652 2774; x_wconf 88' lang='lat' dir='ltr'><strong>est,</strong></span> <span class='ocrx_word' id='word_1_395' title='bbox 682 2717 709 2766; x_wconf 91' lang='lat' dir='ltr'><strong>et</strong></span> <span class='ocrx_word' id='word_1_396' title='bbox 737 2710 864 2783; x_wconf 90' lang='lat' dir='ltr'><strong>frequens</strong></span> <span class='ocrx_word' id='word_1_397' title='bbox 918 2705 1164 2783; x_wconf 61' lang='lat' dir='ltr'><strong>spiritalemque,</strong></span> <span class='ocrx_word' id='word_1_398' title='bbox 1179 2713 1500 2786; x_wconf 78' lang='lat' dir='ltr'><strong>bominieopermc,eo</strong></span> <span class='ocrx_word' id='word_1_399' title='bbox 1515 2714 1716 2786; x_wconf 84' lang='lat' dir='ltr'><strong>quodanecrt&#39;t</strong></span> 
     </span>
     <span class='ocr_line' id='line_1_30' title="bbox 65 2797 1715 2872; baseline 0.002 -18"><span class='ocrx_word' id='word_1_400' title='bbox 65 2800 184 2870; x_wconf 80' lang='lat' dir='ltr'><strong>gemitus</strong></span> <span class='ocrx_word' id='word_1_401' title='bbox 200 2797 234 2853; x_wconf 91' lang='lat' dir='ltr'><strong>ad</strong></span> <span class='ocrx_word' id='word_1_402' title='bbox 249 2798 402 2864; x_wconf 85' lang='lat' dir='ltr'><strong>Dominum,</strong></span> <span class='ocrx_word' id='word_1_403' title='bbox 420 2797 538 2870; x_wconf 89' lang='lat' dir='ltr'><strong>utquid,</strong></span> <span class='ocrx_word' id='word_1_404' title='bbox 553 2798 664 2870; x_wconf 90' lang='lat' dir='ltr'><strong>quando</strong></span> <span class='ocrx_word' id='word_1_405' title='bbox 684 2804 712 2855; x_wconf 94' lang='lat' dir='ltr'><strong>et</strong></span> <span class='ocrx_word' id='word_1_406' title='bbox 734 2808 865 2871; x_wconf 90' lang='lat' dir='ltr'><strong>quatenus</strong></span> <span class='ocrx_word' id='word_1_407' title='bbox 918 2812 964 2853; x_wconf 89' lang='lat' dir='ltr'><strong>me</strong></span> <span class='ocrx_word' id='word_1_408' title='bbox 977 2798 1042 2867; x_wconf 79' lang='lat' dir='ltr'><strong>(ltu.</strong></span> <span class='ocrx_word' id='word_1_409' title='bbox 1062 2814 1118 2866; x_wconf 80' lang='lat' dir='ltr'><strong>nrt,</strong></span> <span class='ocrx_word' id='word_1_410' title='bbox 1130 2800 1168 2871; x_wconf 89' lang='lat' dir='ltr'><strong>l).</strong></span> <span class='ocrx_word' id='word_1_411' title='bbox 1184 2800 1308 2857; x_wconf 86' lang='lat' dir='ltr'><strong>Charitas</strong></span> <span class='ocrx_word' id='word_1_412' title='bbox 1322 2815 1377 2857; x_wconf 89' lang='lat' dir='ltr'><strong>non</strong></span> <span class='ocrx_word' id='word_1_413' title='bbox 1392 2802 1481 2858; x_wconf 88' lang='lat' dir='ltr'><strong>solum</strong></span> <span class='ocrx_word' id='word_1_414' title='bbox 1504 2802 1597 2859; x_wconf 89' lang='lat' dir='ltr'><strong>mortis</strong></span> <span class='ocrx_word' id='word_1_415' title='bbox 1609 2808 1636 2858; x_wconf 89' lang='lat' dir='ltr'><strong>et</strong></span> <span class='ocrx_word' id='word_1_416' title='bbox 1650 2818 1715 2872; x_wconf 90' lang='lat' dir='ltr'><strong>sup·</strong></span> 
     </span>
     <span class='ocr_line' id='line_1_31' title="bbox 66 2884 1716 2972; baseline 0.003 -30"><span class='ocrx_word' id='word_1_417' title='bbox 66 2902 119 2943; x_wconf 89' lang='lat' dir='ltr'><strong>nos</strong></span> <span class='ocrx_word' id='word_1_418' title='bbox 134 2886 222 2944; x_wconf 88' lang='lat' dir='ltr'><strong>facere</strong></span> <span class='ocrx_word' id='word_1_419' title='bbox 236 2887 309 2954; x_wconf 89' lang='lat' dir='ltr'><strong>velit,</strong></span> <span class='ocrx_word' id='word_1_420' title='bbox 330 2887 438 2943; x_wconf 89' lang='lat' dir='ltr'><strong>assidue</strong></span> <span class='ocrx_word' id='word_1_421' title='bbox 457 2885 535 2942; x_wconf 89' lang='lat' dir='ltr'><strong>uobis</strong></span> <span class='ocrx_word' id='word_1_422' title='bbox 559 2887 745 2944; x_wconf 88' lang='lat' dir='ltr'><strong>demonstrare</strong></span> <span class='ocrx_word' id='word_1_423' title='bbox 765 2888 866 2964; x_wconf 78' lang='lat' dir='ltr'><strong>digne·</strong></span> <span class='ocrx_word' id='word_1_424' title='bbox 882 2892 904 2972; x_wconf 69' lang='lat' dir='ltr'><strong>c</strong></span> <span class='ocrx_word' id='word_1_425' title='bbox 920 2884 1063 2960; x_wconf 91' lang='lat' dir='ltr'><strong>pliciorum</strong></span> <span class='ocrx_word' id='word_1_426' title='bbox 1087 2887 1295 2944; x_wconf 82' lang='lat' dir='ltr'><strong>amaritudinem</strong></span> <span class='ocrx_word' id='word_1_427' title='bbox 1315 2888 1472 2956; x_wconf 80' lang='lat' dir='ltr'><strong>suavificat3</strong></span> <span class='ocrx_word' id='word_1_428' title='bbox 1499 2890 1547 2945; x_wconf 83' lang='lat' dir='ltr'><strong>sed</strong></span> <span class='ocrx_word' id='word_1_429' title='bbox 1575 2899 1603 2947; x_wconf 92' lang='lat' dir='ltr'><strong>et</strong></span> <span class='ocrx_word' id='word_1_430' title='bbox 1630 2889 1716 2962; x_wconf 88' lang='lat' dir='ltr'><strong>ipsam</strong></span> 
     </span>
     <span class='ocr_line' id='line_1_32' title="bbox 66 2976 1717 3048; baseline 0.002 -17"><span class='ocrx_word' id='word_1_431' title='bbox 66 2984 125 3034; x_wconf 87' lang='lat' dir='ltr'><strong>tur.</strong></span> <span class='ocrx_word' id='word_1_432' title='bbox 924 2984 1035 3031; x_wconf 88' lang='lat' dir='ltr'><strong>mortem</strong></span> <span class='ocrx_word' id='word_1_433' title='bbox 1064 2976 1282 3048; x_wconf 88' lang='lat' dir='ltr'><strong>potentissimam</strong></span> <span class='ocrx_word' id='word_1_434' title='bbox 1320 2984 1406 3034; x_wconf 92' lang='lat' dir='ltr'><strong>morte</strong></span> <span class='ocrx_word' id='word_1_435' title='bbox 1435 2977 1590 3036; x_wconf 87' lang='lat' dir='ltr'><strong>mortificat.</strong></span> <span class='ocrx_word' id='word_1_436' title='bbox 1619 2979 1717 3035; x_wconf 87' lang='lat' dir='ltr'><strong>Nonne</strong></span> 
     </span>
     <span class='ocr_line' id='line_1_33' title="bbox 388 3061 1718 3140; baseline 0.003 -21"><span class='ocrx_word' id='word_1_437' title='bbox 388 3063 500 3120; x_wconf 82' lang='lat' dir='ltr'><strong>CAPUT</strong></span> <span class='ocrx_word' id='word_1_438' title='bbox 514 3063 563 3120; x_wconf 77' lang='lat' dir='ltr'><strong>lx.</strong></span> <span class='ocrx_word' id='word_1_439' title='bbox 922 3061 1021 3119; x_wconf 86' lang='lat' dir='ltr'><strong>Christi</strong></span> <span class='ocrx_word' id='word_1_440' title='bbox 1040 3063 1159 3121; x_wconf 88' lang='lat' dir='ltr'><strong>charitas</strong></span> <span class='ocrx_word' id='word_1_441' title='bbox 1173 3066 1356 3139; x_wconf 88' lang='lat' dir='ltr'><strong>peremptoria</strong></span> <span class='ocrx_word' id='word_1_442' title='bbox 1370 3074 1428 3123; x_wconf 89' lang='lat' dir='ltr'><strong>erat</strong></span> <span class='ocrx_word' id='word_1_443' title='bbox 1442 3069 1548 3136; x_wconf 90' lang='lat' dir='ltr'><strong>mortis,</strong></span> <span class='ocrx_word' id='word_1_444' title='bbox 1580 3081 1643 3123; x_wconf 89' lang='lat' dir='ltr'><strong>cum</strong></span> <span class='ocrx_word' id='word_1_445' title='bbox 1660 3066 1718 3140; x_wconf 88' lang='lat' dir='ltr'><strong>ipse</strong></span> 
     </span>
     <span class='ocr_line' id='line_1_34' title="bbox 149 3151 1718 3227; baseline 0.001 -18"><span class='ocrx_word' id='word_1_446' title='bbox 149 3155 187 3209; x_wconf 86' lang='lat' dir='ltr'><strong>De</strong></span> <span class='ocrx_word' id='word_1_447' title='bbox 210 3152 300 3210; x_wconf 80' lang='lat' dir='ltr'><strong>variis</strong></span> <span class='ocrx_word' id='word_1_448' title='bbox 325 3156 436 3224; x_wconf 75' lang='lat' dir='ltr'><strong>effectis</strong></span> <span class='ocrx_word' id='word_1_449' title='bbox 456 3157 484 3209; x_wconf 90' lang='lat' dir='ltr'><strong>et</strong></span> <span class='ocrx_word' id='word_1_450' title='bbox 506 3153 601 3226; x_wconf 74' lang='lat' dir='ltr'><strong>ctoqit&#39;s</strong></span> <span class='ocrx_word' id='word_1_451' title='bbox 618 3152 782 3212; x_wconf 78' lang='lat' dir='ltr'><strong>alteritatis.</strong></span> <span class='ocrx_word' id='word_1_452' title='bbox 922 3151 977 3208; x_wconf 86' lang='lat' dir='ltr'><strong>dux</strong></span> <span class='ocrx_word' id='word_1_453' title='bbox 991 3153 1054 3209; x_wconf 82' lang='lat' dir='ltr'><strong>titae</strong></span> <span class='ocrx_word' id='word_1_454' title='bbox 1073 3154 1222 3227; x_wconf 82' lang='lat' dir='ltr'><strong>mortisque</strong></span> <span class='ocrx_word' id='word_1_455' title='bbox 1236 3154 1388 3213; x_wconf 88' lang='lat' dir='ltr'><strong>destructor</strong></span> <span class='ocrx_word' id='word_1_456' title='bbox 1406 3155 1620 3213; x_wconf 87' lang='lat' dir='ltr'><strong>comminaretur</strong></span> <span class='ocrx_word' id='word_1_457' title='bbox 1635 3164 1663 3212; x_wconf 91' lang='lat' dir='ltr'><strong>et</strong></span> <span class='ocrx_word' id='word_1_458' title='bbox 1676 3156 1718 3211; x_wconf 89' lang='lat' dir='ltr'><strong>di·</strong></span> 
     </span>
     <span class='ocr_line' id='line_1_35' title="bbox 104 3240 1717 3316; baseline 0.001 -17"><span class='ocrx_word' id='word_1_459' title='bbox 104 3244 150 3299; x_wconf 83' lang='lat'><strong>35.</strong></span> <span class='ocrx_word' id='word_1_460' title='bbox 171 3241 295 3298; x_wconf 80' lang='lat' dir='ltr'><strong>Amicitia</strong></span> <span class='ocrx_word' id='word_1_461' title='bbox 308 3258 372 3298; x_wconf 84' lang='lat' dir='ltr'><strong>vera</strong></span> <span class='ocrx_word' id='word_1_462' title='bbox 392 3257 446 3299; x_wconf 90' lang='lat' dir='ltr'><strong>non</strong></span> <span class='ocrx_word' id='word_1_463' title='bbox 468 3250 517 3309; x_wconf 91' lang='lat' dir='ltr'><strong>est,</strong></span> <span class='ocrx_word' id='word_1_464' title='bbox 543 3243 593 3298; x_wconf 90' lang='lat' dir='ltr'><strong>uisi</strong></span> <span class='ocrx_word' id='word_1_465' title='bbox 623 3240 732 3298; x_wconf 90' lang='lat' dir='ltr'><strong>firmum</strong></span> <span class='ocrx_word' id='word_1_466' title='bbox 755 3241 783 3298; x_wconf 92' lang='lat' dir='ltr'><strong>in</strong></span> <span class='ocrx_word' id='word_1_467' title='bbox 810 3242 869 3300; x_wconf 85' lang='lat' dir='ltr'><strong>beo</strong></span> <span class='ocrx_word' id='word_1_468' title='bbox 922 3242 1077 3300; x_wconf 82' lang='lat' dir='ltr'><strong>ceret:Erc</strong></span> <span class='ocrx_word' id='word_1_469' title='bbox 1085 3259 1161 3300; x_wconf 83' lang='lat' dir='ltr'><strong>mom</strong></span> <span class='ocrx_word' id='word_1_470' title='bbox 1172 3243 1449 3316; x_wconf 82' lang='lat' dir='ltr'><strong>tou,omora?(0see</strong></span> <span class='ocrx_word' id='word_1_471' title='bbox 1459 3244 1648 3316; x_wconf 82' lang='lat' dir='ltr'><strong>xttt,tt).1mu</strong></span> <span class='ocrx_word' id='word_1_472' title='bbox 1659 3244 1717 3301; x_wconf 89' lang='lat' dir='ltr'><strong>for·</strong></span> 
     </span>
     <span class='ocr_line' id='line_1_36' title="bbox 67 3328 1718 3403; baseline 0.001 -17"><span class='ocrx_word' id='word_1_473' title='bbox 67 3332 165 3386; x_wconf 90' lang='lat' dir='ltr'><strong>habeat</strong></span> <span class='ocrx_word' id='word_1_474' title='bbox 177 3332 392 3389; x_wconf 89' lang='lat' dir='ltr'><strong>fundamentum.</strong></span> <span class='ocrx_word' id='word_1_475' title='bbox 404 3331 554 3403; x_wconf 85' lang='lat' dir='ltr'><strong>Eupropter</strong></span> <span class='ocrx_word' id='word_1_476' title='bbox 564 3348 623 3387; x_wconf 88' lang='lat' dir='ltr'><strong>cum</strong></span> <span class='ocrx_word' id='word_1_477' title='bbox 638 3331 755 3388; x_wconf 85' lang='lat' dir='ltr'><strong>amicitie</strong></span> <span class='ocrx_word' id='word_1_478' title='bbox 766 3331 869 3386; x_wconf 90' lang='lat' dir='ltr'><strong>donum</strong></span> <span class='ocrx_word' id='word_1_479' title='bbox 922 3328 1056 3385; x_wconf 75' lang='lat' dir='ltr'><strong>tiendum</strong></span> <span class='ocrx_word' id='word_1_480' title='bbox 1072 3332 1143 3386; x_wconf 89' lang='lat' dir='ltr'><strong>enim</strong></span> <span class='ocrx_word' id='word_1_481' title='bbox 1159 3346 1233 3386; x_wconf 90' lang='lat' dir='ltr'><strong>mors</strong></span> <span class='ocrx_word' id='word_1_482' title='bbox 1247 3333 1329 3388; x_wconf 84' lang='lat' dir='ltr'><strong>tritam</strong></span> <span class='ocrx_word' id='word_1_483' title='bbox 1343 3331 1441 3403; x_wconf 86' lang='lat' dir='ltr'><strong>eripiat</strong></span> <span class='ocrx_word' id='word_1_484' title='bbox 1455 3331 1644 3401; x_wconf 90' lang='lat' dir='ltr'><strong>temporalem,</strong></span> <span class='ocrx_word' id='word_1_485' title='bbox 1666 3346 1718 3388; x_wconf 92' lang='lat' dir='ltr'><strong>nos</strong></span> 
     </span>
     <span class='ocr_line' id='line_1_37' title="bbox 67 3416 1718 3491; baseline 0 -17"><span class='ocrx_word' id='word_1_486' title='bbox 67 3421 104 3475; x_wconf 89' lang='lat' dir='ltr'><strong>sit</strong></span> <span class='ocrx_word' id='word_1_487' title='bbox 117 3418 174 3485; x_wconf 88' lang='lat' dir='ltr'><strong>Dei,</strong></span> <span class='ocrx_word' id='word_1_488' title='bbox 194 3421 299 3489; x_wconf 90' lang='lat' dir='ltr'><strong>justum</strong></span> <span class='ocrx_word' id='word_1_489' title='bbox 313 3427 356 3474; x_wconf 87' lang='lat' dir='ltr'><strong>est</strong></span> <span class='ocrx_word' id='word_1_490' title='bbox 375 3428 405 3475; x_wconf 91' lang='lat' dir='ltr'><strong>ut</strong></span> <span class='ocrx_word' id='word_1_491' title='bbox 425 3417 473 3491; x_wconf 93' lang='lat' dir='ltr'><strong>qtti</strong></span> <span class='ocrx_word' id='word_1_492' title='bbox 485 3435 517 3475; x_wconf 84' lang='lat' dir='ltr'><strong>ex</strong></span> <span class='ocrx_word' id='word_1_493' title='bbox 532 3418 605 3475; x_wconf 92' lang='lat' dir='ltr'><strong>dono</strong></span> <span class='ocrx_word' id='word_1_494' title='bbox 621 3419 671 3474; x_wconf 87' lang='lat' dir='ltr'><strong>Uei</strong></span> <span class='ocrx_word' id='word_1_495' title='bbox 686 3417 785 3491; x_wconf 84' lang='lat' dir='ltr'><strong>diligit,</strong></span> <span class='ocrx_word' id='word_1_496' title='bbox 801 3418 868 3474; x_wconf 92' lang='lat' dir='ltr'><strong>nihil</strong></span> <span class='ocrx_word' id='word_1_497' title='bbox 923 3416 956 3472; x_wconf 90' lang='lat' dir='ltr'><strong>ad</strong></span> <span class='ocrx_word' id='word_1_498' title='bbox 974 3417 1057 3473; x_wconf 86' lang='lat' dir='ltr'><strong>uitam</strong></span> <span class='ocrx_word' id='word_1_499' title='bbox 1071 3418 1189 3474; x_wconf 88' lang='lat' dir='ltr'><strong>charitas</strong></span> <span class='ocrx_word' id='word_1_500' title='bbox 1202 3418 1348 3475; x_wconf 90' lang='lat' dir='ltr'><strong>introducit</strong></span> <span class='ocrx_word' id='word_1_501' title='bbox 1357 3426 1495 3477; x_wconf 78' lang='lat' dir='ltr'><strong>eternam.</strong></span> <span class='ocrx_word' id='word_1_502' title='bbox 1516 3419 1565 3475; x_wconf 84' lang='lat' dir='ltr'><strong>ille</strong></span> <span class='ocrx_word' id='word_1_503' title='bbox 1575 3433 1625 3474; x_wconf 90' lang='lat' dir='ltr'><strong>nos</strong></span> <span class='ocrx_word' id='word_1_504' title='bbox 1638 3421 1718 3475; x_wconf 85' lang='lat' dir='ltr'><strong>avita</strong></span> 
     </span>
     <span class='ocr_line' id='line_1_38' title="bbox 68 3503 1718 3581; baseline 0 -19"><span class='ocrx_word' id='word_1_505' title='bbox 68 3515 168 3578; x_wconf 76' lang='lat' dir='ltr'><strong>praeter</strong></span> <span class='ocrx_word' id='word_1_506' title='bbox 188 3510 273 3564; x_wconf 88' lang='lat' dir='ltr'><strong>Deum</strong></span> <span class='ocrx_word' id='word_1_507' title='bbox 299 3507 401 3581; x_wconf 64' lang='lat' dir='ltr'><strong>diligat,</strong></span> <span class='ocrx_word' id='word_1_508' title='bbox 425 3515 451 3563; x_wconf 91' lang='lat' dir='ltr'><strong>et</strong></span> <span class='ocrx_word' id='word_1_509' title='bbox 469 3516 499 3563; x_wconf 92' lang='lat' dir='ltr'><strong>ut</strong></span> <span class='ocrx_word' id='word_1_510' title='bbox 518 3507 580 3564; x_wconf 92' lang='lat' dir='ltr'><strong>illuc</strong></span> <span class='ocrx_word' id='word_1_511' title='bbox 607 3506 720 3562; x_wconf 87' lang='lat' dir='ltr'><strong>flumina</strong></span> <span class='ocrx_word' id='word_1_512' title='bbox 744 3506 867 3574; x_wconf 86' lang='lat' dir='ltr'><strong>refluant,</strong></span> <span class='ocrx_word' id='word_1_513' title='bbox 922 3503 1074 3563; x_wconf 89' lang='lat' dir='ltr'><strong>transitoria</strong></span> <span class='ocrx_word' id='word_1_514' title='bbox 1094 3505 1208 3576; x_wconf 84' lang='lat' dir='ltr'><strong>dejicit:</strong></span> <span class='ocrx_word' id='word_1_515' title='bbox 1225 3505 1284 3563; x_wconf 87' lang='lat' dir='ltr'><strong>haec</strong></span> <span class='ocrx_word' id='word_1_516' title='bbox 1308 3505 1436 3562; x_wconf 88' lang='lat' dir='ltr'><strong>advitam</strong></span> <span class='ocrx_word' id='word_1_517' title='bbox 1464 3511 1492 3561; x_wconf 91' lang='lat' dir='ltr'><strong>ct</strong></span> <span class='ocrx_word' id='word_1_518' title='bbox 1519 3504 1634 3578; x_wconf 77' lang='lat' dir='ltr'><strong>gloriam</strong></span> <span class='ocrx_word' id='word_1_519' title='bbox 1660 3504 1718 3562; x_wconf 87' lang='lat' dir='ltr'><strong>sinc</strong></span> 
     </span>
     <span class='ocr_line' id='line_1_39' title="bbox 67 3592 1719 3670; baseline -0.001 -17"><span class='ocrx_word' id='word_1_520' title='bbox 67 3599 140 3653; x_wconf 89' lang='lat' dir='ltr'><strong>unde</strong></span> <span class='ocrx_word' id='word_1_521' title='bbox 164 3597 249 3654; x_wconf 87' lang='lat' dir='ltr'><strong>dunut</strong></span> <span class='ocrx_word' id='word_1_522' title='bbox 273 3596 376 3670; x_wconf 80' lang='lat' dir='ltr'><strong>(docte</strong></span> <span class='ocrx_word' id='word_1_523' title='bbox 395 3614 413 3662; x_wconf 91' lang='lat' dir='ltr'><strong>t,</strong></span> <span class='ocrx_word' id='word_1_524' title='bbox 429 3597 472 3670; x_wconf 84' lang='lat'><strong>7):</strong></span> <span class='ocrx_word' id='word_1_525' title='bbox 489 3611 538 3652; x_wconf 93' lang='lat' dir='ltr'><strong>nec</strong></span> <span class='ocrx_word' id='word_1_526' title='bbox 551 3596 625 3652; x_wconf 85' lang='lat' dir='ltr'><strong>rivus</strong></span> <span class='ocrx_word' id='word_1_527' title='bbox 645 3609 720 3651; x_wconf 90' lang='lat' dir='ltr'><strong>asuo</strong></span> <span class='ocrx_word' id='word_1_528' title='bbox 735 3594 809 3650; x_wconf 90' lang='lat' dir='ltr'><strong>fonte</strong></span> <span class='ocrx_word' id='word_1_529' title='bbox 822 3595 870 3651; x_wconf 90' lang='lat' dir='ltr'><strong>de·</strong></span> <span class='ocrx_word' id='word_1_530' title='bbox 923 3592 976 3648; x_wconf 91' lang='lat' dir='ltr'><strong>fine</strong></span> <span class='ocrx_word' id='word_1_531' title='bbox 992 3593 1120 3651; x_wconf 90' lang='lat' dir='ltr'><strong>restituit.</strong></span> <span class='ocrx_word' id='word_1_532' title='bbox 1136 3594 1259 3651; x_wconf 85' lang='lat' dir='ltr'><strong>Charites</strong></span> <span class='ocrx_word' id='word_1_533' title='bbox 1280 3600 1320 3650; x_wconf 88' lang='lat' dir='ltr'><strong>est</strong></span> <span class='ocrx_word' id='word_1_534' title='bbox 1340 3602 1418 3666; x_wconf 87' lang='lat' dir='ltr'><strong>porta</strong></span> <span class='ocrx_word' id='word_1_535' title='bbox 1443 3593 1578 3666; x_wconf 89' lang='lat' dir='ltr'><strong>speciosa,</strong></span> <span class='ocrx_word' id='word_1_536' title='bbox 1602 3610 1662 3667; x_wconf 80' lang='lat' dir='ltr'><strong>qua</strong></span> <span class='ocrx_word' id='word_1_537' title='bbox 1689 3593 1719 3651; x_wconf 94' lang='lat' dir='ltr'><strong>in</strong></span> 
     </span>
     <span class='ocr_line' id='line_1_40' title="bbox 68 3681 1718 3760; baseline -0.002 -17"><span class='ocrx_word' id='word_1_538' title='bbox 68 3695 193 3760; x_wconf 76' lang='lat' dir='ltr'><strong>generet,</strong></span> <span class='ocrx_word' id='word_1_539' title='bbox 213 3687 258 3759; x_wconf 90' lang='lat' dir='ltr'><strong>qui</strong></span> <span class='ocrx_word' id='word_1_540' title='bbox 272 3688 305 3743; x_wconf 92' lang='lat' dir='ltr'><strong>de</strong></span> <span class='ocrx_word' id='word_1_541' title='bbox 319 3686 486 3760; x_wconf 90' lang='lat' dir='ltr'><strong>plenitudiue</strong></span> <span class='ocrx_word' id='word_1_542' title='bbox 500 3684 593 3759; x_wconf 76' lang='lat' dir='ltr'><strong>gratiae</strong></span> <span class='ocrx_word' id='word_1_543' title='bbox 607 3683 869 3740; x_wconf 89' lang='lat' dir='ltr'><strong>aitlueutisemauat.</strong></span> <span class='ocrx_word' id='word_1_544' title='bbox 922 3681 1062 3738; x_wconf 85' lang='lat' dir='ltr'><strong>eversione</strong></span> <span class='ocrx_word' id='word_1_545' title='bbox 1072 3683 1232 3754; x_wconf 86' lang='lat' dir='ltr'><strong>Jerusalem,</strong></span> <span class='ocrx_word' id='word_1_546' title='bbox 1248 3683 1333 3757; x_wconf 90' lang='lat' dir='ltr'><strong>portis</strong></span> <span class='ocrx_word' id='word_1_547' title='bbox 1350 3682 1412 3740; x_wconf 88' lang='lat' dir='ltr'><strong>aliis</strong></span> <span class='ocrx_word' id='word_1_548' title='bbox 1431 3682 1543 3741; x_wconf 90' lang='lat' dir='ltr'><strong>omniuo</strong></span> <span class='ocrx_word' id='word_1_549' title='bbox 1560 3682 1718 3754; x_wconf 80' lang='lat' dir='ltr'><strong>destructis,</strong></span> 
     </span>
     <span class='ocr_line' id='line_1_41' title="bbox 69 3770 1719 3848; baseline -0.001 -19"><span class='ocrx_word' id='word_1_550' title='bbox 69 3773 145 3830; x_wconf 88' lang='lat' dir='ltr'><strong>illam</strong></span> <span class='ocrx_word' id='word_1_551' title='bbox 167 3775 300 3848; x_wconf 86' lang='lat' dir='ltr'><strong>siquidem</strong></span> <span class='ocrx_word' id='word_1_552' title='bbox 318 3776 397 3832; x_wconf 91' lang='lat' dir='ltr'><strong>unice</strong></span> <span class='ocrx_word' id='word_1_553' title='bbox 425 3781 451 3831; x_wconf 93' lang='lat' dir='ltr'><strong>et</strong></span> <span class='ocrx_word' id='word_1_554' title='bbox 476 3772 648 3846; x_wconf 75' lang='lat' dir='ltr'><strong>singulariter</strong></span> <span class='ocrx_word' id='word_1_555' title='bbox 669 3787 761 3829; x_wconf 82' lang='lat' dir='ltr'><strong>teram</strong></span> <span class='ocrx_word' id='word_1_556' title='bbox 789 3779 870 3843; x_wconf 86' lang='lat' dir='ltr'><strong>atque</strong></span> <span class='ocrx_word' id='word_1_557' title='bbox 923 3771 1031 3846; x_wconf 73' lang='lat' dir='ltr'><strong>integra</strong></span> <span class='ocrx_word' id='word_1_558' title='bbox 1046 3779 1073 3828; x_wconf 91' lang='lat' dir='ltr'><strong>ct</strong></span> <span class='ocrx_word' id='word_1_559' title='bbox 1087 3770 1184 3829; x_wconf 89' lang='lat' dir='ltr'><strong>intacta</strong></span> <span class='ocrx_word' id='word_1_560' title='bbox 1197 3772 1359 3846; x_wconf 84' lang='lat' dir='ltr'><strong>permansit.</strong></span> <span class='ocrx_word' id='word_1_561' title='bbox 1382 3772 1505 3829; x_wconf 88' lang='lat' dir='ltr'><strong>Charitas</strong></span> <span class='ocrx_word' id='word_1_562' title='bbox 1523 3787 1660 3845; x_wconf 90' lang='lat' dir='ltr'><strong>uunquam</strong></span> <span class='ocrx_word' id='word_1_563' title='bbox 1673 3787 1719 3829; x_wconf 84' lang='lat' dir='ltr'><strong>cx-</strong></span> 
     </span>
     <span class='ocr_line' id='line_1_42' title="bbox 67 3859 1717 3937; baseline -0.002 -19"><span class='ocrx_word' id='word_1_564' title='bbox 67 3862 217 3936; x_wconf 88' lang='lat' dir='ltr'><strong>perfcotam</strong></span> <span class='ocrx_word' id='word_1_565' title='bbox 234 3864 375 3919; x_wconf 74' lang='lat' dir='ltr'><strong>amicitiem</strong></span> <span class='ocrx_word' id='word_1_566' title='bbox 387 3863 555 3937; x_wconf 82' lang='lat' dir='ltr'><strong>profitemur,</strong></span> <span class='ocrx_word' id='word_1_567' title='bbox 571 3878 619 3934; x_wconf 89' lang='lat' dir='ltr'><strong>por</strong></span> <span class='ocrx_word' id='word_1_568' title='bbox 632 3876 714 3935; x_wconf 90' lang='lat' dir='ltr'><strong>quatu</strong></span> <span class='ocrx_word' id='word_1_569' title='bbox 729 3876 781 3917; x_wconf 92' lang='lat' dir='ltr'><strong>nos</strong></span> <span class='ocrx_word' id='word_1_570' title='bbox 796 3861 870 3916; x_wconf 89' lang='lat' dir='ltr'><strong>Deus</strong></span> <span class='ocrx_word' id='word_1_571' title='bbox 922 3859 986 3915; x_wconf 92' lang='lat' dir='ltr'><strong>cidit</strong></span> <span class='ocrx_word' id='word_1_572' title='bbox 997 3859 1019 3932; x_wconf 79' lang='lat' dir='ltr'><strong>(l</strong></span> <span class='ocrx_word' id='word_1_573' title='bbox 1036 3861 1088 3918; x_wconf 84' lang='lat' dir='ltr'><strong>Cor</strong></span> <span class='ocrx_word' id='word_1_574' title='bbox 1108 3875 1172 3929; x_wconf 80' lang='lat' dir='ltr'><strong>xttt,</strong></span> <span class='ocrx_word' id='word_1_575' title='bbox 1190 3862 1233 3931; x_wconf 88' lang='lat'><strong>8).</strong></span> <span class='ocrx_word' id='word_1_576' title='bbox 1251 3863 1316 3918; x_wconf 76' lang='lat' dir='ltr'><strong>ileo</strong></span> <span class='ocrx_word' id='word_1_577' title='bbox 1342 3868 1384 3917; x_wconf 86' lang='lat' dir='ltr'><strong>est</strong></span> <span class='ocrx_word' id='word_1_578' title='bbox 1407 3860 1532 3933; x_wconf 90' lang='lat' dir='ltr'><strong>speciosa</strong></span> <span class='ocrx_word' id='word_1_579' title='bbox 1558 3859 1717 3932; x_wconf 86' lang='lat' dir='ltr'><strong>Sunamitis,</strong></span> 
     </span>
     <span class='ocr_line' id='line_1_43' title="bbox 69 3948 1717 4027; baseline -0.001 -20"><span class='ocrx_word' id='word_1_580' title='bbox 69 3955 366 4009; x_wconf 88' lang='lat' dir='ltr'><strong>amicossuosvocere</strong></span> <span class='ocrx_word' id='word_1_581' title='bbox 386 3953 577 4027; x_wconf 78' lang='lat' dir='ltr'><strong>dignatusest,</strong></span> <span class='ocrx_word' id='word_1_582' title='bbox 606 3951 629 4006; x_wconf 94' lang='lat' dir='ltr'><strong>si</strong></span> <span class='ocrx_word' id='word_1_583' title='bbox 653 3950 715 4022; x_wconf 86' lang='lat' dir='ltr'><strong>ejus</strong></span> <span class='ocrx_word' id='word_1_584' title='bbox 733 3957 869 4024; x_wconf 80' lang='lat' dir='ltr'><strong>precepta</strong></span> <span class='ocrx_word' id='word_1_585' title='bbox 922 3964 984 4020; x_wconf 79' lang='lat' dir='ltr'><strong>quae</strong></span> <span class='ocrx_word' id='word_1_586' title='bbox 1008 3948 1096 4005; x_wconf 86' lang='lat' dir='ltr'><strong>David</strong></span> <span class='ocrx_word' id='word_1_587' title='bbox 1119 3949 1146 4005; x_wconf 90' lang='lat' dir='ltr'><strong>in</strong></span> <span class='ocrx_word' id='word_1_588' title='bbox 1164 3949 1322 4024; x_wconf 78' lang='lat' dir='ltr'><strong>uirginitate</strong></span> <span class='ocrx_word' id='word_1_589' title='bbox 1340 3965 1390 4006; x_wconf 90' lang='lat' dir='ltr'><strong>sua</strong></span> <span class='ocrx_word' id='word_1_590' title='bbox 1403 3949 1581 4007; x_wconf 86' lang='lat' dir='ltr'><strong>calefaciebat</strong></span> <span class='ocrx_word' id='word_1_591' title='bbox 1596 3965 1630 4007; x_wconf 91' lang='lat' dir='ltr'><strong>eo</strong></span> <span class='ocrx_word' id='word_1_592' title='bbox 1644 3951 1717 4023; x_wconf 90' lang='lat' dir='ltr'><strong>quod</strong></span> 
     </span>
     <span class='ocr_line' id='line_1_44' title="bbox 69 4037 1720 4113; baseline -0.001 -16"><span class='ocrx_word' id='word_1_593' title='bbox 69 4041 227 4097; x_wconf 77' lang='lat' dir='ltr'><strong>fecerimus.</strong></span> <span class='ocrx_word' id='word_1_594' title='bbox 248 4041 306 4109; x_wconf 83' lang='lat' dir='ltr'><strong>Vos,</strong></span> <span class='ocrx_word' id='word_1_595' title='bbox 322 4041 416 4113; x_wconf 88' lang='lat' dir='ltr'><strong>iuquit,</strong></span> <span class='ocrx_word' id='word_1_596' title='bbox 433 4042 520 4098; x_wconf 84' lang='lat' dir='ltr'><strong>amici</strong></span> <span class='ocrx_word' id='word_1_597' title='bbox 534 4041 592 4097; x_wconf 87' lang='lat' dir='ltr'><strong>mei</strong></span> <span class='ocrx_word' id='word_1_598' title='bbox 606 4041 684 4110; x_wconf 80' lang='lat' dir='ltr'><strong>eatis,</strong></span> <span class='ocrx_word' id='word_1_599' title='bbox 705 4040 868 4112; x_wconf 66' lang='lat' dir='ltr'><strong>cirecestre</strong></span> <span class='ocrx_word' id='word_1_600' title='bbox 922 4052 978 4094; x_wconf 90' lang='lat' dir='ltr'><strong>non</strong></span> <span class='ocrx_word' id='word_1_601' title='bbox 992 4047 1096 4110; x_wconf 89' lang='lat' dir='ltr'><strong>poterat</strong></span> <span class='ocrx_word' id='word_1_602' title='bbox 1111 4037 1230 4096; x_wconf 88' lang='lat' dir='ltr'><strong>calefieri</strong></span> <span class='ocrx_word' id='word_1_603' title='bbox 1247 4038 1362 4112; x_wconf 84' lang='lat' dir='ltr'><strong>pellibus</strong></span> <span class='ocrx_word' id='word_1_604' title='bbox 1379 4038 1535 4094; x_wconf 79' lang='lat' dir='ltr'><strong>animalium</strong></span> <span class='ocrx_word' id='word_1_605' title='bbox 1552 4043 1720 4096; x_wconf 90' lang='lat' dir='ltr'><strong>mortuorum</strong></span> 
     </span>
     <span class='ocr_line' id='line_1_45' title="bbox 68 4126 1722 4247; baseline -0.001 -63"><span class='ocrx_word' id='word_1_606' title='bbox 68 4145 136 4205; x_wconf 70' lang='lat' dir='ltr'><strong>quie</strong></span> <span class='ocrx_word' id='word_1_607' title='bbox 147 4127 280 4200; x_wconf 83' lang='lat' dir='ltr'><strong>precipio</strong></span> <span class='ocrx_word' id='word_1_608' title='bbox 289 4127 363 4184; x_wconf 85' lang='lat' dir='ltr'><strong>nodia</strong></span> <span class='ocrx_word' id='word_1_609' title='bbox 377 4127 469 4199; x_wconf 80' lang='lat' dir='ltr'><strong>(loon.</strong></span> <span class='ocrx_word' id='word_1_610' title='bbox 484 4145 531 4197; x_wconf 84' lang='lat' dir='ltr'><strong>xv,</strong></span> <span class='ocrx_word' id='word_1_611' title='bbox 548 4129 602 4200; x_wconf 79' lang='lat' dir='ltr'><strong>li).</strong></span> <span class='ocrx_word' id='word_1_612' title='bbox 619 4129 740 4186; x_wconf 82' lang='lat' dir='ltr'><strong>iirecDei</strong></span> <span class='ocrx_word' id='word_1_613' title='bbox 750 4126 867 4185; x_wconf 90' lang='lat' dir='ltr'><strong>amicitia</strong></span> <span class='ocrx_word' id='word_1_614' title='bbox 882 4167 907 4247; x_wconf 62' lang='grc' dir='ltr'><strong><em>Β</em></strong></span> <span class='ocrx_word' id='word_1_615' title='bbox 923 4127 975 4200; x_wconf 88' lang='lat' dir='ltr'><strong>(fif</strong></span> <span class='ocrx_word' id='word_1_616' title='bbox 988 4131 1051 4201; x_wconf 75' lang='lat' dir='ltr'><strong>ileo.</strong></span> <span class='ocrx_word' id='word_1_617' title='bbox 1072 4143 1091 4198; x_wconf 92' lang='lat' dir='ltr'><strong>t,</strong></span> <span class='ocrx_word' id='word_1_618' title='bbox 1109 4128 1177 4200; x_wconf 78' lang='grc'>1-4).</span> <span class='ocrx_word' id='word_1_619' title='bbox 1206 4126 1257 4196; x_wconf 88' lang='lat' dir='ltr'><strong>Qui</strong></span> <span class='ocrx_word' id='word_1_620' title='bbox 1280 4127 1350 4184; x_wconf 92' lang='lat' dir='ltr'><strong>euim</strong></span> <span class='ocrx_word' id='word_1_621' title='bbox 1374 4136 1515 4185; x_wconf 83' lang='lat' dir='ltr'><strong>versamur</strong></span> <span class='ocrx_word' id='word_1_622' title='bbox 1538 4127 1565 4183; x_wconf 93' lang='lat' dir='ltr'><strong>in</strong></span> <span class='ocrx_word' id='word_1_623' title='bbox 1592 4127 1722 4201; x_wconf 88' lang='lat' dir='ltr'><strong>operibus</strong></span> 
     </span>
     <span class='ocr_line' id='line_1_46' title="bbox 69 4213 1719 4289; baseline -0.002 -14"><span class='ocrx_word' id='word_1_624' title='bbox 69 4226 113 4274; x_wconf 89' lang='lat' dir='ltr'><strong>est</strong></span> <span class='ocrx_word' id='word_1_625' title='bbox 127 4215 255 4284; x_wconf 86' lang='lat' dir='ltr'><strong>charitas,</strong></span> <span class='ocrx_word' id='word_1_626' title='bbox 269 4230 321 4287; x_wconf 85' lang='lat' dir='ltr'><strong>qua</strong></span> <span class='ocrx_word' id='word_1_627' title='bbox 337 4213 430 4271; x_wconf 82' lang='lat' dir='ltr'><strong>dilexit</strong></span> <span class='ocrx_word' id='word_1_628' title='bbox 443 4231 494 4271; x_wconf 89' lang='lat' dir='ltr'><strong>nos</strong></span> <span class='ocrx_word' id='word_1_629' title='bbox 511 4222 572 4269; x_wconf 88' lang='lat' dir='ltr'><strong>aute</strong></span> <span class='ocrx_word' id='word_1_630' title='bbox 586 4215 679 4271; x_wconf 92' lang='lat' dir='ltr'><strong>mundi</strong></span> <span class='ocrx_word' id='word_1_631' title='bbox 693 4216 867 4274; x_wconf 90' lang='lat' dir='ltr'><strong>constitutio·</strong></span> <span class='ocrx_word' id='word_1_632' title='bbox 923 4217 1048 4283; x_wconf 89' lang='lat' dir='ltr'><strong>mortuis,</strong></span> <span class='ocrx_word' id='word_1_633' title='bbox 1063 4217 1255 4288; x_wconf 78' lang='lat' dir='ltr'><strong>refrigescente</strong></span> <span class='ocrx_word' id='word_1_634' title='bbox 1273 4217 1413 4285; x_wconf 87' lang='lat' dir='ltr'><strong>charitate,</strong></span> <span class='ocrx_word' id='word_1_635' title='bbox 1427 4215 1591 4289; x_wconf 86' lang='lat' dir='ltr'><strong>cogitatione</strong></span> <span class='ocrx_word' id='word_1_636' title='bbox 1608 4217 1719 4286; x_wconf 88' lang='lat' dir='ltr'><strong>passio·</strong></span> 
     </span>
     <span class='ocr_line' id='line_1_47' title="bbox 70 4299 1717 4377; baseline -0.002 -16"><span class='ocrx_word' id='word_1_637' title='bbox 70 4322 146 4372; x_wconf 84' lang='lat' dir='ltr'><strong>nem,</strong></span> <span class='ocrx_word' id='word_1_638' title='bbox 158 4313 184 4360; x_wconf 90' lang='lat' dir='ltr'><strong>et</strong></span> <span class='ocrx_word' id='word_1_639' title='bbox 194 4304 276 4376; x_wconf 77' lang='lat' dir='ltr'><strong>elegit</strong></span> <span class='ocrx_word' id='word_1_640' title='bbox 289 4303 315 4358; x_wconf 92' lang='lat' dir='ltr'><strong>iu</strong></span> <span class='ocrx_word' id='word_1_641' title='bbox 331 4303 428 4359; x_wconf 92' lang='lat' dir='ltr'><strong>dilecto</strong></span> <span class='ocrx_word' id='word_1_642' title='bbox 441 4299 527 4360; x_wconf 71' lang='lat' dir='ltr'><strong>dot}</strong></span> <span class='ocrx_word' id='word_1_643' title='bbox 540 4302 666 4360; x_wconf 82' lang='lat' dir='ltr'><strong>Filiosuo</strong></span> <span class='ocrx_word' id='word_1_644' title='bbox 677 4303 788 4377; x_wconf 79' lang='lat' dir='ltr'><strong>(Ephes.</strong></span> <span class='ocrx_word' id='word_1_645' title='bbox 804 4320 824 4373; x_wconf 91' lang='lat' dir='ltr'><strong>t,</strong></span> <span class='ocrx_word' id='word_1_646' title='bbox 842 4305 869 4372; x_wconf 85' lang='lat' dir='ltr'><strong>t,</strong></span> <span class='ocrx_word' id='word_1_647' title='bbox 925 4322 991 4362; x_wconf 91' lang='lat' dir='ltr'><strong>uum</strong></span> <span class='ocrx_word' id='word_1_648' title='bbox 1005 4305 1102 4361; x_wconf 84' lang='lat' dir='ltr'><strong>Christi</strong></span> <span class='ocrx_word' id='word_1_649' title='bbox 1122 4304 1211 4360; x_wconf 89' lang='lat' dir='ltr'><strong>denuo</strong></span> <span class='ocrx_word' id='word_1_650' title='bbox 1226 4305 1402 4362; x_wconf 84' lang='lat' dir='ltr'><strong>recalescunt.</strong></span> <span class='ocrx_word' id='word_1_651' title='bbox 1418 4304 1483 4360; x_wconf 82' lang='lat' dir='ltr'><strong>liaeo</strong></span> <span class='ocrx_word' id='word_1_652' title='bbox 1503 4310 1546 4359; x_wconf 91' lang='lat' dir='ltr'><strong>est</strong></span> <span class='ocrx_word' id='word_1_653' title='bbox 1572 4303 1717 4368; x_wconf 79' lang='lat' dir='ltr'><strong>nubecula,</strong></span> 
     </span>
     <span class='ocr_line' id='line_1_48' title="bbox 71 4389 1717 4468; baseline -0.004 -16"><span class='ocrx_word' id='word_1_654' title='bbox 71 4396 110 4468; x_wconf 69' lang='lat' dir='ltr'><strong>b).</strong></span> <span class='ocrx_word' id='word_1_655' title='bbox 133 4396 192 4465; x_wconf 88' lang='lat' dir='ltr'><strong>lpse</strong></span> <span class='ocrx_word' id='word_1_656' title='bbox 207 4402 248 4449; x_wconf 88' lang='lat' dir='ltr'><strong>est</strong></span> <span class='ocrx_word' id='word_1_657' title='bbox 262 4393 323 4450; x_wconf 88' lang='lat' dir='ltr'><strong>fons</strong></span> <span class='ocrx_word' id='word_1_658' title='bbox 336 4392 458 4450; x_wconf 92' lang='lat' dir='ltr'><strong>omnium</strong></span> <span class='ocrx_word' id='word_1_659' title='bbox 471 4392 606 4451; x_wconf 91' lang='lat' dir='ltr'><strong>bonorum</strong></span> <span class='ocrx_word' id='word_1_660' title='bbox 620 4391 797 4466; x_wconf 86' lang='lat' dir='ltr'><strong>omniumque</strong></span> <span class='ocrx_word' id='word_1_661' title='bbox 817 4394 871 4451; x_wconf 90' lang='lat' dir='ltr'><strong>do·</strong></span> <span class='ocrx_word' id='word_1_662' title='bbox 925 4410 985 4467; x_wconf 78' lang='lat' dir='ltr'><strong>que</strong></span> <span class='ocrx_word' id='word_1_663' title='bbox 999 4395 1032 4449; x_wconf 85' lang='lat' dir='ltr'><strong>ad</strong></span> <span class='ocrx_word' id='word_1_664' title='bbox 1049 4407 1141 4466; x_wconf 86' lang='lat' dir='ltr'><strong>preces</strong></span> <span class='ocrx_word' id='word_1_665' title='bbox 1162 4392 1226 4447; x_wconf 81' lang='lat' dir='ltr'><strong>liliae</strong></span> <span class='ocrx_word' id='word_1_666' title='bbox 1250 4407 1375 4466; x_wconf 75' lang='lat' dir='ltr'><strong>maguam</strong></span> <span class='ocrx_word' id='word_1_667' title='bbox 1388 4391 1507 4448; x_wconf 81' lang='lat' dir='ltr'><strong>excrevit</strong></span> <span class='ocrx_word' id='word_1_668' title='bbox 1530 4391 1558 4447; x_wconf 92' lang='lat' dir='ltr'><strong>in</strong></span> <span class='ocrx_word' id='word_1_669' title='bbox 1586 4389 1717 4465; x_wconf 76' lang='lat' dir='ltr'><strong>pluviam,</strong></span> 
     </span>
     <span class='ocr_line' id='line_1_49' title="bbox 71 4477 1719 4556; baseline -0.004 -15"><span class='ocrx_word' id='word_1_670' title='bbox 71 4501 179 4551; x_wconf 91' lang='lat' dir='ltr'><strong>uorum,</strong></span> <span class='ocrx_word' id='word_1_671' title='bbox 195 4500 254 4555; x_wconf 85' lang='lat' dir='ltr'><strong>quae</strong></span> <span class='ocrx_word' id='word_1_672' title='bbox 269 4484 349 4540; x_wconf 83' lang='lat' dir='ltr'><strong>nobis</strong></span> <span class='ocrx_word' id='word_1_673' title='bbox 372 4482 584 4541; x_wconf 87' lang='lat' dir='ltr'><strong>amunificeutia</strong></span> <span class='ocrx_word' id='word_1_674' title='bbox 598 4483 781 4554; x_wconf 87' lang='lat' dir='ltr'><strong>supercoelesti</strong></span> <span class='ocrx_word' id='word_1_675' title='bbox 807 4500 871 4556; x_wconf 92' lang='lat' dir='ltr'><strong>pro-</strong></span> <span class='ocrx_word' id='word_1_676' title='bbox 925 4480 1073 4539; x_wconf 86' lang='lat' dir='ltr'><strong>Camenim</strong></span> <span class='ocrx_word' id='word_1_677' title='bbox 1088 4478 1183 4551; x_wconf 88' lang='lat' dir='ltr'><strong>aliquis</strong></span> <span class='ocrx_word' id='word_1_678' title='bbox 1198 4481 1286 4535; x_wconf 88' lang='lat' dir='ltr'><strong>Deum</strong></span> <span class='ocrx_word' id='word_1_679' title='bbox 1303 4477 1418 4549; x_wconf 71' lang='lat' dir='ltr'><strong>diligere</strong></span> <span class='ocrx_word' id='word_1_680' title='bbox 1445 4495 1478 4535; x_wconf 88' lang='lat' dir='ltr'><strong>ex</strong></span> <span class='ocrx_word' id='word_1_681' title='bbox 1493 4485 1549 4534; x_wconf 89' lang='lat' dir='ltr'><strong>toto</strong></span> <span class='ocrx_word' id='word_1_682' title='bbox 1563 4478 1647 4535; x_wconf 90' lang='lat' dir='ltr'><strong>corde</strong></span> <span class='ocrx_word' id='word_1_683' title='bbox 1674 4479 1719 4534; x_wconf 91' lang='lat' dir='ltr'><strong>in·</strong></span> 
     </span>
     <span class='ocr_line' id='line_1_50' title="bbox 71 4566 1720 4645; baseline -0.004 -14"><span class='ocrx_word' id='word_1_684' title='bbox 71 4573 192 4631; x_wconf 83' lang='lat' dir='ltr'><strong>ueniunt.</strong></span> <span class='ocrx_word' id='word_1_685' title='bbox 207 4573 249 4628; x_wconf 81' lang='lat' dir='ltr'><strong>ab</strong></span> <span class='ocrx_word' id='word_1_686' title='bbox 264 4575 314 4629; x_wconf 90' lang='lat' dir='ltr'><strong>hac</strong></span> <span class='ocrx_word' id='word_1_687' title='bbox 327 4574 417 4629; x_wconf 87' lang='lat' dir='ltr'><strong>omnis</strong></span> <span class='ocrx_word' id='word_1_688' title='bbox 431 4588 506 4629; x_wconf 88' lang='lat' dir='ltr'><strong>emor</strong></span> <span class='ocrx_word' id='word_1_689' title='bbox 520 4571 656 4644; x_wconf 83' lang='lat' dir='ltr'><strong>legitimus</strong></span> <span class='ocrx_word' id='word_1_690' title='bbox 670 4571 792 4627; x_wconf 90' lang='lat' dir='ltr'><strong>ordinem</strong></span> <span class='ocrx_word' id='word_1_691' title='bbox 813 4571 870 4627; x_wconf 92' lang='lat' dir='ltr'><strong>for·</strong></span> <span class='ocrx_word' id='word_1_692' title='bbox 925 4573 1000 4645; x_wconf 90' lang='lat' dir='ltr'><strong>cipit,</strong></span> <span class='ocrx_word' id='word_1_693' title='bbox 1015 4573 1105 4626; x_wconf 88' lang='lat' dir='ltr'><strong>statim</strong></span> <span class='ocrx_word' id='word_1_694' title='bbox 1120 4584 1173 4624; x_wconf 91' lang='lat' dir='ltr'><strong>non</strong></span> <span class='ocrx_word' id='word_1_695' title='bbox 1189 4568 1279 4623; x_wconf 89' lang='lat' dir='ltr'><strong>solum</strong></span> <span class='ocrx_word' id='word_1_696' title='bbox 1293 4567 1328 4623; x_wconf 88' lang='lat' dir='ltr'><strong>ad</strong></span> <span class='ocrx_word' id='word_1_697' title='bbox 1348 4566 1502 4637; x_wconf 80' lang='lat' dir='ltr'><strong>proximos,</strong></span> <span class='ocrx_word' id='word_1_698' title='bbox 1519 4567 1567 4624; x_wconf 86' lang='lat' dir='ltr'><strong>sed</strong></span> <span class='ocrx_word' id='word_1_699' title='bbox 1590 4568 1670 4624; x_wconf 88' lang='lat' dir='ltr'><strong>etism</strong></span> <span class='ocrx_word' id='word_1_700' title='bbox 1685 4567 1720 4624; x_wconf 92' lang='lat' dir='ltr'><strong>ad</strong></span> 
     </span>
    </p>
   </div>
   <div class='ocr_carea' id='block_1_3' title="bbox 13 4744 1727 5539">
    <p class='ocr_par' dir='ltr' id='par_1_3' title="bbox 13 4744 1727 4910">
     <span class='ocr_line' id='line_1_51' title="bbox 13 4744 1719 4820; baseline -0.005 -9"><span class='ocrx_word' id='word_1_701' title='bbox 13 4808 15 4811; x_wconf 86' lang='grc'>,</span> <span class='ocrx_word' id='word_1_702' title='bbox 71 4751 172 4808; x_wconf 81' lang='lat' dir='ltr'><strong>mentis</strong></span> <span class='ocrx_word' id='word_1_703' title='bbox 186 4749 303 4820; x_wconf 89' lang='lat' dir='ltr'><strong>affectio,</strong></span> <span class='ocrx_word' id='word_1_704' title='bbox 319 4751 368 4807; x_wconf 93' lang='lat' dir='ltr'><strong>uisi</strong></span> <span class='ocrx_word' id='word_1_705' title='bbox 380 4751 414 4806; x_wconf 90' lang='lat' dir='ltr'><strong>ab</strong></span> <span class='ocrx_word' id='word_1_706' title='bbox 425 4766 457 4808; x_wconf 91' lang='lat' dir='ltr'><strong>ea</strong></span> <span class='ocrx_word' id='word_1_707' title='bbox 471 4766 592 4819; x_wconf 91' lang='lat' dir='ltr'><strong>causam,</strong></span> <span class='ocrx_word' id='word_1_708' title='bbox 613 4751 733 4820; x_wconf 90' lang='lat' dir='ltr'><strong>modum,</strong></span> <span class='ocrx_word' id='word_1_709' title='bbox 758 4756 786 4804; x_wconf 91' lang='lat' dir='ltr'><strong>et</strong></span> <span class='ocrx_word' id='word_1_710' title='bbox 798 4748 872 4807; x_wconf 90' lang='lat' dir='ltr'><strong>ordi·</strong></span> <span class='ocrx_word' id='word_1_711' title='bbox 925 4747 1061 4805; x_wconf 91' lang='lat' dir='ltr'><strong>diffundit.</strong></span> <span class='ocrx_word' id='word_1_712' title='bbox 1070 4748 1126 4804; x_wconf 90' lang='lat' dir='ltr'><strong>Nec</strong></span> <span class='ocrx_word' id='word_1_713' title='bbox 1135 4745 1242 4803; x_wconf 90' lang='lat' dir='ltr'><strong>mirum.</strong></span> <span class='ocrx_word' id='word_1_714' title='bbox 1251 4744 1453 4801; x_wconf 79' lang='lat' dir='ltr'><strong>Charitesenim</strong></span> <span class='ocrx_word' id='word_1_715' title='bbox 1465 4753 1506 4801; x_wconf 85' lang='lat' dir='ltr'><strong>cst</strong></span> <span class='ocrx_word' id='word_1_716' title='bbox 1515 4745 1605 4803; x_wconf 92' lang='lat' dir='ltr'><strong>oleum</strong></span> <span class='ocrx_word' id='word_1_717' title='bbox 1618 4746 1719 4816; x_wconf 87' lang='lat' dir='ltr'><strong>uiduae,</strong></span> 
     </span>
     <span class='ocr_line' id='line_1_52' title="bbox 71 4832 1727 4910; baseline -0.005 -14"><span class='ocrx_word' id='word_1_718' title='bbox 71 4856 137 4898; x_wconf 90' lang='lat' dir='ltr'><strong>nem</strong></span> <span class='ocrx_word' id='word_1_719' title='bbox 153 4847 252 4896; x_wconf 90' lang='lat' dir='ltr'><strong>sumat.</strong></span> <span class='ocrx_word' id='word_1_720' title='bbox 925 4837 997 4910; x_wconf 92' lang='lat' dir='ltr'><strong>quod</strong></span> <span class='ocrx_word' id='word_1_721' title='bbox 1012 4838 1170 4909; x_wconf 81' lang='lat' dir='ltr'><strong>continuum</strong></span> <span class='ocrx_word' id='word_1_722' title='bbox 1180 4851 1214 4892; x_wconf 82' lang='lat' dir='ltr'><strong>ex</strong></span> <span class='ocrx_word' id='word_1_723' title='bbox 1234 4832 1424 4892; x_wconf 89' lang='lat' dir='ltr'><strong>distributione</strong></span> <span class='ocrx_word' id='word_1_724' title='bbox 1433 4834 1555 4908; x_wconf 86' lang='lat' dir='ltr'><strong>suscepit</strong></span> <span class='ocrx_word' id='word_1_725' title='bbox 1568 4832 1727 4894; x_wconf 55' lang='lat' dir='ltr'><strong>incremen-</strong></span> 
     </span>
    </p>

    <p class='ocr_par' dir='ltr' id='par_1_4' title="bbox 71 4923 1722 5539">
     <span class='ocr_line' id='line_1_53' title="bbox 112 4923 1719 5002; baseline -0.002 -17"><span class='ocrx_word' id='word_1_726' title='bbox 112 4929 206 4985; x_wconf 75' lang='lat' dir='ltr'><strong>eabe</strong></span> <span class='ocrx_word' id='word_1_727' title='bbox 220 4944 273 5002; x_wconf 88' lang='lat' dir='ltr'><strong>que</strong></span> <span class='ocrx_word' id='word_1_728' title='bbox 287 4930 339 4985; x_wconf 90' lang='lat' dir='ltr'><strong>hac</strong></span> <span class='ocrx_word' id='word_1_729' title='bbox 360 4929 577 4991; x_wconf 84' lang='lat' dir='ltr'><strong>constantissima</strong></span> <span class='ocrx_word' id='word_1_730' title='bbox 591 4927 721 4985; x_wconf 84' lang='lat' dir='ltr'><strong>charitate</strong></span> <span class='ocrx_word' id='word_1_731' title='bbox 734 4925 872 5000; x_wconf 89' lang='lat' dir='ltr'><strong>Sapientia</strong></span> <span class='ocrx_word' id='word_1_732' title='bbox 925 4936 990 4983; x_wconf 92' lang='lat' dir='ltr'><strong>tum.</strong></span> <span class='ocrx_word' id='word_1_733' title='bbox 1014 4928 1114 4985; x_wconf 83' lang='lat' dir='ltr'><strong>fluitet·</strong></span> <span class='ocrx_word' id='word_1_734' title='bbox 1127 4925 1261 4998; x_wconf 83' lang='lat' dir='ltr'><strong>siqnidem</strong></span> <span class='ocrx_word' id='word_1_735' title='bbox 1288 4923 1322 4982; x_wconf 86' lang='lat' dir='ltr'><strong>de</strong></span> <span class='ocrx_word' id='word_1_736' title='bbox 1340 4924 1476 4984; x_wconf 79' lang='lat' dir='ltr'><strong>aeortdua</strong></span> <span class='ocrx_word' id='word_1_737' title='bbox 1499 4925 1719 4999; x_wconf 78' lang='lat' dir='ltr'><strong>Prophetarum,</strong></span> 
     </span>
     <span class='ocr_line' id='line_1_54' title="bbox 72 5013 1719 5083; baseline -0.004 -8"><span class='ocrx_word' id='word_1_738' title='bbox 72 5017 144 5075; x_wconf 91' lang='lat' dir='ltr'><strong>libro</strong></span> <span class='ocrx_word' id='word_1_739' title='bbox 159 5018 200 5074; x_wconf 89' lang='lat' dir='ltr'><strong>sui</strong></span> <span class='ocrx_word' id='word_1_740' title='bbox 222 5017 341 5073; x_wconf 90' lang='lat' dir='ltr'><strong>nominis</strong></span> <span class='ocrx_word' id='word_1_741' title='bbox 367 5017 451 5074; x_wconf 90' lang='lat' dir='ltr'><strong>dicit:</strong></span> <span class='ocrx_word' id='word_1_742' title='bbox 478 5019 516 5076; x_wconf 78' lang='lat' dir='ltr'><strong>tu</strong></span> <span class='ocrx_word' id='word_1_743' title='bbox 530 5022 637 5076; x_wconf 83' lang='lat' dir='ltr'><strong>oeterco</strong></span> <span class='ocrx_word' id='word_1_744' title='bbox 658 5018 792 5075; x_wconf 82' lang='lat' dir='ltr'><strong>ordinato</strong></span> <span class='ocrx_word' id='word_1_745' title='bbox 807 5033 872 5073; x_wconf 83' lang='lat' dir='ltr'><strong>sum</strong></span> <span class='ocrx_word' id='word_1_746' title='bbox 926 5013 1437 5083; x_wconf 80' lang='lat' dir='ltr'><strong>uxordbdiae,clcmonitodiilieoeum</strong></span> <span class='ocrx_word' id='word_1_747' title='bbox 1450 5014 1564 5072; x_wconf 80' lang='lat' dir='ltr'><strong>dicens:</strong></span> <span class='ocrx_word' id='word_1_748' title='bbox 1584 5014 1628 5070; x_wconf 82' lang='lat' dir='ltr'><strong>Vir</strong></span> <span class='ocrx_word' id='word_1_749' title='bbox 1642 5028 1719 5071; x_wconf 87' lang='lat' dir='ltr'><strong>meus</strong></span> 
     </span>
     <span class='ocr_line' id='line_1_55' title="bbox 72 5093 1721 5179; baseline -0.004 -15"><span class='ocrx_word' id='word_1_750' title='bbox 72 5109 165 5179; x_wconf 80' lang='lat' dir='ltr'><strong>(Prae.</strong></span> <span class='ocrx_word' id='word_1_751' title='bbox 180 5123 240 5174; x_wconf 90' lang='lat' dir='ltr'><strong>vttt,</strong></span> <span class='ocrx_word' id='word_1_752' title='bbox 257 5106 313 5179; x_wconf 67' lang='lat'><strong>23).</strong></span> <span class='ocrx_word' id='word_1_753' title='bbox 330 5107 392 5163; x_wconf 87' lang='lat' dir='ltr'><strong>llaec</strong></span> <span class='ocrx_word' id='word_1_754' title='bbox 406 5107 557 5163; x_wconf 79' lang='lat' dir='ltr'><strong>ordinater</strong></span> <span class='ocrx_word' id='word_1_755' title='bbox 574 5107 631 5162; x_wconf 86' lang='lat' dir='ltr'><strong>Deo</strong></span> <span class='ocrx_word' id='word_1_756' title='bbox 645 5106 752 5164; x_wconf 86' lang='lat' dir='ltr'><strong>ordinat</strong></span> <span class='ocrx_word' id='word_1_757' title='bbox 762 5108 873 5179; x_wconf 72' lang='lat' dir='ltr'><strong>angelos</strong></span> <span class='ocrx_word' id='word_1_758' title='bbox 925 5093 1214 5172; x_wconf 81' lang='lat' dir='ltr'><strong>mortuuscst,eteece</strong></span> <span class='ocrx_word' id='word_1_759' title='bbox 1224 5102 1721 5170; x_wconf 72' lang='lat' dir='ltr'><strong>creditorestottorttomedcoafifiot</strong></span> 
     </span>
     <span class='ocr_line' id='line_1_56' title="bbox 71 5189 1722 5265; baseline -0.005 -13"><span class='ocrx_word' id='word_1_760' title='bbox 71 5197 100 5252; x_wconf 90' lang='lat' dir='ltr'><strong>in</strong></span> <span class='ocrx_word' id='word_1_761' title='bbox 116 5195 270 5253; x_wconf 87' lang='lat' dir='ltr'><strong>ministeriis</strong></span> <span class='ocrx_word' id='word_1_762' title='bbox 298 5196 364 5252; x_wconf 88' lang='lat' dir='ltr'><strong>suis.</strong></span> <span class='ocrx_word' id='word_1_763' title='bbox 389 5197 452 5254; x_wconf 85' lang='lat' dir='ltr'><strong>llaec</strong></span> <span class='ocrx_word' id='word_1_764' title='bbox 472 5194 562 5250; x_wconf 90' lang='lat' dir='ltr'><strong>studia</strong></span> <span class='ocrx_word' id='word_1_765' title='bbox 586 5204 614 5251; x_wconf 91' lang='lat' dir='ltr'><strong>et</strong></span> <span class='ocrx_word' id='word_1_766' title='bbox 635 5195 762 5252; x_wconf 81' lang='lat' dir='ltr'><strong>exercitia</strong></span> <span class='ocrx_word' id='word_1_767' title='bbox 782 5196 872 5265; x_wconf 85' lang='lat' dir='ltr'><strong>justo·</strong></span> <span class='ocrx_word' id='word_1_768' title='bbox 924 5211 999 5254; x_wconf 86' lang='lat' dir='ltr'><strong>meos</strong></span> <span class='ocrx_word' id='word_1_769' title='bbox 1014 5195 1050 5253; x_wconf 88' lang='lat' dir='ltr'><strong>cd</strong></span> <span class='ocrx_word' id='word_1_770' title='bbox 1064 5191 1368 5262; x_wconf 75' lang='lat' dir='ltr'><strong>seruiendumribiffl&#39;</strong></span> <span class='ocrx_word' id='word_1_771' title='bbox 1381 5192 1444 5262; x_wconf 78' lang='lat' dir='ltr'><strong>ftep.</strong></span> <span class='ocrx_word' id='word_1_772' title='bbox 1460 5206 1499 5256; x_wconf 86' lang='lat' dir='ltr'><strong>rt,</strong></span> <span class='ocrx_word' id='word_1_773' title='bbox 1512 5189 1722 5263; x_wconf 84' lang='lat' dir='ltr'><strong>l·7).lmplevit</strong></span> 
     </span>
     <span class='ocr_line' id='line_1_57' title="bbox 71 5276 1720 5360; baseline -0.004 -17"><span class='ocrx_word' id='word_1_774' title='bbox 71 5302 135 5343; x_wconf 90' lang='lat' dir='ltr'><strong>rum</strong></span> <span class='ocrx_word' id='word_1_775' title='bbox 150 5286 271 5360; x_wconf 90' lang='lat' dir='ltr'><strong>disponit</strong></span> <span class='ocrx_word' id='word_1_776' title='bbox 285 5287 313 5343; x_wconf 89' lang='lat' dir='ltr'><strong>in</strong></span> <span class='ocrx_word' id='word_1_777' title='bbox 334 5284 549 5360; x_wconf 90' lang='lat' dir='ltr'><strong>professionibus</strong></span> <span class='ocrx_word' id='word_1_778' title='bbox 564 5284 632 5342; x_wconf 87' lang='lat' dir='ltr'><strong>suis.</strong></span> <span class='ocrx_word' id='word_1_779' title='bbox 657 5284 715 5340; x_wconf 84' lang='lat' dir='ltr'><strong>ileo</strong></span> <span class='ocrx_word' id='word_1_780' title='bbox 734 5283 872 5342; x_wconf 88' lang='lat' dir='ltr'><strong>mediante</strong></span> <span class='ocrx_word' id='word_1_781' title='bbox 926 5284 960 5340; x_wconf 89' lang='lat' dir='ltr'><strong>ad</strong></span> <span class='ocrx_word' id='word_1_782' title='bbox 976 5300 1069 5342; x_wconf 83' lang='lat' dir='ltr'><strong>uocem</strong></span> <span class='ocrx_word' id='word_1_783' title='bbox 1085 5282 1228 5353; x_wconf 83' lang='lat' dir='ltr'><strong>Propltetoe</strong></span> <span class='ocrx_word' id='word_1_784' title='bbox 1241 5293 1306 5336; x_wconf 84' lang='lat' dir='ltr'><strong>tusa</strong></span> <span class='ocrx_word' id='word_1_785' title='bbox 1325 5276 1397 5346; x_wconf 92' lang='lat' dir='ltr'><strong>oleo,</strong></span> <span class='ocrx_word' id='word_1_786' title='bbox 1412 5291 1468 5349; x_wconf 89' lang='lat' dir='ltr'><strong>quo</strong></span> <span class='ocrx_word' id='word_1_787' title='bbox 1483 5276 1600 5333; x_wconf 87' lang='lat' dir='ltr'><strong>debebat</strong></span> <span class='ocrx_word' id='word_1_788' title='bbox 1613 5278 1720 5352; x_wconf 72' lang='lat' dir='ltr'><strong>inungi.</strong></span> 
     </span>
     <span class='ocr_line' id='line_1_58' title="bbox 71 5363 1720 5450; baseline -0.004 -17"><span class='ocrx_word' id='word_1_789' title='bbox 71 5376 200 5433; x_wconf 86' lang='lat' dir='ltr'><strong>ordinata</strong></span> <span class='ocrx_word' id='word_1_790' title='bbox 227 5374 270 5433; x_wconf 84' lang='lat' dir='ltr'><strong>lex</strong></span> <span class='ocrx_word' id='word_1_791' title='bbox 299 5386 339 5432; x_wconf 85' lang='lat' dir='ltr'><strong>est</strong></span> <span class='ocrx_word' id='word_1_792' title='bbox 363 5391 412 5447; x_wconf 91' lang='lat' dir='ltr'><strong>per</strong></span> <span class='ocrx_word' id='word_1_793' title='bbox 425 5373 536 5450; x_wconf 72' lang='lat' dir='ltr'><strong>angelos</strong></span> <span class='ocrx_word' id='word_1_794' title='bbox 560 5373 587 5429; x_wconf 93' lang='lat' dir='ltr'><strong>iu</strong></span> <span class='ocrx_word' id='word_1_795' title='bbox 612 5388 694 5428; x_wconf 89' lang='lat' dir='ltr'><strong>manu</strong></span> <span class='ocrx_word' id='word_1_796' title='bbox 718 5370 873 5430; x_wconf 82' lang='lat' dir='ltr'><strong>lfedistoris</strong></span> <span class='ocrx_word' id='word_1_797' title='bbox 927 5372 1054 5432; x_wconf 85' lang='lat' dir='ltr'><strong>Suatfilii</strong></span> <span class='ocrx_word' id='word_1_798' title='bbox 1083 5369 1187 5427; x_wconf 89' lang='lat' dir='ltr'><strong>timoris</strong></span> <span class='ocrx_word' id='word_1_799' title='bbox 1210 5373 1238 5422; x_wconf 82' lang='lat' dir='ltr'><strong>et</strong></span> <span class='ocrx_word' id='word_1_800' title='bbox 1258 5363 1369 5443; x_wconf 76' lang='lat' dir='ltr'><strong>amoris,</strong></span> <span class='ocrx_word' id='word_1_801' title='bbox 1389 5363 1435 5438; x_wconf 90' lang='lat' dir='ltr'><strong>qui</strong></span> <span class='ocrx_word' id='word_1_802' title='bbox 1455 5378 1520 5422; x_wconf 82' lang='lat' dir='ltr'><strong>tusa</strong></span> <span class='ocrx_word' id='word_1_803' title='bbox 1540 5382 1595 5425; x_wconf 90' lang='lat' dir='ltr'><strong>nou</strong></span> <span class='ocrx_word' id='word_1_804' title='bbox 1613 5369 1720 5427; x_wconf 79' lang='lat' dir='ltr'><strong>modici</strong></span> 
     </span>
     <span class='ocr_line' id='line_1_59' title="bbox 73 5452 1719 5539; baseline -0.004 -16"><span class='ocrx_word' id='word_1_805' title='bbox 73 5464 184 5539; x_wconf 79' lang='lat' dir='ltr'><strong>(dotat.</strong></span> <span class='ocrx_word' id='word_1_806' title='bbox 199 5479 240 5530; x_wconf 90' lang='lat' dir='ltr'><strong>ut,</strong></span> <span class='ocrx_word' id='word_1_807' title='bbox 271 5466 326 5536; x_wconf 77' lang='grc'>19).</span> <span class='ocrx_word' id='word_1_808' title='bbox 350 5466 416 5522; x_wconf 88' lang='lat' dir='ltr'><strong>Siue</strong></span> <span class='ocrx_word' id='word_1_809' title='bbox 440 5465 501 5533; x_wconf 87' lang='lat' dir='ltr'><strong>heo,</strong></span> <span class='ocrx_word' id='word_1_810' title='bbox 525 5460 644 5519; x_wconf 89' lang='lat' dir='ltr'><strong>amicitia</strong></span> <span class='ocrx_word' id='word_1_811' title='bbox 666 5459 873 5520; x_wconf 86' lang='lat' dir='ltr'><strong>interhomines</strong></span> <span class='ocrx_word' id='word_1_812' title='bbox 925 5457 1176 5532; x_wconf 87' lang='lat' dir='ltr'><strong>offerunt,quibus</strong></span> <span class='ocrx_word' id='word_1_813' title='bbox 1196 5457 1285 5513; x_wconf 86' lang='lat' dir='ltr'><strong>mater</strong></span> <span class='ocrx_word' id='word_1_814' title='bbox 1299 5452 1393 5529; x_wconf 71' lang='lat' dir='ltr'><strong>gratia</strong></span> <span class='ocrx_word' id='word_1_815' title='bbox 1411 5453 1504 5512; x_wconf 88' lang='lat' dir='ltr'><strong>oleum</strong></span> <span class='ocrx_word' id='word_1_816' title='bbox 1523 5454 1719 5517; x_wconf 81' lang='lat' dir='ltr'><strong>benerolentie</strong></span> 
     </span>
    </p>
   </div>
   <div class='ocr_carea' id='block_1_4' title="bbox 0 0 1876 5962">
    <p class='ocr_par' dir='ltr' id='par_1_5' title="bbox 0 0 1876 5962">
     <span class='ocr_line' id='line_1_60' title="bbox 0 0 1876 5962; baseline 0 0"><span class='ocrx_word' id='word_1_817' title='bbox 0 0 1876 5962; x_wconf 95' lang='lat' dir='ltr'><strong> </strong></span> 
     </span>
    </p>
   </div>
  </div>
 </body>
</html>
