<?xml version="1.0" encoding="UTF-8"?>
<!DOCTYPE html PUBLIC "-//W3C//DTD XHTML 1.0 Transitional//EN"
    "http://www.w3.org/TR/xhtml1/DTD/xhtml1-transitional.dtd">
<html xmlns="http://www.w3.org/1999/xhtml" xml:lang="en" lang="en">
 <head>
  <title>
</title>
<meta http-equiv="Content-Type" content="text/html;charset=utf-8" />
  <meta name='ocr-system' content='tesseract 3.04.00' />
  <meta name='ocr-capabilities' content='ocr_page ocr_carea ocr_par ocr_line ocrx_word'/>
</head>
<body>
  <div class='ocr_page' id='page_1' title='image "./patrologiaecurs00unkngoog_0103.png"; bbox 0 0 3706 5962; ppageno 0'>
   <div class='ocr_carea' id='block_1_1' title="bbox 14 144 1705 258">
    <p class='ocr_par' dir='ltr' id='par_1_1' title="bbox 14 144 1705 258">
     <span class='ocr_line' id='line_1_1' title="bbox 14 144 1705 258; baseline 0.004 -17"><span class='ocrx_word' id='word_1_1' title='bbox 14 144 16 149; x_wconf 62' lang='grc'><strong>’</strong></span> <span class='ocrx_word' id='word_1_2' title='bbox 54 194 101 254; x_wconf 71' lang='lat'><strong>19³</strong></span> <span class='ocrx_word' id='word_1_3' title='bbox 644 184 676 244; x_wconf 87' lang='grc' dir='ltr'><strong>ιιι</strong></span> <span class='ocrx_word' id='word_1_4' title='bbox 697 182 835 246; x_wconf 80' lang='lat' dir='ltr'><strong>uiuum</strong></span> <span class='ocrx_word' id='word_1_5' title='bbox 856 181 962 244; x_wconf 83' lang='lat' dir='ltr'><strong>suano</strong></span> <span class='ocrx_word' id='word_1_6' title='bbox 983 182 1116 246; x_wconf 83' lang='grc' dir='ltr'><strong>ιιιιιι.</strong></span> <span class='ocrx_word' id='word_1_7' title='bbox 1654 197 1705 258; x_wconf 76' lang='lat' dir='ltr'><strong>ror</strong></span> 
     </span>
    </p>
   </div>
   <div class='ocr_carea' id='block_1_2' title="bbox 50 310 1709 2423">
    <p class='ocr_par' dir='ltr' id='par_1_2' title="bbox 50 310 1709 2334">
     <span class='ocr_line' id='line_1_2' title="bbox 50 310 1705 403; baseline 0.003 -29"><span class='ocrx_word' id='word_1_8' title='bbox 50 321 142 391; x_wconf 78' lang='lat' dir='ltr'><strong>eboat,</strong></span> <span class='ocrx_word' id='word_1_9' title='bbox 159 324 189 373; x_wconf 89' lang='lat' dir='ltr'><strong>et</strong></span> <span class='ocrx_word' id='word_1_10' title='bbox 216 315 245 370; x_wconf 94' lang='lat' dir='ltr'><strong>in</strong></span> <span class='ocrx_word' id='word_1_11' title='bbox 270 320 383 370; x_wconf 79' lang='lat' dir='ltr'><strong>senecta</strong></span> <span class='ocrx_word' id='word_1_12' title='bbox 405 311 484 368; x_wconf 87' lang='lat' dir='ltr'><strong>uberi</strong></span> <span class='ocrx_word' id='word_1_13' title='bbox 510 310 703 382; x_wconf 68' lang='lat' dir='ltr'><strong>multiplicatur</strong></span> <span class='ocrx_word' id='word_1_14' title='bbox 724 326 731 365; x_wconf 73' lang='grc' dir='ltr'><strong>ε</strong></span> <span class='ocrx_word' id='word_1_15' title='bbox 751 310 852 384; x_wconf 83' lang='lat' dir='ltr'><strong>origini</strong></span> <span class='ocrx_word' id='word_1_16' title='bbox 871 325 895 403; x_wconf 59' lang='grc' dir='ltr'><strong>Α</strong></span> <span class='ocrx_word' id='word_1_17' title='bbox 912 324 1021 382; x_wconf 81' lang='lat' dir='ltr'><strong>sponsae</strong></span> <span class='ocrx_word' id='word_1_18' title='bbox 1039 310 1188 380; x_wconf 86' lang='lat' dir='ltr'><strong>dedeceat;</strong></span> <span class='ocrx_word' id='word_1_19' title='bbox 1206 312 1296 368; x_wconf 93' lang='lat' dir='ltr'><strong>nullus</strong></span> <span class='ocrx_word' id='word_1_20' title='bbox 1310 313 1395 370; x_wconf 89' lang='lat' dir='ltr'><strong>sithic</strong></span> <span class='ocrx_word' id='word_1_21' title='bbox 1409 315 1503 374; x_wconf 86' lang='lat' dir='ltr'><strong>hortus</strong></span> <span class='ocrx_word' id='word_1_22' title='bbox 1510 316 1625 388; x_wconf 89' lang='lat' dir='ltr'><strong>olerum,</strong></span> <span class='ocrx_word' id='word_1_23' title='bbox 1641 323 1705 395; x_wconf 87' lang='lat' dir='ltr'><strong>quia</strong></span> 
     </span>
     <span class='ocr_line' id='line_1_3' title="bbox 51 399 1704 480; baseline 0.001 -15"><span class='ocrx_word' id='word_1_24' title='bbox 51 409 110 466; x_wconf 85' lang='lat' dir='ltr'><strong>bnis</strong></span> <span class='ocrx_word' id='word_1_25' title='bbox 130 404 299 477; x_wconf 86' lang='lat' dir='ltr'><strong>respondet.</strong></span> <span class='ocrx_word' id='word_1_26' title='bbox 325 402 415 458; x_wconf 74' lang='lat' dir='ltr'><strong>Multae</strong></span> <span class='ocrx_word' id='word_1_27' title='bbox 437 409 501 457; x_wconf 89' lang='lat' dir='ltr'><strong>sunt</strong></span> <span class='ocrx_word' id='word_1_28' title='bbox 524 400 687 456; x_wconf 85' lang='lat' dir='ltr'>emissiones</span> <span class='ocrx_word' id='word_1_29' title='bbox 710 401 779 471; x_wconf 91' lang='lat' dir='ltr'><strong>ejus,</strong></span> <span class='ocrx_word' id='word_1_30' title='bbox 804 400 854 455; x_wconf 93' lang='lat' dir='ltr'><strong>sed</strong></span> <span class='ocrx_word' id='word_1_31' title='bbox 911 399 986 455; x_wconf 91' lang='lat' dir='ltr'><strong>olcra</strong></span> <span class='ocrx_word' id='word_1_32' title='bbox 1000 400 1147 456; x_wconf 87' lang='lat' dir='ltr'><strong>herbarum</strong></span> <span class='ocrx_word' id='word_1_33' title='bbox 1161 401 1216 458; x_wconf 92' lang='lat' dir='ltr'><strong>cito</strong></span> <span class='ocrx_word' id='word_1_34' title='bbox 1230 401 1358 459; x_wconf 88' lang='lat' dir='ltr'><strong>decident</strong></span> <span class='ocrx_word' id='word_1_35' title='bbox 1374 404 1463 475; x_wconf 85' lang='lat' dir='ltr'><strong>(Psoi.</strong></span> <span class='ocrx_word' id='word_1_36' title='bbox 1480 422 1577 475; x_wconf 82' lang='lat' dir='ltr'><strong>xxxvi,</strong></span> <span class='ocrx_word' id='word_1_37' title='bbox 1594 409 1631 480; x_wconf 78' lang='grc' dir='ltr'><strong>ι).</strong></span> <span class='ocrx_word' id='word_1_38' title='bbox 1652 413 1704 480; x_wconf 76' lang='lat' dir='ltr'><strong>Qui</strong></span> 
     </span>
     <span class='ocr_line' id='line_1_4' title="bbox 52 488 1703 571; baseline 0.002 -19"><span class='ocrx_word' id='word_1_39' title='bbox 52 501 105 571; x_wconf 78' lang='lat' dir='ltr'><strong>ipsa</strong></span> <span class='ocrx_word' id='word_1_40' title='bbox 116 495 318 552; x_wconf 81' lang='lat' dir='ltr'>emissionibus</span> <span class='ocrx_word' id='word_1_41' title='bbox 333 508 387 548; x_wconf 94' lang='lat' dir='ltr'><strong>non</strong></span> <span class='ocrx_word' id='word_1_42' title='bbox 408 490 579 547; x_wconf 85' lang='lat' dir='ltr'><strong>exhauritur.</strong></span> <span class='ocrx_word' id='word_1_43' title='bbox 593 491 654 545; x_wconf 89' lang='lat' dir='ltr'><strong>Non</strong></span> <span class='ocrx_word' id='word_1_44' title='bbox 678 489 780 545; x_wconf 89' lang='lat' dir='ltr'><strong>arescit</strong></span> <span class='ocrx_word' id='word_1_45' title='bbox 794 505 854 544; x_wconf 86' lang='lat' dir='ltr'><strong>mo·</strong></span> <span class='ocrx_word' id='word_1_46' title='bbox 911 489 997 552; x_wconf 82' lang='lat' dir='ltr'><strong>enim,</strong></span> <span class='ocrx_word' id='word_1_47' title='bbox 1006 488 1299 560; x_wconf 77' lang='lat' dir='ltr'><strong>inquit,infirmcscat,</strong></span> <span class='ocrx_word' id='word_1_48' title='bbox 1308 492 1368 548; x_wconf 83' lang='lat' dir='ltr'><strong>ctas</strong></span> <span class='ocrx_word' id='word_1_49' title='bbox 1380 494 1531 551; x_wconf 79' lang='lat' dir='ltr'><strong>manducet</strong></span> <span class='ocrx_word' id='word_1_50' title='bbox 1540 494 1630 566; x_wconf 84' lang='lat' dir='ltr'><strong>(Rom.</strong></span> <span class='ocrx_word' id='word_1_51' title='bbox 1642 515 1703 568; x_wconf 75' lang='grc' dir='ltr'><strong>ειν,</strong></span> 
     </span>
     <span class='ocr_line' id='line_1_5' title="bbox 54 576 1704 655; baseline 0.002 -15"><span class='ocrx_word' id='word_1_52' title='bbox 54 602 87 647; x_wconf 77' lang='lat' dir='ltr'><strong>ra</strong></span> <span class='ocrx_word' id='word_1_53' title='bbox 101 602 160 641; x_wconf 92' lang='lat' dir='ltr'><strong>uon</strong></span> <span class='ocrx_word' id='word_1_54' title='bbox 175 583 338 640; x_wconf 84' lang='lat' dir='ltr'><strong>exsiccatur</strong></span> <span class='ocrx_word' id='word_1_55' title='bbox 348 578 531 636; x_wconf 84' lang='lat' dir='ltr'><strong>emanatione.</strong></span> <span class='ocrx_word' id='word_1_56' title='bbox 547 577 578 632; x_wconf 93' lang='lat' dir='ltr'><strong>ln</strong></span> <span class='ocrx_word' id='word_1_57' title='bbox 594 577 670 633; x_wconf 89' lang='lat' dir='ltr'><strong>initio</strong></span> <span class='ocrx_word' id='word_1_58' title='bbox 682 576 762 648; x_wconf 91' lang='lat' dir='ltr'><strong>hujus</strong></span> <span class='ocrx_word' id='word_1_59' title='bbox 777 579 855 648; x_wconf 90' lang='lat' dir='ltr'><strong>oapi·</strong></span> <span class='ocrx_word' id='word_1_60' title='bbox 913 576 950 645; x_wconf 74' lang='grc' dir='ltr'><strong>ι’).</strong></span> <span class='ocrx_word' id='word_1_61' title='bbox 970 576 1025 632; x_wconf 89' lang='lat' dir='ltr'><strong>llos</strong></span> <span class='ocrx_word' id='word_1_62' title='bbox 1040 583 1131 633; x_wconf 88' lang='lat' dir='ltr'><strong>autem</strong></span> <span class='ocrx_word' id='word_1_63' title='bbox 1153 578 1274 634; x_wconf 91' lang='lat' dir='ltr'><strong>oleribus</strong></span> <span class='ocrx_word' id='word_1_64' title='bbox 1288 594 1343 636; x_wconf 93' lang='lat' dir='ltr'><strong>non</strong></span> <span class='ocrx_word' id='word_1_65' title='bbox 1362 580 1491 654; x_wconf 80' lang='lat' dir='ltr'><strong>indigetis</strong></span> <span class='ocrx_word' id='word_1_66' title='bbox 1505 585 1580 655; x_wconf 90' lang='lat' dir='ltr'><strong>quasi</strong></span> <span class='ocrx_word' id='word_1_67' title='bbox 1594 584 1704 643; x_wconf 84' lang='lat' dir='ltr'><strong>infirmi.</strong></span> 
     </span>
     <span class='ocr_line' id='line_1_6' title="bbox 54 664 1705 742; baseline 0 -12"><span class='ocrx_word' id='word_1_68' title='bbox 54 672 213 730; x_wconf 82' lang='lat' dir='ltr'><strong>mlidicitur</strong></span> <span class='ocrx_word' id='word_1_69' title='bbox 223 674 288 742; x_wconf 76' lang='lat' dir='ltr'><strong>forts</strong></span> <span class='ocrx_word' id='word_1_70' title='bbox 299 669 428 740; x_wconf 76' lang='lat' dir='ltr'><strong>ripnatna</strong></span> <span class='ocrx_word' id='word_1_71' title='bbox 442 667 538 736; x_wconf 86' lang='lat' dir='ltr'><strong>(Cant.</strong></span> <span class='ocrx_word' id='word_1_72' title='bbox 550 681 590 732; x_wconf 82' lang='grc' dir='ltr'><strong>ιν,</strong></span> <span class='ocrx_word' id='word_1_73' title='bbox 602 667 664 737; x_wconf 77' lang='lat' dir='ltr'><strong>ta);</strong></span> <span class='ocrx_word' id='word_1_74' title='bbox 680 666 724 721; x_wconf 90' lang='lat' dir='ltr'><strong>hic</strong></span> <span class='ocrx_word' id='word_1_75' title='bbox 733 665 854 720; x_wconf 89' lang='lat' dir='ltr'><strong>innuitur</strong></span> <span class='ocrx_word' id='word_1_76' title='bbox 910 664 988 734; x_wconf 85' lang='lat' dir='ltr'><strong>Quod</strong></span> <span class='ocrx_word' id='word_1_77' title='bbox 1007 664 1080 720; x_wconf 90' lang='lat' dir='ltr'><strong>euim</strong></span> <span class='ocrx_word' id='word_1_78' title='bbox 1094 665 1230 722; x_wconf 87' lang='lat' dir='ltr'><strong>infirmum</strong></span> <span class='ocrx_word' id='word_1_79' title='bbox 1244 668 1328 724; x_wconf 90' lang='lat' dir='ltr'><strong>estin</strong></span> <span class='ocrx_word' id='word_1_80' title='bbox 1343 670 1431 738; x_wconf 84' lang='lat' dir='ltr'><strong>robis,</strong></span> <span class='ocrx_word' id='word_1_81' title='bbox 1447 670 1543 726; x_wconf 91' lang='lat' dir='ltr'><strong>fortius</strong></span> <span class='ocrx_word' id='word_1_82' title='bbox 1557 681 1599 727; x_wconf 90' lang='lat' dir='ltr'><strong>est</strong></span> <span class='ocrx_word' id='word_1_83' title='bbox 1615 690 1705 730; x_wconf 83' lang='lat' dir='ltr'><strong>saecu-</strong></span> 
     </span>
     <span class='ocr_line' id='line_1_7' title="bbox 54 752 1706 828; baseline -0.001 -8"><span class='ocrx_word' id='word_1_84' title='bbox 54 781 102 820; x_wconf 87' lang='lat' dir='ltr'><strong>non</strong></span> <span class='ocrx_word' id='word_1_85' title='bbox 128 761 302 818; x_wconf 81' lang='lat' dir='ltr'><strong>exsiccatus.</strong></span> <span class='ocrx_word' id='word_1_86' title='bbox 329 755 410 813; x_wconf 65' lang='lat'><strong>12⁴</strong></span> <span class='ocrx_word' id='word_1_87' title='bbox 434 756 474 811; x_wconf 90' lang='lat' dir='ltr'><strong>lbi</strong></span> <span class='ocrx_word' id='word_1_88' title='bbox 495 755 590 827; x_wconf 87' lang='lat' dir='ltr'><strong>quales</strong></span> <span class='ocrx_word' id='word_1_89' title='bbox 614 754 668 808; x_wconf 93' lang='lat' dir='ltr'><strong>siut</strong></span> <span class='ocrx_word' id='word_1_90' title='bbox 695 753 856 809; x_wconf 86' lang='lat' dir='ltr'><strong>emissiones</strong></span> <span class='ocrx_word' id='word_1_91' title='bbox 908 752 1020 810; x_wconf 88' lang='lat' dir='ltr'><strong>laribus.</strong></span> <span class='ocrx_word' id='word_1_92' title='bbox 1046 753 1156 809; x_wconf 90' lang='lat' dir='ltr'><strong>lllorum</strong></span> <span class='ocrx_word' id='word_1_93' title='bbox 1180 753 1323 811; x_wconf 83' lang='lat' dir='ltr'><strong>iufirmitas</strong></span> <span class='ocrx_word' id='word_1_94' title='bbox 1346 756 1462 828; x_wconf 83' lang='lat' dir='ltr'><strong>quiescit</strong></span> <span class='ocrx_word' id='word_1_95' title='bbox 1485 758 1513 812; x_wconf 96' lang='lat' dir='ltr'><strong>in</strong></span> <span class='ocrx_word' id='word_1_96' title='bbox 1540 759 1644 827; x_wconf 89' lang='lat' dir='ltr'><strong>licitis;</strong></span> <span class='ocrx_word' id='word_1_97' title='bbox 1670 763 1706 818; x_wconf 90' lang='lat' dir='ltr'><strong>ad</strong></span> 
     </span>
     <span class='ocr_line' id='line_1_8' title="bbox 55 842 1706 923; baseline -0.001 -14"><span class='ocrx_word' id='word_1_98' title='bbox 55 855 117 923; x_wconf 81' lang='lat' dir='ltr'><strong>ejus,</strong></span> <span class='ocrx_word' id='word_1_99' title='bbox 132 850 184 906; x_wconf 89' lang='lat' dir='ltr'><strong>bic</strong></span> <span class='ocrx_word' id='word_1_100' title='bbox 199 864 284 920; x_wconf 87' lang='lat' dir='ltr'><strong>quam</strong></span> <span class='ocrx_word' id='word_1_101' title='bbox 300 846 355 901; x_wconf 93' lang='lat' dir='ltr'><strong>sint</strong></span> <span class='ocrx_word' id='word_1_102' title='bbox 374 843 522 900; x_wconf 71' lang='lat' dir='ltr'><strong>indefessae</strong></span> <span class='ocrx_word' id='word_1_103' title='bbox 546 843 668 898; x_wconf 89' lang='lat' dir='ltr'><strong>docetur.</strong></span> <span class='ocrx_word' id='word_1_104' title='bbox 695 842 806 913; x_wconf 90' lang='lat' dir='ltr'><strong>Copiosi</strong></span> <span class='ocrx_word' id='word_1_105' title='bbox 822 859 854 897; x_wconf 87' lang='lat' dir='ltr'><strong>ex</strong></span> <span class='ocrx_word' id='word_1_106' title='bbox 908 842 1031 914; x_wconf 87' lang='lat' dir='ltr'><strong>perfecta</strong></span> <span class='ocrx_word' id='word_1_107' title='bbox 1056 851 1148 900; x_wconf 89' lang='lat' dir='ltr'><strong>vestra</strong></span> <span class='ocrx_word' id='word_1_108' title='bbox 1171 845 1288 902; x_wconf 89' lang='lat' dir='ltr'><strong>laborat.</strong></span> <span class='ocrx_word' id='word_1_109' title='bbox 1316 845 1427 902; x_wconf 89' lang='lat' dir='ltr'><strong>Illorum</strong></span> <span class='ocrx_word' id='word_1_110' title='bbox 1441 846 1584 904; x_wconf 86' lang='lat' dir='ltr'><strong>infirmitas</strong></span> <span class='ocrx_word' id='word_1_111' title='bbox 1607 858 1649 906; x_wconf 89' lang='grc' dir='ltr'><strong>εει</strong></span> <span class='ocrx_word' id='word_1_112' title='bbox 1667 852 1706 908; x_wconf 91' lang='lat' dir='ltr'><strong>uti</strong></span> 
     </span>
     <span class='ocr_line' id='line_1_9' title="bbox 54 926 1706 1007; baseline -0.001 -11"><span class='ocrx_word' id='word_1_113' title='bbox 54 943 99 996; x_wconf 88' lang='lat' dir='ltr'><strong>bac</strong></span> <span class='ocrx_word' id='word_1_114' title='bbox 112 939 194 995; x_wconf 84' lang='lat' dir='ltr'><strong>fonte</strong></span> <span class='ocrx_word' id='word_1_115' title='bbox 209 935 290 991; x_wconf 85' lang='lat' dir='ltr'><strong>rivuli</strong></span> <span class='ocrx_word' id='word_1_116' title='bbox 303 933 457 1007; x_wconf 84' lang='lat' dir='ltr'><strong>gratiarum</strong></span> <span class='ocrx_word' id='word_1_117' title='bbox 479 938 616 996; x_wconf 83' lang='lat' dir='ltr'><strong>emanant,</strong></span> <span class='ocrx_word' id='word_1_118' title='bbox 631 939 657 986; x_wconf 90' lang='grc' dir='ltr'><strong>ει</strong></span> <span class='ocrx_word' id='word_1_119' title='bbox 681 926 791 1002; x_wconf 84' lang='lat' dir='ltr'><strong>semper</strong></span> <span class='ocrx_word' id='word_1_120' title='bbox 815 939 855 984; x_wconf 87' lang='lat' dir='ltr'><strong>tc·</strong></span> <span class='ocrx_word' id='word_1_121' title='bbox 908 931 1064 1000; x_wconf 86' lang='lat' dir='ltr'><strong>concessis;</strong></span> <span class='ocrx_word' id='word_1_122' title='bbox 1079 940 1169 989; x_wconf 81' lang='lat' dir='ltr'><strong>vestra</strong></span> <span class='ocrx_word' id='word_1_123' title='bbox 1192 933 1314 1005; x_wconf 88' lang='lat' dir='ltr'><strong>quidem,</strong></span> <span class='ocrx_word' id='word_1_124' title='bbox 1340 934 1407 990; x_wconf 90' lang='lat' dir='ltr'><strong>citra</strong></span> <span class='ocrx_word' id='word_1_125' title='bbox 1436 935 1587 1006; x_wconf 89' lang='lat' dir='ltr'><strong>perfectum</strong></span> <span class='ocrx_word' id='word_1_126' title='bbox 1616 940 1706 994; x_wconf 90' lang='lat' dir='ltr'><strong>subsi-</strong></span> 
     </span>
     <span class='ocr_line' id='line_1_10' title="bbox 54 1019 1705 1092; baseline -0.001 -7"><span class='ocrx_word' id='word_1_127' title='bbox 54 1046 110 1085; x_wconf 88' lang='lat' dir='ltr'><strong>uen</strong></span> <span class='ocrx_word' id='word_1_128' title='bbox 124 1028 193 1083; x_wconf 87' lang='lat' dir='ltr'><strong>fons</strong></span> <span class='ocrx_word' id='word_1_129' title='bbox 209 1031 313 1080; x_wconf 89' lang='lat' dir='ltr'><strong>manet.</strong></span> <span class='ocrx_word' id='word_1_130' title='bbox 328 1022 370 1077; x_wconf 82' lang='lat' dir='ltr'><strong>Ab</strong></span> <span class='ocrx_word' id='word_1_131' title='bbox 386 1037 419 1077; x_wconf 89' lang='lat' dir='ltr'><strong>eo</strong></span> <span class='ocrx_word' id='word_1_132' title='bbox 433 1020 462 1074; x_wconf 92' lang='lat' dir='ltr'><strong>in</strong></span> <span class='ocrx_word' id='word_1_133' title='bbox 477 1035 531 1092; x_wconf 94' lang='lat' dir='ltr'><strong>quo</strong></span> <span class='ocrx_word' id='word_1_134' title='bbox 550 1020 661 1075; x_wconf 82' lang='lat' dir='ltr'><strong>inchoat</strong></span> <span class='ocrx_word' id='word_1_135' title='bbox 676 1035 731 1075; x_wconf 94' lang='lat' dir='ltr'><strong>non</strong></span> <span class='ocrx_word' id='word_1_136' title='bbox 755 1036 784 1075; x_wconf 89' lang='lat' dir='ltr'><strong>se</strong></span> <span class='ocrx_word' id='word_1_137' title='bbox 807 1034 855 1075; x_wconf 90' lang='lat' dir='ltr'><strong>oo·</strong></span> <span class='ocrx_word' id='word_1_138' title='bbox 908 1019 1077 1087; x_wconf 88' lang='lat' dir='ltr'><strong>store.Quid</strong></span> <span class='ocrx_word' id='word_1_139' title='bbox 1097 1021 1182 1076; x_wconf 88' lang='lat' dir='ltr'><strong>estin</strong></span> <span class='ocrx_word' id='word_1_140' title='bbox 1210 1022 1287 1078; x_wconf 83' lang='lat' dir='ltr'><strong>robis</strong></span> <span class='ocrx_word' id='word_1_141' title='bbox 1312 1038 1371 1078; x_wconf 88' lang='lat' dir='ltr'><strong>csse</strong></span> <span class='ocrx_word' id='word_1_142' title='bbox 1399 1022 1545 1079; x_wconf 87' lang='lat' dir='ltr'><strong>infirmum.</strong></span> <span class='ocrx_word' id='word_1_143' title='bbox 1569 1025 1621 1080; x_wconf 93' lang='lat' dir='ltr'><strong>nisi</strong></span> <span class='ocrx_word' id='word_1_144' title='bbox 1650 1043 1705 1084; x_wconf 93' lang='lat' dir='ltr'><strong>non</strong></span> 
     </span>
     <span class='ocr_line' id='line_1_11' title="bbox 54 1107 1704 1184; baseline -0.002 -11"><span class='ocrx_word' id='word_1_145' title='bbox 54 1118 146 1173; x_wconf 87' lang='lat' dir='ltr'><strong>bibet:</strong></span> <span class='ocrx_word' id='word_1_146' title='bbox 166 1114 233 1170; x_wconf 89' lang='lat' dir='ltr'><strong>ideo</strong></span> <span class='ocrx_word' id='word_1_147' title='bbox 248 1112 291 1168; x_wconf 94' lang='lat' dir='ltr'><strong>hic</strong></span> <span class='ocrx_word' id='word_1_148' title='bbox 304 1118 332 1167; x_wconf 90' lang='grc' dir='ltr'><strong>ει</strong></span> <span class='ocrx_word' id='word_1_149' title='bbox 345 1109 384 1165; x_wconf 91' lang='lat' dir='ltr'><strong>ibi</strong></span> <span class='ocrx_word' id='word_1_150' title='bbox 397 1109 459 1165; x_wconf 95' lang='lat' dir='ltr'><strong>fons</strong></span> <span class='ocrx_word' id='word_1_151' title='bbox 477 1107 588 1164; x_wconf 90' lang='lat' dir='ltr'><strong>dicitur.</strong></span> <span class='ocrx_word' id='word_1_152' title='bbox 605 1108 701 1163; x_wconf 86' lang='lat' dir='ltr'><strong>Sedet</strong></span> <span class='ocrx_word' id='word_1_153' title='bbox 724 1109 780 1178; x_wconf 90' lang='lat' dir='ltr'><strong>jam</strong></span> <span class='ocrx_word' id='word_1_154' title='bbox 794 1108 856 1165; x_wconf 87' lang='lat' dir='ltr'><strong>vide</strong></span> <span class='ocrx_word' id='word_1_155' title='bbox 908 1121 968 1162; x_wconf 85' lang='lat' dir='ltr'><strong>esse</strong></span> <span class='ocrx_word' id='word_1_156' title='bbox 982 1107 1153 1179; x_wconf 74' lang='lat' dir='ltr'><strong>perfectum?</strong></span> <span class='ocrx_word' id='word_1_157' title='bbox 1169 1109 1234 1180; x_wconf 95' lang='lat' dir='ltr'><strong>quid</strong></span> <span class='ocrx_word' id='word_1_158' title='bbox 1256 1117 1298 1164; x_wconf 90' lang='lat' dir='ltr'><strong>est</strong></span> <span class='ocrx_word' id='word_1_159' title='bbox 1322 1111 1349 1165; x_wconf 91' lang='lat' dir='ltr'><strong>in</strong></span> <span class='ocrx_word' id='word_1_160' title='bbox 1370 1112 1446 1167; x_wconf 83' lang='lat' dir='ltr'><strong>robis</strong></span> <span class='ocrx_word' id='word_1_161' title='bbox 1466 1128 1528 1168; x_wconf 87' lang='lat' dir='ltr'><strong>csse</strong></span> <span class='ocrx_word' id='word_1_162' title='bbox 1556 1112 1704 1184; x_wconf 86' lang='lat' dir='ltr'><strong>infirmum,</strong></span> 
     </span>
     <span class='ocr_line' id='line_1_12' title="bbox 54 1194 1703 1279; baseline -0.001 -18"><span class='ocrx_word' id='word_1_163' title='bbox 54 1221 102 1279; x_wconf 90' lang='lat' dir='ltr'><strong>quo</strong></span> <span class='ocrx_word' id='word_1_164' title='bbox 116 1206 147 1259; x_wconf 94' lang='lat' dir='ltr'><strong>in</strong></span> <span class='ocrx_word' id='word_1_165' title='bbox 161 1204 226 1258; x_wconf 92' lang='lat' dir='ltr'><strong>loco</strong></span> <span class='ocrx_word' id='word_1_166' title='bbox 241 1203 302 1271; x_wconf 76' lang='lat' dir='ltr'><strong>eius</strong></span> <span class='ocrx_word' id='word_1_167' title='bbox 324 1213 404 1270; x_wconf 83' lang='lat' dir='ltr'><strong>aquae</strong></span> <span class='ocrx_word' id='word_1_168' title='bbox 426 1198 513 1252; x_wconf 84' lang='lat' dir='ltr'><strong>fluunt</strong></span> <span class='ocrx_word' id='word_1_169' title='bbox 528 1214 536 1250; x_wconf 79' lang='grc' dir='ltr'><strong>ι</strong></span> <span class='ocrx_word' id='word_1_170' title='bbox 551 1196 608 1263; x_wconf 91' lang='lat' dir='ltr'><strong>ubi,</strong></span> <span class='ocrx_word' id='word_1_171' title='bbox 626 1195 676 1250; x_wconf 93' lang='lat' dir='ltr'><strong>nisi</strong></span> <span class='ocrx_word' id='word_1_172' title='bbox 695 1195 724 1251; x_wconf 95' lang='lat' dir='ltr'><strong>in</strong></span> <span class='ocrx_word' id='word_1_173' title='bbox 747 1195 856 1253; x_wconf 80' lang='lat' dir='ltr'><strong>hortis?</strong></span> <span class='ocrx_word' id='word_1_174' title='bbox 909 1194 970 1261; x_wconf 93' lang='lat' dir='ltr'><strong>nisi,</strong></span> <span class='ocrx_word' id='word_1_175' title='bbox 995 1210 1131 1250; x_wconf 90' lang='lat' dir='ltr'><strong>summum</strong></span> <span class='ocrx_word' id='word_1_176' title='bbox 1153 1211 1208 1251; x_wconf 92' lang='lat' dir='ltr'><strong>non</strong></span> <span class='ocrx_word' id='word_1_177' title='bbox 1223 1199 1461 1268; x_wconf 73' lang='lat' dir='ltr'><strong>apprehendere?</strong></span> <span class='ocrx_word' id='word_1_178' title='bbox 1484 1201 1518 1254; x_wconf 86' lang='lat' dir='ltr'><strong>Et</strong></span> <span class='ocrx_word' id='word_1_179' title='bbox 1538 1201 1602 1271; x_wconf 92' lang='lat' dir='ltr'><strong>quid</strong></span> <span class='ocrx_word' id='word_1_180' title='bbox 1622 1200 1703 1270; x_wconf 90' lang='lat' dir='ltr'><strong>forte,</strong></span> 
     </span>
     <span class='ocr_line' id='line_1_13' title="bbox 54 1282 1704 1356; baseline -0.002 -6"><span class='ocrx_word' id='word_1_181' title='bbox 54 1295 123 1350; x_wconf 82' lang='lat' dir='ltr'><strong>fons</strong></span> <span class='ocrx_word' id='word_1_182' title='bbox 137 1292 215 1348; x_wconf 90' lang='lat' dir='ltr'><strong>enim</strong></span> <span class='ocrx_word' id='word_1_183' title='bbox 230 1296 273 1344; x_wconf 87' lang='lat' dir='ltr'><strong>est</strong></span> <span class='ocrx_word' id='word_1_184' title='bbox 293 1291 444 1351; x_wconf 89' lang='lat' dir='ltr'><strong>hortomm,</strong></span> <span class='ocrx_word' id='word_1_185' title='bbox 460 1292 487 1340; x_wconf 88' lang='grc' dir='ltr'><strong>ει</strong></span> <span class='ocrx_word' id='word_1_186' title='bbox 510 1283 625 1340; x_wconf 82' lang='grc' dir='ltr'><strong>(ιειιεειε</strong></span> <span class='ocrx_word' id='word_1_187' title='bbox 647 1284 716 1351; x_wconf 89' lang='lat' dir='ltr'><strong>fluit,</strong></span> <span class='ocrx_word' id='word_1_188' title='bbox 732 1284 778 1356; x_wconf 92' lang='lat' dir='ltr'><strong>qui</strong></span> <span class='ocrx_word' id='word_1_189' title='bbox 801 1300 855 1340; x_wconf 94' lang='lat' dir='ltr'><strong>non</strong></span> <span class='ocrx_word' id='word_1_190' title='bbox 909 1282 961 1337; x_wconf 92' lang='lat' dir='ltr'><strong>nisi</strong></span> <span class='ocrx_word' id='word_1_191' title='bbox 975 1290 1005 1337; x_wconf 91' lang='lat' dir='ltr'><strong>ut</strong></span> <span class='ocrx_word' id='word_1_192' title='bbox 1028 1283 1252 1353; x_wconf 85' lang='lat' dir='ltr'><strong>apprehendatis,</strong></span> <span class='ocrx_word' id='word_1_193' title='bbox 1271 1285 1462 1342; x_wconf 75' lang='lat' dir='ltr'><strong>contendere?</strong></span> <span class='ocrx_word' id='word_1_194' title='bbox 1486 1287 1550 1343; x_wconf 93' lang='lat' dir='ltr'><strong>ldeo</strong></span> <span class='ocrx_word' id='word_1_195' title='bbox 1566 1287 1704 1346; x_wconf 85' lang='lat' dir='ltr'><strong>infirmum</strong></span> 
     </span>
     <span class='ocr_line' id='line_1_14' title="bbox 56 1371 1704 1455; baseline 0.003 -18"><span class='ocrx_word' id='word_1_196' title='bbox 56 1384 86 1437; x_wconf 84' lang='lat' dir='ltr'><strong>ab</strong></span> <span class='ocrx_word' id='word_1_197' title='bbox 99 1380 190 1437; x_wconf 84' lang='lat' dir='ltr'><strong>bortis</strong></span> <span class='ocrx_word' id='word_1_198' title='bbox 205 1377 358 1451; x_wconf 81' lang='lat' dir='ltr'><strong>egreditur,</strong></span> <span class='ocrx_word' id='word_1_199' title='bbox 374 1374 420 1446; x_wconf 93' lang='lat' dir='ltr'><strong>qui</strong></span> <span class='ocrx_word' id='word_1_200' title='bbox 435 1388 491 1428; x_wconf 94' lang='lat' dir='ltr'><strong>non</strong></span> <span class='ocrx_word' id='word_1_201' title='bbox 505 1372 588 1441; x_wconf 85' lang='lat' dir='ltr'><strong>lavat,</strong></span> <span class='ocrx_word' id='word_1_202' title='bbox 605 1371 655 1428; x_wconf 90' lang='lat' dir='ltr'><strong>sed</strong></span> <span class='ocrx_word' id='word_1_203' title='bbox 669 1373 741 1445; x_wconf 82' lang='lat' dir='ltr'><strong>rigat</strong></span> <span class='ocrx_word' id='word_1_204' title='bbox 756 1373 855 1441; x_wconf 87' lang='lat' dir='ltr'><strong>:cujus</strong></span> <span class='ocrx_word' id='word_1_205' title='bbox 910 1385 1031 1432; x_wconf 89' lang='lat' dir='ltr'><strong>nostmm</strong></span> <span class='ocrx_word' id='word_1_206' title='bbox 1046 1377 1141 1433; x_wconf 89' lang='lat' dir='ltr'><strong>fortius</strong></span> <span class='ocrx_word' id='word_1_207' title='bbox 1165 1389 1206 1435; x_wconf 91' lang='lat' dir='ltr'><strong>est</strong></span> <span class='ocrx_word' id='word_1_208' title='bbox 1221 1381 1398 1437; x_wconf 75' lang='lat' dir='ltr'><strong>saecularibus</strong></span> <span class='ocrx_word' id='word_1_209' title='bbox 1413 1401 1421 1454; x_wconf 79' lang='lat'>3</span> <span class='ocrx_word' id='word_1_210' title='bbox 1438 1391 1476 1449; x_wconf 89' lang='lat' dir='ltr'><strong>ot,</strong></span> <span class='ocrx_word' id='word_1_211' title='bbox 1492 1392 1521 1439; x_wconf 91' lang='lat' dir='ltr'><strong>ut</strong></span> <span class='ocrx_word' id='word_1_212' title='bbox 1541 1385 1581 1440; x_wconf 90' lang='lat' dir='ltr'><strong>sic</strong></span> <span class='ocrx_word' id='word_1_213' title='bbox 1604 1386 1704 1455; x_wconf 91' lang='lat' dir='ltr'><strong>dicam,</strong></span> 
     </span>
     <span class='ocr_line' id='line_1_15' title="bbox 56 1460 1706 1541; baseline 0.002 -15"><span class='ocrx_word' id='word_1_214' title='bbox 56 1471 148 1526; x_wconf 89' lang='lat' dir='ltr'><strong>inboc</strong></span> <span class='ocrx_word' id='word_1_215' title='bbox 172 1466 265 1522; x_wconf 90' lang='lat' dir='ltr'><strong>omnis</strong></span> <span class='ocrx_word' id='word_1_216' title='bbox 284 1479 352 1519; x_wconf 88' lang='lat' dir='ltr'><strong>usus</strong></span> <span class='ocrx_word' id='word_1_217' title='bbox 371 1470 423 1528; x_wconf 87' lang='grc' dir='ltr'><strong>εει,</strong></span> <span class='ocrx_word' id='word_1_218' title='bbox 443 1477 497 1517; x_wconf 93' lang='lat' dir='ltr'><strong>nou</strong></span> <span class='ocrx_word' id='word_1_219' title='bbox 512 1468 542 1515; x_wconf 95' lang='lat' dir='ltr'><strong>ut</strong></span> <span class='ocrx_word' id='word_1_220' title='bbox 566 1460 672 1516; x_wconf 88' lang='lat' dir='ltr'><strong>auferat</strong></span> <span class='ocrx_word' id='word_1_221' title='bbox 695 1461 853 1525; x_wconf 69' lang='lat' dir='ltr'><strong>faeditatem,</strong></span> <span class='ocrx_word' id='word_1_222' title='bbox 909 1464 1004 1520; x_wconf 88' lang='lat' dir='ltr'><strong>melior</strong></span> <span class='ocrx_word' id='word_1_223' title='bbox 1036 1473 1078 1520; x_wconf 92' lang='lat' dir='ltr'><strong>est</strong></span> <span class='ocrx_word' id='word_1_224' title='bbox 1108 1465 1249 1521; x_wconf 89' lang='lat' dir='ltr'><strong>infirmitas</strong></span> <span class='ocrx_word' id='word_1_225' title='bbox 1283 1468 1418 1538; x_wconf 91' lang='lat' dir='ltr'><strong>monachi,</strong></span> <span class='ocrx_word' id='word_1_226' title='bbox 1446 1486 1528 1541; x_wconf 91' lang='lat' dir='ltr'><strong>quam</strong></span> <span class='ocrx_word' id='word_1_227' title='bbox 1566 1473 1706 1530; x_wconf 84' lang='lat' dir='ltr'><strong>saecularis</strong></span> 
     </span>
     <span class='ocr_line' id='line_1_16' title="bbox 59 1548 1703 1627; baseline 0.001 -14"><span class='ocrx_word' id='word_1_228' title='bbox 59 1560 101 1614; x_wconf 88' lang='lat' dir='ltr'><strong>sed</strong></span> <span class='ocrx_word' id='word_1_229' title='bbox 116 1564 146 1612; x_wconf 94' lang='lat' dir='ltr'><strong>ut</strong></span> <span class='ocrx_word' id='word_1_230' title='bbox 171 1553 370 1611; x_wconf 89' lang='lat' dir='ltr'><strong>fecunditatem</strong></span> <span class='ocrx_word' id='word_1_231' title='bbox 392 1549 500 1605; x_wconf 86' lang='lat' dir='ltr'><strong>all&#39;erat.</strong></span> <span class='ocrx_word' id='word_1_232' title='bbox 523 1549 616 1604; x_wconf 91' lang='lat' dir='ltr'><strong>Bonus</strong></span> <span class='ocrx_word' id='word_1_233' title='bbox 638 1548 750 1620; x_wconf 90' lang='lat' dir='ltr'><strong>quidem</strong></span> <span class='ocrx_word' id='word_1_234' title='bbox 773 1548 856 1602; x_wconf 90' lang='lat' dir='ltr'><strong>fontis</strong></span> <span class='ocrx_word' id='word_1_235' title='bbox 911 1552 1095 1608; x_wconf 84' lang='lat' dir='ltr'><strong>benefaciens.</strong></span> <span class='ocrx_word' id='word_1_236' title='bbox 1111 1554 1202 1624; x_wconf 89' lang='lat' dir='ltr'><strong>Opera</strong></span> <span class='ocrx_word' id='word_1_237' title='bbox 1217 1571 1278 1625; x_wconf 85' lang='lat' dir='ltr'><strong>quae</strong></span> <span class='ocrx_word' id='word_1_238' title='bbox 1288 1572 1372 1627; x_wconf 89' lang='lat' dir='ltr'><strong>penes</strong></span> <span class='ocrx_word' id='word_1_239' title='bbox 1382 1572 1431 1612; x_wconf 89' lang='lat' dir='ltr'><strong>nos</strong></span> <span class='ocrx_word' id='word_1_240' title='bbox 1442 1566 1571 1627; x_wconf 88' lang='lat' dir='ltr'><strong>putantur</strong></span> <span class='ocrx_word' id='word_1_241' title='bbox 1585 1559 1703 1627; x_wconf 83' lang='lat' dir='ltr'><strong>infirma,</strong></span> 
     </span>
     <span class='ocr_line' id='line_1_17' title="bbox 60 1636 1706 1716; baseline -0.002 -8"><span class='ocrx_word' id='word_1_242' title='bbox 60 1663 119 1703; x_wconf 72' lang='lat' dir='ltr'><strong>usus</strong></span> <span class='ocrx_word' id='word_1_243' title='bbox 132 1643 282 1708; x_wconf 61' lang='lat' dir='ltr'><strong>mundate·</strong></span> <span class='ocrx_word' id='word_1_244' title='bbox 297 1640 348 1696; x_wconf 85' lang='lat' dir='ltr'><strong>sed</strong></span> <span class='ocrx_word' id='word_1_245' title='bbox 363 1638 459 1694; x_wconf 90' lang='lat' dir='ltr'><strong>melior</strong></span> <span class='ocrx_word' id='word_1_246' title='bbox 474 1637 634 1693; x_wconf 88' lang='lat' dir='ltr'><strong>fecundare.</strong></span> <span class='ocrx_word' id='word_1_247' title='bbox 646 1637 696 1692; x_wconf 90' lang='lat' dir='ltr'><strong>llle</strong></span> <span class='ocrx_word' id='word_1_248' title='bbox 712 1636 798 1691; x_wconf 90' lang='lat' dir='ltr'><strong>abluit</strong></span> <span class='ocrx_word' id='word_1_249' title='bbox 818 1636 857 1690; x_wconf 88' lang='lat' dir='ltr'><strong>in·</strong></span> <span class='ocrx_word' id='word_1_250' title='bbox 911 1641 1004 1712; x_wconf 88' lang='lat' dir='ltr'><strong>quanti</strong></span> <span class='ocrx_word' id='word_1_251' title='bbox 1017 1642 1202 1708; x_wconf 85' lang='lat' dir='ltr'><strong>crederentur,</strong></span> <span class='ocrx_word' id='word_1_252' title='bbox 1215 1643 1239 1697; x_wconf 90' lang='lat' dir='ltr'><strong>si</strong></span> <span class='ocrx_word' id='word_1_253' title='bbox 1253 1645 1288 1698; x_wconf 91' lang='lat' dir='ltr'><strong>ab</strong></span> <span class='ocrx_word' id='word_1_254' title='bbox 1302 1644 1368 1716; x_wconf 90' lang='lat' dir='ltr'><strong>ipsis</strong></span> <span class='ocrx_word' id='word_1_255' title='bbox 1383 1645 1441 1700; x_wconf 90' lang='lat' dir='ltr'><strong>lieri</strong></span> <span class='ocrx_word' id='word_1_256' title='bbox 1456 1646 1633 1706; x_wconf 78' lang='lat' dir='ltr'><strong>viderentur?</strong></span> <span class='ocrx_word' id='word_1_257' title='bbox 1643 1651 1706 1705; x_wconf 86' lang='lat' dir='ltr'><strong>Pcr-</strong></span> 
     </span>
     <span class='ocr_line' id='line_1_18' title="bbox 61 1724 1706 1808; baseline 0.002 -19"><span class='ocrx_word' id='word_1_258' title='bbox 61 1735 235 1808; x_wconf 86' lang='lat' dir='ltr'><strong>quinameuta</strong></span> <span class='ocrx_word' id='word_1_259' title='bbox 251 1749 258 1786; x_wconf 77' lang='grc' dir='ltr'><strong>ι</strong></span> <span class='ocrx_word' id='word_1_260' title='bbox 274 1730 325 1785; x_wconf 88' lang='grc' dir='ltr'><strong>ιειε</strong></span> <span class='ocrx_word' id='word_1_261' title='bbox 341 1726 420 1800; x_wconf 88' lang='lat' dir='ltr'><strong>quasi</strong></span> <span class='ocrx_word' id='word_1_262' title='bbox 442 1725 578 1783; x_wconf 80' lang='lat' dir='ltr'><strong>alluvione</strong></span> <span class='ocrx_word' id='word_1_263' title='bbox 601 1726 729 1797; x_wconf 88' lang='lat' dir='ltr'><strong>quadam,</strong></span> <span class='ocrx_word' id='word_1_264' title='bbox 750 1724 856 1797; x_wconf 86' lang='lat' dir='ltr'><strong>gratia·</strong></span> <span class='ocrx_word' id='word_1_265' title='bbox 911 1730 1046 1785; x_wconf 82' lang='lat' dir='ltr'><strong>lectorum</strong></span> <span class='ocrx_word' id='word_1_266' title='bbox 1061 1730 1162 1785; x_wconf 88' lang='lat' dir='ltr'><strong>solidus</strong></span> <span class='ocrx_word' id='word_1_267' title='bbox 1176 1731 1253 1785; x_wconf 91' lang='lat' dir='ltr'><strong>cibus</strong></span> <span class='ocrx_word' id='word_1_268' title='bbox 1267 1741 1308 1786; x_wconf 87' lang='lat' dir='ltr'><strong>cst</strong></span> <span class='ocrx_word' id='word_1_269' title='bbox 1321 1746 1326 1785; x_wconf 96' lang='lat'><strong>:</strong></span> <span class='ocrx_word' id='word_1_270' title='bbox 1340 1740 1471 1805; x_wconf 86' lang='lat' dir='ltr'><strong>quotquot</strong></span> <span class='ocrx_word' id='word_1_271' title='bbox 1486 1736 1616 1791; x_wconf 87' lang='lat' dir='ltr'><strong>tamenin</strong></span> <span class='ocrx_word' id='word_1_272' title='bbox 1628 1739 1706 1793; x_wconf 91' lang='lat' dir='ltr'><strong>uobis</strong></span> 
     </span>
     <span class='ocr_line' id='line_1_19' title="bbox 64 1813 1707 1891; baseline 0.001 -13"><span class='ocrx_word' id='word_1_273' title='bbox 64 1840 117 1878; x_wconf 88' lang='lat' dir='ltr'><strong>mm</strong></span> <span class='ocrx_word' id='word_1_274' title='bbox 131 1826 288 1891; x_wconf 89' lang='lat' dir='ltr'><strong>comportat</strong></span> <span class='ocrx_word' id='word_1_275' title='bbox 302 1823 456 1889; x_wconf 83' lang='lat' dir='ltr'><strong>augmenta.</strong></span> <span class='ocrx_word' id='word_1_276' title='bbox 472 1815 520 1870; x_wconf 87' lang='lat' dir='ltr'><strong>lllc</strong></span> <span class='ocrx_word' id='word_1_277' title='bbox 535 1813 660 1886; x_wconf 78' lang='lat' dir='ltr'><strong>germina</strong></span> <span class='ocrx_word' id='word_1_278' title='bbox 677 1814 732 1869; x_wconf 90' lang='lat' dir='ltr'><strong>lota</strong></span> <span class='ocrx_word' id='word_1_279' title='bbox 742 1813 832 1868; x_wconf 88' lang='lat' dir='ltr'><strong>reddit</strong></span> <span class='ocrx_word' id='word_1_280' title='bbox 848 1830 854 1871; x_wconf 92' lang='lat'>:</span> <span class='ocrx_word' id='word_1_281' title='bbox 911 1817 1065 1888; x_wconf 84' lang='lat' dir='ltr'><strong>imperfecti</strong></span> <span class='ocrx_word' id='word_1_282' title='bbox 1080 1825 1151 1884; x_wconf 92' lang='lat' dir='ltr'><strong>snut,</strong></span> <span class='ocrx_word' id='word_1_283' title='bbox 1173 1820 1361 1874; x_wconf 89' lang='lat' dir='ltr'><strong>esumolcrum</strong></span> <span class='ocrx_word' id='word_1_284' title='bbox 1371 1820 1567 1891; x_wconf 83' lang='lat' dir='ltr'><strong>dedignantur.</strong></span> <span class='ocrx_word' id='word_1_285' title='bbox 1578 1822 1646 1890; x_wconf 83' lang='lat' dir='ltr'><strong>Quae</strong></span> <span class='ocrx_word' id='word_1_286' title='bbox 1657 1841 1707 1882; x_wconf 80' lang='grc' dir='ltr'><strong>ειε-</strong></span> 
     </span>
     <span class='ocr_line' id='line_1_20' title="bbox 67 1902 1707 1978; baseline 0 -11"><span class='ocrx_word' id='word_1_287' title='bbox 67 1912 105 1967; x_wconf 84' lang='grc' dir='ltr'><strong>ιιε</strong></span> <span class='ocrx_word' id='word_1_288' title='bbox 120 1911 202 1966; x_wconf 79' lang='lat' dir='ltr'><strong>laecae.</strong></span> <span class='ocrx_word' id='word_1_289' title='bbox 218 1907 265 1962; x_wconf 90' lang='lat' dir='ltr'><strong>llle</strong></span> <span class='ocrx_word' id='word_1_290' title='bbox 276 1914 371 1976; x_wconf 87' lang='lat' dir='ltr'><strong>patens</strong></span> <span class='ocrx_word' id='word_1_291' title='bbox 385 1911 427 1960; x_wconf 87' lang='lat' dir='ltr'><strong>est</strong></span> <span class='ocrx_word' id='word_1_292' title='bbox 440 1903 469 1957; x_wconf 92' lang='lat' dir='ltr'><strong>in</strong></span> <span class='ocrx_word' id='word_1_293' title='bbox 482 1902 650 1958; x_wconf 90' lang='lat' dir='ltr'><strong>ablutionem</strong></span> <span class='ocrx_word' id='word_1_294' title='bbox 665 1902 816 1973; x_wconf 90' lang='lat' dir='ltr'><strong>peccatoris</strong></span> <span class='ocrx_word' id='word_1_295' title='bbox 831 1910 858 1956; x_wconf 89' lang='lat' dir='ltr'><strong>et</strong></span> <span class='ocrx_word' id='word_1_296' title='bbox 912 1904 1048 1960; x_wconf 87' lang='lat' dir='ltr'><strong>cularibus</strong></span> <span class='ocrx_word' id='word_1_297' title='bbox 1063 1905 1145 1962; x_wconf 89' lang='lat' dir='ltr'><strong>licent</strong></span> <span class='ocrx_word' id='word_1_298' title='bbox 1160 1906 1283 1974; x_wconf 82' lang='lat' dir='ltr'><strong>infirmis,</strong></span> <span class='ocrx_word' id='word_1_299' title='bbox 1296 1907 1396 1962; x_wconf 88' lang='lat' dir='ltr'><strong>nostris</strong></span> <span class='ocrx_word' id='word_1_300' title='bbox 1408 1923 1459 1962; x_wconf 91' lang='lat' dir='ltr'><strong>nec</strong></span> <span class='ocrx_word' id='word_1_301' title='bbox 1470 1907 1644 1978; x_wconf 88' lang='lat' dir='ltr'><strong>exhibentur,</strong></span> <span class='ocrx_word' id='word_1_302' title='bbox 1656 1927 1707 1967; x_wconf 89' lang='lat' dir='ltr'><strong>nec</strong></span> 
     </span>
     <span class='ocr_line' id='line_1_21' title="bbox 68 1989 1708 2068; baseline -0.001 -14"><span class='ocrx_word' id='word_1_303' title='bbox 68 2005 238 2055; x_wconf 76' lang='lat' dir='ltr'><strong>menstruate</strong></span> <span class='ocrx_word' id='word_1_304' title='bbox 255 2010 261 2049; x_wconf 78' lang='grc' dir='ltr'><em>τ</em></span> <span class='ocrx_word' id='word_1_305' title='bbox 277 1994 321 2050; x_wconf 93' lang='lat' dir='ltr'><strong>bic</strong></span> <span class='ocrx_word' id='word_1_306' title='bbox 342 1993 464 2066; x_wconf 78' lang='lat' dir='ltr'><strong>signatus</strong></span> <span class='ocrx_word' id='word_1_307' title='bbox 490 2001 533 2046; x_wconf 89' lang='lat' dir='ltr'><strong>est</strong></span> <span class='ocrx_word' id='word_1_308' title='bbox 553 1991 582 2044; x_wconf 92' lang='lat' dir='ltr'><strong>in</strong></span> <span class='ocrx_word' id='word_1_309' title='bbox 604 1989 710 2046; x_wconf 89' lang='lat' dir='ltr'><strong>deliciis</strong></span> <span class='ocrx_word' id='word_1_310' title='bbox 738 2005 856 2061; x_wconf 83' lang='lat' dir='ltr'><strong>sponsae.</strong></span> <span class='ocrx_word' id='word_1_311' title='bbox 912 1995 962 2063; x_wconf 93' lang='lat' dir='ltr'><strong>ipsi</strong></span> <span class='ocrx_word' id='word_1_312' title='bbox 972 1994 1092 2068; x_wconf 79' lang='lat' dir='ltr'><strong>exigunt.</strong></span> <span class='ocrx_word' id='word_1_313' title='bbox 1106 1994 1186 2066; x_wconf 84' lang='lat' dir='ltr'><strong>hpud</strong></span> <span class='ocrx_word' id='word_1_314' title='bbox 1198 2011 1249 2051; x_wconf 89' lang='lat' dir='ltr'><strong>nos</strong></span> <span class='ocrx_word' id='word_1_315' title='bbox 1257 1995 1380 2066; x_wconf 86' lang='lat' dir='ltr'><strong>perfecta</strong></span> <span class='ocrx_word' id='word_1_316' title='bbox 1391 1995 1524 2066; x_wconf 81' lang='lat' dir='ltr'><strong>professio</strong></span> <span class='ocrx_word' id='word_1_317' title='bbox 1535 1999 1708 2068; x_wconf 88' lang='lat' dir='ltr'><strong>quamvisin·</strong></span> 
     </span>
     <span class='ocr_line' id='line_1_22' title="bbox 73 2078 1708 2160; baseline -0.002 -15"><span class='ocrx_word' id='word_1_318' title='bbox 73 2091 129 2145; x_wconf 85' lang='lat' dir='ltr'><strong>fotu</strong></span> <span class='ocrx_word' id='word_1_319' title='bbox 136 2087 261 2160; x_wconf 80' lang='lat' dir='ltr'><strong>pulchra</strong></span> <span class='ocrx_word' id='word_1_320' title='bbox 270 2099 310 2150; x_wconf 83' lang='lat' dir='ltr'><strong>es,</strong></span> <span class='ocrx_word' id='word_1_321' title='bbox 320 2081 414 2139; x_wconf 85' lang='lat' dir='ltr'><strong>amico</strong></span> <span class='ocrx_word' id='word_1_322' title='bbox 423 2084 528 2145; x_wconf 66' lang='lat' dir='ltr'><strong>meoet</strong></span> <span class='ocrx_word' id='word_1_323' title='bbox 538 2080 652 2135; x_wconf 85' lang='lat' dir='ltr'><strong>maccla</strong></span> <span class='ocrx_word' id='word_1_324' title='bbox 662 2096 720 2136; x_wconf 87' lang='lat' dir='ltr'><strong>non</strong></span> <span class='ocrx_word' id='word_1_325' title='bbox 731 2083 772 2136; x_wconf 83' lang='lat' dir='ltr'><strong>cst</strong></span> <span class='ocrx_word' id='word_1_326' title='bbox 787 2078 859 2135; x_wconf 85' lang='lat' dir='ltr'><strong>inte</strong></span> <span class='ocrx_word' id='word_1_327' title='bbox 913 2082 991 2137; x_wconf 88' lang='lat' dir='ltr'><strong>firma</strong></span> <span class='ocrx_word' id='word_1_328' title='bbox 1000 2082 1128 2154; x_wconf 83' lang='lat' dir='ltr'><strong>expletio.</strong></span> <span class='ocrx_word' id='word_1_329' title='bbox 1142 2083 1471 2155; x_wconf 84' lang='lat' dir='ltr'><strong>Perfectaeplantaliones,</strong></span> <span class='ocrx_word' id='word_1_330' title='bbox 1484 2085 1708 2143; x_wconf 88' lang='lat' dir='ltr'><strong>sedincrementa</strong></span> 
     </span>
     <span class='ocr_line' id='line_1_23' title="bbox 70 2165 1709 2246; baseline -0.001 -16"><span class='ocrx_word' id='word_1_331' title='bbox 70 2176 141 2243; x_wconf 77' lang='lat' dir='ltr'><strong>tjlbid.</strong></span> <span class='ocrx_word' id='word_1_332' title='bbox 155 2175 194 2244; x_wconf 82' lang='lat'><strong>7).</strong></span> <span class='ocrx_word' id='word_1_333' title='bbox 209 2172 274 2228; x_wconf 87' lang='lat' dir='ltr'><strong>ldeo</strong></span> <span class='ocrx_word' id='word_1_334' title='bbox 297 2167 406 2225; x_wconf 90' lang='lat' dir='ltr'><strong>nonnisi</strong></span> <span class='ocrx_word' id='word_1_335' title='bbox 428 2168 488 2224; x_wconf 92' lang='lat' dir='ltr'><strong>fons</strong></span> <span class='ocrx_word' id='word_1_336' title='bbox 512 2169 654 2224; x_wconf 89' lang='lat' dir='ltr'><strong>hortorum</strong></span> <span class='ocrx_word' id='word_1_337' title='bbox 667 2166 776 2233; x_wconf 91' lang='lat' dir='ltr'><strong>dicitur,</strong></span> <span class='ocrx_word' id='word_1_338' title='bbox 797 2165 859 2221; x_wconf 83' lang='lat' dir='ltr'><strong>fons</strong></span> <span class='ocrx_word' id='word_1_339' title='bbox 913 2170 1028 2225; x_wconf 85' lang='lat' dir='ltr'><strong>infirma.</strong></span> <span class='ocrx_word' id='word_1_340' title='bbox 1045 2170 1196 2243; x_wconf 82' lang='lat' dir='ltr'><strong>irrigandae</strong></span> <span class='ocrx_word' id='word_1_341' title='bbox 1210 2179 1273 2226; x_wconf 89' lang='lat' dir='ltr'><strong>sunt</strong></span> <span class='ocrx_word' id='word_1_342' title='bbox 1288 2177 1317 2226; x_wconf 94' lang='lat' dir='ltr'><strong>ut</strong></span> <span class='ocrx_word' id='word_1_343' title='bbox 1332 2178 1466 2240; x_wconf 88' lang='lat' dir='ltr'><strong>crescant,</strong></span> <span class='ocrx_word' id='word_1_344' title='bbox 1483 2175 1532 2228; x_wconf 91' lang='lat' dir='ltr'><strong>sed</strong></span> <span class='ocrx_word' id='word_1_345' title='bbox 1556 2174 1709 2246; x_wconf 90' lang='lat' dir='ltr'><strong>spirituali·</strong></span> 
     </span>
     <span class='ocr_line' id='line_1_24' title="bbox 70 2259 1708 2334; baseline 0 -16"><span class='ocrx_word' id='word_1_346' title='bbox 70 2264 231 2320; x_wconf 83' lang='lat' dir='ltr'><strong>deliciarum.</strong></span> <span class='ocrx_word' id='word_1_347' title='bbox 912 2259 964 2313; x_wconf 88' lang='lat' dir='ltr'><strong>bus</strong></span> <span class='ocrx_word' id='word_1_348' title='bbox 979 2260 1064 2331; x_wconf 88' lang='lat' dir='ltr'><strong>aquis.</strong></span> <span class='ocrx_word' id='word_1_349' title='bbox 1081 2259 1179 2314; x_wconf 84' lang='lat' dir='ltr'><strong>Paulus</strong></span> <span class='ocrx_word' id='word_1_350' title='bbox 1198 2260 1270 2316; x_wconf 90' lang='lat' dir='ltr'><strong>bene</strong></span> <span class='ocrx_word' id='word_1_351' title='bbox 1285 2259 1360 2316; x_wconf 83' lang='lat' dir='ltr'><strong>norit</strong></span> <span class='ocrx_word' id='word_1_352' title='bbox 1375 2259 1473 2331; x_wconf 90' lang='lat' dir='ltr'><strong>quibus</strong></span> <span class='ocrx_word' id='word_1_353' title='bbox 1492 2261 1569 2332; x_wconf 92' lang='lat' dir='ltr'><strong>aquis</strong></span> <span class='ocrx_word' id='word_1_354' title='bbox 1588 2263 1708 2334; x_wconf 91' lang='lat' dir='ltr'><strong>quemli-</strong></span> 
     </span>
    </p>

    <p class='ocr_par' dir='ltr' id='par_1_3' title="bbox 100 2341 1709 2423">
     <span class='ocr_line' id='line_1_25' title="bbox 100 2341 1709 2423; baseline 0 -16"><span class='ocrx_word' id='word_1_355' title='bbox 100 2356 124 2407; x_wconf 79' lang='grc' dir='ltr'><strong>ι.</strong></span> <span class='ocrx_word' id='word_1_356' title='bbox 138 2349 265 2421; x_wconf 87' lang='lat' dir='ltr'><strong>Denique</strong></span> <span class='ocrx_word' id='word_1_357' title='bbox 287 2361 371 2419; x_wconf 87' lang='lat' dir='ltr'><strong>quani</strong></span> <span class='ocrx_word' id='word_1_358' title='bbox 386 2343 478 2402; x_wconf 84' lang='lat' dir='ltr'><strong>varius</strong></span> <span class='ocrx_word' id='word_1_359' title='bbox 499 2353 525 2400; x_wconf 89' lang='lat' dir='ltr'><strong>et</strong></span> <span class='ocrx_word' id='word_1_360' title='bbox 547 2342 688 2415; x_wconf 87' lang='lat' dir='ltr'><strong>multiplex</strong></span> <span class='ocrx_word' id='word_1_361' title='bbox 711 2351 753 2399; x_wconf 90' lang='lat' dir='ltr'><strong>est</strong></span> <span class='ocrx_word' id='word_1_362' title='bbox 772 2341 857 2398; x_wconf 82' lang='lat' dir='ltr'><strong>coele-</strong></span> <span class='ocrx_word' id='word_1_363' title='bbox 912 2347 958 2402; x_wconf 90' lang='lat' dir='ltr'><strong>het</strong></span> <span class='ocrx_word' id='word_1_364' title='bbox 982 2348 1091 2403; x_wconf 91' lang='lat' dir='ltr'><strong>hortum</strong></span> <span class='ocrx_word' id='word_1_365' title='bbox 1124 2346 1231 2423; x_wconf 86' lang='lat' dir='ltr'><strong>irriget.</strong></span> <span class='ocrx_word' id='word_1_366' title='bbox 1262 2348 1422 2422; x_wconf 75' lang='lat' dir='ltr'><strong>conjugatis</strong></span> <span class='ocrx_word' id='word_1_367' title='bbox 1449 2351 1554 2420; x_wconf 83' lang='lat' dir='ltr'><strong>copulae</strong></span> <span class='ocrx_word' id='word_1_368' title='bbox 1578 2352 1709 2408; x_wconf 86' lang='lat' dir='ltr'><strong>maritalis</strong></span> 
     </span>
    </p>
   </div>
   <div class='ocr_carea' id='block_1_3' title="bbox 10 2420 1708 2511">
    <p class='ocr_par' dir='ltr' id='par_1_4' title="bbox 10 2420 1708 2511">
     <span class='ocr_line' id='line_1_26' title="bbox 10 2420 1708 2511; baseline -0.001 -15"><span class='ocrx_word' id='word_1_369' title='bbox 10 2420 13 2443; x_wconf 71' lang='lat'><em>¹</em></span> <span class='ocrx_word' id='word_1_370' title='bbox 71 2440 141 2496; x_wconf 88' lang='lat' dir='ltr'><strong>stium</strong></span> <span class='ocrx_word' id='word_1_371' title='bbox 162 2437 325 2495; x_wconf 90' lang='lat' dir='ltr'><strong>deliciarum</strong></span> <span class='ocrx_word' id='word_1_372' title='bbox 339 2434 448 2499; x_wconf 92' lang='lat' dir='ltr'><strong>modus,</strong></span> <span class='ocrx_word' id='word_1_373' title='bbox 464 2441 555 2488; x_wconf 85' lang='lat' dir='ltr'><strong>tantus</strong></span> <span class='ocrx_word' id='word_1_374' title='bbox 569 2433 676 2489; x_wconf 87' lang='lat' dir='ltr'><strong>ridetur</strong></span> <span class='ocrx_word' id='word_1_375' title='bbox 689 2439 715 2488; x_wconf 88' lang='lat' dir='ltr'><strong>et</strong></span> <span class='ocrx_word' id='word_1_376' title='bbox 730 2447 859 2486; x_wconf 89' lang='lat' dir='ltr'><strong>numerus</strong></span> <span class='ocrx_word' id='word_1_377' title='bbox 913 2451 993 2489; x_wconf 92' lang='lat' dir='ltr'><strong>usum</strong></span> <span class='ocrx_word' id='word_1_378' title='bbox 1007 2435 1147 2505; x_wconf 90' lang='lat' dir='ltr'><strong>dispensat</strong></span> <span class='ocrx_word' id='word_1_379' title='bbox 1160 2435 1185 2507; x_wconf 92' lang='lat' dir='ltr'><strong>(l</strong></span> <span class='ocrx_word' id='word_1_380' title='bbox 1200 2438 1261 2492; x_wconf 86' lang='lat' dir='ltr'><strong>Cor.</strong></span> <span class='ocrx_word' id='word_1_381' title='bbox 1278 2451 1326 2504; x_wconf 86' lang='lat' dir='ltr'><strong>vn,</strong></span> <span class='ocrx_word' id='word_1_382' title='bbox 1343 2439 1370 2500; x_wconf 85' lang='lat' dir='ltr'><strong>b,</strong></span> <span class='ocrx_word' id='word_1_383' title='bbox 1386 2436 1424 2506; x_wconf 88' lang='grc'><strong>6),</strong></span> <span class='ocrx_word' id='word_1_384' title='bbox 1440 2438 1601 2493; x_wconf 82' lang='grc' dir='ltr'><strong>εοιιεοιειιιι</strong></span> <span class='ocrx_word' id='word_1_385' title='bbox 1619 2441 1708 2511; x_wconf 84' lang='grc' dir='ltr'><strong>ριιειι-</strong></span> 
     </span>
    </p>
   </div>
   <div class='ocr_carea' id='block_1_4' title="bbox 54 2519 1793 5543">
    <p class='ocr_par' dir='ltr' id='par_1_5' title="bbox 54 2519 1793 5543">
     <span class='ocr_line' id='line_1_27' title="bbox 71 2519 1708 2595; baseline -0.001 -11"><span class='ocrx_word' id='word_1_386' title='bbox 71 2530 210 2585; x_wconf 87' lang='lat' dir='ltr'><strong>bortomm.</strong></span> <span class='ocrx_word' id='word_1_387' title='bbox 226 2525 319 2581; x_wconf 89' lang='lat' dir='ltr'><strong>lnalio</strong></span> <span class='ocrx_word' id='word_1_388' title='bbox 334 2524 434 2578; x_wconf 89' lang='lat' dir='ltr'><strong>rubent</strong></span> <span class='ocrx_word' id='word_1_389' title='bbox 447 2536 528 2590; x_wconf 83' lang='lat' dir='ltr'><strong>rosae,</strong></span> <span class='ocrx_word' id='word_1_390' title='bbox 543 2522 571 2575; x_wconf 94' lang='lat' dir='ltr'><strong>in</strong></span> <span class='ocrx_word' id='word_1_391' title='bbox 585 2520 639 2576; x_wconf 91' lang='lat' dir='ltr'><strong>alio</strong></span> <span class='ocrx_word' id='word_1_392' title='bbox 654 2520 770 2576; x_wconf 91' lang='lat' dir='ltr'><strong>candent</strong></span> <span class='ocrx_word' id='word_1_393' title='bbox 793 2519 857 2585; x_wconf 90' lang='lat' dir='ltr'><strong>lilia,</strong></span> <span class='ocrx_word' id='word_1_394' title='bbox 913 2523 1037 2591; x_wconf 88' lang='lat' dir='ltr'><strong>lanimes,</strong></span> <span class='ocrx_word' id='word_1_395' title='bbox 1059 2523 1171 2595; x_wconf 89' lang='lat' dir='ltr'><strong>suscipit</strong></span> <span class='ocrx_word' id='word_1_396' title='bbox 1190 2523 1319 2592; x_wconf 35' lang='lat' dir='ltr'><strong>,infirmos</strong></span> <span class='ocrx_word' id='word_1_397' title='bbox 1342 2524 1366 2595; x_wconf 94' lang='lat' dir='ltr'><strong>(l</strong></span> <span class='ocrx_word' id='word_1_398' title='bbox 1384 2526 1475 2581; x_wconf 79' lang='lat' dir='ltr'><strong>lbera.</strong></span> <span class='ocrx_word' id='word_1_399' title='bbox 1490 2542 1517 2590; x_wconf 89' lang='lat' dir='ltr'><strong>v,</strong></span> <span class='ocrx_word' id='word_1_400' title='bbox 1531 2528 1587 2593; x_wconf 74' lang='lat' dir='ltr'><strong>tt),</strong></span> <span class='ocrx_word' id='word_1_401' title='bbox 1608 2543 1708 2583; x_wconf 89' lang='lat' dir='ltr'><strong>carna-</strong></span> 
     </span>
     <span class='ocr_line' id='line_1_28' title="bbox 72 2608 1708 2688; baseline -0.002 -15"><span class='ocrx_word' id='word_1_402' title='bbox 72 2617 236 2688; x_wconf 87' lang='lat' dir='ltr'><strong>coloremque</strong></span> <span class='ocrx_word' id='word_1_403' title='bbox 258 2613 342 2668; x_wconf 85' lang='lat' dir='ltr'><strong>tiores</strong></span> <span class='ocrx_word' id='word_1_404' title='bbox 364 2611 445 2668; x_wconf 84' lang='lat' dir='ltr'><strong>violae</strong></span> <span class='ocrx_word' id='word_1_405' title='bbox 468 2626 637 2682; x_wconf 90' lang='lat' dir='ltr'><strong>purpureum</strong></span> <span class='ocrx_word' id='word_1_406' title='bbox 657 2608 784 2664; x_wconf 86' lang='lat' dir='ltr'><strong>reddunt.</strong></span> <span class='ocrx_word' id='word_1_407' title='bbox 809 2608 860 2663; x_wconf 90' lang='lat' dir='ltr'><strong>Tot</strong></span> <span class='ocrx_word' id='word_1_408' title='bbox 913 2611 985 2667; x_wconf 90' lang='lat' dir='ltr'><strong>libus</strong></span> <span class='ocrx_word' id='word_1_409' title='bbox 1009 2619 1103 2683; x_wconf 89' lang='lat' dir='ltr'><strong>potum</strong></span> <span class='ocrx_word' id='word_1_410' title='bbox 1126 2611 1168 2668; x_wconf 88' lang='lat' dir='ltr'><strong>lac</strong></span> <span class='ocrx_word' id='word_1_411' title='bbox 1183 2613 1287 2682; x_wconf 84' lang='lat' dir='ltr'><strong>praebet</strong></span> <span class='ocrx_word' id='word_1_412' title='bbox 1309 2611 1334 2684; x_wconf 75' lang='lat' dir='ltr'><strong>(l</strong></span> <span class='ocrx_word' id='word_1_413' title='bbox 1348 2613 1408 2669; x_wconf 83' lang='lat' dir='ltr'><strong>dor.</strong></span> <span class='ocrx_word' id='word_1_414' title='bbox 1423 2628 1464 2680; x_wconf 93' lang='grc' dir='ltr'><strong>ιιι,</strong></span> <span class='ocrx_word' id='word_1_415' title='bbox 1489 2616 1527 2685; x_wconf 76' lang='grc'><strong>2),</strong></span> <span class='ocrx_word' id='word_1_416' title='bbox 1547 2614 1708 2686; x_wconf 85' lang='lat' dir='ltr'><strong>sapientiam</strong></span> 
     </span>
     <span class='ocr_line' id='line_1_29' title="bbox 71 2697 1709 2775; baseline -0.002 -13"><span class='ocrx_word' id='word_1_417' title='bbox 71 2707 133 2762; x_wconf 84' lang='lat' dir='ltr'><strong>horti</strong></span> <span class='ocrx_word' id='word_1_418' title='bbox 144 2711 218 2771; x_wconf 88' lang='lat' dir='ltr'><strong>sunt,</strong></span> <span class='ocrx_word' id='word_1_419' title='bbox 241 2709 309 2775; x_wconf 87' lang='lat' dir='ltr'><strong>quot</strong></span> <span class='ocrx_word' id='word_1_420' title='bbox 320 2700 452 2758; x_wconf 83' lang='lat' dir='ltr'><strong>virtutum</strong></span> <span class='ocrx_word' id='word_1_421' title='bbox 475 2698 656 2770; x_wconf 83' lang='lat' dir='ltr'><strong>plantationes</strong></span> <span class='ocrx_word' id='word_1_422' title='bbox 676 2697 756 2752; x_wconf 81' lang='lat' dir='ltr'><strong>simul</strong></span> <span class='ocrx_word' id='word_1_423' title='bbox 773 2697 859 2753; x_wconf 91' lang='lat' dir='ltr'><strong>colle·</strong></span> <span class='ocrx_word' id='word_1_424' title='bbox 914 2701 1033 2774; x_wconf 91' lang='lat' dir='ltr'><strong>loquitur</strong></span> <span class='ocrx_word' id='word_1_425' title='bbox 1048 2700 1231 2771; x_wconf 86' lang='lat' dir='ltr'><strong>spiritualibus</strong></span> <span class='ocrx_word' id='word_1_426' title='bbox 1246 2700 1293 2772; x_wconf 91' lang='lat' dir='ltr'><strong>qui</strong></span> <span class='ocrx_word' id='word_1_427' title='bbox 1315 2700 1465 2770; x_wconf 88' lang='lat' dir='ltr'><strong>dijudicant</strong></span> <span class='ocrx_word' id='word_1_428' title='bbox 1480 2703 1582 2768; x_wconf 89' lang='lat' dir='ltr'><strong>omnia,</strong></span> <span class='ocrx_word' id='word_1_429' title='bbox 1596 2704 1709 2775; x_wconf 90' lang='lat' dir='ltr'><strong>sapien-</strong></span> 
     </span>
     <span class='ocr_line' id='line_1_30' title="bbox 70 2786 1709 2863; baseline -0.002 -13"><span class='ocrx_word' id='word_1_430' title='bbox 70 2803 113 2850; x_wconf 86' lang='lat' dir='ltr'><strong>cte</strong></span> <span class='ocrx_word' id='word_1_431' title='bbox 128 2813 134 2853; x_wconf 94' lang='lat'>:</span> <span class='ocrx_word' id='word_1_432' title='bbox 150 2794 198 2849; x_wconf 88' lang='lat' dir='ltr'><strong>nbi</strong></span> <span class='ocrx_word' id='word_1_433' title='bbox 212 2799 319 2846; x_wconf 89' lang='lat' dir='ltr'><strong>tantum</strong></span> <span class='ocrx_word' id='word_1_434' title='bbox 333 2789 385 2844; x_wconf 89' lang='lat' dir='ltr'><strong>llos</strong></span> <span class='ocrx_word' id='word_1_435' title='bbox 398 2804 469 2844; x_wconf 90' lang='lat' dir='ltr'><strong>unus</strong></span> <span class='ocrx_word' id='word_1_436' title='bbox 478 2795 531 2852; x_wconf 88' lang='grc' dir='ltr'><strong>εει,</strong></span> <span class='ocrx_word' id='word_1_437' title='bbox 543 2786 604 2858; x_wconf 91' lang='lat' dir='ltr'><strong>quis</strong></span> <span class='ocrx_word' id='word_1_438' title='bbox 618 2786 657 2841; x_wconf 91' lang='lat' dir='ltr'><strong>ibi</strong></span> <span class='ocrx_word' id='word_1_439' title='bbox 672 2786 782 2841; x_wconf 90' lang='lat' dir='ltr'><strong>bortum</strong></span> <span class='ocrx_word' id='word_1_440' title='bbox 797 2801 860 2842; x_wconf 90' lang='lat' dir='ltr'><strong>essa</strong></span> <span class='ocrx_word' id='word_1_441' title='bbox 914 2791 979 2846; x_wconf 90' lang='lat' dir='ltr'><strong>tiam</strong></span> <span class='ocrx_word' id='word_1_442' title='bbox 994 2796 1155 2845; x_wconf 88' lang='lat' dir='ltr'><strong>autemnon</strong></span> <span class='ocrx_word' id='word_1_443' title='bbox 1173 2788 1255 2857; x_wconf 88' lang='lat' dir='ltr'><strong>hujus</strong></span> <span class='ocrx_word' id='word_1_444' title='bbox 1269 2788 1374 2860; x_wconf 79' lang='lat' dir='ltr'><strong>secuti,</strong></span> <span class='ocrx_word' id='word_1_445' title='bbox 1390 2790 1439 2844; x_wconf 95' lang='lat' dir='ltr'><strong>sed</strong></span> <span class='ocrx_word' id='word_1_446' title='bbox 1454 2804 1516 2860; x_wconf 81' lang='lat' dir='ltr'><strong>quae</strong></span> <span class='ocrx_word' id='word_1_447' title='bbox 1531 2804 1565 2845; x_wconf 85' lang='lat' dir='ltr'><strong>ex</strong></span> <span class='ocrx_word' id='word_1_448' title='bbox 1583 2790 1642 2847; x_wconf 86' lang='lat' dir='ltr'><strong>Deo</strong></span> <span class='ocrx_word' id='word_1_449' title='bbox 1657 2800 1709 2863; x_wconf 89' lang='lat' dir='ltr'><strong>est,</strong></span> 
     </span>
     <span class='ocr_line' id='line_1_31' title="bbox 69 2873 1711 2954; baseline -0.001 -16"><span class='ocrx_word' id='word_1_450' title='bbox 69 2881 197 2940; x_wconf 75' lang='lat' dir='ltr'><strong>deliniat?</strong></span> <span class='ocrx_word' id='word_1_451' title='bbox 218 2880 267 2936; x_wconf 90' lang='lat' dir='ltr'><strong>Sic</strong></span> <span class='ocrx_word' id='word_1_452' title='bbox 281 2894 332 2954; x_wconf 83' lang='lat' dir='ltr'><strong>uec</strong></span> <span class='ocrx_word' id='word_1_453' title='bbox 351 2893 406 2934; x_wconf 91' lang='lat' dir='ltr'><strong>una</strong></span> <span class='ocrx_word' id='word_1_454' title='bbox 427 2875 558 2933; x_wconf 87' lang='lat' dir='ltr'><strong>castitatis</strong></span> <span class='ocrx_word' id='word_1_455' title='bbox 581 2874 722 2947; x_wconf 87' lang='lat' dir='ltr'><strong>plantatio,</strong></span> <span class='ocrx_word' id='word_1_456' title='bbox 738 2873 786 2930; x_wconf 89' lang='lat' dir='ltr'><strong>sed</strong></span> <span class='ocrx_word' id='word_1_457' title='bbox 811 2889 862 2930; x_wconf 87' lang='lat' dir='ltr'><strong>nec</strong></span> <span class='ocrx_word' id='word_1_458' title='bbox 915 2877 1074 2950; x_wconf 89' lang='lat' dir='ltr'><strong>sapientiam</strong></span> <span class='ocrx_word' id='word_1_459' title='bbox 1101 2876 1292 2933; x_wconf 88' lang='lat' dir='ltr'><strong>absconditam</strong></span> <span class='ocrx_word' id='word_1_460' title='bbox 1320 2875 1349 2932; x_wconf 93' lang='lat' dir='ltr'><strong>in</strong></span> <span class='ocrx_word' id='word_1_461' title='bbox 1377 2877 1519 2948; x_wconf 79' lang='lat' dir='ltr'><strong>mysterio.</strong></span> <span class='ocrx_word' id='word_1_462' title='bbox 1544 2879 1578 2933; x_wconf 85' lang='lat' dir='ltr'><strong>Et</strong></span> <span class='ocrx_word' id='word_1_463' title='bbox 1602 2879 1625 2933; x_wconf 91' lang='lat' dir='ltr'><strong>si</strong></span> <span class='ocrx_word' id='word_1_464' title='bbox 1649 2879 1711 2952; x_wconf 88' lang='lat' dir='ltr'><strong>quis</strong></span> 
     </span>
     <span class='ocr_line' id='line_1_32' title="bbox 68 2957 1710 3075; baseline -0.002 -48"><span class='ocrx_word' id='word_1_465' title='bbox 68 2989 114 3027; x_wconf 84' lang='lat' dir='ltr'><strong>una</strong></span> <span class='ocrx_word' id='word_1_466' title='bbox 125 2969 242 3044; x_wconf 84' lang='lat' dir='ltr'><strong>justitiae</strong></span> <span class='ocrx_word' id='word_1_467' title='bbox 256 2967 328 3024; x_wconf 90' lang='lat' dir='ltr'><strong>horti</strong></span> <span class='ocrx_word' id='word_1_468' title='bbox 342 2973 433 3040; x_wconf 87' lang='lat' dir='ltr'><strong>potest</strong></span> <span class='ocrx_word' id='word_1_469' title='bbox 446 2965 631 3038; x_wconf 80' lang='lat' dir='ltr'><strong>integritatem</strong></span> <span class='ocrx_word' id='word_1_470' title='bbox 646 2957 765 3036; x_wconf 85' lang='lat' dir='ltr'><strong>explere.</strong></span> <span class='ocrx_word' id='word_1_471' title='bbox 781 2962 861 3019; x_wconf 90' lang='lat' dir='ltr'><strong>Salo·</strong></span> <span class='ocrx_word' id='word_1_472' title='bbox 877 2996 900 3075; x_wconf 64' lang='lat' dir='ltr'>e</span> <span class='ocrx_word' id='word_1_473' title='bbox 916 2966 987 3022; x_wconf 89' lang='lat' dir='ltr'><strong>elius</strong></span> <span class='ocrx_word' id='word_1_474' title='bbox 999 2965 1119 3037; x_wconf 91' lang='lat' dir='ltr'><strong>loquitur</strong></span> <span class='ocrx_word' id='word_1_475' title='bbox 1139 2964 1267 3022; x_wconf 89' lang='lat' dir='ltr'><strong>decorem</strong></span> <span class='ocrx_word' id='word_1_476' title='bbox 1291 2964 1388 3021; x_wconf 91' lang='lat' dir='ltr'><strong>domus</strong></span> <span class='ocrx_word' id='word_1_477' title='bbox 1411 2965 1529 3033; x_wconf 87' lang='lat' dir='ltr'><strong>Domini,</strong></span> <span class='ocrx_word' id='word_1_478' title='bbox 1546 2965 1635 3023; x_wconf 88' lang='lat' dir='ltr'><strong>locum</strong></span> <span class='ocrx_word' id='word_1_479' title='bbox 1658 2970 1710 3023; x_wconf 90' lang='lat' dir='ltr'><strong>ha·</strong></span> 
     </span>
     <span class='ocr_line' id='line_1_33' title="bbox 67 3053 1710 3134; baseline -0.003 -17"><span class='ocrx_word' id='word_1_480' title='bbox 67 3076 124 3117; x_wconf 89' lang='lat' dir='ltr'><strong>mon</strong></span> <span class='ocrx_word' id='word_1_481' title='bbox 138 3059 188 3134; x_wconf 90' lang='lat' dir='ltr'><strong>qui</strong></span> <span class='ocrx_word' id='word_1_482' title='bbox 202 3057 337 3114; x_wconf 86' lang='lat' dir='ltr'><strong>delicatus</strong></span> <span class='ocrx_word' id='word_1_483' title='bbox 351 3064 379 3112; x_wconf 90' lang='lat' dir='ltr'><strong>et</strong></span> <span class='ocrx_word' id='word_1_484' title='bbox 391 3054 514 3123; x_wconf 78' lang='lat' dir='ltr'><strong>¹tenellus</strong></span> <span class='ocrx_word' id='word_1_485' title='bbox 529 3053 619 3109; x_wconf 90' lang='lat' dir='ltr'><strong>dictus</strong></span> <span class='ocrx_word' id='word_1_486' title='bbox 643 3060 685 3109; x_wconf 92' lang='lat' dir='ltr'><strong>est</strong></span> <span class='ocrx_word' id='word_1_487' title='bbox 709 3053 802 3125; x_wconf 84' lang='lat' dir='ltr'><strong>(Pron.</strong></span> <span class='ocrx_word' id='word_1_488' title='bbox 822 3067 858 3118; x_wconf 84' lang='lat' dir='ltr'><strong>tv,</strong></span> <span class='ocrx_word' id='word_1_489' title='bbox 916 3053 1054 3111; x_wconf 78' lang='lat' dir='ltr'><strong>litationis</strong></span> <span class='ocrx_word' id='word_1_490' title='bbox 1074 3053 1169 3128; x_wconf 78' lang='lat' dir='ltr'><strong>gloriae</strong></span> <span class='ocrx_word' id='word_1_491' title='bbox 1194 3054 1264 3124; x_wconf 85' lang='lat' dir='ltr'><strong>ejus,</strong></span> <span class='ocrx_word' id='word_1_492' title='bbox 1290 3053 1402 3108; x_wconf 88' lang='lat' dir='ltr'><strong>thalami</strong></span> <span class='ocrx_word' id='word_1_493' title='bbox 1428 3054 1551 3123; x_wconf 87' lang='lat' dir='ltr'><strong>delicias,</strong></span> <span class='ocrx_word' id='word_1_494' title='bbox 1580 3056 1710 3129; x_wconf 81' lang='lat' dir='ltr'><strong>gaudium</strong></span> 
     </span>
     <span class='ocr_line' id='line_1_34' title="bbox 64 3140 1710 3222; baseline -0.003 -16"><span class='ocrx_word' id='word_1_495' title='bbox 64 3154 99 3220; x_wconf 80' lang='grc'><strong>3),</strong></span> <span class='ocrx_word' id='word_1_496' title='bbox 114 3150 175 3222; x_wconf 91' lang='lat' dir='ltr'><strong>ipse</strong></span> <span class='ocrx_word' id='word_1_497' title='bbox 190 3146 246 3204; x_wconf 87' lang='lat' dir='ltr'><strong>sibi</strong></span> <span class='ocrx_word' id='word_1_498' title='bbox 257 3145 323 3203; x_wconf 89' lang='lat' dir='ltr'><strong>fecit</strong></span> <span class='ocrx_word' id='word_1_499' title='bbox 335 3146 431 3202; x_wconf 88' lang='lat' dir='ltr'><strong>hortos</strong></span> <span class='ocrx_word' id='word_1_500' title='bbox 445 3153 472 3200; x_wconf 89' lang='grc' dir='ltr'><strong>ει</strong></span> <span class='ocrx_word' id='word_1_501' title='bbox 487 3141 617 3215; x_wconf 87' lang='lat' dir='ltr'><strong>pomaria,</strong></span> <span class='ocrx_word' id='word_1_502' title='bbox 635 3148 662 3197; x_wconf 89' lang='lat' dir='ltr'><strong>et</strong></span> <span class='ocrx_word' id='word_1_503' title='bbox 688 3140 811 3198; x_wconf 80' lang='lat' dir='ltr'><strong>consevit</strong></span> <span class='ocrx_word' id='word_1_504' title='bbox 826 3155 860 3195; x_wconf 87' lang='lat' dir='ltr'><strong>ca</strong></span> <span class='ocrx_word' id='word_1_505' title='bbox 916 3160 970 3218; x_wconf 94' lang='lat' dir='ltr'><strong>quo</strong></span> <span class='ocrx_word' id='word_1_506' title='bbox 984 3142 1086 3218; x_wconf 77' lang='lat' dir='ltr'><strong>gaudet</strong></span> <span class='ocrx_word' id='word_1_507' title='bbox 1100 3157 1216 3215; x_wconf 93' lang='lat' dir='ltr'><strong>sponsus</strong></span> <span class='ocrx_word' id='word_1_508' title='bbox 1230 3159 1314 3215; x_wconf 90' lang='lat' dir='ltr'><strong>super</strong></span> <span class='ocrx_word' id='word_1_509' title='bbox 1324 3158 1463 3215; x_wconf 89' lang='lat' dir='ltr'><strong>sponsam,</strong></span> <span class='ocrx_word' id='word_1_510' title='bbox 1479 3152 1506 3199; x_wconf 88' lang='lat' dir='ltr'><strong>et</strong></span> <span class='ocrx_word' id='word_1_511' title='bbox 1522 3161 1577 3217; x_wconf 90' lang='lat' dir='ltr'><strong>quo</strong></span> <span class='ocrx_word' id='word_1_512' title='bbox 1590 3145 1710 3202; x_wconf 87' lang='lat' dir='ltr'><strong>vicissim</strong></span> 
     </span>
     <span class='ocr_line' id='line_1_35' title="bbox 62 3216 1710 3312; baseline -0.004 -17"><span class='ocrx_word' id='word_1_513' title='bbox 62 3239 152 3295; x_wconf 83' lang='lat' dir='ltr'><strong>cuncti</strong></span> <span class='ocrx_word' id='word_1_514' title='bbox 181 3235 293 3312; x_wconf 73' lang='lat' dir='ltr'><strong>generis</strong></span> <span class='ocrx_word' id='word_1_515' title='bbox 320 3231 477 3290; x_wconf 89' lang='lat' dir='ltr'><strong>arboribus.</strong></span> <span class='ocrx_word' id='word_1_516' title='bbox 502 3233 574 3297; x_wconf 87' lang='lat' dir='ltr'><strong>Non,</strong></span> <span class='ocrx_word' id='word_1_517' title='bbox 598 3230 706 3287; x_wconf 80' lang='lat' dir='ltr'><strong>Arbore</strong></span> <span class='ocrx_word' id='word_1_518' title='bbox 737 3231 859 3296; x_wconf 83' lang='lat' dir='ltr'><strong>consevi,</strong></span> <span class='ocrx_word' id='word_1_519' title='bbox 916 3234 976 3304; x_wconf 91' lang='lat' dir='ltr'><strong>ipsa</strong></span> <span class='ocrx_word' id='word_1_520' title='bbox 988 3231 1494 3305; x_wconf 77' lang='lat' dir='ltr'><strong>gaudensgaudetinbomiuo;plane</strong></span> <span class='ocrx_word' id='word_1_521' title='bbox 1507 3230 1587 3290; x_wconf 69' lang='lat' dir='ltr'><strong>m</strong></span> <span class='ocrx_word' id='word_1_522' title='bbox 1601 3216 1710 3291; x_wconf 90' lang='lat' dir='ltr'><strong>hicnon</strong></span> 
     </span>
     <span class='ocr_line' id='line_1_36' title="bbox 57 3316 1710 3401; baseline -0.002 -21"><span class='ocrx_word' id='word_1_523' title='bbox 57 3327 169 3401; x_wconf 85' lang='lat' dir='ltr'><strong>inquit,</strong></span> <span class='ocrx_word' id='word_1_524' title='bbox 184 3325 243 3391; x_wconf 90' lang='lat' dir='ltr'><strong>sed,</strong></span> <span class='ocrx_word' id='word_1_525' title='bbox 259 3321 404 3382; x_wconf 81' lang='lat' dir='ltr'><strong>arboribus</strong></span> <span class='ocrx_word' id='word_1_526' title='bbox 428 3340 437 3377; x_wconf 80' lang='lat' dir='ltr'><strong>r</strong></span> <span class='ocrx_word' id='word_1_527' title='bbox 461 3334 523 3391; x_wconf 89' lang='lat' dir='ltr'><strong>nec,</strong></span> <span class='ocrx_word' id='word_1_528' title='bbox 539 3318 624 3374; x_wconf 88' lang='lat' dir='ltr'><strong>Unius</strong></span> <span class='ocrx_word' id='word_1_529' title='bbox 645 3316 774 3390; x_wconf 79' lang='lat' dir='ltr'><strong>generis;</strong></span> <span class='ocrx_word' id='word_1_530' title='bbox 800 3316 859 3383; x_wconf 89' lang='lat' dir='ltr'><strong>sed,</strong></span> <span class='ocrx_word' id='word_1_531' title='bbox 917 3323 1024 3376; x_wconf 90' lang='lat' dir='ltr'><strong>hortum</strong></span> <span class='ocrx_word' id='word_1_532' title='bbox 1043 3321 1149 3377; x_wconf 88' lang='lat' dir='ltr'><strong>olerum</strong></span> <span class='ocrx_word' id='word_1_533' title='bbox 1172 3320 1286 3391; x_wconf 80' lang='lat' dir='ltr'><strong>irrigare</strong></span> <span class='ocrx_word' id='word_1_534' title='bbox 1303 3319 1401 3375; x_wconf 88' lang='lat' dir='ltr'><strong>talibus</strong></span> <span class='ocrx_word' id='word_1_535' title='bbox 1426 3321 1507 3376; x_wconf 89' lang='lat' dir='ltr'><strong>debet</strong></span> <span class='ocrx_word' id='word_1_536' title='bbox 1526 3322 1612 3393; x_wconf 89' lang='lat' dir='ltr'><strong>aquis.</strong></span> <span class='ocrx_word' id='word_1_537' title='bbox 1641 3323 1710 3378; x_wconf 82' lang='lat' dir='ltr'><strong>Aui-</strong></span> 
     </span>
     <span class='ocr_line' id='line_1_37' title="bbox 57 3407 1711 3486; baseline -0.005 -12"><span class='ocrx_word' id='word_1_538' title='bbox 57 3416 158 3474; x_wconf 83' lang='lat' dir='ltr'><strong>cnncti</strong></span> <span class='ocrx_word' id='word_1_539' title='bbox 167 3416 288 3486; x_wconf 70' lang='lat' dir='ltr'><strong>amris.</strong></span> <span class='ocrx_word' id='word_1_540' title='bbox 297 3408 552 3480; x_wconf 66' lang='lat' dir='ltr'><strong>Ecetraniinqmt,</strong></span> <span class='ocrx_word' id='word_1_541' title='bbox 562 3407 634 3463; x_wconf 80' lang='lat' dir='ltr'><strong>mihi</strong></span> <span class='ocrx_word' id='word_1_542' title='bbox 641 3407 861 3479; x_wconf 73' lang='lat' dir='ltr'><strong>piscinamque·</strong></span> <span class='ocrx_word' id='word_1_543' title='bbox 917 3411 996 3466; x_wconf 89' lang='lat' dir='ltr'><strong>malis</strong></span> <span class='ocrx_word' id='word_1_544' title='bbox 1009 3409 1081 3466; x_wconf 90' lang='lat' dir='ltr'><strong>enim</strong></span> <span class='ocrx_word' id='word_1_545' title='bbox 1096 3410 1177 3465; x_wconf 91' lang='lat' dir='ltr'><strong>bomo</strong></span> <span class='ocrx_word' id='word_1_546' title='bbox 1191 3424 1247 3466; x_wconf 93' lang='lat' dir='ltr'><strong>non</strong></span> <span class='ocrx_word' id='word_1_547' title='bbox 1260 3407 1377 3480; x_wconf 88' lang='lat' dir='ltr'><strong>percipit</strong></span> <span class='ocrx_word' id='word_1_548' title='bbox 1395 3423 1427 3464; x_wconf 89' lang='lat' dir='ltr'><strong>ea</strong></span> <span class='ocrx_word' id='word_1_549' title='bbox 1442 3425 1503 3481; x_wconf 87' lang='lat' dir='ltr'><strong>quae</strong></span> <span class='ocrx_word' id='word_1_550' title='bbox 1523 3418 1586 3465; x_wconf 89' lang='lat' dir='ltr'><strong>sunt</strong></span> <span class='ocrx_word' id='word_1_551' title='bbox 1600 3411 1711 3481; x_wconf 88' lang='lat' dir='ltr'><strong>spiritus</strong></span> 
     </span>
     <span class='ocr_line' id='line_1_38' title="bbox 56 3494 1711 3574; baseline -0.005 -10"><span class='ocrx_word' id='word_1_552' title='bbox 56 3522 134 3569; x_wconf 84' lang='lat' dir='ltr'><strong>rum,</strong></span> <span class='ocrx_word' id='word_1_553' title='bbox 149 3498 457 3574; x_wconf 74' lang='lat' dir='ltr'><strong>ntirricarcmsiloam</strong></span> <span class='ocrx_word' id='word_1_554' title='bbox 476 3497 620 3570; x_wconf 76' lang='lat' dir='ltr'><strong>liquorum</strong></span> <span class='ocrx_word' id='word_1_555' title='bbox 633 3494 861 3568; x_wconf 71' lang='lat' dir='ltr'><strong>cominantium</strong></span> <span class='ocrx_word' id='word_1_556' title='bbox 917 3500 966 3557; x_wconf 87' lang='lat' dir='ltr'><strong>Dei</strong></span> <span class='ocrx_word' id='word_1_557' title='bbox 990 3500 1016 3570; x_wconf 76' lang='lat' dir='ltr'><strong>(l</strong></span> <span class='ocrx_word' id='word_1_558' title='bbox 1029 3501 1090 3556; x_wconf 83' lang='lat' dir='ltr'><strong>dor.</strong></span> <span class='ocrx_word' id='word_1_559' title='bbox 1114 3514 1144 3566; x_wconf 94' lang='grc' dir='ltr'><strong>ιι,</strong></span> <span class='ocrx_word' id='word_1_560' title='bbox 1161 3502 1187 3564; x_wconf 84' lang='lat' dir='ltr'><strong>b,</strong></span> <span class='ocrx_word' id='word_1_561' title='bbox 1204 3501 1231 3565; x_wconf 86' lang='grc'><strong>7,</strong></span> <span class='ocrx_word' id='word_1_562' title='bbox 1255 3501 1298 3566; x_wconf 80' lang='grc'><strong>15,</strong></span> <span class='ocrx_word' id='word_1_563' title='bbox 1315 3497 1370 3568; x_wconf 76' lang='lat' dir='ltr'><strong>tt).</strong></span> <span class='ocrx_word' id='word_1_564' title='bbox 1396 3498 1430 3551; x_wconf 83' lang='lat' dir='ltr'><strong>lit</strong></span> <span class='ocrx_word' id='word_1_565' title='bbox 1455 3498 1566 3552; x_wconf 89' lang='lat' dir='ltr'><strong>omuino</strong></span> <span class='ocrx_word' id='word_1_566' title='bbox 1587 3500 1711 3572; x_wconf 83' lang='lat' dir='ltr'><strong>quisquis</strong></span> 
     </span>
     <span class='ocr_line' id='line_1_39' title="bbox 55 3579 1744 3668; baseline -0.005 -17"><span class='ocrx_word' id='word_1_567' title='bbox 55 3596 168 3668; x_wconf 72' lang='lat' dir='ltr'><strong>(Baete.</strong></span> <span class='ocrx_word' id='word_1_568' title='bbox 183 3606 215 3660; x_wconf 94' lang='grc' dir='ltr'><strong>ιι,</strong></span> <span class='ocrx_word' id='word_1_569' title='bbox 229 3593 255 3655; x_wconf 82' lang='lat' dir='ltr'><strong>b,</strong></span> <span class='ocrx_word' id='word_1_570' title='bbox 271 3590 310 3661; x_wconf 81' lang='grc'><strong>6).</strong></span> <span class='ocrx_word' id='word_1_571' title='bbox 330 3581 413 3644; x_wconf 81' lang='lat' dir='ltr'><strong>Diues</strong></span> <span class='ocrx_word' id='word_1_572' title='bbox 426 3585 537 3659; x_wconf 90' lang='lat' dir='ltr'><strong>quidem</strong></span> <span class='ocrx_word' id='word_1_573' title='bbox 560 3584 588 3640; x_wconf 93' lang='lat' dir='ltr'><strong>in</strong></span> <span class='ocrx_word' id='word_1_574' title='bbox 613 3582 728 3650; x_wconf 89' lang='lat' dir='ltr'><strong>deliciis,</strong></span> <span class='ocrx_word' id='word_1_575' title='bbox 745 3583 790 3655; x_wconf 91' lang='lat' dir='ltr'><strong>qui</strong></span> <span class='ocrx_word' id='word_1_576' title='bbox 805 3598 861 3638; x_wconf 93' lang='lat' dir='ltr'><strong>uon</strong></span> <span class='ocrx_word' id='word_1_577' title='bbox 904 3579 1066 3659; x_wconf 81' lang='lat' dir='ltr'><strong>&#39;spirituaha</strong></span> <span class='ocrx_word' id='word_1_578' title='bbox 1094 3585 1137 3642; x_wconf 88' lang='lat' dir='ltr'><strong>vel</strong></span> <span class='ocrx_word' id='word_1_579' title='bbox 1160 3586 1268 3658; x_wconf 83' lang='lat' dir='ltr'><strong>agenda</strong></span> <span class='ocrx_word' id='word_1_580' title='bbox 1303 3584 1436 3656; x_wconf 78' lang='lat' dir='ltr'><strong>precipit,</strong></span> <span class='ocrx_word' id='word_1_581' title='bbox 1461 3586 1505 3642; x_wconf 89' lang='lat' dir='ltr'><strong>vel</strong></span> <span class='ocrx_word' id='word_1_582' title='bbox 1530 3586 1710 3659; x_wconf 83' lang='lat' dir='ltr'><strong>intelhgenda</strong></span> <span class='ocrx_word' id='word_1_583' title='bbox 1741 3584 1744 3589; x_wconf 78' lang='grc'><strong>’</strong></span> 
     </span>
     <span class='ocr_line' id='line_1_40' title="bbox 54 3671 1711 3754; baseline -0.001 -18"><span class='ocrx_word' id='word_1_584' title='bbox 54 3697 122 3749; x_wconf 79' lang='lat' dir='ltr'><strong>rara</strong></span> <span class='ocrx_word' id='word_1_585' title='bbox 136 3681 225 3754; x_wconf 78' lang='lat' dir='ltr'><strong>ligna,</strong></span> <span class='ocrx_word' id='word_1_586' title='bbox 240 3686 267 3734; x_wconf 91' lang='lat' dir='ltr'><strong>ct</strong></span> <span class='ocrx_word' id='word_1_587' title='bbox 281 3693 343 3749; x_wconf 82' lang='lat' dir='ltr'><strong>quae</strong></span> <span class='ocrx_word' id='word_1_588' title='bbox 357 3692 415 3747; x_wconf 84' lang='lat' dir='ltr'><strong>prae</strong></span> <span class='ocrx_word' id='word_1_589' title='bbox 428 3674 566 3747; x_wconf 86' lang='lat' dir='ltr'><strong>paucitate</strong></span> <span class='ocrx_word' id='word_1_590' title='bbox 578 3672 716 3728; x_wconf 89' lang='lat' dir='ltr'><strong>numerari</strong></span> <span class='ocrx_word' id='word_1_591' title='bbox 731 3679 759 3728; x_wconf 89' lang='lat' dir='ltr'><strong>et</strong></span> <span class='ocrx_word' id='word_1_592' title='bbox 778 3671 862 3727; x_wconf 89' lang='lat' dir='ltr'><strong>scribi</strong></span> <span class='ocrx_word' id='word_1_593' title='bbox 918 3675 1053 3748; x_wconf 91' lang='lat' dir='ltr'><strong>proponit,</strong></span> <span class='ocrx_word' id='word_1_594' title='bbox 1076 3688 1166 3730; x_wconf 90' lang='lat' dir='ltr'><strong>nonne</strong></span> <span class='ocrx_word' id='word_1_595' title='bbox 1191 3673 1240 3729; x_wconf 93' lang='lat' dir='ltr'><strong>tibi</strong></span> <span class='ocrx_word' id='word_1_596' title='bbox 1261 3673 1368 3730; x_wconf 87' lang='lat' dir='ltr'><strong>videtur</strong></span> <span class='ocrx_word' id='word_1_597' title='bbox 1395 3674 1550 3731; x_wconf 88' lang='lat' dir='ltr'><strong>aromaticis</strong></span> <span class='ocrx_word' id='word_1_598' title='bbox 1574 3675 1602 3729; x_wconf 94' lang='lat' dir='ltr'><strong>in</strong></span> <span class='ocrx_word' id='word_1_599' title='bbox 1625 3677 1711 3734; x_wconf 90' lang='lat' dir='ltr'><strong>bortis</strong></span> 
     </span>
     <span class='ocr_line' id='line_1_41' title="bbox 54 3761 1712 3845; baseline -0.001 -21"><span class='ocrx_word' id='word_1_600' title='bbox 54 3777 189 3845; x_wconf 85' lang='lat' dir='ltr'><strong>possent,</strong></span> <span class='ocrx_word' id='word_1_601' title='bbox 213 3767 262 3823; x_wconf 88' lang='lat' dir='ltr'><strong>sed</strong></span> <span class='ocrx_word' id='word_1_602' title='bbox 282 3766 420 3838; x_wconf 77' lang='lat' dir='ltr'><strong>integram</strong></span> <span class='ocrx_word' id='word_1_603' title='bbox 442 3763 562 3834; x_wconf 89' lang='lat' dir='ltr'><strong>possedit</strong></span> <span class='ocrx_word' id='word_1_604' title='bbox 582 3762 689 3832; x_wconf 85' lang='lat' dir='ltr'><strong>silvam,</strong></span> <span class='ocrx_word' id='word_1_605' title='bbox 710 3761 806 3818; x_wconf 84' lang='lat' dir='ltr'><strong>silvam</strong></span> <span class='ocrx_word' id='word_1_606' title='bbox 830 3761 864 3816; x_wconf 90' lang='lat' dir='ltr'><strong>li·</strong></span> <span class='ocrx_word' id='word_1_607' title='bbox 917 3766 995 3840; x_wconf 90' lang='lat' dir='ltr'><strong>quasi</strong></span> <span class='ocrx_word' id='word_1_608' title='bbox 1010 3766 1072 3821; x_wconf 92' lang='lat' dir='ltr'><strong>fons</strong></span> <span class='ocrx_word' id='word_1_609' title='bbox 1094 3779 1179 3835; x_wconf 91' lang='lat' dir='ltr'><strong>purus</strong></span> <span class='ocrx_word' id='word_1_610' title='bbox 1193 3763 1332 3820; x_wconf 82' lang='lat' dir='ltr'><strong>manare?</strong></span> <span class='ocrx_word' id='word_1_611' title='bbox 1350 3763 1385 3818; x_wconf 82' lang='lat' dir='ltr'><strong>tn</strong></span> <span class='ocrx_word' id='word_1_612' title='bbox 1403 3764 1474 3820; x_wconf 89' lang='lat' dir='ltr'><strong>bene</strong></span> <span class='ocrx_word' id='word_1_613' title='bbox 1488 3781 1582 3836; x_wconf 88' lang='lat' dir='ltr'><strong>purus,</strong></span> <span class='ocrx_word' id='word_1_614' title='bbox 1598 3766 1641 3822; x_wconf 89' lang='lat' dir='ltr'><strong>cui</strong></span> <span class='ocrx_word' id='word_1_615' title='bbox 1656 3783 1712 3825; x_wconf 94' lang='lat' dir='ltr'><strong>nou</strong></span> 
     </span>
     <span class='ocr_line' id='line_1_42' title="bbox 56 3850 1710 3936; baseline -0.002 -21"><span class='ocrx_word' id='word_1_616' title='bbox 56 3874 182 3936; x_wconf 71' lang='lat' dir='ltr'><strong>guonem</strong></span> <span class='ocrx_word' id='word_1_617' title='bbox 204 3853 426 3930; x_wconf 78' lang='lat' dir='ltr'><strong>germinantium.</strong></span> <span class='ocrx_word' id='word_1_618' title='bbox 442 3853 472 3907; x_wconf 94' lang='lat' dir='ltr'><strong>lu</strong></span> <span class='ocrx_word' id='word_1_619' title='bbox 497 3854 574 3909; x_wconf 83' lang='lat' dir='ltr'><strong>horto</strong></span> <span class='ocrx_word' id='word_1_620' title='bbox 598 3850 698 3923; x_wconf 93' lang='lat' dir='ltr'><strong>quippe</strong></span> <span class='ocrx_word' id='word_1_621' title='bbox 720 3852 862 3924; x_wconf 83' lang='lat' dir='ltr'><strong>sapientiae</strong></span> <span class='ocrx_word' id='word_1_622' title='bbox 919 3864 961 3913; x_wconf 88' lang='grc' dir='ltr'><strong>εει</strong></span> <span class='ocrx_word' id='word_1_623' title='bbox 974 3868 1088 3911; x_wconf 84' lang='lat' dir='ltr'><strong>necesse</strong></span> <span class='ocrx_word' id='word_1_624' title='bbox 1101 3860 1213 3925; x_wconf 89' lang='lat' dir='ltr'><strong>propter</strong></span> <span class='ocrx_word' id='word_1_625' title='bbox 1227 3853 1381 3909; x_wconf 91' lang='lat' dir='ltr'><strong>auditorum</strong></span> <span class='ocrx_word' id='word_1_626' title='bbox 1396 3852 1606 3926; x_wconf 85' lang='lat' dir='ltr'><strong>perfectionem,</strong></span> <span class='ocrx_word' id='word_1_627' title='bbox 1623 3855 1710 3928; x_wconf 88' lang='lat' dir='ltr'><strong>quiin</strong></span> 
     </span>
     <span class='ocr_line' id='line_1_43' title="bbox 55 3941 1712 4017; baseline -0.001 -13"><span class='ocrx_word' id='word_1_628' title='bbox 55 3949 128 4006; x_wconf 91' lang='lat' dir='ltr'><strong>nibil</strong></span> <span class='ocrx_word' id='word_1_629' title='bbox 142 3945 249 4016; x_wconf 87' lang='lat' dir='ltr'><strong>sterile,</strong></span> <span class='ocrx_word' id='word_1_630' title='bbox 264 3943 302 3999; x_wconf 93' lang='lat' dir='ltr'><strong>nil</strong></span> <span class='ocrx_word' id='word_1_631' title='bbox 316 3959 372 4000; x_wconf 92' lang='lat' dir='ltr'><strong>non</strong></span> <span class='ocrx_word' id='word_1_632' title='bbox 393 3941 563 4016; x_wconf 80' lang='lat' dir='ltr'><strong>germinans.</strong></span> <span class='ocrx_word' id='word_1_633' title='bbox 579 3941 625 3996; x_wconf 88' lang='lat' dir='ltr'><strong>Sic</strong></span> <span class='ocrx_word' id='word_1_634' title='bbox 639 3951 667 3996; x_wconf 92' lang='lat' dir='ltr'><strong>et</strong></span> <span class='ocrx_word' id='word_1_635' title='bbox 682 3955 783 4010; x_wconf 90' lang='lat' dir='ltr'><strong>sponsa</strong></span> <span class='ocrx_word' id='word_1_636' title='bbox 797 3942 860 4013; x_wconf 92' lang='lat' dir='ltr'><strong>plu·</strong></span> <span class='ocrx_word' id='word_1_637' title='bbox 919 3945 1004 4002; x_wconf 90' lang='lat' dir='ltr'><strong>hortis</strong></span> <span class='ocrx_word' id='word_1_638' title='bbox 1023 3943 1185 4008; x_wconf 90' lang='lat' dir='ltr'><strong>auscultant,</strong></span> <span class='ocrx_word' id='word_1_639' title='bbox 1211 3942 1263 3998; x_wconf 90' lang='lat' dir='ltr'><strong>nisi</strong></span> <span class='ocrx_word' id='word_1_640' title='bbox 1291 3943 1325 3997; x_wconf 92' lang='lat' dir='ltr'><strong>de</strong></span> <span class='ocrx_word' id='word_1_641' title='bbox 1348 3942 1496 4014; x_wconf 90' lang='lat' dir='ltr'><strong>spiritualis</strong></span> <span class='ocrx_word' id='word_1_642' title='bbox 1511 3947 1573 4001; x_wconf 74' lang='lat' dir='ltr'><strong>vitae</strong></span> <span class='ocrx_word' id='word_1_643' title='bbox 1593 3944 1712 4017; x_wconf 88' lang='lat' dir='ltr'><strong>puritato</strong></span> 
     </span>
     <span class='ocr_line' id='line_1_44' title="bbox 56 4028 1711 4106; baseline -0.004 -11"><span class='ocrx_word' id='word_1_644' title='bbox 56 4054 108 4095; x_wconf 84' lang='lat' dir='ltr'><strong>res</strong></span> <span class='ocrx_word' id='word_1_645' title='bbox 122 4035 208 4093; x_wconf 85' lang='lat' dir='ltr'><strong>babet</strong></span> <span class='ocrx_word' id='word_1_646' title='bbox 220 4035 325 4100; x_wconf 87' lang='lat' dir='ltr'><strong>hortos,</strong></span> <span class='ocrx_word' id='word_1_647' title='bbox 341 4039 370 4088; x_wconf 88' lang='lat' dir='ltr'><strong>et</strong></span> <span class='ocrx_word' id='word_1_648' title='bbox 384 4029 474 4087; x_wconf 91' lang='lat' dir='ltr'><strong>cuncti</strong></span> <span class='ocrx_word' id='word_1_649' title='bbox 488 4029 598 4102; x_wconf 85' lang='lat' dir='ltr'><strong>generis</strong></span> <span class='ocrx_word' id='word_1_650' title='bbox 609 4028 739 4085; x_wconf 86' lang='lat' dir='ltr'><strong>virtutum</strong></span> <span class='ocrx_word' id='word_1_651' title='bbox 751 4030 861 4101; x_wconf 87' lang='lat' dir='ltr'><strong>copiose</strong></span> <span class='ocrx_word' id='word_1_652' title='bbox 918 4034 1068 4106; x_wconf 88' lang='lat' dir='ltr'><strong>disputare,</strong></span> <span class='ocrx_word' id='word_1_653' title='bbox 1083 4041 1109 4088; x_wconf 93' lang='lat' dir='ltr'><strong>et</strong></span> <span class='ocrx_word' id='word_1_654' title='bbox 1124 4030 1201 4103; x_wconf 87' lang='lat' dir='ltr'><strong>quasi</strong></span> <span class='ocrx_word' id='word_1_655' title='bbox 1215 4031 1336 4104; x_wconf 89' lang='lat' dir='ltr'><strong>paradisi</strong></span> <span class='ocrx_word' id='word_1_656' title='bbox 1349 4031 1446 4088; x_wconf 92' lang='lat' dir='ltr'><strong>incolis</strong></span> <span class='ocrx_word' id='word_1_657' title='bbox 1460 4034 1494 4089; x_wconf 87' lang='lat' dir='ltr'><strong>dc</strong></span> <span class='ocrx_word' id='word_1_658' title='bbox 1509 4032 1628 4104; x_wconf 80' lang='lat' dir='ltr'><strong>paradisi</strong></span> <span class='ocrx_word' id='word_1_659' title='bbox 1645 4049 1711 4105; x_wconf 90' lang='lat' dir='ltr'><strong>pro·</strong></span> 
     </span>
     <span class='ocr_line' id='line_1_45' title="bbox 60 4118 1145 4200; baseline -0.009 -19"><span class='ocrx_word' id='word_1_660' title='bbox 60 4125 189 4200; x_wconf 66' lang='lat' dir='ltr'><strong>virgultis</strong></span> <span class='ocrx_word' id='word_1_661' title='bbox 202 4131 247 4180; x_wconf 87' lang='lat' dir='ltr'><strong>est</strong></span> <span class='ocrx_word' id='word_1_662' title='bbox 255 4122 369 4179; x_wconf 80' lang='grc' dir='ltr'><strong>εοιιειιε.</strong></span> <span class='ocrx_word' id='word_1_663' title='bbox 381 4120 416 4174; x_wconf 84' lang='lat' dir='ltr'><strong>Et</strong></span> <span class='ocrx_word' id='word_1_664' title='bbox 429 4119 458 4174; x_wconf 93' lang='lat' dir='ltr'><strong>in</strong></span> <span class='ocrx_word' id='word_1_665' title='bbox 472 4118 649 4190; x_wconf 86' lang='lat' dir='ltr'><strong>sequentibus</strong></span> <span class='ocrx_word' id='word_1_666' title='bbox 661 4133 770 4190; x_wconf 71' lang='lat' dir='ltr'><strong>sponsae</strong></span> <span class='ocrx_word' id='word_1_667' title='bbox 783 4135 863 4190; x_wconf 90' lang='lat' dir='ltr'><strong>spon·</strong></span> <span class='ocrx_word' id='word_1_668' title='bbox 919 4125 1013 4196; x_wconf 73' lang='lat' dir='ltr'><strong>pinara</strong></span> <span class='ocrx_word' id='word_1_669' title='bbox 1027 4119 1145 4177; x_wconf 85' lang='lat' dir='ltr'><strong>fluentis.</strong></span> 
     </span>
     <span class='ocr_line' id='line_1_46' title="bbox 59 4194 1714 4287; baseline -0.001 -17"><span class='ocrx_word' id='word_1_670' title='bbox 59 4231 111 4271; x_wconf 83' lang='lat' dir='ltr'><strong>sus</strong></span> <span class='ocrx_word' id='word_1_671' title='bbox 123 4212 266 4287; x_wconf 85' lang='lat' dir='ltr'><strong>applaudit</strong></span> <span class='ocrx_word' id='word_1_672' title='bbox 278 4210 371 4267; x_wconf 90' lang='lat' dir='ltr'><strong>dicens</strong></span> <span class='ocrx_word' id='word_1_673' title='bbox 388 4223 394 4262; x_wconf 72' lang='grc' dir='ltr'><strong>ι</strong></span> <span class='ocrx_word' id='word_1_674' title='bbox 412 4209 477 4277; x_wconf 79' lang='lat' dir='ltr'><strong>Qrtoe</strong></span> <span class='ocrx_word' id='word_1_675' title='bbox 492 4207 602 4264; x_wconf 84' lang='lat' dir='ltr'><strong>habitas</strong></span> <span class='ocrx_word' id='word_1_676' title='bbox 617 4206 649 4263; x_wconf 88' lang='lat' dir='ltr'><strong>in</strong></span> <span class='ocrx_word' id='word_1_677' title='bbox 659 4207 761 4274; x_wconf 81' lang='lat' dir='ltr'><strong>trariis,</strong></span> <span class='ocrx_word' id='word_1_678' title='bbox 773 4209 860 4265; x_wconf 85' lang='lat' dir='ltr'><strong>amici</strong></span> <span class='ocrx_word' id='word_1_679' title='bbox 954 4215 979 4270; x_wconf 80' lang='grc' dir='ltr'><strong>ι.</strong></span> <span class='ocrx_word' id='word_1_680' title='bbox 997 4213 1077 4266; x_wconf 82' lang='lat' dir='ltr'><strong>Juxta</strong></span> <span class='ocrx_word' id='word_1_681' title='bbox 1099 4211 1172 4266; x_wconf 90' lang='lat' dir='ltr'><strong>hunc</strong></span> <span class='ocrx_word' id='word_1_682' title='bbox 1194 4227 1315 4280; x_wconf 90' lang='lat' dir='ltr'><strong>sensum,</strong></span> <span class='ocrx_word' id='word_1_683' title='bbox 1341 4211 1450 4268; x_wconf 90' lang='lat' dir='ltr'><strong>hortum</strong></span> <span class='ocrx_word' id='word_1_684' title='bbox 1473 4194 1611 4268; x_wconf 79' lang='lat' dir='ltr'><strong>auditores</strong></span> <span class='ocrx_word' id='word_1_685' title='bbox 1634 4210 1714 4268; x_wconf 88' lang='lat' dir='ltr'><strong>intol-</strong></span> 
     </span>
     <span class='ocr_line' id='line_1_47' title="bbox 61 4296 1793 4416; baseline -0.002 -54"><span class='ocrx_word' id='word_1_686' title='bbox 61 4303 231 4362; x_wconf 79' lang='lat' dir='ltr'><strong>aascaitunt</strong></span> <span class='ocrx_word' id='word_1_687' title='bbox 247 4306 275 4357; x_wconf 86' lang='lat' dir='ltr'><strong>tc</strong></span> <span class='ocrx_word' id='word_1_688' title='bbox 288 4319 298 4357; x_wconf 92' lang='grc'><strong>.·</strong></span> <span class='ocrx_word' id='word_1_689' title='bbox 309 4303 357 4371; x_wconf 78' lang='lat' dir='ltr'><strong>sac</strong></span> <span class='ocrx_word' id='word_1_690' title='bbox 371 4315 416 4356; x_wconf 82' lang='lat' dir='ltr'><strong>mc</strong></span> <span class='ocrx_word' id='word_1_691' title='bbox 435 4297 535 4354; x_wconf 79' lang='lat' dir='ltr'><strong>andire</strong></span> <span class='ocrx_word' id='word_1_692' title='bbox 553 4312 648 4353; x_wconf 83' lang='lat' dir='ltr'><strong>ccccm</strong></span> <span class='ocrx_word' id='word_1_693' title='bbox 668 4300 749 4353; x_wconf 81' lang='lat' dir='ltr'><strong>tecm</strong></span> <span class='ocrx_word' id='word_1_694' title='bbox 762 4296 862 4369; x_wconf 79' lang='lat' dir='ltr'><strong>(dant.</strong></span> <span class='ocrx_word' id='word_1_695' title='bbox 879 4339 903 4416; x_wconf 74' lang='lat' dir='ltr'>ss</span> <span class='ocrx_word' id='word_1_696' title='bbox 919 4303 983 4375; x_wconf 80' lang='lat' dir='ltr'><strong>liga,</strong></span> <span class='ocrx_word' id='word_1_697' title='bbox 999 4301 1106 4356; x_wconf 88' lang='lat' dir='ltr'><strong>fontem</strong></span> <span class='ocrx_word' id='word_1_698' title='bbox 1128 4299 1265 4356; x_wconf 86' lang='lat' dir='ltr'><strong>doctores.</strong></span> <span class='ocrx_word' id='word_1_699' title='bbox 1281 4300 1338 4355; x_wconf 86' lang='lat' dir='ltr'><strong>Sed</strong></span> <span class='ocrx_word' id='word_1_700' title='bbox 1353 4299 1377 4355; x_wconf 93' lang='lat' dir='ltr'><strong>si</strong></span> <span class='ocrx_word' id='word_1_701' title='bbox 1398 4299 1460 4358; x_wconf 90' lang='lat' dir='ltr'><strong>fons</strong></span> <span class='ocrx_word' id='word_1_702' title='bbox 1479 4304 1553 4369; x_wconf 89' lang='lat' dir='ltr'><strong>sunt,</strong></span> <span class='ocrx_word' id='word_1_703' title='bbox 1577 4302 1714 4374; x_wconf 87' lang='lat' dir='ltr'><strong>quomodo</strong></span> <span class='ocrx_word' id='word_1_704' title='bbox 1788 4337 1793 4346; x_wconf 88' lang='lat'><em>-</em></span> 
     </span>
     <span class='ocr_line' id='line_1_48' title="bbox 62 4384 1714 4465; baseline -0.004 -15"><span class='ocrx_word' id='word_1_705' title='bbox 62 4408 122 4459; x_wconf 83' lang='lat' dir='ltr'><strong>rur,</strong></span> <span class='ocrx_word' id='word_1_706' title='bbox 142 4395 201 4463; x_wconf 82' lang='lat' dir='ltr'><strong>ta).</strong></span> <span class='ocrx_word' id='word_1_707' title='bbox 215 4391 282 4446; x_wconf 84' lang='lat' dir='ltr'><strong>lure</strong></span> <span class='ocrx_word' id='word_1_708' title='bbox 295 4386 417 4445; x_wconf 92' lang='lat' dir='ltr'><strong>omnino.</strong></span> <span class='ocrx_word' id='word_1_709' title='bbox 433 4385 505 4456; x_wconf 84' lang='lat' dir='ltr'><strong>Quid</strong></span> <span class='ocrx_word' id='word_1_710' title='bbox 514 4385 586 4441; x_wconf 88' lang='lat' dir='ltr'><strong>enim</strong></span> <span class='ocrx_word' id='word_1_711' title='bbox 602 4384 655 4440; x_wconf 92' lang='lat' dir='ltr'><strong>nisi</strong></span> <span class='ocrx_word' id='word_1_712' title='bbox 668 4384 748 4441; x_wconf 89' lang='lat' dir='ltr'><strong>dulce</strong></span> <span class='ocrx_word' id='word_1_713' title='bbox 756 4389 864 4443; x_wconf 88' lang='lat' dir='ltr'><strong>auscul-</strong></span> <span class='ocrx_word' id='word_1_714' title='bbox 920 4390 1042 4465; x_wconf 81' lang='lat' dir='ltr'><strong>puteus?</strong></span> <span class='ocrx_word' id='word_1_715' title='bbox 1055 4389 1147 4445; x_wconf 90' lang='lat' dir='ltr'><strong>Nostis</strong></span> <span class='ocrx_word' id='word_1_716' title='bbox 1166 4389 1239 4446; x_wconf 90' lang='lat' dir='ltr'><strong>enim</strong></span> <span class='ocrx_word' id='word_1_717' title='bbox 1261 4396 1392 4462; x_wconf 88' lang='lat' dir='ltr'><strong>quantum</strong></span> <span class='ocrx_word' id='word_1_718' title='bbox 1416 4389 1488 4444; x_wconf 90' lang='lat' dir='ltr'><strong>inter</strong></span> <span class='ocrx_word' id='word_1_719' title='bbox 1512 4405 1542 4445; x_wconf 89' lang='lat' dir='ltr'><strong>se</strong></span> <span class='ocrx_word' id='word_1_720' title='bbox 1563 4389 1664 4446; x_wconf 89' lang='lat' dir='ltr'><strong>distent</strong></span> <span class='ocrx_word' id='word_1_721' title='bbox 1686 4389 1714 4444; x_wconf 92' lang='lat' dir='ltr'><strong>hi</strong></span> 
     </span>
     <span class='ocr_line' id='line_1_49' title="bbox 64 4474 1715 4552; baseline -0.004 -14"><span class='ocrx_word' id='word_1_722' title='bbox 64 4491 124 4538; x_wconf 84' lang='lat' dir='ltr'><strong>tare</strong></span> <span class='ocrx_word' id='word_1_723' title='bbox 141 4480 191 4547; x_wconf 89' lang='lat' dir='ltr'><strong>illi,</strong></span> <span class='ocrx_word' id='word_1_724' title='bbox 211 4493 274 4551; x_wconf 83' lang='lat' dir='ltr'><strong>qnae</strong></span> <span class='ocrx_word' id='word_1_725' title='bbox 291 4476 320 4532; x_wconf 90' lang='lat' dir='ltr'><strong>in</strong></span> <span class='ocrx_word' id='word_1_726' title='bbox 334 4475 422 4532; x_wconf 88' lang='lat' dir='ltr'><strong>bortis</strong></span> <span class='ocrx_word' id='word_1_727' title='bbox 437 4482 568 4542; x_wconf 87' lang='lat' dir='ltr'><strong>moratur,</strong></span> <span class='ocrx_word' id='word_1_728' title='bbox 587 4482 614 4530; x_wconf 89' lang='lat' dir='ltr'><strong>et</strong></span> <span class='ocrx_word' id='word_1_729' title='bbox 628 4474 662 4530; x_wconf 91' lang='lat' dir='ltr'><strong>de</strong></span> <span class='ocrx_word' id='word_1_730' title='bbox 678 4474 762 4530; x_wconf 86' lang='lat' dir='ltr'><strong>bortis</strong></span> <span class='ocrx_word' id='word_1_731' title='bbox 775 4475 863 4548; x_wconf 87' lang='lat' dir='ltr'><strong>loqui·</strong></span> <span class='ocrx_word' id='word_1_732' title='bbox 920 4481 976 4538; x_wconf 89' lang='lat' dir='ltr'><strong>noti</strong></span> <span class='ocrx_word' id='word_1_733' title='bbox 995 4480 1129 4536; x_wconf 73' lang='lat' dir='ltr'><strong>fontenet</strong></span> <span class='ocrx_word' id='word_1_734' title='bbox 1155 4478 1241 4550; x_wconf 89' lang='lat' dir='ltr'><strong>putei.</strong></span> <span class='ocrx_word' id='word_1_735' title='bbox 1269 4479 1368 4532; x_wconf 87' lang='lat' dir='ltr'><strong>Puteus</strong></span> <span class='ocrx_word' id='word_1_736' title='bbox 1387 4477 1527 4544; x_wconf 92' lang='lat' dir='ltr'><strong>infoditur,</strong></span> <span class='ocrx_word' id='word_1_737' title='bbox 1548 4477 1609 4533; x_wconf 89' lang='lat' dir='ltr'><strong>fons</strong></span> <span class='ocrx_word' id='word_1_738' title='bbox 1630 4477 1715 4552; x_wconf 78' lang='lat' dir='ltr'><strong>gratis</strong></span> 
     </span>
     <span class='ocr_line' id='line_1_50' title="bbox 65 4563 1715 4638; baseline -0.005 -11"><span class='ocrx_word' id='word_1_739' title='bbox 65 4571 131 4626; x_wconf 78' lang='lat' dir='ltr'><strong>turi</strong></span> <span class='ocrx_word' id='word_1_740' title='bbox 147 4569 211 4625; x_wconf 85' lang='lat' dir='ltr'><strong>Nou</strong></span> <span class='ocrx_word' id='word_1_741' title='bbox 224 4566 331 4623; x_wconf 89' lang='lat' dir='ltr'><strong>auditur</strong></span> <span class='ocrx_word' id='word_1_742' title='bbox 344 4564 412 4621; x_wconf 87' lang='lat' dir='ltr'><strong>foris</strong></span> <span class='ocrx_word' id='word_1_743' title='bbox 425 4579 478 4622; x_wconf 78' lang='lat' dir='ltr'><strong>uox</strong></span> <span class='ocrx_word' id='word_1_744' title='bbox 492 4566 562 4633; x_wconf 88' lang='lat' dir='ltr'><strong>ejus,</strong></span> <span class='ocrx_word' id='word_1_745' title='bbox 579 4578 631 4620; x_wconf 87' lang='lat' dir='ltr'><strong>nec</strong></span> <span class='ocrx_word' id='word_1_746' title='bbox 646 4565 864 4623; x_wconf 82' lang='lat' dir='ltr'><strong>extrabortum:</strong></span> <span class='ocrx_word' id='word_1_747' title='bbox 920 4569 988 4626; x_wconf 86' lang='lat' dir='ltr'><strong>fluit.</strong></span> <span class='ocrx_word' id='word_1_748' title='bbox 1013 4568 1044 4622; x_wconf 93' lang='lat' dir='ltr'><strong>ln</strong></span> <span class='ocrx_word' id='word_1_749' title='bbox 1067 4565 1111 4621; x_wconf 93' lang='lat' dir='ltr'><strong>illo</strong></span> <span class='ocrx_word' id='word_1_750' title='bbox 1135 4581 1213 4636; x_wconf 84' lang='lat' dir='ltr'><strong>aquae</strong></span> <span class='ocrx_word' id='word_1_751' title='bbox 1241 4563 1389 4620; x_wconf 70' lang='lat' dir='ltr'><strong>reconditae</strong></span> <span class='ocrx_word' id='word_1_752' title='bbox 1411 4571 1483 4629; x_wconf 91' lang='lat' dir='ltr'><strong>sunt,</strong></span> <span class='ocrx_word' id='word_1_753' title='bbox 1510 4563 1540 4619; x_wconf 92' lang='lat' dir='ltr'><strong>in</strong></span> <span class='ocrx_word' id='word_1_754' title='bbox 1563 4564 1614 4620; x_wconf 92' lang='lat' dir='ltr'><strong>isto</strong></span> <span class='ocrx_word' id='word_1_755' title='bbox 1637 4564 1715 4638; x_wconf 87' lang='lat' dir='ltr'><strong>quasi</strong></span> 
     </span>
     <span class='ocr_line' id='line_1_51' title="bbox 66 4651 1717 4728; baseline -0.004 -12"><span class='ocrx_word' id='word_1_756' title='bbox 66 4659 129 4716; x_wconf 88' lang='lat' dir='ltr'><strong>ideo</strong></span> <span class='ocrx_word' id='word_1_757' title='bbox 144 4657 249 4714; x_wconf 78' lang='lat' dir='ltr'><strong>amicus</strong></span> <span class='ocrx_word' id='word_1_758' title='bbox 263 4665 305 4712; x_wconf 88' lang='lat' dir='ltr'><strong>est</strong></span> <span class='ocrx_word' id='word_1_759' title='bbox 319 4655 365 4728; x_wconf 90' lang='lat' dir='ltr'><strong>qui</strong></span> <span class='ocrx_word' id='word_1_760' title='bbox 380 4671 409 4709; x_wconf 93' lang='grc' dir='ltr'><strong>ιιι</strong></span> <span class='ocrx_word' id='word_1_761' title='bbox 428 4653 515 4709; x_wconf 82' lang='grc' dir='ltr'><strong>ιιοιιιε</strong></span> <span class='ocrx_word' id='word_1_762' title='bbox 537 4659 721 4709; x_wconf 90' lang='lat' dir='ltr'><strong>commoratur</strong></span> <span class='ocrx_word' id='word_1_763' title='bbox 745 4669 807 4709; x_wconf 91' lang='lat' dir='ltr'><strong>curu</strong></span> <span class='ocrx_word' id='word_1_764' title='bbox 821 4671 864 4715; x_wconf 88' lang='lat' dir='ltr'><strong>ea.</strong></span> <span class='ocrx_word' id='word_1_765' title='bbox 920 4654 1076 4728; x_wconf 88' lang='lat' dir='ltr'><strong>propositae,</strong></span> <span class='ocrx_word' id='word_1_766' title='bbox 1092 4662 1120 4708; x_wconf 90' lang='lat' dir='ltr'><strong>et</strong></span> <span class='ocrx_word' id='word_1_767' title='bbox 1134 4669 1165 4708; x_wconf 88' lang='lat' dir='ltr'><strong>se</strong></span> <span class='ocrx_word' id='word_1_768' title='bbox 1181 4652 1254 4724; x_wconf 90' lang='lat' dir='ltr'><strong>ipsas</strong></span> <span class='ocrx_word' id='word_1_769' title='bbox 1268 4651 1415 4709; x_wconf 86' lang='lat' dir='ltr'><strong>ollerentes</strong></span> <span class='ocrx_word' id='word_1_770' title='bbox 1430 4651 1511 4712; x_wconf 88' lang='lat' dir='ltr'><strong>ultro.</strong></span> <span class='ocrx_word' id='word_1_771' title='bbox 1527 4654 1625 4726; x_wconf 82' lang='lat' dir='ltr'><strong>llagna</strong></span> <span class='ocrx_word' id='word_1_772' title='bbox 1639 4653 1717 4710; x_wconf 89' lang='lat' dir='ltr'><strong>estin</strong></span> 
     </span>
     <span class='ocr_line' id='line_1_52' title="bbox 69 4741 1717 4815; baseline -0.004 -10"><span class='ocrx_word' id='word_1_773' title='bbox 69 4750 127 4805; x_wconf 77' lang='lat' dir='ltr'><strong>Nec</strong></span> <span class='ocrx_word' id='word_1_774' title='bbox 140 4756 196 4802; x_wconf 89' lang='lat' dir='ltr'><strong>tam</strong></span> <span class='ocrx_word' id='word_1_775' title='bbox 210 4746 240 4800; x_wconf 92' lang='lat' dir='ltr'><strong>in</strong></span> <span class='ocrx_word' id='word_1_776' title='bbox 253 4744 340 4800; x_wconf 88' lang='lat' dir='ltr'><strong>hortis</strong></span> <span class='ocrx_word' id='word_1_777' title='bbox 364 4750 407 4799; x_wconf 88' lang='lat' dir='ltr'><strong>est</strong></span> <span class='ocrx_word' id='word_1_778' title='bbox 421 4756 503 4815; x_wconf 91' lang='lat' dir='ltr'><strong>quam</strong></span> <span class='ocrx_word' id='word_1_779' title='bbox 522 4743 617 4797; x_wconf 92' lang='lat' dir='ltr'><strong>hortus</strong></span> <span class='ocrx_word' id='word_1_780' title='bbox 635 4741 702 4814; x_wconf 90' lang='lat' dir='ltr'><strong>ipse.</strong></span> <span class='ocrx_word' id='word_1_781' title='bbox 727 4742 788 4814; x_wconf 92' lang='lat' dir='ltr'><strong>lpsa</strong></span> <span class='ocrx_word' id='word_1_782' title='bbox 802 4744 866 4800; x_wconf 92' lang='lat' dir='ltr'><strong>bor·</strong></span> <span class='ocrx_word' id='word_1_783' title='bbox 920 4745 980 4802; x_wconf 89' lang='lat' dir='ltr'><strong>istis</strong></span> <span class='ocrx_word' id='word_1_784' title='bbox 1003 4742 1167 4807; x_wconf 87' lang='lat' dir='ltr'><strong>differentia,</strong></span> <span class='ocrx_word' id='word_1_785' title='bbox 1193 4757 1245 4797; x_wconf 92' lang='lat' dir='ltr'><strong>nec</strong></span> <span class='ocrx_word' id='word_1_786' title='bbox 1268 4749 1382 4814; x_wconf 88' lang='lat' dir='ltr'><strong>possunt</strong></span> <span class='ocrx_word' id='word_1_787' title='bbox 1404 4749 1520 4815; x_wconf 88' lang='lat' dir='ltr'><strong>utraque</strong></span> <span class='ocrx_word' id='word_1_788' title='bbox 1533 4743 1561 4799; x_wconf 93' lang='lat' dir='ltr'><strong>in</strong></span> <span class='ocrx_word' id='word_1_789' title='bbox 1577 4743 1717 4800; x_wconf 83' lang='lat' dir='ltr'><strong>alterutris</strong></span> 
     </span>
     <span class='ocr_line' id='line_1_53' title="bbox 69 4830 1718 4908; baseline -0.004 -15"><span class='ocrx_word' id='word_1_790' title='bbox 69 4847 125 4907; x_wconf 89' lang='lat' dir='ltr'><strong>tus,</strong></span> <span class='ocrx_word' id='word_1_791' title='bbox 141 4845 168 4892; x_wconf 90' lang='lat' dir='ltr'><strong>ct</strong></span> <span class='ocrx_word' id='word_1_792' title='bbox 181 4838 241 4908; x_wconf 91' lang='lat' dir='ltr'><strong>ipse</strong></span> <span class='ocrx_word' id='word_1_793' title='bbox 255 4833 331 4900; x_wconf 90' lang='lat' dir='ltr'><strong>fons,</strong></span> <span class='ocrx_word' id='word_1_794' title='bbox 350 4832 432 4903; x_wconf 91' lang='lat' dir='ltr'><strong>hujus</strong></span> <span class='ocrx_word' id='word_1_795' title='bbox 445 4834 540 4886; x_wconf 91' lang='lat' dir='ltr'><strong>hortos</strong></span> <span class='ocrx_word' id='word_1_796' title='bbox 554 4830 687 4886; x_wconf 85' lang='lat' dir='ltr'><strong>doctrinae</strong></span> <span class='ocrx_word' id='word_1_797' title='bbox 702 4848 759 4887; x_wconf 86' lang='lat' dir='ltr'><strong>suae</strong></span> <span class='ocrx_word' id='word_1_798' title='bbox 777 4831 867 4888; x_wconf 84' lang='lat' dir='ltr'><strong>fluen-</strong></span> <span class='ocrx_word' id='word_1_799' title='bbox 921 4831 1046 4890; x_wconf 86' lang='lat' dir='ltr'><strong>inveniri.</strong></span> <span class='ocrx_word' id='word_1_800' title='bbox 1057 4831 1118 4887; x_wconf 78' lang='lat' dir='ltr'><strong>lton</strong></span> <span class='ocrx_word' id='word_1_801' title='bbox 1131 4837 1221 4903; x_wconf 90' lang='lat' dir='ltr'><strong>potest</strong></span> <span class='ocrx_word' id='word_1_802' title='bbox 1235 4831 1280 4888; x_wconf 84' lang='lat' dir='ltr'><strong>vel</strong></span> <span class='ocrx_word' id='word_1_803' title='bbox 1290 4831 1351 4887; x_wconf 91' lang='lat' dir='ltr'><strong>fons</strong></span> <span class='ocrx_word' id='word_1_804' title='bbox 1365 4831 1450 4904; x_wconf 89' lang='lat' dir='ltr'><strong>putei,</strong></span> <span class='ocrx_word' id='word_1_805' title='bbox 1466 4832 1507 4889; x_wconf 88' lang='lat' dir='ltr'><strong>vel</strong></span> <span class='ocrx_word' id='word_1_806' title='bbox 1523 4842 1620 4906; x_wconf 89' lang='lat' dir='ltr'><strong>puteus</strong></span> <span class='ocrx_word' id='word_1_807' title='bbox 1634 4834 1718 4889; x_wconf 86' lang='lat' dir='ltr'><strong>fontis</strong></span> 
     </span>
     <span class='ocr_line' id='line_1_54' title="bbox 69 4920 1718 4999; baseline -0.003 -17"><span class='ocrx_word' id='word_1_808' title='bbox 69 4927 104 4982; x_wconf 84' lang='lat' dir='ltr'><strong>tia</strong></span> <span class='ocrx_word' id='word_1_809' title='bbox 118 4925 248 4999; x_wconf 75' lang='lat' dir='ltr'><strong>irrigans.</strong></span> <span class='ocrx_word' id='word_1_810' title='bbox 264 4923 341 4981; x_wconf 83' lang='lat' dir='ltr'><strong>Felix</strong></span> <span class='ocrx_word' id='word_1_811' title='bbox 357 4936 471 4994; x_wconf 84' lang='lat' dir='ltr'><strong>sponsa,</strong></span> <span class='ocrx_word' id='word_1_812' title='bbox 486 4936 548 4994; x_wconf 84' lang='lat' dir='ltr'><strong>quae</strong></span> <span class='ocrx_word' id='word_1_813' title='bbox 562 4921 711 4977; x_wconf 86' lang='lat' dir='ltr'><strong>nonhabet</strong></span> <span class='ocrx_word' id='word_1_814' title='bbox 725 4921 778 4977; x_wconf 91' lang='lat' dir='ltr'><strong>nisi</strong></span> <span class='ocrx_word' id='word_1_815' title='bbox 802 4923 866 4978; x_wconf 92' lang='lat' dir='ltr'><strong>hor·</strong></span> <span class='ocrx_word' id='word_1_816' title='bbox 921 4921 1032 4995; x_wconf 88' lang='lat' dir='ltr'><strong>propria</strong></span> <span class='ocrx_word' id='word_1_817' title='bbox 1045 4928 1074 4977; x_wconf 90' lang='lat' dir='ltr'><strong>et</strong></span> <span class='ocrx_word' id='word_1_818' title='bbox 1083 4920 1233 4977; x_wconf 87' lang='lat' dir='ltr'><strong>domestica</strong></span> <span class='ocrx_word' id='word_1_819' title='bbox 1248 4921 1386 4978; x_wconf 86' lang='lat' dir='ltr'><strong>vindicare</strong></span> <span class='ocrx_word' id='word_1_820' title='bbox 1396 4922 1466 4979; x_wconf 86' lang='lat' dir='ltr'><strong>sibi:</strong></span> <span class='ocrx_word' id='word_1_821' title='bbox 1483 4932 1598 4995; x_wconf 90' lang='lat' dir='ltr'><strong>uterquc</strong></span> <span class='ocrx_word' id='word_1_822' title='bbox 1614 4931 1718 4977; x_wconf 85' lang='lat' dir='ltr'><strong>naturae</strong></span> 
     </span>
     <span class='ocr_line' id='line_1_55' title="bbox 68 5009 1717 5088; baseline -0.006 -16"><span class='ocrx_word' id='word_1_823' title='bbox 68 5023 110 5072; x_wconf 85' lang='lat' dir='ltr'><strong>tos</strong></span> <span class='ocrx_word' id='word_1_824' title='bbox 122 5014 249 5088; x_wconf 73' lang='lat' dir='ltr'><strong>irrigare</strong></span> <span class='ocrx_word' id='word_1_825' title='bbox 921 5028 978 5068; x_wconf 84' lang='lat' dir='ltr'><strong>suae</strong></span> <span class='ocrx_word' id='word_1_826' title='bbox 992 5009 1147 5067; x_wconf 87' lang='lat' dir='ltr'><strong>continetur</strong></span> <span class='ocrx_word' id='word_1_827' title='bbox 1161 5010 1302 5066; x_wconf 86' lang='lat' dir='ltr'><strong>limitibus.</strong></span> <span class='ocrx_word' id='word_1_828' title='bbox 1318 5011 1476 5081; x_wconf 87' lang='lat' dir='ltr'><strong>Corporalia</strong></span> <span class='ocrx_word' id='word_1_829' title='bbox 1490 5019 1519 5066; x_wconf 90' lang='lat' dir='ltr'><strong>et</strong></span> <span class='ocrx_word' id='word_1_830' title='bbox 1540 5018 1646 5065; x_wconf 90' lang='lat' dir='ltr'><strong>terrena</strong></span> <span class='ocrx_word' id='word_1_831' title='bbox 1665 5025 1717 5063; x_wconf 89' lang='lat' dir='ltr'><strong>an-</strong></span> 
     </span>
     <span class='ocr_line' id='line_1_56' title="bbox 102 5095 1718 5175; baseline -0.007 -13"><span class='ocrx_word' id='word_1_832' title='bbox 102 5110 129 5162; x_wconf 81' lang='grc'><strong>3.</strong></span> <span class='ocrx_word' id='word_1_833' title='bbox 150 5107 196 5160; x_wconf 80' lang='lat' dir='ltr'><strong>An</strong></span> <span class='ocrx_word' id='word_1_834' title='bbox 209 5119 265 5161; x_wconf 93' lang='lat' dir='ltr'><strong>non</strong></span> <span class='ocrx_word' id='word_1_835' title='bbox 278 5103 306 5159; x_wconf 91' lang='lat' dir='ltr'><strong>iu</strong></span> <span class='ocrx_word' id='word_1_836' title='bbox 329 5104 382 5159; x_wconf 90' lang='lat' dir='ltr'><strong>hoc</strong></span> <span class='ocrx_word' id='word_1_837' title='bbox 404 5099 539 5175; x_wconf 85' lang='lat' dir='ltr'><strong>frequenti</strong></span> <span class='ocrx_word' id='word_1_838' title='bbox 560 5108 695 5157; x_wconf 87' lang='lat' dir='ltr'><strong>conventu</strong></span> <span class='ocrx_word' id='word_1_839' title='bbox 719 5107 758 5156; x_wconf 92' lang='lat' dir='ltr'><strong>tot</strong></span> <span class='ocrx_word' id='word_1_840' title='bbox 782 5100 866 5171; x_wconf 88' lang='lat' dir='ltr'><strong>borti,</strong></span> <span class='ocrx_word' id='word_1_841' title='bbox 921 5109 1002 5174; x_wconf 76' lang='lat' dir='ltr'><strong>gusta</strong></span> <span class='ocrx_word' id='word_1_842' title='bbox 1016 5108 1088 5166; x_wconf 88' lang='lat' dir='ltr'><strong>sunt,</strong></span> <span class='ocrx_word' id='word_1_843' title='bbox 1113 5098 1269 5172; x_wconf 87' lang='lat' dir='ltr'><strong>spirituales</strong></span> <span class='ocrx_word' id='word_1_844' title='bbox 1284 5099 1423 5154; x_wconf 90' lang='lat' dir='ltr'><strong>abundant</strong></span> <span class='ocrx_word' id='word_1_845' title='bbox 1440 5097 1551 5155; x_wconf 81' lang='lat' dir='ltr'><strong>divitiae.</strong></span> <span class='ocrx_word' id='word_1_846' title='bbox 1572 5096 1614 5151; x_wconf 74' lang='lat' dir='ltr'><strong>cd</strong></span> <span class='ocrx_word' id='word_1_847' title='bbox 1637 5095 1718 5167; x_wconf 91' lang='lat' dir='ltr'><strong>spiri·</strong></span> 
     </span>
     <span class='ocr_line' id='line_1_57' title="bbox 69 5184 1719 5267; baseline -0.005 -17"><span class='ocrx_word' id='word_1_848' title='bbox 69 5203 135 5267; x_wconf 89' lang='lat' dir='ltr'><strong>quot</strong></span> <span class='ocrx_word' id='word_1_849' title='bbox 157 5193 267 5251; x_wconf 76' lang='lat' dir='ltr'><strong>animi?</strong></span> <span class='ocrx_word' id='word_1_850' title='bbox 288 5195 403 5264; x_wconf 85' lang='lat' dir='ltr'><strong>Propter</strong></span> <span class='ocrx_word' id='word_1_851' title='bbox 425 5190 632 5247; x_wconf 87' lang='lat' dir='ltr'><strong>unanimitatem</strong></span> <span class='ocrx_word' id='word_1_852' title='bbox 655 5189 750 5245; x_wconf 89' lang='lat' dir='ltr'><strong>hortus</strong></span> <span class='ocrx_word' id='word_1_853' title='bbox 772 5206 841 5246; x_wconf 91' lang='lat' dir='ltr'><strong>unus</strong></span> <span class='ocrx_word' id='word_1_854' title='bbox 858 5209 865 5246; x_wconf 75' lang='grc' dir='ltr'><strong>ε</strong></span> <span class='ocrx_word' id='word_1_855' title='bbox 922 5190 1004 5246; x_wconf 85' lang='lat' dir='ltr'><strong>tueha</strong></span> <span class='ocrx_word' id='word_1_856' title='bbox 1018 5189 1043 5246; x_wconf 91' lang='lat' dir='ltr'><strong>si</strong></span> <span class='ocrx_word' id='word_1_857' title='bbox 1057 5188 1206 5246; x_wconf 87' lang='lat' dir='ltr'><strong>referamus</strong></span> <span class='ocrx_word' id='word_1_858' title='bbox 1219 5187 1280 5256; x_wconf 91' lang='lat' dir='ltr'><strong>ista,</strong></span> <span class='ocrx_word' id='word_1_859' title='bbox 1297 5186 1325 5241; x_wconf 92' lang='lat' dir='ltr'><strong>in</strong></span> <span class='ocrx_word' id='word_1_860' title='bbox 1340 5188 1437 5243; x_wconf 88' lang='lat' dir='ltr'><strong>eodem</strong></span> <span class='ocrx_word' id='word_1_861' title='bbox 1456 5187 1509 5242; x_wconf 90' lang='lat' dir='ltr'><strong>erit</strong></span> <span class='ocrx_word' id='word_1_862' title='bbox 1521 5184 1644 5241; x_wconf 90' lang='lat' dir='ltr'><strong>invenire</strong></span> <span class='ocrx_word' id='word_1_863' title='bbox 1658 5186 1719 5242; x_wconf 89' lang='lat' dir='ltr'><strong>fon·</strong></span> 
     </span>
     <span class='ocr_line' id='line_1_58' title="bbox 69 5274 1720 5358; baseline -0.004 -18"><span class='ocrx_word' id='word_1_864' title='bbox 69 5291 182 5358; x_wconf 89' lang='lat' dir='ltr'><strong>propter</strong></span> <span class='ocrx_word' id='word_1_865' title='bbox 196 5281 355 5340; x_wconf 85' lang='lat' dir='ltr'><strong>differentes</strong></span> <span class='ocrx_word' id='word_1_866' title='bbox 368 5280 472 5354; x_wconf 77' lang='lat' dir='ltr'><strong>gratias</strong></span> <span class='ocrx_word' id='word_1_867' title='bbox 495 5279 566 5335; x_wconf 87' lang='lat' dir='ltr'><strong>horti</strong></span> <span class='ocrx_word' id='word_1_868' title='bbox 588 5279 689 5351; x_wconf 90' lang='lat' dir='ltr'><strong>plures.</strong></span> <span class='ocrx_word' id='word_1_869' title='bbox 705 5277 814 5335; x_wconf 90' lang='lat' dir='ltr'><strong>Utinam</strong></span> <span class='ocrx_word' id='word_1_870' title='bbox 838 5280 868 5334; x_wconf 92' lang='lat' dir='ltr'><strong>in</strong></span> <span class='ocrx_word' id='word_1_871' title='bbox 922 5285 977 5337; x_wconf 89' lang='lat' dir='ltr'><strong>tem</strong></span> <span class='ocrx_word' id='word_1_872' title='bbox 1000 5285 1028 5334; x_wconf 89' lang='grc' dir='ltr'><strong>ει</strong></span> <span class='ocrx_word' id='word_1_873' title='bbox 1051 5286 1172 5351; x_wconf 88' lang='lat' dir='ltr'><strong>puteum,</strong></span> <span class='ocrx_word' id='word_1_874' title='bbox 1199 5284 1226 5333; x_wconf 89' lang='lat' dir='ltr'><strong>et</strong></span> <span class='ocrx_word' id='word_1_875' title='bbox 1254 5275 1384 5330; x_wconf 90' lang='lat' dir='ltr'><strong>alterutra</strong></span> <span class='ocrx_word' id='word_1_876' title='bbox 1407 5275 1443 5330; x_wconf 89' lang='lat' dir='ltr'><strong>ab</strong></span> <span class='ocrx_word' id='word_1_877' title='bbox 1465 5274 1581 5332; x_wconf 88' lang='lat' dir='ltr'><strong>invicem</strong></span> <span class='ocrx_word' id='word_1_878' title='bbox 1608 5276 1720 5348; x_wconf 89' lang='lat' dir='ltr'><strong>propria</strong></span> 
     </span>
     <span class='ocr_line' id='line_1_59' title="bbox 69 5363 1718 5441; baseline -0.005 -11"><span class='ocrx_word' id='word_1_879' title='bbox 69 5373 109 5430; x_wconf 85' lang='lat' dir='ltr'><strong>bis</strong></span> <span class='ocrx_word' id='word_1_880' title='bbox 132 5372 223 5430; x_wconf 87' lang='lat' dir='ltr'><strong>bortis</strong></span> <span class='ocrx_word' id='word_1_881' title='bbox 244 5371 316 5429; x_wconf 86' lang='lat' dir='ltr'><strong>nube</strong></span> <span class='ocrx_word' id='word_1_882' title='bbox 339 5370 419 5426; x_wconf 79' lang='lat' dir='ltr'><strong>radix</strong></span> <span class='ocrx_word' id='word_1_883' title='bbox 438 5369 625 5426; x_wconf 86' lang='lat' dir='ltr'><strong>aniaritudiuia</strong></span> <span class='ocrx_word' id='word_1_884' title='bbox 642 5383 751 5424; x_wconf 89' lang='lat' dir='ltr'><strong>sursum</strong></span> <span class='ocrx_word' id='word_1_885' title='bbox 766 5367 868 5441; x_wconf 78' lang='lat' dir='ltr'><strong>germi-</strong></span> <span class='ocrx_word' id='word_1_886' title='bbox 924 5367 1129 5428; x_wconf 82' lang='lat' dir='ltr'><strong>communicari.</strong></span> <span class='ocrx_word' id='word_1_887' title='bbox 1143 5363 1383 5423; x_wconf 85' lang='lat' dir='ltr'><strong>Communicamus</strong></span> <span class='ocrx_word' id='word_1_888' title='bbox 1402 5378 1470 5436; x_wconf 81' lang='lat' dir='ltr'><strong>ergo</strong></span> <span class='ocrx_word' id='word_1_889' title='bbox 1490 5365 1558 5432; x_wconf 85' lang='lat' dir='ltr'><strong>haec,</strong></span> <span class='ocrx_word' id='word_1_890' title='bbox 1582 5364 1605 5421; x_wconf 93' lang='lat' dir='ltr'><strong>si</strong></span> <span class='ocrx_word' id='word_1_891' title='bbox 1626 5365 1718 5437; x_wconf 85' lang='lat' dir='ltr'><strong>vultis,</strong></span> 
     </span>
     <span class='ocr_line' id='line_1_60' title="bbox 70 5451 1720 5543; baseline -0.012 -14"><span class='ocrx_word' id='word_1_892' title='bbox 70 5471 126 5538; x_wconf 79' lang='lat' dir='ltr'><strong>oct,</strong></span> <span class='ocrx_word' id='word_1_893' title='bbox 142 5463 251 5525; x_wconf 80' lang='lat' dir='ltr'><strong>nubum</strong></span> <span class='ocrx_word' id='word_1_894' title='bbox 264 5462 297 5523; x_wconf 87' lang='lat' dir='ltr'><strong>sit</strong></span> <span class='ocrx_word' id='word_1_895' title='bbox 309 5463 418 5543; x_wconf 76' lang='lat' dir='ltr'><strong>lignum</strong></span> <span class='ocrx_word' id='word_1_896' title='bbox 430 5460 535 5536; x_wconf 87' lang='lat' dir='ltr'><strong>inutile,</strong></span> <span class='ocrx_word' id='word_1_897' title='bbox 552 5458 655 5518; x_wconf 82' lang='lat' dir='ltr'><strong>nubum</strong></span> <span class='ocrx_word' id='word_1_898' title='bbox 670 5455 744 5535; x_wconf 91' lang='lat' dir='ltr'><strong>quod</strong></span> <span class='ocrx_word' id='word_1_899' title='bbox 759 5457 870 5518; x_wconf 89' lang='lat' dir='ltr'><strong>hortum</strong></span> <span class='ocrx_word' id='word_1_900' title='bbox 925 5457 1041 5518; x_wconf 83' lang='lat' dir='ltr'><strong>invicem</strong></span> <span class='ocrx_word' id='word_1_901' title='bbox 1055 5454 1174 5532; x_wconf 87' lang='lat' dir='ltr'><strong>propria,</strong></span> <span class='ocrx_word' id='word_1_902' title='bbox 1191 5461 1218 5511; x_wconf 89' lang='lat' dir='ltr'><strong>ct</strong></span> <span class='ocrx_word' id='word_1_903' title='bbox 1236 5451 1265 5509; x_wconf 91' lang='lat' dir='ltr'><strong>in</strong></span> <span class='ocrx_word' id='word_1_904' title='bbox 1287 5451 1385 5512; x_wconf 90' lang='lat' dir='ltr'><strong>eodem</strong></span> <span class='ocrx_word' id='word_1_905' title='bbox 1403 5452 1576 5529; x_wconf 80' lang='lat' dir='ltr'><strong>assignemus</strong></span> <span class='ocrx_word' id='word_1_906' title='bbox 1593 5460 1720 5529; x_wconf 86' lang='lat' dir='ltr'><strong>utraque,</strong></span> 
     </span>
    </p>
   </div>
   <div class='ocr_carea' id='block_1_5' title="bbox 0 0 1874 5962">
    <p class='ocr_par' dir='ltr' id='par_1_6' title="bbox 0 0 1874 5962">
     <span class='ocr_line' id='line_1_61' title="bbox 0 0 1874 5962; baseline 0 0"><span class='ocrx_word' id='word_1_907' title='bbox 0 0 1874 5962; x_wconf 95' lang='lat' dir='ltr'><strong> </strong></span> 
     </span>
    </p>
   </div>
  </div>
 </body>
</html>
