3706 5962
160 219 217 280 887
921 218 1035 280 odanti
1747 212 1810 274 ‘m

162 345 220 401 mei
232 342 323 416 guttis
336 344 465 402 noctium
478 343 575 412 (Ceut.
592 347 659 410 v‚3,
674 342 714 416 t).
730 345 770 400 Ae
784 342 807 398 si
823 344 893 401 dicat
910 362 916 398 ε
932 342 956 399 Ο
973 357 996 436 Α
1013 346 1158 417 magister,
1174 361 1225 419 ego
1252 361 1313 401 sum
1341 344 1479 399 Dominus.
1507 343 1566 416 ligo
1591 357 1650 396 sum
1673 339 1808 412 magister

162 446 241 489 soror
260 447 329 504 mea,
345 432 467 487 cohaeres
490 447 559 503 mea,
577 431 662 488 amics
689 449 759 498 mea,
776 433 885 490 conscia
911 449 956 488 se·
1010 433 1183 501 sincerans,
1199 450 1323 508 egosum
1349 432 1478 503 magister
1508 432 1566 485 siue
1595 429 1712 485 falsitate
1729 447 1736 481 :
1753 437 1808 498 ego

161 528 300 576 cretarum
320 533 463 582 meorum;
480 519 607 575 columba
622 535 681 575 ntea
696 520 797 590 Spiritu
816 528 907 577 sancto
922 520 957 574 it·
1011 538 1073 577 sum
1101 522 1231 594 magister
1253 522 1391 588 bonitatis,
1418 534 1470 591 ego
1485 535 1543 574 sum
1559 519 1688 589 magister
1702 515 1806 571 sancu-

163 607 284 676 lustruta,
318 606 490 662 immaculata
530 623 589 661 mea
621 609 737 664 terrenis
760 609 835 666 euris
867 616 955 675 exuta,
1010 610 1149 681 tarisum
1177 610 1299 681 sequitur
1322 625 1374 679 me,
1391 609 1460 663 bene
1481 607 1566 672 vadit,
1582 606 1722 661 ambulare
1738 604 1808 658 ιιιειε

163 697 248 769 Aperi
261 694 343 764 mibi,
374 693 402 748 id
429 703 481 766 est,
498 694 620 751 taemibi
640 697 734 767 pervia
763 699 955 755 cordaerran·
1010 715 1063 755 non
1079 698 1184 769 proterit.
1201 701 1260 771 Ego
1274 715 1334 754 sum
1351 699 1481 754 Dominus
1496 696 1567 762 vitae,
1582 694 1718 751 Dominus
1731 708 1805 748 mor·

163 784 230 840 tium
244 782 429 857 predicando.
459 784 549 856 eaput
562 801 657 843 meunt
670 787 787 858 plenum
812 791 855 843 est
878 802 956 855 rore,-
1011 789 1052 856 tis,
1068 789 1201 846 Dominus
1218 787 1289 852 eoeli,
1307 788 1438 842 Dominus
1462 793 1551 846 terrae,
1566 785 1677 840 Creator
1690 789 1807 838 cuncto·

65 900 68 905 ·
163 874 256 943 idest,
272 873 360 930 deitas
382 888 443 927 ntea
457 873 621 930 circumdata
634 876 771 932 charitatis
786 876 894 932 fervore
905 885 956 932 est.
1010 893 1079 941 runt,
1095 884 1122 931 et
1146 865 1425 939 Dominus'omnium.
1443 872 1472 928 Si
1495 888 1541 942 epo
1556 885 1622 944 ergo
1640 870 1699 924 leui
1723 869 1806 940 pedes

164 963 200 1017 lit
209 960 343 1018 cincinni
352 961 409 1018 mei
418 962 506 1032 pattt‘s
522 963 664 1032 noctium;
677 963 705 1017 id
718 971 769 1030 εει,
783 962 956 1018 collectiones
1008 969 1114 1021 arestres
1123 963 1257 1020 Dominus
1266 964 1479 1029 etmegisleret
1489 975 1534 1015 uos
1543 957 1807 1015 debetisnlterettc·

161 1048 282 1106 fidelium
298 1048 437 1106 nonnuliis
450 1049 650 1105 baereticorum.
678 1050 720 1106 ad
734 1066 814 1123 quem
831 1066 929 1122 sponsa
947 1069 954 1107 :
1009 1057 1070 1110 rius
1079 1054 1172 1109 leuare
1185 1052 1275 1123 pedes.
1288 1051 1361 1105 Sicut
1375 1049 1451 1121 prius
1465 1048 1599 1115 exemplo,
1616 1047 1655 1103 sie
1668 1060 1743 1101 rrune
1757 1059 1807 1100 eos

163 1139 325 1212 despoliavi
338 1154 384 1194 me
399 1140 497 1194 tunice
505 1153 578 1204 mec,
588 1140 720 1213 quomodo
731 1141 837 1196 induar
845 1141 919 1197 illu?
929 1139 955 1195 id
1008 1142 1092 1198 verbo
1107 1139 1215 1193 instruit
1237 1137 1367 1208 Magister
1381 1135 1509 1194 veritatis.
1539 1135 1587 1188 llic
1600 1134 1672 1189 enirn
1689 1131 1805 1188 sumitur

162 1233 214 1296 est,
228 1225 337 1282 deserui
360 1225 506 1298 saeeularia,
528 1227 665 1300 quomodo
681 1238 801 1300 repetam
815 1228 885 1287 illa?
900 1231 956 1285 lle-
1008 1234 1199 1301 argumentum
1215 1225 1345 1282 habunde
1360 1223 1542 1280 humilitatis:
1571 1238 1601 1278 ac
1615 1224 1639 1277 si
1663 1222 1758 1277 dieat:
1775 1222 1804 1277 Si

163 1316 233 1372 movi
255 1330 299 1370 me
326 1331 341 1370 a
369 1313 570 1386 nundinatione,
600 1319 736 1390 quomodo
765 1318 957 1391 reincipiam?
1009 1332 1061 1390 ego
1076 1315 1123 1387 qui
1137 1330 1196 1370 sum
1224 1312 1356 1368 Dominus
1379 1318 1406 1367 et
1424 1311 1561 1384 magister,
1582 1310 1636 1365 lavi
1659 1310 1745 1378 pedes
1757 1325 1805 1365 re-

162 1403 228 1459 tavi
252 1402 433 1476 cogitationes
460 1413 487 1460 et
507 1405 676 1475 aiieetioues,
703 1407 842 1480 quomodo
864 1407 955 1479 inqui·
1008 1414 1089 1476 stros,
1105 1413 1132 1460 et
1146 1418 1194 1458 vos
1208 1403 1253 1473 qui
1269 1417 1324 1457 nou
1339 1402 1404 1456 estis
1417 1401 1538 1473 magistri
1555 1414 1606 1454 uae
1621 1397 1738 1463 domiui,
1752 1399 1804 1452 de·

86 1532 88 1537 ·
162 1493 250 1549 nabor
276 1493 402 1550 sordibus
431 1494 549 1551 muudil
576 1495 630 1552 Sed
645 1497 695 1552 bos
709 1497 793 1568 pedes
815 1496 956 1568 discipulis
1010 1482 1080 1551 belis
1093 1492 1159 1549 alter
1185 1490 1293 1546 alterius
1322 1489 1409 1547 lavare
1436 1489 1530 1560 pedes.
1548 1488 1719 1560 Exemplum
1742 1486 1806 1542 dedi

161 1583 233 1639 lavat
246 1581 379 1638 Dominus
395 1597 444 1654 per
472 1582 645 1653 sponsionem
668 1600 725 1640 suaa
743 1586 885 1654 orationis,
908 1585 954 1640 ubi
1010 1574 1805 1654 nobis,utquemedmodumseriechinituetucssucietis.

161 1669 261 1727 dicitur
280 1689 286 1727 :
304 1672 424 1726 Dimitte
447 1670 527 1726 nobis
541 1672 635 1728 debite
649 1679 757 1741 nostre,
773 1674 848 1729 sicut
864 1679 890 1730 et
906 1691 955 1732 atos
972 1626 995 1704 B
1010 1673 1044 1727 Et
1060 1679 1102 1725 est
1114 1684 1211 1724 seusus
1227 1686 1233 1725 :
1250 1667 1278 1723 Si
1295 1680 1347 1740 ego
1360 1666 1413 1723 lari
1429 1666 1509 1736 pedes
1527 1676 1648 1726 vestros,
1670 1661 1699 1717 id
1714 1670 1767 1730 est,
1783 1663 1805 1716 si

161 1758 339 1815 dimittimus
353 1757 524 1814 debitoribus
538 1763 644 1817 nostris
662 1760 772 1831 litettla.
789 1776 828 1824 vt,
845 1763 901 1830 lt).
1010 1774 1063 1831 ego
1077 1757 1165 1813 dimisi
1179 1757 1256 1814 robis
1269 1762 1388 1827 peecata,
1413 1754 1460 1825 (tui
1488 1769 1548 1809 sum
1568 1750 1704 1808 D⁰ffli¹¹¹¹⁸
1731 1751 1807 1805 ⁰0¹¹*

155 1854 158 1859 ’
196 1847 225 1901 7.
241 1844 319 1914 Quod
334 1845 455 1917 sequitur
472 1862 478 1901 :
498 1847 545 1903 Vos
561 1848 663 1903 meandi
673 1850 750 1915 estis,
765 1849 812 1905 red
823 1865 881 1905 non
896 1867 957 1906 em·
1011 1854 1107 1921 potens
1122 1846 1225 1911 omuia;
1250 1855 1277 1900 et
1290 1843 1428 1915 magister,
1443 1843 1532 1898 sciens
1546 1840 1637 1896 omnia
1659 1847 1806 1910 antequem

162 1950 223 1997 nes,
237 1932 347 2003 exponit
361 1933 539 2005 Evangelists,
567 1949 629 1989 cum
649 1935 712 1992 dicit
728 1953 733 1991 :
752 1938 860 1994 Sciebat
881 1940 958 1995 lesus
1013 1937 1077 1992 dent
1093 1950 1100 1989 τ
1116 1950 1164 1991 vos
1178 1934 1225 2006 qui
1237 1935 1300 1988 estis
1315 1931 1388 1989 servi
1401 1928 1571 2001 etdiseipuli,
1587 1927 1696 1984 debetis
1714 1927 1741 1981 in
1755 1941 1807 1982 ros

162 2024 223 2095 quis
233 2037 300 2078 eum
310 2025 371 2079 erut
382 2023 553 2089 traditurus·
563 2026 797 2096 proptereetlicit
806 2046 814 2082 :
824 2028 960 2085 Nonestis
1013 2023 1187 2098 peccantibus
1200 2020 1346 2087 dimittere,
1363 2025 1391 2074 et
1405 2033 1455 2089 pro
1470 2019 1509 2073 eis
1528 2033 1617 2073 orare.
1633 2015 1809 2087 Exemplum

161 2111 263 2167 mnndi
277 2125 384 2169 omnes.
400 2111 544 2183 Sequitur:
561 2115 713 2186 Postquam
727 2115 800 2172 lauit
812 2113 897 2187 pedes
911 2133 960 2174 co·
1013 2114 1078 2170 dedi
1095 2112 1180 2179 uobis,
1195 2117 1229 2167 ut
1242 2108 1476 2183 quemadmodum
1489 2123 1536 2178 epo
1550 2108 1608 2177 feci
1621 2105 1707 2173 aubin
1721 2105 1768 2160 t'tc
1783 2111 1810 2158 et

163 2216 238 2266 raam,
251 2202 279 2254 et
290 2199 444 2272 accepisset
452 2201 691 2269 ttcstimentesuo,
700 2219 766 2258 ctam
774 2204 958 2271 recubuisset,
1013 2200 1202 2273 perfecistis.
1218 2201 1278 2255 Non
1292 2197 1368 2255 eritis
1385 2199 1447 2252 boni
1478 2195 1561 2258 servi,
1577 2195 1601 2249 si
1625 2209 1680 2248 nou
1699 2192 1811 2248 fueritis

162 2288 240 2344 dicit
254 2289 361 2345 ereum
376 2288 433 2344 eis:
444 2288 528 2344 Scitis
538 2289 609 2361 quid
617 2291 735 2361 fecerint
748 2292 831 2362 vebia,
848 2311 896 2366 epe
908 2297 955 2351 De·
1013 2290 1098 2346 secuti
1114 2290 1259 2344 Dominum
1275 2308 1281 2343 :
1299 2302 1349 2341 nee
1367 2300 1477 2340 veraces
1490 2281 1628 2353 discipuli,
1640 2281 1664 2337 si
1678 2279 1810 2337 demarc-

161 2377 260 2433 nn'nns
270 2379 301 2434 ct
309 2375 467 2446 magister?
472 2376 723 2451 Exemplumem'm
730 2378 793 2436 dedi
801 2380 921 2450 uobis,ut
932 2386 960 2436 et
1013 2379 1070 2435 ritis
1085 2394 1101 2433 a
1114 2377 1235 2434 deetriu'a
1248 2374 1379 2447 magistri.

161 2482 209 2523 vos
224 2465 268 2522 ite
281 2464 408 2534 societis.
421 2463 479 2521 lloe
492 2463 516 2520 si
532 2466 669 2523 memoriae
683 2470 902 2537 commendastis,
914 2487 959 2525 ex·
1049 2471 1075 2524 9.
1090 2465 1198 2532 Audite,
1220 2463 1334 2536 prelati,
1354 2463 1399 2535 qui
1415 2462 1567 2518 cathedram
1582 2459 1682 2516 tenetis
1697 2457 1808 2529 regimi·

163 2553 284 2624 positum
309 2559 360 2610 est.
389 2552 533 2626 Postquam
563 2555 625 2611 lavit
643 2557 726 2627 pedes
753 2557 956 2627 discipularum,
1013 2556 1065 2617 nis.
1080 2555 1230 2619 Putetisne,
1245 2553 1344 2611 tenetis
1352 2551 1506 2623 exemplum
1515 2548 1641 2606 Domini?
1653 2547 1808 2619 unuquis-

162 2641 190 2697 id
204 2654 254 2708 est,
284 2641 397 2713 impleta
429 2643 589 2713 purgatione
617 2659 665 2714 per
691 2646 851 2718 sanguinem
866 2662 956 2712 suum,
1012 2663 1065 2716 que
1084 2653 1205 2701 nostrum
1239 2641 1381 2700 conveniat
1400 2639 1599 2696 conscientiam
1622 2650 1720 2702 susm3
1736 2651 1806 2710 gau·

161 2730 265 2803 aceepit
291 2731 464 2795 vestimenta,
493 2731 558 2803 quia
585 2730 745 2788 immortalis
774 2733 874 2790 iactus.
889 2737 957 2790 Cum
1013 2737 1075 2791 dent
1096 2735 1119 2790 si
1133 2741 1208 2789 tenet
1232 2731 1278 2787 :si
1294 2746 1348 2786 nou
1363 2736 1446 2797 tenet,
1460 2730 1515 2799 jam
1530 2742 1585 2783 uon
1600 2733 1642 2782 est
1657 2724 1807 2796 discipulus

162 2819 343 2889 recubuisset,
361 2820 388 2875 id
404 2827 454 2888 est,
464 2835 525 2876 cunt
536 2820 570 2875 ad
583 2821 720 2877 dexteram
727 2821 815 2879 Patris
828 2824 955 2893 sedisset,
1012 2823 1128 2881 Domini.
1141 2820 1237 2877 Melius
1248 2820 1288 2875 illi
1299 2825 1371 2876 esset
1385 2818 1408 2874 si
1423 2818 1537 2873 baberet
1546 2816 1647 2871 molam
1661 2813 1806 2870 asinanum

163 2905 230 2963 dixit
258 2924 307 2979 per
343 2907 473 2978 Spiritum
500 2915 632 2976 sanctum,
661 2910 775 2965 missum
802 2910 830 2966 in
858 2892 1580 2985 linguissslucello,etdemergereluriuprotundum
1590 2903 1809 2975 maris,quumul

162 2995 258 3066 igneis.
274 2996 298 3052 0
317 2996 415 3052 beatos
443 2997 537 3068 pedes,
564 2998 679 3068 opedes
702 2997 802 3070 felices,
817 3000 864 3072 qui
877 3002 956 3057 talem
1010 2995 1437 3058 essetsortitusnomeuabbatis.
1455 2993 1596 3050 illeliusilli
1607 2991 1809 3062 assensisset

162 3096 195 3138 ae
208 3088 312 3138 tautum
338 3088 497 3138 mememnt
520 3084 620 3140 babere
647 3083 806 3144 lavatorem!
825 3088 863 3143 De
879 3088 956 3153 pedi·
1010 3097 1101 3146 custos
1115 3103 1270 3157 porcorum,
1293 3082 1637 3157 quamquodessetabbas
1658 3080 1808 3137 monacho·

163 3172 214 3227 bus
227 3170 373 3226 electorum
387 3170 456 3238 dico,
483 3171 516 3227 de
531 3172 608 3228 Judae
623 3173 757 3229 traditoris
772 3175 885 3246 pedibus
901 3193 957 3235 nou
1012 3174 1207 3248 rum.0pelris
1217 3168 1810 3242 Domiuilohumilitascbristi,qustuiuuge

163 3259 233 3316 dieo.
250 3257 273 3316 0
289 3259 367 3316 beate
383 3260 469 3329 Petra,
484 3275 501 3316 o
517 3259 609 3318 felices
632 3263 763 3330 Apostoli,
793 3265 956 3334 antepedes
1012 3265 1199 3322 recessistilO
1226 3279 1306 3336 quem
1330 3269 1395 3319 suut
1416 3260 1512 3326 rari,o
1539 3272 1620 3330 quam
1649 3264 1715 3313 suut
1728 3258 1809 3330 pauci

162 3363 279 3421 quorum
294 3347 378 3405 astitit
393 3346 505 3405 humilis
519 3348 629 3406 Creator
644 3350 828 3424 Angelorum
844 3369 861 3408 o
875 3354 956 3410 beatu
1010 3352 1056 3425 qui
1070 3369 1167 3426 aquam
1192 3353 1220 3408 in
1243 3350 1344 3423 pelvim
1367 3349 1483 3415 mittant,
1513 3355 1541 3403 et
1566 3346 1636 3402 tiexo
1659 3346 1764 3418 poplite
1777 3347 1809 3401 ad

162 3433 302 3510 purgatio!
329 3451 346 3492 o
378 3438 457 3494 beata
472 3437 580 3506 lauatio,
608 3454 670 3509 quae
697 3441 808 3496 mundat
823 3443 954 3511 leprosos,
1010 3439 1154 3496 lavandum
1169 3439 1252 3510 pedes
1266 3437 1458 3508 discipulorum
1474 3432 1699 3506 peteutheoeal
1712 3432 1807 3499 smel,

162 3533 240 3583 curat
267 3532 393 3597 aegrotos,
426 3526 538 3582 vulnera
561 3534 651 3595 sanat,
679 3527 820 3585 cicatrices
848 3528 955 3596 solidat,
1011 3529 1125 3586 offendit
1139 3528 1228 3596 trater,
1245 3528 1272 3582 iu
1287 3526 1397 3597 aliquod
1414 3525 1540 3580 delictum
1554 3523 1672 3578 cecidit:
1688 3537 1746 3578 uon
1768 3532 1809 3578 est

161 3616 253 3671 lumen
268 3613 351 3670 donat
373 3615 464 3679 caeeis,
496 3629 618 3686 gressum
647 3615 760 3685 claudis,
777 3617 956 3688 pulchritudi·
1014 3617 1107 3688 peluis,
1123 3632 1178 3674 nau
1204 3623 1245 3675 est
1270 3631 1349 3688 aqua,
1378 3627 1433 3670 nou
1448 3620 1489 3668 est
1510 3610 1557 3683 qui
1570 3626 1601 3666 se
1618 3622 1758 3682 praeparet
1776 3611 1808 3666 ad

162 3717 225 3758 uem
241 3700 333 3770 loedis,
348 3701 459 3756 divitias
472 3701 577 3772 egenis,
599 3705 702 3758 moestis
716 3703 848 3774 laetitiam,
867 3706 956 3776 poeui-
1012 3706 1087 3760 illum
1102 3705 1276 3772 abluendum,
1293 3703 1342 3760 sed
1370 3702 1459 3774 potius
1473 3702 1507 3757 ad
1533 3698 1741 3771 expellendum.
1757 3699 1806 3755 Di·

162 3788 280 3845 entibus
294 3789 414 3859 veniam,
429 3790 544 3844 mortuis
555 3789 651 3847 ritaml
664 3791 687 3847 Ο
702 3793 802 3864 grande
813 3793 954 3864 gaudium,
1012 3797 1089 3861 scite,
1105 3794 1219 3867 prelati,
1235 3794 1308 3864 quod
1335 3794 1511 3848 becennest
1530 3789 1564 3845 de
1582 3789 1680 3863 regula
1694 3789 1805 3845 christi.

162 3877 294 3935 immensa
308 3875 414 3933 letitia!
1012 3885 1059 3938 ille
1072 3883 1135 3938 lavit
1144 3882 1229 3952 pedes
1243 3881 1437 3952 discipulorum
1464 3877 1580 3953 genibus
1592 3875 1673 3933 flexis
1692 3892 1700 3932 ε
1720 3887 1749 3933 ει
1759 3892 1806 3932 ros

198 3970 225 4021 8.
240 3963 363 4022 Christus
392 3972 537 4038 postquem
564 3964 641 4036 lavit,
670 3968 830 4025 vestimenta
846 3986 894 4028 sua
908 3987 956 4029 ae·
1011 3988 1065 4028 nou
1079 3970 1161 4028 vultis
1174 3973 1264 4026 lavere
1279 3970 1372 4027 sordes
1384 3976 1535 4025 vestrorum
1551 3980 1749 4023 conservorum
1764 3976 1807 4022 to-

162 4053 248 4127 cepit3
263 4061 325 4125 post
352 4061 465 4110 mertem
492 4052 591 4120 carnis,
621 4056 733 4126 gloriam
751 4058 844 4112 babuit
862 4077 955 4116 resur·
1011 4062 1045 4119 tis
1059 4060 1221 4131 corporibus
1236 4060 1263 4113 in
1288 4068 1386 4115 terrum
1412 4055 1573 4127 prostratis?
1588 4056 1650 4110 Nou
1665 4062 1708 4109 est
1723 4056 1805 4109 disei-

161 4142 298 4200 reuiouis.
318 4142 383 4198 Post
409 4143 548 4216 sauguinis
561 4141 654 4200 008
667 4144 839 4216 effusionem,
855 4151 956 4222 aceepit
973 4165 997 4242 n
1012 4149 1090 4219 pulus
1114 4164 1197 4220 super
1219 4147 1387 4219 magistrum.
1413 4149 1510 4202 Peeeat
1537 4145 1700 4210 menachus,
1716 4150 1805 4214 paseat

160 4231 283 4302 eorporis
304 4230 543 4287 immortalitatem.
570 4232 673 4289 Deinde
699 4234 830 4305 recubuit,
860 4237 956 4292 deiude
1011 4255 1178 4297 conversus:
1194 4238 1333 4310 pulverem
1344 4244 1434 4309 portat
1449 4238 1476 4289 iu
1492 4235 1576 4304 pede,
1593 4233 1649 4289 iuro
1664 4232 1739 4288 torte
1752 4240 1804 4288 toto

159 4320 302 4393 requierit,
319 4319 406 4377 eoelos
420 4320 552 4388 aseendit,
576 4322 621 4377 ubi
649 4324 725 4379 sedet
751 4324 913 4382 benedictus
928 4329 955 4381 in

160 4411 274 4467 dextera
287 4408 337 4465 Dei
352 4410 447 4466 Patris.
463 4410 503 4466 De
513 4409 559 4466 illo
582 4412 706 4466 accubitu
720 4411 860 4484 discipulis
884 4415 955 4469 iute-

159 4505 216 4565 net,
241 4498 360 4565 iustruit,
380 4498 459 4554 docet
472 4513 521 4569 per
544 4497 672 4569 Spiritum
695 4513 827 4572 sanatum,
856 4512 883 4559 et
903 4520 954 4574 per

159 4587 235 4659 ipsos
249 4587 353 4642 intonat
372 4586 498 4659 gentibus
512 4587 628 4644 cunctis.
643 4589 677 4643 lit
690 4591 755 4660 quid
771 4591 833 4646 dicit
842 4592 856 4648 ⁴?
871 4591 953 4649 Scitis

159 4675 225 4748 quial
234 4676 349 4746 fuerim
362 4675 456 4730 nebu?
470 4677 516 4731 Vos
527 4692 571 4732 me
582 4677 701 4746 uerutis,
712 4680 855 4751 Magister,
866 4684 953 4737 etDe·

158 4765 253 4829 mine,·
264 4769 291 4818 et
301 4761 368 4819 bene
377 4763 554 4828 dinitiarum
565 4766 681 4820 etenim.
693 4766 749 4822 Hoc
759 4768 879 4836 estquod
892 4785 954 4838 pro-

67 4882 73 4890 ·
158 4851 269 4907 miserat
283 4852 359 4906 Petro
368 4851 477 4908 dicens:
494 4853 571 4909 Scies
591 4856 689 4910 eutem
700 4859 805 4926 postea.
818 4857 866 4913 ilie
881 4859 953 4914 invi-

157 4948 194 4996 tat
208 4940 243 4996 ad
258 4940 396 4996 sciendum
412 4940 483 5011 quod
501 4940 576 5010 prius
591 4943 753 4999 nesciebant.
770 4943 847 5012 Quod
863 4946 927 5003 dieit
944 4964 951 5003 :

158 5031 208 5105 ¹t'es
230 5030 335 5086 vocetis
361 5045 416 5094 mc,
435 5029 575 5101 deputer,
593 5034 622 5086 et
637 5032 771 5100 Domine,·
786 5037 814 5089 et
829 5035 895 5090 bene
910 5037 951 5092 di·

155 5121 233 5183 ct‘tt's,
248 5118 428 5175 rumctenim
438 5136 447 5183 ,·
459 5132 511 5172 nou
523 5123 608 5174 estne
618 5120 784 5193 arrogantia,
796 5122 844 5176 sed
855 5122 889 5178 de
901 5140 950 5180 ve-

155 5207 245 5264 ritate.
260 5206 314 5276 Qui
329 5206 401 5263 eninr
416 5206 709 5279 neeessluteeogeme,
726 5224 788 5266 vera
798 5208 833 5263 de
843 5209 952 5266 seboua

155 5295 283 5367 loquitur,
310 5302 385 5351 tauto
411 5294 500 5367 magis
526 5296 618 5352 verius
646 5297 789 5353 humilitati
815 5298 948 5370 iungitur,

1009 4327 1252 4400 corporetebescit
1277 4326 1305 4380 iu
1336 4334 1406 4382 cute.
1429 4324 1506 4380 Tolle
1534 4337 1641 4392 aquam,
1668 4322 1736 4378 tolle
1754 4324 1803 4377 do·

1009 4426 1119 4472 rtrtuatn
1134 4417 1167 4472 de
1180 4416 1304 4487 pelvibus
1316 4413 1450 4487 magistri,
1464 4412 1498 4467 de
1513 4412 1660 4482 preceptis
1671 4409 1801 4466 Domini:

1008 4522 1086 4562 curre
1099 4506 1133 4561 ad
1145 4521 1206 4561 eurn
1220 4520 1274 4560 uon
1295 4505 1321 4558 iu
1336 4518 1405 4574 equo
1419 4499 1581 4568 Ριιιιιιιοιιίε,ι
1600 4500 1649 4554 sed
1670 4499 1700 4554 iu
1716 4499 1801 4554 bauti·

1008 4594 1080 4649 litate
1093 4593 1298 4665 Redemptum,
1309 4592 1385 4646 vultu
1400 4590 1525 4663 placido,
1535 4594 1625 4644 mente
1645 4585 1800 4658 tranquille,

1008 4699 1088 4752 quatu
1103 4682 1185 4738 citius
1200 4690 1287 4753 potes,
1303 4681 1393 4735 lavare
1420 4678 1538 4734 festiue:
1558 4692 1592 4731 ne
1606 4675 1699 4746 pulvis
1713 4683 1801 4732 verta-

1008 4772 1094 4827 turin
1109 4770 1238 4835 scabiem,
1255 4766 1359 4824 scabies
1374 4773 1492 4823 vertatur
1502 4764 1529 4820 iu
1541 4765 1653 4834 lepram,
1669 4773 1701 4819 et
1715 4764 1802 4835 lepro-

1008 4875 1055 4912 sus
1069 4858 1215 4926 expellatur
1233 4856 1268 4911 de
1288 4869 1372 4928 grege
1388 4853 1505 4910 Domini.
1530 4850 1583 4909 Sed
1607 4851 1631 4906 si
1650 4851 1802 4908 obstinatus

1006 4948 1100 5015 luerit,
1123 4953 1151 5002 et
1177 4945 1320 5002 emendare
1338 4943 1464 5015 noluerit,
1484 4942 1599 4997 dicens:
1618 4942 1680 4998 Non
1696 4940 1799 4996 lambe

1005 5036 1078 5091 mibi
1090 5033 1172 5106 pedes
1186 5036 1218 5090 in
1234 5038 1375 5092 eternum
1386 5050 1395 5087 :
1408 5030 1451 5086 dic
1463 5036 1528 5087 ettu
1539 5029 1563 5085 ei
1581 5044 1586 5083 :
1600 5030 1699 5086 Sinon
1709 5030 1800 5084 leuem

1006 5129 1043 5190 te,
1055 5140 1113 5180 nen
1123 5123 1233 5179 debebis
1248 5127 1361 5194 purtem
1371 5136 1431 5177 cum
1443 5118 1548 5174 Christo
1561 5117 1690 5173 Domino.
1708 5119 1800 5173 Postea

1005 5214 1026 5268 si
1043 5227 1106 5267 eum
1125 5213 1204 5269 Petro
1214 5211 1347 5266 assentire
1362 5207 1488 5274 voluerit,
1501 5208 1558 5261 lava
1573 5221 1636 5262 eum
1649 5220 1716 5261 cum
1730 5202 1801 5262 omni

1005 5302 1165 5366 bumilitate,
1191 5300 1400 5355 mansuetudine
1427 5305 1454 5353 ει
1481 5293 1681 5365 misericordie,
1712 5306 1742 5351 ut
1771 5303 1800 5349 tu

155 5392 255 5453 quante
270 5393 298 5439 et
310 5384 414 5440 veritati
430 5383 590 5441 associatur.
612 5386 658 5443 Vos
671 5389 778 5444 uocatis
794 5404 849 5455 me,
864 5387 950 5459 liegi-
1003 5391 1061 5462 ipse
1076 5389 1286 5447 misericordiam
1308 5405 1323 5442 a
1338 5388 1395 5443 Deo
1410 5383 1595 5456 consequaris.
1611 5382 1692 5450 Quod
1708 5385 1732 5439 si
1746 5398 1801 5439 nou

154 5472 255 5536 steret
263 5473 426 5540 Domine-e
435 5472 684 5540 benedicitiseunt
693 5477 809 5532 etenim.
820 5476 879 5548 Ego
888 5492 949 5534 sum
1003 5480 1110 5548 teneris,
1126 5494 1181 5536 uon
1204 5487 1279 5535 tenes
1296 5477 1449 5547 exemplum
1473 5473 1584 5542 Christi,
1604 5487 1656 5530 nee
1668 5489 1701 5531 es
1713 5474 1799 5531 use·
