3706 5962
94 169 148 231 343

706 157 860 221 udluoltls
877 157 1130 225 multiusluusu

1692 148 1745 224 sti

96 301 127 351 nt
141 293 258 359 luceant,
275 291 323 347 sed
337 297 368 345 ut
381 289 449 346 sint:
467 303 521 344 non
546 296 575 344 ut
588 288 718 353 sciantur,
733 287 782 341 sed
806 292 835 339 ut
848 284 896 338 he·
912 297 936 376 fl
952 301 1006 357 qno
1020 290 1152 360 majorem
1175 290 1320 363 contigerit
1333 291 1423 345 inesse
1445 304 1523 344 usum
1542 288 1750 344 consuetudinis

95 382 221 440 buntur.

132 475 159 527 7.
175 468 308 525 Vitiomm
325 482 391 523 vero
416 465 476 538 plus
489 466 516 520 in
531 463 686 535 semetipsis
709 468 833 518 metuunt
847 476 895 532 ap-

95 561 223 636 petitum,
242 571 323 629 quam
346 556 381 610 ab
400 554 458 609 aliis
471 554 617 626 impetum,
644 551 705 625 plus
727 549 893 622 contagium,

96 664 178 723 quam
192 644 331 702 malitiam.
348 644 423 700 Sicut
446 643 518 700 enim
538 642 683 716 aliquando
703 656 802 711 magno
816 637 894 694 labo-

96 740 139 803 ιε,
155 742 181 792 ει
203 732 291 790 studio
305 738 509 803 perseverante,
525 731 636 787 virtutes
650 729 793 786 trahuntur
815 727 842 782 in
857 725 896 782 ul-

97 824 200 881 lectum
218 829 245 877 et
259 828 379 876 mentem
395 820 504 886 bonum,
519 818 558 876 sic
572 818 637 875 vitia
650 817 787 876 levissima
801 815 897 871 remis-

98 910 178 968 sioris
198 908 315 966 licentis
337 907 540 978 opportunitate
560 914 702 962 transeunt
716 907 743 960 in
762 919 895 975 consper-

98 1000 214 1067 sionem,
240 1009 268 1055 et
288 998 364 1071 quasi
385 997 516 1053 natumlia
537 995 701 1052 efficiuntur.
722 993 776 1051 Sed
795 991 896 1047 nullum

99 1089 194 1145 vidum
207 1089 330 1146 naturale
346 1095 401 1158 εει,
418 1086 502 1142 virtus
512 1100 577 1142 vero
592 1083 678 1142 m
688 1082 776 1140 omnis
792 1081 896 1137 homini

99 1176 229 1235 naturalis
242 1184 294 1234 ost.
319 1176 493 1234 Consuetudo
512 1181 603 1231 tamen
618 1172 662 1230 tel
676 1170 821 1229 voluntatis
836 1184 897 1226 cor·

100 1274 196 1340 rupte,
220 1264 263 1321 vel
286 1265 388 1322 inolitae
402 1262 587 1337 negligentiae,
610 1261 724 1334 plurima
743 1276 816 1332 saepe
836 1257 897 1315 vitis

101 1354 178 1429 quasi
195 1355 327 1411 naturalia
340 1354 368 1409 in
383 1353 507 1425 neglecta
517 1351 684 1409 conscientia
694 1349 803 1407 efficere
818 1348 897 1404 solet.

951 383 979 430 et
992 376 1144 445 voluntatis,
1169 394 1203 436 eo
1216 380 1331 452 nequior
1352 389 1380 434 et
1394 377 1519 434 rebellior
1541 377 1569 433 in
1591 392 1625 433 eo
1640 378 1749 433 inveni-

951 470 1002 532 tur,
1019 481 1073 522 non
1094 474 1149 522 tam
1163 467 1264 534 malitis
1282 467 1438 539 spiritualis,
1462 481 1543 537 qnam
1558 467 1636 539 qnasi
1660 468 1750 522 muni-

950 553 1001 610 bus
1022 556 1183 626 expellenda
1197 558 1339 631 multiplex
1362 556 1486 630 quaedam
1501 555 1625 612 collectio
1639 564 1668 612 et
1682 556 1751 612 dura

949 646 1305 715 corpulentianeoessitatis.

985 737 1012 792 8.
1040 733 1095 789 Sed
1121 735 1265 792 redeamus
1289 735 1321 789 ad
1341 735 1448 790 laudem
1470 735 1589 790 virtutis.
1608 734 1687 802 'Quid
1709 741 1752 790 est

950 821 1053 877 virtus?
1076 822 1142 878 Filia
1159 823 1279 887 rationis,
1299 822 1348 879 sed
1372 822 1459 894 magis
1482 823 1590 896 gratiss.
1615 820 1661 877 Vis
1677 822 1751 879 enirn

950 911 1074 981 quaednm
1090 920 1130 968 est
1147 928 1180 968 ex
1191 921 1296 969 naturar
1315 912 1349 966 Ut
1363 918 1454 967 autern
1464 911 1551 966 virtus
1565 911 1610 976 sit,
1625 910 1706 966 habet
1716 926 1752 966 ειι

950 999 1047 1074 gratia.
1065 1000 1112 1056 Vis
1121 1010 1164 1056 est
1177 1017 1209 1057 ex
1217 1000 1318 1071 judicio
1333 999 1509 1072 approbantis
1522 999 1634 1055 rationis
1646 1018 1652 1054 :
1664 1001 1751 1056 virtus

950 1094 1042 1143 autem
1057 1104 1090 1143 ex
1104 1090 1226 1161 appetitu
1244 1087 1400 1143 illuminatus
1410 1086 1567 1142 voluntatis.
1580 1085 1666 1144 Virtus
1675 1088 1751 1142 enim

951 1183 994 1230 εει
1008 1178 1175 1233 voluntarius
1185 1178 1212 1233 in
1228 1179 1331 1234 bouum
1342 1191 1477 1233 assensus.
1488 1175 1579 1231 Virtus
1589 1183 1631 1231 est
1639 1177 1751 1247 aequali-

952 1271 993 1320 tas
1004 1267 1127 1337 quaedam
1137 1267 1208 1332 vitre,
1221 1282 1270 1338 per
1280 1265 1371 1322 omnia
1381 1263 1648 1336 congruensratioui.
1660 1263 1752 1319 Virtus

953 1360 996 1407 est
1009 1352 1043 1407 ad
1053 1353 1183 1423 judicium
1194 1353 1305 1409 rationis
1318 1369 1383 1408 usus
1395 1351 1650 1407 liberaevoluntatis.
1662 1352 1752 1406 Virtus

100 1443 274 1500 Consuetudo
293 1444 404 1516 quippe,
430 1442 499 1498 sicut
514 1440 666 1513 philosophi
685 1440 776 1496 dicere
800 1438 898 1504 solent,
953 1442 1078 1513 quedam
1091 1448 1134 1497 est
1148 1441 1293 1497 humilitas.
1311 1441 1399 1496 Virtus
1414 1440 1539 1513 quaedam
1554 1445 1596 1496 est
1610 1439 1749 1510 patientia.

100 1539 143 1588 est
164 1531 282 1587 mounda
307 1539 413 1586 natura.
439 1529 536 1586 Omnis
551 1537 649 1585 ,tamen
680 1528 765 1583 malus
793 1523 900 1580 animus
954 1530 1045 1585 Virtus
1059 1530 1183 1603 quaedam
1207 1538 1247 1585 est
1267 1530 1431 1596 obedientia.
1456 1529 1585 1593 Virtutes,
1605 1535 1751 1600 snutpru·

100 1620 257 1692 priusquam
281 1618 446 1685 indurescat,
476 1617 574 1673 molliri
593 1623 683 1688 potest
703 1614 806 1669 malitia
820 1613 898 1683 ejus:
916 1605 939 1682 fl
954 1618 1057 1684 dentia,
1071 1619 1260 1691 temperantia,
1276 1618 1416 1688 fortitudo,
1425 1618 1538 1689 justitia,
1551 1613 1752 1690 etaliaequain·

101 1708 150 1765 sed
165 1723 216 1763 nec
228 1715 372 1780 postquam
387 1706 549 1770 induruerit,
563 1704 752 1777 desperandus
770 1710 822 1759 est.
837 1702 902 1758 llaec
954 1707 1046 1779 plures
1056 1727 1062 1765 :
1074 1708 1101 1763 in
1116 1710 1214 1780 quibus
1226 1708 1340 1778 siugulis
1354 1724 1409 1764 non
1418 1715 1461 1764 est
1470 1707 1541 1763 aliud
1551 1708 1645 1776 virtus,
1658 1722 1751 1779 quarn,

101 1797 175 1853 euim
193 1795 347 1852 maledictio
367 1802 410 1851 est
423 1795 499 1862 ddae,
515 1794 586 1850 utin
605 1801 678 1849 terra
692 1792 792 1848 laboris
805 1791 900 1858 nostri,
954 1795 1023 1852 siem
1035 1796 1135 1854 dictum
1147 1804 1198 1866 est,
1210 1796 1244 1851 ad
1257 1797 1387 1868 judicium
1398 1796 1510 1853 rationis
1520 1813 1585 1852 usus
1600 1796 1693 1852 liberte
1708 1811 1753 1851 ro

102 1892 131 1942 et
150 1884 179 1939 in
198 1898 265 1954 agro
279 1883 368 1940 cordis
382 1883 426 1939 vet
440 1884 563 1955 corporis
582 1881 678 1947 nostri,
695 1881 774 1936 noxia
787 1881 830 1937 vet
844 1880 902 1935 inu·
954 1885 1075 1942 luntatis.
1091 1887 1164 1941 uuna
1180 1884 1253 1941 enirn
1267 1884 1430 1941 voluutasin
1445 1885 1535 1940 animo
1550 1890 1593 1940 est
1605 1884 1751 1959 origoom-

103 1972 158 2028 tilia
176 1970 296 2046 gratuito
320 1971 419 2043 passio
434 1972 535 2045 ubique
555 1970 728 2044 proveniant:
749 1969 822 2025 utilia
836 1984 902 2025 vero
955 1974 1029 2030 nium
1050 1975 1195 2040 bonomm‚
1215 1983 1243 2030 et
1264 1975 1386 2031 omnium
1408 1980 1495 2029 mater
1510 1974 1649 2031 virtutum.
1676 1972 1752 2028 Sicc

103 2061 147 2117 vel
166 2061 330 2129 necessaria,
353 2067 382 2115 θῑ
401 2060 530 2127 salubria,
550 2076 611 2118 cum
626 2059 730 2117 labore·
754 2058 845 2114 Virtus
859 2065 901 2112 tt·
955 2077 1089 2120 converso
1113 2063 1184 2119 mela
1197 2062 1321 2119 voluntas
1335 2072 1377 2119 est
1391 2063 1470 2136 origo
1484 2061 1606 2119 omniurn
1621 2061 1753 2117 malorum

104 2164 168 2205 ¹¹¹⁶ss
182 2148 311 2222 <tumim
326 2157 430 2206 natur&
445 2165 490 2205 10⁸
504 2156 557 2216 ³⁵1.
572 2165 633 2205 ⁶⁰¹ss
651 2148 768 2207 venitin
782 2148 902 2203 altimum
955 2153 1129 2211 elvitiorum.
1147 2153 1212 2209 ldeo
1227 2160 1320 2210 custos
1335 2153 1433 2209 enimse
1447 2169 1514 2219 suae,
1528 2152 1607 2209 ratde
1623 2149 1754 2208 sollicitus

104 2238 262 2311 diruendo,
275 2253 329 2294 non
344 2238 418 2295 venit
433 2237 492 2294 sine
506 2237 611 2304 labore.
626 2238 674 2294 sed
688 2238 762 2294 venit
776 2238 803 2293 in
813 2236 903 2293 locum
956 2260 1018 2301 esse
1037 2244 1121 2300 debet
1136 2243 1207 2299 circa
1229 2243 1380 2300 custodiam
1395 2243 1541 2299 voluntaris
1557 2258 1624 2308 sue,
1640 2249 1670 2298 nt
1685 2260 1752 2314 pru-

104 2345 193 2392 sunm.
220 2334 247 2383 et
264 2326 344 2384 sedet
361 2326 488 2396 fideliter,
512 2333 540 2383 et
563 2328 634 2384 bene
657 2343 719 2383 cum
747 2342 779 2382 ee
800 2333 904 2382 uaturae
957 2334 1054 2390 denter
1070 2332 1214 2405 intelligat,
1239 2340 1267 2387 et
1283 2333 1421 2388 discernat
1435 2331 1499 2405 quid
1524 2331 1552 2386 in
1567 2338 1653 2387 totum
1676 2331 1750 2402 velit,

105 2416 240 2477 contenit.
255 2431 316 2470 cum
332 2414 435 2470 nullum
450 2413 590 2487 praemittm
615 2415 704 2486 lt0titt³
722 2414 758 2469 sit
771 2414 806 2481 ei.
823 2429 904 2485 (ittam
956 2421 999 2479 rel
1009 2420 1155 2478 volendum
1170 2420 1222 2477 sibi
1234 2420 1279 2487 sit,
1295 2420 1363 2477 sicut
1377 2427 1420 2476 est
1432 2436 1508 2476 amor
1523 2420 1590 2477 Dei:
1608 2420 1670 2491 quid
1687 2434 1753 2491 pro·

104 2503 133 2558 iu
149 2505 205 2560 Deo
220 2503 388 2559 conscientia
400 2502 453 2562 tui.
469 2504 568 2560 Vitium
587 2518 654 2559 veto
676 2518 737 2559 wm
751 2502 816 2557 nihil
833 2500 905 2556 aliud
958 2517 1019 2580 pter
1039 2508 1114 2577 illud,
1137 2509 1207 2566 sicut
1226 2517 1268 2565 est
1290 2524 1367 2564 amor
1383 2507 1507 2580 proximi.
1525 2509 1560 2564 Ut
1578 2507 1692 2564 enimin
1711 2506 1757 2563 illo

105 2608 168 2649 esse
182 2594 319 2658 credatur,
343 2608 425 2664 quam
439 2593 553 2663 privatio
576 2592 693 2659 virtutis,
708 2600 798 2648 tamen
821 2589 905 2646 vasti·
959 2596 1017 2645 tutu
1040 2589 1076 2644 sit
1088 2588 1177 2645 omnia
1193 2588 1359 2655 indiscretio,
1375 2589 1401 2642 in
1417 2589 1470 2645 hoc
1483 2603 1593 2659 semper
1606 2587 1756 2645 secundnm

105 2691 147 2739 tas
160 2684 222 2753 ejus
235 2690 265 2738 ει
283 2682 430 2738 enormitas
444 2689 519 2738 tauta
534 2698 729 2754 nonnunquam
753 2679 829 2753 quusi
844 2695 907 2735 sen·
959 2677 1124 2735 obedientius
1139 2677 1247 2748 regulas
1257 2685 1335 2733 cauta
1349 2685 1377 2734 et
1391 2677 1512 2748 prudens
1526 2678 1608 2732 debet
1622 2692 1683 2733 esse
1693 2674 1760 2731 dile·

106 2770 182 2838 titur,
207 2778 236 2825 nt
259 2769 358 2824 obruat
379 2775 409 2823 et
421 2767 574 2839 opprimat:
602 2768 709 2824 loeditas
734 2774 818 2834 muta,
833 2774 865 2821 ut
880 2766 907 2821 in
960 2762 1024 2819 ctio.
1041 2763 1071 2816 ln
1094 2761 1241 2818 dilectione
1260 2761 1361 2832 quippe
1381 2762 1431 2816 Dei
1451 2776 1504 2817 non
1528 2761 1581 2816 alia
1601 2761 1680 2824 ratio,
1703 2774 1759 2815 non

106 2857 203 2930 quinet
223 2866 251 2913 et
264 2855 380 2924 inliciat3
401 2854 521 2912 adbaesio
540 2862 595 2911 tam
614 2855 739 2928 pertinax
762 2861 908 2911 consuetu·
960 2851 1012 2907 alia
1035 2849 1164 2906 discretio
1183 2859 1235 2915 est,
1264 2850 1314 2905 nisi
1334 2859 1364 2906 ut
1379 2850 1449 2907 sicut
1473 2850 1519 2906 ille
1537 2865 1599 2906 cum
1621 2850 1762 2905 dilexisset

107 2943 191 3011 dinis,
212 2954 241 3001 ut
260 2945 303 3001 vix
318 2961 334 3000 a
348 2960 379 3001 se
393 2959 454 3000 eam
470 2951 565 3001 natura
580 2944 710 3001 excutiat.
725 2944 821 3001 Omnis
835 2944 906 3000 enim
925 2911 1022 3004 coos,
1036 2939 1064 2993 in
1079 2939 1161 2992 finem
1176 2938 1271 2994 dilexit
1285 2953 1353 2994 nos:
1375 2939 1423 3007 sic,
1439 2939 1463 2994 si
1478 2937 1537 2994 fieri
1552 2944 1652 3009 potest,
1662 2937 1690 2991 in
1703 2936 1763 2992 inti·

106 3033 165 3090 riui
186 3032 286 3089 trustra
308 3031 427 3089 siccatur
450 3032 533 3098 rivus,
550 3032 572 3088 si
594 3030 657 3089 fons
675 3048 729 3088 uon
754 3032 835 3088 tuerit
854 3032 906 3087 ob·
961 3028 1046 3084 nitum
1069 3027 1213 3102 diligamus
1238 3043 1300 3084 eum
1319 3042 1379 3093 nos,
1407 3028 1478 3084 sicut
1502 3029 1599 3083 heatus
1616 3025 1659 3082 vir
1673 3026 1720 3098 qui
1734 3025 1762 3081 in

108 3129 219 3189 turatns.
244 3120 325 3176 Verbi
339 3119 436 3191 gratia,
464 3119 578 3176 remissa
600 3119 727 3178 uoluntas
749 3119 813 3176 lacit
831 3136 909 3177 men·
961 3115 1096 3172 mandatis
1111 3117 1171 3187 ejus
1184 3117 1257 3188 cupit
1271 3115 1351 3173 nimis
1366 3118 1452 3189 (Paul.
1464 3132 1520 3180 uxr,
1537 3119 1570 3185 l).

33 3242 39 3251 ·
109 3210 144 3268 tis
157 3211 305 3274 leuitatem,
331 3224 365 3264 ex
384 3225 438 3281 qua
453 3209 588 3281 prodeunt
610 3208 771 3265 instabilitas
797 3209 908 3272 mentis,
997 3203 1085 3262 m
1098 3209 1126 3261 9.
1149 3205 1202 3262 Sed
1218 3221 1279 3262 cum
1302 3206 1404 3262 nullum
1426 3205 1520 3272 linem,
1549 3206 1593 3261 uel
1617 3203 1763 3261 terminum

108 3298 289 3356 inconstantia
318 3312 435 3363 morum,
456 3314 526 3356 vana
553 3298 646 3356 letitia
673 3314 746 3371 soepe
768 3299 907 3371 usquead
962 3294 1064 3351 habere
1097 3295 1196 3351 debeat
1229 3294 1337 3351 devotio
1360 3295 1485 3361 amantis,
1514 3302 1604 3350 tamen
1631 3292 1764 3351 terminos

108 3386 247 3444 lasciviam
287 3386 388 3453 cornis,
408 3399 477 3443 vane
506 3386 615 3443 tristitia
642 3403 837 3460 nonnunquam
860 3403 910 3443 us·
962 3397 1037 3450 snos,
1053 3382 1122 3438 lines
1145 3388 1173 3438 et
1188 3382 1295 3457 regulus
1310 3382 1411 3439 habere
1425 3381 1509 3437 debet
1526 3380 1597 3438 actio
1611 3378 1763 3454 operantis.

109 3493 163 3549 que
176 3476 211 3532 ad
226 3475 417 3549 egritudinem
430 3474 562 3548 corporis,
573 3482 601 3532 et
616 3474 699 3533 multa
713 3476 766 3530 alia
778 3475 806 3531 in
821 3474 910 3548 negli—
964 3470 1015 3527 Ubi
1034 3486 1068 3526 ne
1091 3470 1238 3543 aliquando
1256 3470 1367 3526 oberret
1386 3470 1469 3526 nimia
1492 3470 1626 3539 voluntas,
1649 3483 1763 3526 necesse

109 3565 202 3640 gentia
210 3566 252 3622 rel
260 3564 478 3638 transgressione
488 3565 620 3638 pmpositi
628 3564 783 3623 exteritntia
793 3564 859 3623 vitio
867 3579 912 3621 ve-
964 3569 1008 3618 est
1031 3561 1104 3632 quod
1127 3574 1237 3630 semper
1259 3560 1329 3615 adsit
1351 3559 1488 3615 mediante
1502 3558 1658 3616 obedientia
1671 3570 1763 3615 custo·

111 3653 223 3710 nientia.
241 3652 286 3709 Sic
298 3652 381 3709 etiam
395 3653 513 3724 superba
529 3667 563 3708 ex
575 3669 625 3709 usu
634 3652 759 3710 uoluntas
774 3652 801 3707 in
812 3666 912 3726 magna
965 3651 1044 3707 diem
1058 3650 1167 3705 veritas.
1178 3647 1249 3703 Nihil
1265 3649 1338 3704 enirn
1353 3648 1379 3703 in
1393 3648 1493 3704 bonurn
1506 3647 1623 3703 hominia
1637 3648 1666 3702 in
1675 3648 1762 3704 Deam

110 3757 184 3813 saepe
196 3740 288 3798 cordis
312 3739 405 3810 inopia
421 3746 572 3795 tumentem
591 3738 675 3796 elficit
689 3739 819 3797 animum.
835 3740 913 3799 Unde
966 3737 1146 3811 proficientis,
1168 3745 1223 3792 tam
1245 3736 1298 3792 sibi
1322 3736 1459 3802 convenit,
1485 3752 1566 3808 quam
1594 3734 1717 3792 voluntas
1736 3745 1765 3792 ει

109 3824 263 3902 procedunt
276 3823 453 3896 vanegloria,
478 3822 575 3880 fiducia
599 3824 651 3892 sni,
672 3823 839 3897 negligentia
854 3825 913 3892 Dei,
966 3827 1079 3885 ueritas.
1100 3825 1165 3882 llaec
1178 3825 1232 3881 duo
1255 3833 1326 3888 sunt,
1349 3841 1420 3898 quse,
1437 3825 1509 3881 sicut
1527 3824 1593 3880 dicit
1620 3823 1765 3889 Dominus,

111 3913 255 3987 jactantia,
276 3911 471 3980 inobedientia,
486 3917 668 3983 contemptus,
684 3913 872 3985 presumptio,
887 3922 916 3970 et
969 3917 995 3973 si
1004 3916 1198 3974 consenseriut
1210 3915 1242 3971 iu
1252 3916 1540 3988 unumquodcunque
1552 3913 1705 3986 petierint,
1715 3915 1766 3984 fiet

111 4012 220 4063 caeterae
232 4002 317 4059 animi
330 4009 504 4076 pestes,qnae
517 4001 653 4073 prollnere
664 4002 795 4060 solenter
809 4011 916 4060 tumore
968 4006 1010 4062 cis
1028 4023 1046 4061 o
1072 4008 1126 4062 Deo
1149 4007 1236 4060 Patre
1260 4004 1372 4074 (llutth.
1387 4019 1467 4074 xvrn,
1484 4003 1540 4074 te).
1556 4002 1584 4058 Si
1598 4004 1652 4059 duo
1668 4005 1726 4058 haec
1739 4003 1766 4058 in

113 4104 141 4154 ει
153 4109 206 4150 usu
220 4091 366 4164 superbie.
381 4092 417 4147 Et
438 4091 467 4147 in
491 4093 562 4148 hunc
581 4090 690 4148 modum
708 4092 798 4148 omnia
811 4108 915 4165 genera
967 4109 1051 4151 unum
1065 4091 1188 4165 perfecte
1202 4094 1401 4160 consenserint,
1413 4108 1522 4149 omnem
1537 4093 1564 4147 in
1582 4108 1612 4149 se
1626 4092 1768 4149 continent

111 4182 237 4240 vitiomm
253 4197 287 4238 ex
302 4180 392 4253 aliquo
402 4180 481 4237 malm
499 4181 646 4238 voluntatis
657 4179 767 4250 affectu,
778 4182 822 4239 vel
837 4182 914 4239 malae
968 4183 1097 4240 uirtutum
1111 4180 1307 4251 plenitudinem
1326 4183 1385 4237 siun
1401 4182 1466 4238 vitio
1480 4182 1695 4247 intercurrente;
1709 4194 1768 4235 orn·

113 4270 318 4331 consuetudinis
341 4286 402 4342 usu,
427 4287 504 4327 suam
528 4270 633 4346 singula
656 4269 759 4327 ducunt
772 4271 912 4329 matricem
969 4271 1012 4328 nia
1026 4277 1141 4343 possunt
1163 4271 1191 4326 in
1206 4270 1315 4327 bomine
1330 4271 1412 4327 etiam
1428 4272 1588 4341 languente,
1610 4269 1700 4325 omnia
1721 4269 1768 4322 ha-

114 4361 267 4435 originem:
293 4377 354 4434 qnae
383 4371 485 4434 quanto
512 4360 613 4417 diutius
637 4360 723 4418 menti
743 4360 837 4419 inolito
859 4371 912 4431 est,
967 4362 1035 4417 bent
1057 4367 1085 4416 ct
1106 4360 1250 4433 possident
1272 4359 1299 4414 in
1324 4359 1434 4415 homine
1453 4357 1518 4414 nihil
1532 4358 1665 4413 habente:
1691 4356 1768 4422 dant,

114 4460 189 4509 tanto
208 4449 306 4510 lortius
320 4451 418 4522 baeret,
434 4458 462 4508 et
475 4448 633 4508 fortioribus
653 4437 782 4527 remediis
795 4456 870 4521 eget,
887 4458 916 4508 et
969 4458 1101 4519 mutuant,
1131 4448 1286 4517 conterunt,
1324 4454 1439 4520 prosunt
1465 4446 1494 4502 in
1532 4446 1644 4510 homine
1673 4460 1769 4501 secum

114 4556 208 4600 curum
226 4539 341 4612 requirit
364 4539 574 4615 diligentiorem.
594 4536 755 4609 Huiusmodi
773 4537 847 4594 enim
868 4555 917 4612 pe-
968 4540 1138 4614 quiescente.
1160 4537 1253 4594 Gloria
1275 4543 1304 4593 et
1322 4535 1423 4592 divitiae
1443 4536 1469 4591 in
1491 4533 1658 4591 conscientia
1683 4531 1770 4588 sancti

115 4636 172 4687 ntes
184 4628 312 4686 vitiorum
335 4645 423 4702 usqne
441 4628 470 4685 in
485 4627 606 4686 ultimum
626 4625 799 4684 solitudinem
818 4628 915 4685 solita·
969 4629 1114 4700 viriillius,
1140 4644 1173 4684 ex
1197 4625 1327 4683 tructibns
1341 4625 1421 4681 bone
1435 4622 1582 4681 voluntatis
1608 4622 1678 4693 ejus.
1695 4621 1771 4676 Feris

115 4716 184 4772 rium
210 4724 420 4789 persequuntur.
441 4717 475 4773 st
492 4714 563 4772 sicut
576 4715 648 4772 bene
671 4724 800 4775 concreta
821 4716 916 4786 virtus,
969 4733 1036 4777 uero
1054 4733 1109 4774 non
1123 4732 1157 4774 ex
1171 4730 1225 4771 nno
1244 4716 1339 4785 latere,
1355 4714 1425 4770 sicut
1443 4720 1549 4770 scutum
1570 4711 1651 4781 hujus
1664 4710 1771 4781 mundi,

117 4813 145 4862 et
165 4803 283 4862 fideliter
304 4805 395 4862 animo
416 4803 551 4872 insidens,
575 4819 761 4877 possessorem
787 4821 866 4863 snum
889 4805 918 4862 in
971 4808 1019 4866 sed
1045 4806 1165 4877 nudique
1187 4820 1250 4860 enm
1263 4803 1414 4859 circumdat
1437 4808 1543 4858 scutum
1566 4798 1688 4856 ιειιιιιιε
1709 4798 1770 4855 uei.

116 4893 190 4952 nulla
212 4892 315 4950 deserit
337 4891 520 4964 multitudine,
546 4892 586 4950 sic
599 4891 693 4950 uitium
712 4893 919 4951 consuetudinis
972 4896 1090 4953 llilarem
1106 4892 1180 4950 enim
1193 4907 1255 4948 eum
1272 4900 1298 4947 et
1311 4891 1462 4963 jucundum
1476 4891 1550 4947 intus
1564 4903 1674 4959 semper
1687 4885 1773 4943 eflicit

117 4998 274 5056 possessum
294 4997 374 5039 snum
397 4982 513 5040 liberum
527 4997 590 5039 esse
615 4998 670 5039 non
690 4982 792 5054 patitur
804 4982 833 5038 in
849 4998 918 5056 qus·
972 4986 1041 5041 bona
1060 4982 1198 5040 voluutas:
1215 4980 1243 5036 in
1262 4980 1391 5036 exteriori
1405 4995 1471 5036 vero
1495 4979 1601 5035 actione
1627 4975 1728 5033 serium
1743 4982 1772 5030 et

117 5071 186 5130 libet
209 5072 366 5130 solitudine.
388 5071 456 5128 Nam
471 5071 523 5129 nisi
535 5069 670 5146 pertinaci
690 5069 792 5139 studio,
808 5078 836 5127 et
849 5087 919 5144 prn-
972 5084 1093 5142 grauem,
1113 5075 1199 5124 tutum
1213 5083 1246 5123 ac
1268 5082 1393 5124 securum
1413 5066 1502 5123 reddit
1523 5066 1635 5123 veritas.
1650 5064 1772 5134 ldeoque

118 5162 194 5218 denti
207 5177 293 5234 opera
311 5171 466 5235 expugnata
479 5160 561 5219 luerit
574 5157 754 5224 consuetudo,
770 5158 851 5216 leniri
871 5174 919 5231 po·
972 5174 1168 5234 supergressus
1181 5159 1299 5214 humana
1317 5159 1398 5213 homo
1411 5156 1468 5225 ille,
1492 5172 1603 5228 semper
1620 5154 1649 5209 in
1671 5168 1771 5210 screno

119 5256 184 5316 test,
203 5250 274 5308 vinci
288 5250 331 5308 rix
346 5257 456 5324 potest:
481 5260 511 5308 ot
524 5248 778 5325 quomodocumque
800 5263 830 5305 se
843 5263 919 5306 com-
972 5255 1032 5306 est:
1058 5247 1128 5305 sicut
1141 5247 1176 5303 de
1200 5263 1264 5304 aere
1286 5247 1331 5303 illo
1350 5245 1479 5321 homines,
1499 5244 1599 5310 femut,
1624 5241 1672 5314 qni
1688 5255 1772 5314 super

119 5346 204 5409 ponat
224 5339 340 5408 animus,
360 5348 389 5395 et
405 5339 433 5397 in
455 5339 550 5413 quavis
571 5337 715 5396 solitudine
738 5336 852 5405 habitet,
874 5353 919 5396 se·
972 5339 1083 5410 globum
1096 5338 1168 5394 lunte
1181 5345 1233 5393 est.

120 5430 225 5484 ustum
242 5425 286 5485 rel
313 5427 449 5488 mendum
462 5428 554 5488 cordis
577 5443 639 5487 esse
661 5442 717 5487 non
739 5425 851 5502 patitur.
867 5427 916 5487 Cui
1010 5430 1050 5483 tu.
1071 5426 1210 5494 Voluntas,
1232 5423 1361 5482 naturalis
1383 5422 1492 5495 quidam
1514 5421 1598 5476 animi
1626 5416 1766 5492 appetitus
