3706 5962
661 122 868 189 sammua
885 125 1122 191 sauromata.
1167 207 1169 210 y

426 448 699 556 ARNULFI
726 446 1019 558 montelli
1049 448 1130 555 DE
1160 447 1406 557 BOERllS

570 669 855 764 SPECULUM
888 667 1297 816 montanorum,

271 1099 419 1156 Auctorem
432 1095 571 1154 indicauit
586 1098 617 1155 lt.
634 1099 665 1153 P.
685 1095 786 1157 lissicr
799 1098 832 1155 io
845 1097 1017 1158 Bibliotheca
1030 1099 1152 1155 Poleam
1171 1097 1413 1168 cisterciensium,
1421 1100 1498 1156 tomo
1512 1093 1566 1153 bb.

134 1325 482 1402 inquinamentum
503 1326 565 1384 aitae
579 1326 715 1385 desiderio
729 1335 824 1396 tactus,
840 1343 890 1385 co·
905 1343 929 1423 fl
944 1343 1031 1402 pauca
1044 1328 1127 1386 rerba
1146 1332 1174 1384 et
1192 1325 1361 1384 rationabilia
1382 1325 1510 1401 loquatur
1528 1339 1537 1380 ε
1553 1331 1585 1382 et
1605 1332 1741 1399 antequam

96 1418 268 1493 gitationum,
285 1418 461 1484 locutionum,
483 1432 649 1490 operumque
664 1433 773 1475 suorum
788 1417 890 1473 sollici·
945 1432 977 1474 ea
993 1415 1120 1489 proferat,
1136 1417 1177 1473 bis
1191 1415 1225 1472 ad
1247 1415 1339 1472 limam
1354 1413 1473 1481 veniant,
1495 1429 1586 1486 qnam
1604 1415 1692 1471 semei
1711 1415 1740 1471 ab

95 1517 140 1564 tus
153 1507 317 1577 explorator,
341 1506 485 1562 univorsos
503 1521 631 1563 excessus
658 1522 723 1562 suos
751 1505 891 1579 corrigere
944 1506 1076 1579 linguam.
1093 1505 1136 1561 Sic
1150 1521 1211 1562 cum
1225 1503 1348 1561 saeculari
1361 1503 1529 1573 loquendum
1543 1509 1601 1570 est,
1614 1511 1681 1560 tanc
1692 1519 1741 1559 ma·

96 1595 192 1658 nititur
211 1596 423 1667 :inpraesentia
445 1596 551 1670 paginae
579 1596 713 1666 frequenti
737 1595 850 1652 lectione
864 1603 891 1651 et
943 1593 1014 1650 rima
1029 1592 1155 1648 adhibeat
1168 1592 1316 1650 custodiam
1330 1591 1371 1650 ori
1394 1606 1455 1663 suo,
1475 1599 1507 1647 ut
1531 1590 1604 1647 nibil
1628 1590 1741 1663 proferat

95 1686 203 1746 assidua
218 1685 401 1755 meditatione,
424 1693 550 1757 tanquam
565 1684 594 1740 in
607 1685 731 1757 speculo,
754 1683 890 1742 interioris
943 1681 1016 1754 quod
1031 1697 1087 1737 nou
1101 1680 1215 1738 adico
1229 1679 1394 1738 audientem.

95 1774 215 1837 bominis
235 1774 278 1830 sui
291 1772 385 1830 faciem
401 1773 607 1844 contempletur.
980 1769 1025 1826 Sic
1038 1769 1066 1824 in
1080 1770 1184 1826 cunctis
1201 1784 1232 1826 sa
1243 1769 1351 1838 babeat,
1373 1776 1403 1825 ul
1415 1766 1536 1825 aedificat
1550 1766 1682 1826 videntes
1695 1784 1704 1823 :
1717 1776 1741 1824 et

102 1918 105 1923 ,
131 1863 161 1916 ln
177 1861 271 1932 primis
283 1875 349 1932 ergo
360 1875 391 1916 er
407 1875 460 1932 qno
475 1860 562 1931 surgit
575 1860 609 1915 ad
621 1859 738 1932 vigillas,
759 1860 821 1916 vitoe
834 1875 891 1916 suaa
943 1872 1022 1913 nemo
1034 1857 1149 1928 dubitet,
1164 1872 1227 1914 oum
1253 1855 1349 1913 viderit
1369 1872 1432 1914 eum
1446 1855 1491 1914 rel
1514 1855 1653 1929 audierit,
1679 1857 1740 1930 quin

96 1956 205 2020 lempna
220 1964 268 2021 per
287 1957 421 2006 momenta
440 1947 548 2022 singula
560 1948 642 2004 debet
656 1950 804 2005 monachus
817 1964 892 2006 com-
943 1962 1007 2005 vera
1021 1947 1057 2003 sit
1071 1947 1228 2002 monachus.

96 2044 200 2109 putare,
215 2043 243 2093 st
257 2037 350 2093 videro
363 2051 470 2107 semper
484 2043 514 2093 ut
527 2037 628 2093 bonum
642 2034 732 2103 faciat,
746 2045 773 2093 et
788 2038 891 2093 malum
978 2035 1040 2091 Post
1057 2033 1267 2106 completorium
1282 2032 1399 2107 singulis
1417 2033 1514 2090 diebus
1529 2033 1687 2105 capitulum
1697 2033 1743 2090 sibi

95 2135 189 2183 caveat
201 2125 230 2180 in
244 2125 317 2181 omni
331 2140 414 2195 opere
433 2139 495 2195 suo,
512 2132 539 2181 et
552 2127 603 2181 hoc
617 2125 689 2182 dicat
704 2125 756 2182 sibi
769 2125 822 2198 ipsi
838 2144 845 2182 :
861 2125 891 2184 si
943 2129 1033 2181 teneat
1047 2139 1054 2180 :
1075 2134 1103 2179 et
1115 2123 1271 2180 conuocatis
1284 2121 1494 2195 cogitationibus
1506 2122 1583 2189 suis,
1601 2131 1685 2194 ponat
1702 2139 1745 2178 ra-

95 2214 176 2271 modo
191 2214 337 2269 moriturus
356 2228 441 2282 esses,
461 2212 565 2270 faceres
577 2213 677 2271 istud?
899 2280 902 2285 Ι
943 2213 1042 2268 tionem
1060 2212 1214 2284 diligenter,
1238 2211 1303 2281 quid
1324 2210 1384 2284 ipso
1408 2211 1452 2266 die
1474 2211 1654 2282 cogitatione,
1676 2212 1744 2268 locu·

101 2355 105 2361 .
129 2303 173 2358 dd
191 2301 368 2375 psalmodiam
382 2317 429 2359 cor
443 2301 543 2358 habeat
558 2319 565 2360 ε
581 2303 633 2358 nisi
648 2301 772 2358 fortassis
785 2303 819 2359 ad
841 2303 892 2358 ali·
944 2300 1024 2366 tione,
1040 2300 1082 2357 vel
1110 2314 1191 2371 opera
1219 2298 1370 2372 deliquerit,
1391 2298 1510 2371 publice,
1527 2302 1576 2355 vol
1593 2300 1743 2372 privatim:

97 2391 162 2464 quid
177 2390 320 2447 sublimius
342 2391 463 2460 rapiatur
479 2407 487 2445 t
502 2391 549 2447 sed
578 2390 659 2446 etiam
682 2391 814 2460 omnium,
829 2408 891 2464 quae
943 2404 993 2461 per
1007 2389 1128 2461 singulas
1141 2397 1235 2445 noctes
1248 2390 1346 2446 lectum
1356 2405 1436 2445 suum
1450 2387 1559 2460 lavans,
1570 2389 1625 2445 boc
1640 2398 1684 2446 est
1696 2391 1745 2444 sin·

97 2477 134 2536 ibi
148 2478 285 2546 dicuntur,
300 2494 386 2552 nsque
406 2480 440 2534 ad
458 2494 540 2535 anam
555 2480 671 2536 litteram
701 2495 731 2537 sa
745 2496 793 2552 pro
817 2490 891 2538 certo
906 2512 929 2590 Β
943 2478 1015 2553 gulis
1030 2478 1156 2551 peccatis,
1173 2477 1299 2549 lacrymis
1313 2485 1341 2534 et
1358 2475 1499 2533 doloribus
1513 2475 1671 2545 purificatis
1685 2477 1744 2531 dili·

96 2568 202 2624 noverit
213 2567 364 2625 debitorem
378 2567 425 2626 vel
439 2566 546 2624 dicendi
559 2566 588 2623 in
610 2567 693 2625 choro
708 2583 769 2640 sno,
783 2568 826 2625 vet
840 2582 890 2624 au·
944 2576 1041 2642 genter
1054 2568 1088 2624 dc
1105 2566 1222 2640 singulis
1234 2572 1385 2637 computem
1404 2565 1434 2620 in
1448 2564 1569 2621 crastino
1584 2566 1699 2637 publice
1712 2567 1744 2621 de

96 2655 186 2713 diendi
200 2656 229 2712 in
240 2655 303 2715 alio.
944 2656 1062 2729 apertis,
1081 2654 1116 2712 de
1136 2655 1251 2713 occultis
1263 2671 1328 2716 vero
1342 2655 1462 2711 facturus
1476 2653 1686 2710 confessionem
1701 2669 1745 2709 ae·

130 2745 172 2801 ad
188 2743 361 2801 intervallum
374 2742 456 2801 debet
468 2751 540 2801 stare
553 2742 588 2800 ad
601 2743 761 2814 orationem,
777 2744 818 2800 val
830 2758 892 2800 cor·
943 2755 1027 2804 creto.

97 2831 172 2904 poris
187 2833 340 2890 necessitati
355 2833 507 2905 prouidere,
520 2832 556 2889 ila
570 2839 669 2900 tamem
683 2841 713 2888 ut
725 2833 825 2889 vadens
839 2831 891 2888 sibi
980 2830 1068 2891 8⁰⁰
1082 2835 1109 2888 2.
1126 2832 1193 2903 Quae
1207 2841 1237 2888 ut
1250 2830 1370 2903 perfecta
1384 2830 1428 2898 sit,
1450 2829 1501 2886 tria
1514 2829 1597 2886 debet
1611 2830 1721 2887 babere
1738 2850 1746 2886 ι

96 2921 150 2978 dici
164 2923 268 2980 norant
284 2938 291 2977 ε
305 2923 419 2978 Sursum
447 2921 538 2979 corda.
568 2923 615 2979 liat
633 2931 722 2978 autern
744 2922 891 2994 spiritualis
944 2923 1046 2980 scilicet
1060 2930 1089 2977 nt
1103 2921 1138 2976 sit
1159 2920 1319 2987 voluntaria,
1335 2920 1417 2986 nuda,
1432 2929 1459 2976 et
1477 2918 1587 2975 munda.
1604 2917 1746 2974 Volunta-

96 3011 230 3081 propositi
250 3010 452 3077 detrimentum,
470 3011 492 3065 si
516 3018 598 3083 cogat
624 3010 768 3066 infirmitas
788 3008 891 3083 rigoris
944 3011 994 3077 ria,
1008 3011 1034 3066 id
1050 3017 1101 3075 est,
1124 3026 1156 3066 ex
1183 3007 1293 3082 propria
1326 3006 1514 3064 deliberatione
1536 3013 1562 3060 et
1582 3004 1746 3074 proposito.

96 3098 202 3168 pristini
217 3098 415 3169 aliquantulum
427 3098 550 3152 relaxari.
944 3100 1035 3168 Nuda,
1062 3108 1091 3154 ut
1109 3099 1179 3154 nude
1198 3105 1279 3169 prout
1302 3096 1387 3168 gessit
1409 3094 1566 3155 confiteatur
1594 3101 1747 3164 peccatm

132 3185 197 3242 Post
211 3185 354 3242 lectionem
369 3193 411 3243 est
426 3187 580 3242 orandum:
601 3191 629 3242 et
644 3185 665 3242 si
685 3186 720 3243 ad
747 3185 891 3260 legendum
945 3203 1035 3242 suum.
1061 3186 1169 3252 Munda,
1193 3202 1227 3243 ne
1247 3191 1386 3256 peccatum
1415 3199 1493 3239 soum
1515 3179 1653 3252 pmdioet
1675 3176 1745 3236 sicut

95 3275 216 3343 accedat,
232 3283 353 3330 nontam
369 3272 640 3345 quaeratscientiam,
657 3289 739 3346 quam
754 3288 890 3344 saporem.
944 3276 1082 3332 Sodoma:
1099 3277 1147 3331 sed
1176 3290 1244 3348 pura
1271 3281 1299 3331 et
1322 3271 1438 3344 simplici
1468 3268 1619 3327 intentione
1645 3284 1678 3325 ss
1701 3284 1746 3325 ac·

95 3363 145 3419 Est
158 3374 246 3420 autem
265 3364 404 3434 Scriptura
413 3377 488 3418 sacra
498 3370 595 3434 puteus
611 3362 705 3427 Jacob,
717 3378 750 3418 en
760 3377 815 3435 quo
826 3363 892 3418 bau·
945 3373 1031 3422 cusat.

95 3451 201 3533 riantur
215 3467 293 3523 aqum
307 3468 368 3526 quae
391 3452 419 3508 in
435 3452 558 3508 oratione
573 3450 734 3508 funduntur.
748 3451 806 3508 Neo
819 3467 892 3507 sern-
981 3456 1011 3510 ln
1025 3453 1153 3525 capitulo,
1168 3452 1214 3524 qui
1228 3449 1334 3520 publice
1345 3437 1472 3514 offendit,
1484 3446 1630 3504 manifeste
1645 3445 1747 3502 revelet

95 3557 145 3612 per
165 3541 362 3599 adoratorium
388 3551 429 3598 est
447 3541 574 3607 cundum,
591 3541 637 3597 sed
652 3541 680 3597 in
698 3540 760 3612 ipsa
777 3540 892 3599 lectione
945 3553 1074 3615 tanquam
1086 3540 1214 3598 assistens
1226 3539 1321 3610 iudici.
1336 3540 1367 3594 la
1389 3536 1516 3594 omnibus
1531 3536 1574 3595 sic
1594 3532 1634 3593 ibi
1649 3536 1745 3608 loqua-

95 3631 197 3702 potcrit
210 3631 387 3699 contemplari
407 3639 433 3687 et
448 3646 536 3688 orare.
946 3641 997 3698 tnr,
1013 3631 1156 3704 spondeat,
1172 3629 1214 3687 ael
1230 3629 1388 3699 proclamet,
1405 3637 1434 3683 ut
1448 3638 1540 3682 sermo
1555 3627 1617 3695 ejus
1632 3623 1746 3680 interius

133 3719 224 3775 Sacris
239 3720 376 3790 altaribus,
391 3721 414 3775 si
428 3721 554 3777 sacerdos
568 3727 620 3791 est,
632 3729 757 3791 tanquam
773 3736 844 3777 unus
858 3735 891 3777 ax
908 3681 988 3779 crat
999 3720 1117 3777 exterius
1132 3720 1166 3773 sit
1180 3726 1326 3789 perunctus
1339 3716 1399 3774 oleo
1413 3713 1566 3772 charitatis.

97 3809 209 3874 summis
219 3809 330 3882 Angelis
344 3810 372 3865 in
381 3810 478 3880 spiritu
491 3818 564 3865 totus
578 3808 698 3864 assistat.
714 3807 743 3863 Si
759 3809 889 3878 minister,
979 3809 1002 3864 Α
1026 3807 1133 3864 nemine
1146 3807 1333 3878 qualecunque
1356 3818 1453 3860 munus
1474 3802 1604 3875 accipiat.

97 3903 222 3967 tanquam
236 3897 348 3968 angelus
363 3897 481 3952 Domino
498 3896 641 3952 ministret.
979 3897 1122 3953 Neminem
1140 3897 1235 3952 babeat
1249 3895 1418 3951 familiarem.

110 3982 201 4038 ,Cum
223 3984 283 4039 aliis
306 3992 350 4038 eat
369 3985 402 4038 ad
423 3984 544 4039 laborem
561 4000 568 4036 ι
587 3983 633 4037 ubi
659 3983 821 4053 consideret,
835 3998 891 4038 non
980 3987 1010 4040 ln
1025 3985 1150 4041 omnibus
1173 3983 1257 4057 fugiat
1268 3979 1462 4058 singularitatis
1489 3979 1535 4036 vel
1559 3977 1747 4037 admirationis

96 4069 161 4149 qnid
176 4080 249 4146 agat,
263 4072 313 4128 sed
329 4078 437 4144 propter
451 4071 515 4144 quid
538 4070 653 4128 venerit.
669 4073 797 4127 Cessante
811 4089 892 4128 manu
945 4082 1049 4131 notam.

97 4159 209 4231 spiritus
224 4162 328 4218 laboret
342 4160 384 4218 ael
399 4160 512 4224 orando,
531 4159 576 4216 val
589 4159 755 4226 meditando,
770 4161 892 4232 quamvis
981 4165 1108 4235 Loquens
1121 4163 1187 4218 nibil
1202 4161 1283 4227 dicat,
1298 4161 1369 4218 unde
1389 4160 1503 4217 multum
1527 4156 1659 4215 eruditus
1676 4155 1747 4213 mul·

96 4248 159 4331 etin
171 4249 231 4323 ipso
247 4252 337 4308 labore
351 4249 469 4323 idipsum
484 4249 573 4307 facere
588 4256 721 4309 teneatur.
946 4262 1036 4310 tumve
1051 4252 1195 4326 religiosus
1210 4252 1295 4324 possit
1311 4250 1410 4320 putari.

137 4342 179 4400 bd
193 4357 312 4401 mansam
329 4355 383 4396 non
397 4341 482 4395 solum
497 4338 591 4394 fauces
603 4338 692 4395 cibum
706 4341 824 4410 captane
841 4340 890 4396 sed
980 4343 1022 4399 Ad
1036 4341 1200 4413 interrogata
1215 4340 1306 4412 paucis
1319 4338 1492 4410 respondeat.
1508 4335 1540 4392 Si
1553 4334 1590 4392 dc
1606 4333 1748 4408 scriptura

97 4437 177 4495 etiam
192 4448 272 4490 aures
286 4429 408 4486 hauriant
422 4428 535 4486 verbnm
549 4427 609 4485 Dei.
632 4429 694 4484 Non
717 4428 789 4484 enirn
810 4429 891 4486 debet
944 4431 989 4488 ael
1003 4430 1123 4487 moribus
1137 4439 1244 4501 agatur,
1259 4444 1351 4487 aurem
1367 4433 1453 4499 paret,
1470 4439 1523 4481 non
1539 4424 1680 4498 linguam.

97 4534 171 4582 totus
184 4521 368 4590 manducare;
390 4517 437 4573 sed
451 4517 491 4573 sic
505 4515 651 4590 oocupbtur
666 4532 714 4573 cor
729 4517 891 4574 adverbum
981 4519 1048 4575 Cum
1064 4519 1193 4590 loquitur,
1209 4531 1263 4572 non
1277 4516 1382 4572 studeat
1391 4511 1556 4587 eloquentiae
1571 4528 1579 4566 ε
1597 4512 1652 4569 sed
1662 4524 1747 4569 sermo

73 4654 79 4661 -
97 4613 158 4679 Dei,
175 4619 204 4667 ut
222 4609 289 4666 solae
309 4608 402 4663 fauces
426 4615 531 4663 sumant
555 4605 659 4673 cibum,
672 4621 751 4662 aures
765 4607 890 4662 verbum.
946 4611 1006 4679 ejtrs
1019 4610 1054 4663 sit
1068 4608 1157 4678 potius
1171 4607 1413 4676 rusticanusquam
1431 4602 1564 4658 armans.
1763 4592 1768 4601 “

96 4703 137 4757 De
154 4702 205 4756 boc
220 4706 310 4754 autern
326 4694 473 4765 plurimum
487 4694 611 4766 gandeat,
628 4693 652 4748 si
665 4695 689 4749 ei
704 4692 797 4749 viliora
810 4711 892 4765 quam
981 4698 1012 4753 ln
1037 4696 1161 4752 omnibus
1180 4693 1294 4768 agendis
1310 4709 1364 4749 non
1393 4691 1500 4748 studeat
1519 4688 1638 4747 aurinia
1652 4687 1746 4746 videri.

95 4790 154 4846 aliis
168 4792 350 4860 apponuntur.
365 4784 434 4839 Nam
458 4797 550 4840 revera
564 4781 700 4838 feliciores
714 4790 787 4850 sunt,
803 4784 849 4855 qui
864 4783 891 4839 in
981 4785 1210 4842 Salvabonestate
1225 4781 1310 4858 fugiat
1322 4796 1417 4837 ornnes
1431 4778 1556 4836 homines
1570 4779 1600 4832 in
1612 4784 1746 4850 potestate

96 4878 225 4952 parcitate
238 4873 395 4930 sustinenda
410 4871 509 4928 fuerint
524 4870 658 4928 fortiores.
906 4853 930 4931 n
944 4875 1057 4946 positos,
1073 4871 1188 4926 maxime
1204 4869 1357 4926 saeculares.

131 4971 160 5025 ln
176 4964 268 5039 gratiis
281 4962 394 5036 agendis
414 4976 463 5033 pro
478 4960 585 5016 duobus
601 4958 652 5014 sibi
669 4959 775 5016 noverit
789 4961 892 5033 suppli·
980 4962 1103 5018 Sectetur
1115 4958 1277 5024 communis,
1302 4955 1487 5031 operationes,
1508 4953 1632 5023 abares,
1647 4952 1747 5011 lectio·

95 5057 210 5116 candum
231 5071 238 5108 :
256 5050 296 5107 tel
320 5064 369 5121 pro
399 5047 514 5120 peccatis
533 5062 628 5105 eorum
642 5064 759 5122 quorum
775 5049 890 5106 eleemo·
943 5068 1002 5121 nes,
1016 5057 1043 5105 ct
1057 5059 1168 5107 caeteras
1184 5045 1388 5106 observantias:
1404 5046 1433 5101 in
1448 5043 1549 5115 quibus
1563 5056 1623 5099 non
1640 5043 1677 5099 sit
1691 5053 1747 5099 tan·

94 5144 170 5216 synis
183 5145 346 5199 sustentatur
360 5153 368 5206 ;
380 5138 421 5193 vel
439 5136 552 5193 forsitan
568 5153 618 5208 pro
632 5138 733 5211 seipse,
748 5138 811 5210 quia
825 5154 889 5195 cor·
943 5157 1023 5214 qnam
1034 5139 1118 5196 vitula
1131 5136 1272 5211 Ephraim,
1282 5133 1366 5193 docfa
1375 5133 1493 5205 titione
1502 5133 1649 5189 truncam
1658 5133 1747 5202 (oms.

93 5233 155 5306 pori
169 5247 219 5290 suo
238 5244 320 5303 sopra
335 5226 525 5284 necessitatem
541 5226 693 5284 indulserit.
943 5246 974 5300 x,
992 5229 1053 5302 ll);
1072 5228 1161 5294 idest,
1182 5225 1215 5282 ad
1230 5221 1388 5296 hujusmodi
1397 5237 1453 5278 non
1467 5219 1684 5293 cousuetudine,
1699 5221 1749 5276 sed

130 5324 159 5379 Si
172 5331 283 5379 vocatur
306 5319 341 5375 ad
359 5318 555 5391 colloquium:
585 5319 735 5375 secundnm
758 5319 890 5394 Regulam
943 5319 1088 5377 deuotione
1103 5318 1232 5376 trabatur.

93 5409 170 5482 (fleg.
198 5409 226 5468 S.
252 5407 410 5467 Benedicti.
431 5423 492 5481 cap.
512 5409 542 5478 l)
565 5406 671 5477 leniter,
695 5416 722 5464 et
740 5407 798 5465 sine
821 5408 888 5476 nsu,
950 5458 953 5463 .
977 5407 1122 5480 Orationes
1142 5420 1203 5481 qun
1216 5403 1400 5479 ¹irripere-utut,
1425 5397 1524 5479 lilim,
1538 5396 1725 5479 {ww
1738 5409 1753 5474 ²,
