3706 5962
161 195 214 257 res
857 185 1113 248 vtrrsursuct.
1756 192 1808 256 ιω

159 332 251 381 uotum
271 317 402 376 eastitatis
419 315 570 372 castissimo
590 316 664 387 lesu,
685 320 715 371 ut
728 314 855 372 semitam
870 314 960 388 virgi·
974 329 998 408 fl
1048 315 1110 374 titt.
1127 310 1157 369 Si
1169 326 1236 387 crgo
1246 311 1355 385 nuptias
1369 312 1571 388 contempsistis
1585 315 1707 376 liliorum
1722 320 1806 377 homi·

159 411 249 468 nitetis
265 407 350 466 411
373 405 534 462 altissimam
557 411 585 461 et
604 402 781 461 arctissimam
805 403 960 477 apprehen·
1014 418 1088 473 num,
1099 417 1132 458 ex
1147 403 1246 477 quibus
1260 403 1330 460 tilios
1344 404 1463 463 hominis
1476 405 1645 480 gigneretis3
1663 414 1741 466 tanto
1755 424 1809 466 ms·

161 502 235 566 dant,
253 515 300 569 per
314 513 394 569 quam
406 495 565 553 incedentes
579 494 705 550 brevium
718 494 851 564 accipiant
866 493 960 549 nomi·
1014 492 1058 565 gis
1075 493 1157 549 corde
1176 502 1263 549 amate
1284 494 1383 550 Filium
1409 495 1528 552 hominis
1552 496 1708 568 speciosum
1724 498 1809 556 forms

161 592 205 646 nis
220 586 391 659 sempiterni,
408 593 435 640 et
449 584 542 641 locum
556 584 642 639 multo
660 583 811 650 meliorem,
824 599 905 655 quam
915 582 961 655 qui
1013 597 1069 653 prae
1092 580 1155 637 filiis
1177 582 1328 638 hominum.
1349 583 1475 655 Inspicite
1489 584 1718 658 pulchritudinem
1734 604 1809 645 ame-

162 677 232 733 iilios
246 682 273 730 et
287 673 356 730 filies
370 690 404 730 ex
428 688 458 728 se
477 679 636 744 genuerunt,
658 671 780 740 incolere,
795 680 959 728 mereantur.
1016 670 1080 725 toris
1094 671 1187 736 uestri,
1209 679 1237 726 et
1251 673 1304 727 boc
1323 672 1413 745 ipsum
1428 672 1501 743 quod
1516 673 1544 730 in
1564 689 1598 730 eo
1617 674 1748 732 derident
1760 694 1808 734 su·

161 765 234 836 Quid
259 779 306 835 per
329 765 380 818 hoc
399 762 574 834 designantur
595 776 705 832 nomen,
730 762 801 833 quod
829 761 961 817 Dominus
1013 759 1099 831 perbi,
1116 758 1242 831 inspicite
1258 775 1337 831 quam
1358 760 1502 831 pulchmm
1516 763 1550 818 sit
1572 762 1754 821 interioribus
1771 766 1810 822 ln-

164 853 295 928 promittit
311 868 341 908 se
353 851 408 906 suis
422 852 548 908 daturum
562 849 716 922 virginibus
730 850 744 905 i
760 848 858 922 Utique
871 849 961 922 gloria
1015 848 1141 904 minibus.
1157 849 1283 921 inspicite
1301 850 1415 906 vulnere
1437 851 1591 922 pendentis,
1606 852 1751 910 cicatrices
1767 870 1809 911 re-

164 942 273 1016 propria
287 941 476 1011 excellensque
485 936 665 1010 significatur,
676 937 795 1010 quaeerit
809 937 961 1012 uirginibus
1014 938 1160 1009 surgentis,
1185 937 1345 1010 sanquinem
1369 939 1519 1006 aucmentis,
1544 940 1659 1012 pretium
1681 949 1710 999 et
1733 958 1812 1000 corn·

163 1029 377 1088 noncommnnis
390 1044 451 1084 cum
460 1028 563 1095 multis,
579 1028 704 1099 quemvis
718 1024 746 1081 in
761 1025 859 1083 eodem
874 1042 960 1099 regno
1014 1025 1144 1083 mereium
1160 1027 1328 1084 redimentis.
1343 1027 1407 1084 ilaec
1423 1028 1518 1100 quenti
1534 1029 1647 1098 valeam,
1663 1031 1807 1103 cogitata:

163 1119 325 1176 constitutis.
343 1118 412 1173 Nam
432 1116 493 1172 ideo
517 1115 640 1172 fortassis
663 1130 766 1171 comen
782 1113 884 1170 dietum
907 1122 959 1182 est,
1014 1115 1073 1171 haec
1101 1116 1246 1173 instatere
1273 1117 1413 1173 eharitatis
1440 1117 1599 1191 appendite,
1624 1127 1650 1176 et
1679 1121 1812 1195 quidquid

162 1208 235 1283 qnod
254 1223 302 1263 eos
317 1205 417 1280 quibus
441 1205 529 1271 datur,
555 1202 697 1275 distinguit
717 1218 733 1257 a
754 1205 869 1271 ceteris,
891 1203 961 1261 siout
1014 1202 1116 1259 amoris
1129 1203 1157 1260 in
1170 1204 1278 1276 nuptias
1292 1213 1396 1263 vestras
1414 1205 1627 1278 impendendum
1640 1209 1761 1277 habetis,
1776 1211 1813 1269 illi

165 1297 292 1353 homines
319 1292 440 1367 propriis
465 1291 620 1348 nominibus
646 1290 860 1364 distinguuntur.
886 1291 962 1349 licet
1016 1293 1163 1362 rependite,
1187 1294 1310 1365 quinon
1336 1294 1476 1366 pulchram
1490 1312 1610 1366 carnem,
1625 1298 1677 1355 sed
1700 1298 1813 1358 interio-

162 1386 234 1442 enirn
252 1383 389 1442 omnesad
409 1381 491 1439 vitam
509 1389 637 1438 aeternam
658 1380 841 1452 predestinati
864 1380 893 1437 in
909 1395 963 1438 uuo
1017 1396 1074 1437 rem
1089 1392 1204 1437 vestram
1219 1381 1447 1452 pulchritudinem
1462 1383 1571 1455 querit,
1587 1384 1635 1456 qui
1644 1385 1727 1442 robis
1742 1386 1814 1445 dedit

161 1491 250 1548 regno
265 1474 318 1529 sint
339 1471 468 1542 mansuri,
485 1477 512 1525 et
524 1485 578 1526 uno
594 1471 653 1526 Deo
667 1470 773 1526 fruituri
789 1490 797 1540 3
813 1481 913 1538 tamen,
926 1470 963 1527 si·
1018 1478 1177 1542 potestatem
1197 1469 1267 1527 filios
1289 1471 1339 1528 Dei
1355 1470 1423 1528 fieri.
1439 1472 1534 1530 Videte
1546 1484 1638 1531 autem
1651 1484 1755 1547 quanta
1772 1490 1813 1533 se·

163 1577 210 1623 cut
224 1565 261 1621 ait
271 1562 428 1633 Apostolus,
440 1567 469 1615 ut
479 1559 563 1616 stello
573 1559 675 1631 dissert
690 1577 709 1615 n
723 1559 805 1617 stelle
821 1559 854 1615 in
872 1560 963 1617 cleri·
1016 1559 1131 1615 curitate
1145 1560 1241 1616 amatis
1255 1576 1327 1629 eum,
1357 1562 1402 1617 cui
1424 1560 1567 1632 displicere
1582 1563 1657 1619 falsis
1680 1563 1814 1636 suspicio·

165 1658 233 1724 tote,
244 1647 688 1720 sicresmuectiomortuorum!
701 1649 761 1706 dor.
778 1664 823 1717 xv,
831 1649 876 1717 tt,
893 1650 937 1717 il)
953 1664 960 1702 :
978 1611 1000 1689 Β
1016 1650 1096 1704 nibus
1109 1665 1163 1706 non
1177 1649 1288 1705 timetis.
1308 1650 1356 1707 Vir
1372 1658 1399 1705 et
1424 1666 1494 1708 uxor
1519 1652 1635 1708 inuicem
1662 1668 1692 1709 se
1710 1662 1811 1723 amant,

162 1745 222 1798 haec
237 1748 298 1797 sunit
315 1739 408 1796 merita
430 1738 599 1794 diversorum
622 1744 785 1793 sanctorum.
805 1738 875 1794 Nam
895 1737 965 1794 sieut
1017 1739 1081 1810 quia
1094 1739 1120 1794 in
1140 1755 1169 1794 se
1189 1738 1331 1794 manifesta
1351 1738 1542 1810 rident'signe
1555 1739 1695 1796 charitatis
1712 1758 1720 1798 :
1739 1757 1810 1812 saepe

164 1845 309 1888 commune
324 1834 365 1884 est
382 1826 510 1883 omnibus
538 1825 673 1882 sideribus
695 1841 755 1882 esse
779 1825 808 1880 in
830 1826 909 1893 cralo,
937 1838 965 1882 et
1018 1835 1109 1883 tamen
1123 1827 1159 1883 de
1172 1843 1200 1884 se
1214 1827 1314 1898 aliquid
1330 1826 1394 1882 mali
1416 1828 1533 1884 invicem
1552 1829 1812 1904 suspicantur,qu

158 1930 257 1977 >tamen
271 1917 324 1973 alia
337 1924 378 1973 est
391 1914 480 1988 gloria
493 1915 568 1980 solis,
584 1915 636 1970 alia
649 1914 795 1983 laurealis
809 1915 962 1973 stellarum:
1017 1931 1068 1971 sue
1082 1917 1187 1974 occulta
1201 1915 1315 1975 inuicem
1335 1933 1390 1973 non
1409 1925 1579 1973 contuentur.
1595 1917 1656 1973 Nou
1672 1918 1710 1975 ita
1723 1926 1766 1974 est
1779 1920 1812 1977 de

166 2009 205 2064 sic
218 2006 248 2062 in
262 2005 320 2079 ipsa
341 2007 397 2061 vita
417 2011 518 2060 aeterna
538 2003 665 2060 distincte
694 2003 837 2076 fulgebunt
863 2005 965 2062 lumina
1016 2020 1111 2061 amore
1136 2007 1226 2062 vestro
1249 2005 1407 2063 dulcissimo
1425 2006 1489 2062 lesu
1509 2022 1540 2061 ac
1566 2005 1758 2074 desiderabili,
1786 2008 1812 2063 in

166 2095 372 2153 meritorum.ln
388 2096 469 2151 domo
483 2101 574 2151 autern
587 2093 674 2149 Patris
687 2093 781 2150 aeterni
808 2093 965 2150 mansiones
1018 2110 1071 2167 quo
1086 2094 1150 2150 nihil
1163 2095 1308 2153 invenictis
1320 2094 1392 2167 quod
1403 2094 1602 2165 reprehendere
1615 2094 1728 2166 possitis
1742 2114 1749 2154 :
1766 2111 1813 2152 nee

165 2187 259 2242 multae
280 2192 342 2241 sunt
356 2185 451 2257 (loon.
467 2198 528 2252 xiv,
548 2183 577 2255 2)
592 2203 600 2242 ι
619 2182 666 2239 ubi
686 2197 740 2240 nou
759 2182 830 2240 rivet
843 2183 911 2238 alter
925 2181 965 2238 al·
1018 2183 1095 2240 vobis
1110 2183 1256 2240 timendum
1271 2193 1312 2240 est
1327 2184 1400 2255 quod
1415 2184 1483 2240 falso
1497 2183 1599 2255 aliquid
1612 2184 1679 2239 mali
1690 2185 1724 2240 de
1737 2184 1813 2242 uobis

165 2283 224 2332 tero
238 2274 382 2347 prolixius,
408 2272 473 2346 quia
494 2288 589 2329 omnes
618 2272 757 2329 habebunt
775 2274 858 2329 vitam
883 2283 964 2329 eeter-
1017 2273 1178 2344 suspicetur,
1192 2274 1237 2345 qui
1253 2288 1330 2330 renes
1344 2273 1463 2328 intuetur
1477 2272 1606 2328 etcorda.
1621 2273 1652 2328 Si
1668 2287 1739 2345 ergo
1758 2289 1812 2329 ιι·

167 2383 241 2423 nam.
257 2366 286 2420 ln
295 2364 386 2420 multis
400 2371 491 2419 antem
504 2363 719 2420 habitationibus
734 2367 884 2420 honoratur
895 2363 964 2418 alius
1017 2379 1102 2436 quum
1111 2378 1231 2419 amorem
1243 2363 1406 2434 conjugibus
1420 2361 1563 2430 deberetis,
1577 2369 1713 2433 quantum
1728 2377 1814 2419 amare

165 2456 219 2510 alio
238 2454 345 2512 clarius.
361 2454 475 2524 Quinum,
491 2460 582 2525 putas,
597 2452 635 2509 ibi
649 2452 736 2526 glorie
752 2452 896 2528 fulgebunt
908 2451 965 2508 rir-
1017 2452 1123 2508 debetis
1149 2467 1223 2521 eum,
1247 2460 1359 2525 propter
1377 2467 1460 2523 quem
1487 2451 1618 2524 conjuges
1644 2452 1747 2507 hahere
1764 2468 1813 2509 uo·

165 2545 244 2617 pines
258 2532 367 2610 Christi,
382 2542 474 2599 cordis
491 2541 572 2598 simul
585 2550 612 2597 et
627 2542 725 2598 mentis
740 2544 855 2611 puritate
869 2539 963 2597 Chris·
1017 2538 1129 2596 luistis?
1143 2542 1227 2598 Totus
1242 2541 1318 2597 robis
1334 2541 1430 2612 igetur
1449 2541 1476 2594 in
1492 2540 1584 2606 eorde,
1609 2540 1656 2612 qui
1675 2556 1728 2612 pro
1740 2541 1816 2599 vobit

165 2642 224 2690 tum
253 2633 428 2704 sequentes?
456 2630 523 2699 Quis
551 2638 707 2686 sauctorum
738 2632 838 2685 chorus
866 2629 964 2684 melius
1016 2635 1089 2684 totus
1103 2630 1172 2685 linus
1195 2629 1278 2684 estin
1292 2644 1389 2694 cruce;
1409 2626 1492 2685 4Ὶῦ
1510 2643 1618 2700 semper
1632 2630 1768 2686 habentes
1787 2628 1815 2685 in

166 2722 239 2777 lunae
253 2730 433 2791 comparatur,
450 2735 529 2790 quem
550 2719 699 2788 virgines?
723 2717 794 2774 sota
817 2724 965 2789 sequentur
1018 2726 1118 2787 mente,
1133 2730 1258 2790 quantem
1274 2718 1351 2775 vohis
1373 2717 1496 2774 exhibuit
1514 2718 1683 2774 charitatem.
1698 2718 1755 2791 Qui
1768 2732 1816 2776 ros

166 2808 249 2866 solem
261 2807 373 2877 justitiae
386 2806 524 2863 Christum
543 2815 573 2862 ut
585 2808 692 2880 egnum
717 2806 813 2875 Patris,
840 2821 963 2879 quocun·
1018 2808 1069 2863 sibi
1089 2808 1233 2864 inuiolatas
1248 2815 1302 2863 mm
1316 2807 1342 2862 in
1357 2823 1472 2880 corpore
1486 2825 1567 2881 qnam
1584 2808 1612 2864 in
1636 2808 1728 2865 anima
1749 2822 1816 2865 oon·

166 2912 220 2969 qne
239 2895 301 2951 ierit
316 2914 323 2949 ι
345 2894 416 2952 unde
439 2902 467 2950 et
480 2892 545 2951 solae
560 2893 600 2948 illi
622 2893 725 2950 similes
744 2901 809 2950 sunt
823 2902 905 2964 atqua
927 2892 965 2948 si·
981 2881 1145 2963 necesarii,
1166 2905 1296 2969 quantem
1311 2896 1388 2953 robis
1401 2903 1427 2952 et
1442 2912 1524 2969 quam
1538 2896 1685 2969 specialem
1699 2897 1816 2971 gloriam

166 2984 296 3047 miiiimae.
312 2983 522 3039 honorabuntur
537 2998 603 3056 ergo
619 2998 675 3055 prae
703 2982 808 3038 caeteris
823 2985 850 3039 iu
869 2982 966 3039 eodem

167 3087 253 3145 regno
275 3069 452 3127 existentibus
475 3070 617 3143 splendore
644 3069 755 3141 quidem
769 3070 965 3140 excellentiori,

167 3164 239 3219 sicut
253 3162 345 3216 lunam
359 3158 482 3216 videmus
500 3174 557 3230 prae
571 3159 677 3217 caeteris
691 3160 828 3215 sideribus
843 3157 967 3230 praeemi·

167 3266 233 3307 nere
249 3268 256 3316 ;
273 3248 507 3321 possidebuntque
521 3248 550 3304 iu
565 3249 647 3311 domo
671 3247 780 3305 Domini
802 3249 891 3306 locum
912 3264 968 3304 me·

168 3336 264 3394 liorem
283 3338 366 3394 multo
378 3352 461 3409 quam
475 3346 634 3394 caeterorum
657 3337 773 3394 liliorum
793 3347 819 3395 et
839 3336 965 3405 filiarum,

166 3428 212 3499 qui
228 3426 391 3499 uirginitatis
405 3427 502 3484 merito
517 3442 571 3483 non
585 3435 647 3482 sunt
661 3426 794 3499 insignes.

205 3517 266 3571 til.
283 3517 390 3589 Pergite
414 3515 515 3588 itaque,
539 3516 625 3572 sancti
637 3515 689 3572 Dei
707 3516 783 3588 pueri
807 3523 835 3572 et
857 3517 966 3587 puellae,

168 3621 259 3660 mares
283 3614 310 3660 et
325 3605 442 3674 lemine,
459 3604 572 3661 celibes
585 3612 613 3660 et
627 3607 747 3675 innupte
764 3625 772 3672 ;
788 3606 893 3678 pergite
906 3620 968 3676 per-

168 3702 327 3748 severanter
346 3693 473 3766 usquein
489 3693 580 3749 linem.
606 3692 726 3749 Laudato
743 3694 888 3750 Dominum
903 3693 966 3749 dul·

168 3780 239 3849 cius,
254 3797 336 3852 quem
351 3779 477 3854 cogitatis
493 3780 623 3835 uberius:
645 3788 752 3853 sperate
776 3780 890 3847 felicius,
920 3781 967 3836 cui

170 3868 279 3925 servitis
309 3869 476 3925 instantius:
503 3876 592 3925 aurata
612 3868 761 3939 ardentius,
785 3869 830 3926 cui
856 3869 967 3941 placetis

167 3957 306 4013 attentius.
321 3959 381 4014 Non
396 3956 450 4012 sint
464 3956 491 4011 iu
504 3956 584 4012 robis
602 3956 736 4013 incentiva
758 3958 813 4014 ulla
826 3957 965 4025 vitiorum,

167 4045 215 4102 sed
234 4052 320 4101 totum
336 4046 475 4103 homiuem
494 4054 616 4102 restrum
641 4055 733 4103 vestro
746 4061 848 4118 sponso
872 4063 965 4105 eonse-

167 4141 241 4191 crete
257 4134 337 4191 simul
353 4142 380 4190 et
398 4139 557 4191 conservate
571 4135 695 4207 spacioso
714 4132 804 4190 torma
823 4151 881 4208 prae
904 4135 965 4193 titis

167 4223 320 4281 hominurn.
333 4224 394 4282 Non
404 4223 587 4295 conspiciatur
599 4224 627 4281 in
646 4223 771 4296 uirgineo
780 4239 896 4298 corpore
919 4241 965 4284 re·

167 4319 224 4367 stro
239 4311 377 4382 improbus
394 4311 496 4381 vultus,
517 4328 572 4369 uon
587 4313 651 4385 regi
670 4311 752 4378 oculi,
774 4328 828 4369 non
852 4314 965 4371 infrenis

165 4397 271 4475 lingna,
283 4419 339 4457 non
359 4402 485 4473 petulans
503 4401 583 4473 risus,
598 4417 654 4459 non
667 4400 788 4458 scurrilis
806 4403 895 4474 jocus,
909 4417 965 4459 non

166 4489 295 4547 indecens
309 4491 427 4559 habitus,
444 4506 498 4547 non
515 4490 633 4548 tumidus
647 4499 694 4548 aut
725 4492 815 4549 fluxus
829 4492 963 4550 incessus.

166 4580 225 4635 Jam
241 4595 295 4637 non
309 4581 523 4636 redditemalum
546 4596 597 4652 pro
617 4580 699 4647 malo,
724 4590 771 4639 sut
793 4580 965 4639 maledictum

166 4682 218 4737 pro
232 4667 388 4724 maledicto.
417 4668 475 4723 lam
497 4677 636 4739 postremo
657 4670 693 4725 ad
716 4670 790 4726 illam
813 4669 964 4727 dilectionis

167 4767 321 4808 mensuram
336 4753 466 4821 accedite,
483 4760 512 4808 ut
526 4752 561 4808 ad
576 4753 755 4811 imitationem
767 4756 861 4827 sponsi
880 4754 963 4813 vestri

167 4841 274 4916 ponatis
296 4842 414 4899 auirnam
441 4857 490 4913 pro
518 4842 647 4900 iratribus
670 4843 777 4901 vestris.
806 4847 871 4903 Haec
892 4847 963 4902 enirn

166 4932 258 4989 addito
285 4929 434 5003 virginitati
462 4931 611 5005 angelicam
637 4931 717 4989 vitain
745 4935 910 5001 hominibus,
937 4943 964 4992 et

166 5021 229 5079 coeli
251 5035 341 5076 mores
363 5019 491 5076 exhibent
515 5021 606 5076 terris.
633 5020 687 5078 Sed
721 5032 822 5094 quanto
845 5023 964 5093 majores

166 5111 239 5176 eatis,
258 5118 331 5166 tanto
345 5108 498 5165 humilitate
523 5124 572 5166 vos
595 5110 623 5167 in
654 5110 793 5177 omnihus,
818 5117 848 5166 ut
870 5126 962 5167 eorem

166 5201 222 5255 Deo
236 5198 379 5256 inveniatis
403 5198 527 5274 gratiam.
540 5198 587 5271 qui
602 5198 729 5272 superbis
744 5198 854 5265 resistit,
871 5202 962 5272 quise

166 5288 316 5345 exaltantes
329 5289 463 5355 humiliet,
485 5290 532 5361 qui
551 5288 657 5345 inilatos
672 5304 721 5360 per
739 5295 881 5362 angustam
895 5304 962 5361 por·

166 5380 220 5430 tam
232 5392 284 5435 non
300 5378 412 5448 trajicit.
428 5376 508 5436 Nulla
523 5378 558 5434 sit
576 5376 712 5451 superllua
725 5376 900 5438 sollicitudo:
916 5378 961 5435 ubi

165 5460 250 5522 fervet
262 5465 389 5536 charites,
400 5481 453 5522 non
468 5466 537 5523 desit
551 5467 697 5524 humilitas.

1022 2987 1190 3059 praeparavit,
1221 3001 1289 3058 ques
1316 2986 1355 3043 sic
1381 2985 1560 3042 sublimarit?
1588 2986 1753 3058 Specialem,
1776 2986 1817 3042 in·

1020 3091 1110 3146 quam,
1134 3073 1259 3147 gloriam,
1279 3074 1424 3146 specialem
1443 3090 1570 3132 coronam
1598 3075 1712 3131 donarit
1739 3074 1816 3133 vobis

1019 3161 1047 3218 in
1062 3163 1149 3229 coelis,
1172 3178 1254 3235 quem
1277 3162 1364 3219 nostri
1387 3165 1503 3235 majores
1516 3154 1654 3220 aureolam
1668 3163 1815 3236 appellant,

1019 3268 1100 3324 quam
1114 3251 1214 3308 idcirco
1229 3252 1263 3308 ab
1282 3265 1348 3307 auro
1362 3251 1467 3307 aestimo
1488 3252 1662 3318 nominatam,
1678 3261 1710 3309 stt
1729 3251 1815 3324 ipsum

1019 3355 1127 3396 coronae
1142 3355 1242 3397 nomen
1257 3356 1317 3413 quae
1336 3339 1443 3396 debitur
1456 3340 1535 3396 vobis
1558 3341 1587 3397 in
1601 3341 1747 3413 praemium
1759 3341 1815 3397 rir-

1019 3429 1151 3502 ginitatis,
1181 3429 1298 3485 insinuet
1325 3427 1513 3485 excellentiam
1540 3430 1636 3503 gloriae
1659 3429 1815 3503 virginalis.

1020 3518 1102 3588 Quid,
1124 3519 1245 3590 inquam,
1272 3517 1379 3573 dabitur
1403 3518 1490 3574 sacris
1517 3519 1672 3592 virginibus
1694 3519 1817 3576 Christi?

1020 3604 1132 3660 Caetaris
1146 3602 1245 3659 sanetis
1260 3611 1290 3658 ut
1303 3602 1508 3674 praemineant,
1523 3605 1592 3660 sicut
1607 3618 1704 3659 eurum
1719 3610 1816 3659 caetera

1019 3691 1127 3746 nnetalla
1141 3690 1279 3762 precellit.
1294 3690 1366 3748 Dicit
1378 3691 1452 3747 enim
1468 3692 1548 3748 lsaias
1565 3706 1571 3745 :
1588 3694 1620 3749 ln
1639 3692 1685 3749 dic
1699 3691 1816 3749 ilioerii

1019 3779 1157 3839 Dominam
1183 3795 1287 3837 corono
1309 3780 1417 3852 perte,
1442 3785 1472 3839 ct
1491 3786 1600 3839 sertum
1613 3781 1815 3840 exsultationis

1019 3868 1239 3942 residuopopoit'
1251 3869 1371 3939 seiilsc.
1386 3885 1485 3938 xxvrrr,
1501 3872 1540 3941 b).
1556 3870 1673 3927 attende
1687 3870 1816 3942 quodec-

1020 3972 1087 4014 rona
1101 3957 1131 4014 lit
1144 3958 1179 4013 de
1192 3973 1260 4015 suro
1274 3959 1347 4016 etde
1371 3959 1506 4031 lapidibus
1529 3958 1678 4031 pretiosis,
1695 3964 1810 4025 sertum,

1018 4046 1053 4103 de
1067 4045 1192 4118 floribus,
1207 4048 1363 4119 putarosis,
1375 4047 1462 4120 violis,
1478 4055 1506 4105 et
1516 4047 1684 4120 hujusmodi.
1700 4046 1815 4104 arunte

1019 4151 1100 4206 quam
1114 4151 1241 4209 maqnurn
1256 4145 1296 4193 est
1313 4137 1399 4208 ipsum
1412 4137 1501 4194 Deum
1516 4137 1617 4194 habere
1631 4152 1681 4209 pro
1697 4132 1812 4194 corone!

1020 4234 1046 4280 et
1060 4224 1177 4298 virgines
1200 4241 1254 4281 non
1269 4233 1370 4283 mutum
1389 4227 1526 4284 habebunt
1539 4229 1624 4284 Deum
1639 4241 1692 4297 pro
1704 4240 1812 4292 corona,

1019 4313 1047 4369 id
1062 4315 1134 4386 quod
1148 4322 1189 4371 est
1201 4330 1343 4373 commune
1365 4317 1490 4373 omnibus
1513 4314 1690 4388 glorificetis3
1707 4315 1755 4372 sed
1768 4313 1814 4369 ba·

1019 4402 1123 4459 bebunt
1137 4418 1188 4474 pro
1205 4404 1302 4476 capillo
1324 4404 1423 4461 florido
1447 4402 1640 4463 exsultationis
1655 4401 1813 4476 praerogati-

1019 4507 1080 4547 ram
1103 4491 1249 4565 spiritualis
1269 4492 1442 4558 excellentiae,
1468 4507 1528 4564 quae
1556 4493 1584 4547 in
1612 4490 1767 4563 virginibus
1787 4489 1813 4544 in

1019 4581 1106 4652 patria
1119 4581 1222 4637 coelesti
1247 4581 1399 4652 apparebit.
1426 4580 1497 4650 Quid
1512 4587 1602 4635 autem
1617 4586 1661 4635 est
1676 4578 1725 4638 ille
1739 4579 1813 4635 iocus

1018 4668 1102 4725 multo
1120 4668 1226 4735 melior,
1237 4683 1318 4740 quam
1333 4666 1450 4723 filiorum
1466 4667 1535 4723 Dei?
1553 4666 1619 4738 quid
1632 4665 1701 4722 iilud
1717 4679 1812 4723 nomen

1018 4759 1175 4813 aeternum?
1189 4757 1254 4828 qnid
1270 4756 1406 4814 aureole?
1419 4757 1546 4829 hlagnum
1565 4762 1607 4812 est
1625 4753 1718 4822 valdo,
1731 4766 1759 4810 et
1769 4753 1812 4809 in·

1018 4845 1179 4916 explicabile
1189 4847 1337 4917 inexpertis
1351 4866 1359 4902 s
1375 4854 1402 4901 et
1415 4854 1559 4916 propterea
1570 4860 1633 4902 rum
1648 4859 1751 4919 magna
1762 4841 1813 4899 ari·

1018 4933 1099 4990 ditate
1112 4937 1286 5003 currendum,
1301 4949 1361 4989 oum
1385 4948 1484 5005 magna
1507 4931 1665 4989 fortitudine
1681 4944 1810 5004 persero·

1017 5023 1130 5080 rendum
1145 5031 1185 5079 est
1199 5023 1251 5088 eis,
1266 5022 1310 5096 qui
1326 5022 1377 5078 soli
1391 5022 1505 5079 truendo
1525 5020 1716 5094 poterunthoc
1729 5034 1811 5092 expc-

1017 5112 1073 5168 riri.
1098 5113 1153 5168 Sed
1173 5113 1235 5185 quia
1264 5112 1500 5169 commemorando
1526 5109 1640 5185 gratiam
1666 5111 1811 5183 specialem

1017 5202 1169 5278 virginibus
1183 5219 1199 5258 a
1214 5217 1314 5276 sponso
1325 5218 1374 5258 suo
1384 5202 1468 5275 gratis
1477 5216 1646 5268 concessam,
1662 5208 1691 5258 et
1701 5199 1812 5275 gloriam

1017 5292 1162 5364 specialem
1182 5293 1216 5348 ab
1231 5290 1293 5363 ipso
1306 5306 1414 5362 quoquc
1429 5288 1606 5347 nihilominus
1619 5289 1649 5346 in
1664 5288 1745 5347 omlis
1757 5287 1813 5344 sir·

1016 5380 1126 5454 pinibus
1139 5389 1325 5453 preparatam,
1336 5380 1369 5434 ad
1382 5379 1527 5449 specialem
1537 5378 1711 5436 dilectionem
1719 5375 1813 5451 sponsi

1016 5469 1135 5527 coelestis
1153 5466 1266 5543 benigni
1281 5466 1344 5524 lesu
1374 5467 1481 5523 animos
1504 5467 1646 5541 virginalis
1659 5464 1811 5531 munditie,
