3706 5962
71 196 122 255 ‘lii

70 319 186 374 dederis.
198 321 294 392 fugere
309 327 334 376 te
358 319 467 393 vigiliis,
486 337 531 394 per
557 323 736 394 lacrymarum
757 319 859 375 violeu-

70 407 134 461 tiam
151 409 228 463 vince
242 406 385 462 Dominum
397 408 557 477 majestatis,
574 408 685 465 etdicei
702 426 707 465 :
727 409 804 463 illane
815 421 865 462 eo·

68 495 866 570 lucum,Domine,quoniamadvesperascit,etirrctirrato

68 587 110 638 est
121 586 184 655 jam
200 584 267 639 dics.
280 585 353 640 lianc
367 585 511 641 clausulam
519 585 699 656 multipliciter
720 600 864 652 possumus

69 670 232 744 intelligere,
253 683 279 729 et
301 673 326 726 in
344 689 373 727 ea
390 674 486 731 multas
498 674 610 729 delicias
633 671 767 729 invenire.
784 674 864 729 diane

68 759 224 827 saetacum,
235 764 369 834 quarratam
376 764 591 835 aeluesperascit.
599 763 666 819 Cum
677 777 864 834 prosperamus

69 850 94 903 in
106 851 233 904 virtutum
253 851 433 919 successibus,
449 851 476 907 in
487 852 530 908 die
542 868 634 909 sumus
652 871 657 908 :
673 867 734 907 cum
750 867 798 906 nos
813 851 863 905 ab·

69 939 192 993 nubilant
207 940 411 996 tribulationum
427 943 568 1013 angustiae,
600 942 690 1012 incipit
714 942 794 996 nobis
812 942 863 995 aa·

67 1043 259 1100 vesperascere
280 1045 364 1085 :cum
397 1029 501 1088 tristitia
532 1047 581 1087 uos
607 1031 756 1096 confindit,
783 1031 863 1087 nobis

68 1117 275 1188 advesperascit.
301 1119 334 1173 Et
358 1119 417 1190 uaria
440 1120 473 1175 ad
500 1129 525 1175 te
544 1121 725 1193 confugimus,
747 1121 792 1192 qai
818 1136 862 1175 so-

66 1204 109 1260 lus
124 1205 243 1261 laborem
253 1214 279 1259 et
289 1207 411 1262 dolorem
422 1208 587 1279 consideras,
600 1226 684 1267 marre
704 1210 862 1277 nobiscum,

66 1296 202 1367 quonium
217 1295 435 1368 advesperascit.
450 1297 509 1353 tam
520 1298 630 1354 veniunt
640 1315 717 1370 aquae
733 1298 863 1369 usquead

65 1384 193 1449 animam,
207 1386 261 1454 jam
276 1384 427 1440 dovotionis
442 1385 545 1442 deliciae
569 1395 707 1442 vertuntur
730 1387 756 1440 in
781 1388 864 1441 naiac-

65 1471 143 1538 riam,
159 1473 214 1543 jam
229 1488 323 1529 omncs
342 1473 457 1546 angulos
472 1473 569 1531 mantis
584 1482 683 1531 nostran
698 1483 792 1530 ventus
809 1484 864 1530 ten-

65 1560 175 1616 tationis
185 1562 302 1617 concutit
314 1578 413 1618 :marre
425 1563 577 1630 cobbart-nr,
590 1566 723 1636 quoniam
733 1565 860 1637 advespe-

619 195 652 256 ιιι
671 194 771 256 suisli
790 192 813 252 ll
834 191 1009 252 aasentias
1029 191 1147 256 saaltu

880 330 903 410 fl
917 317 1011 391 gratiae
1025 325 1106 390 prout
1119 321 1202 379 voluit
1222 337 1274 378 nou
1290 321 1324 376 ad
1339 337 1494 377 mensuram
1504 321 1716 391 accepistisne·

894 434 898 440 ·
919 406 986 464 dicit
1003 424 1101 480 panem
1130 412 1240 483 quaudo
1253 410 1471 467 benedictionem
1483 426 1559 465 snam
1574 409 1653 466 nobis
1668 413 1716 467 dat

1663 195 1717 255 978

920 495 1067 569 legislator,
1093 508 1122 554 ut
1138 514 1232 554 eamus
1248 499 1281 554 de
1299 498 1396 555 rirtute
1410 497 1436 552 in
1453 497 1588 553 virtutem.
1606 499 1717 575 Frangit

919 591 946 638 ct
965 585 1077 656 porrigit
1092 585 1158 654 iuis;
1175 587 1306 658 quianon
1332 584 1445 642 retentis
1459 601 1547 656 neque
1570 587 1713 655 currentis,

918 673 965 727 sed
980 674 1130 730 miserentis
1149 685 1192 731 est
1204 675 1264 729 Dei.
1293 676 1348 730 Nec
1376 690 1471 745 panem
1498 673 1609 745 porrigit
1624 672 1715 731 ΒΜ

918 760 1065 835 integrum,
1091 765 1139 817 sed
1156 762 1269 818 fractum
1286 783 1293 831 ;
1309 762 1373 835 quia
1389 762 1537 818 divisiones
1566 761 1715 834 gratiarum

918 859 989 914 sunt,
1005 852 1053 905 sed
1079 852 1149 907 idem
1170 851 1312 916 Dominus,
1328 850 1373 922 qni
1389 849 1460 904 sicut
1483 850 1619 906 buccellas
1635 851 1716 906 mittit

918 941 1074 1010 crystallum
1093 957 1178 996 suam.
1189 941 1224 995 Et
1242 940 1309 1014 quid
1326 939 1452 1013 estquod
1468 939 1564 994 dicitur
1594 958 1599 996 :
1617 941 1716 1013 Aperti

917 1031 1081 1093 steatomati
1094 1048 1202 1101 currem,
1218 1035 1440 1104 adcognoverunt
1454 1047 1519 1087 eum
1530 1031 1715 1101 infractione

915 1119 1020 1190 panis?
1030 1120 1197 1175 infractione
1208 1118 1284 1190 panis
1295 1117 1473 1174 frtdiminutio
1486 1117 1647 1190 qnaedamet
1656 1119 1715 1173 exi·

917 1207 1029 1262 nanitio.
1046 1210 1074 1263 ln
1097 1207 1227 1263 fractione
1254 1207 1381 1263 virtutem
1409 1205 1566 1262 humilitatis
1581 1206 1713 1278 intellige,

917 1311 966 1365 per
990 1310 1072 1368 quarn
1087 1312 1118 1352 se
1140 1297 1229 1366 ipsum
1257 1294 1347 1368 fregit,
1368 1294 1503 1360 diminuit,
1518 1302 1545 1350 et
1568 1283 1716 1352 exinanivit

916 1383 975 1455 ipsc
988 1384 1068 1440 etiam
1082 1385 1126 1458 qui
1141 1384 1218 1457 panis
1236 1392 1276 1440 est
1290 1384 1360 1440 vitm.
1373 1384 1407 1438 Et
1429 1384 1557 1457 quoniam
1571 1401 1600 1440 se
1622 1383 1715 1439 esina-

919 1472 998 1539 nivit,
1013 1472 1205 1545 cogitationem
1220 1489 1296 1529 suam
1312 1471 1392 1528 nobis
1404 1472 1488 1528 dedit.
1505 1472 1566 1542 lpse
1580 1479 1621 1527 est
1636 1471 1714 1544 panis

918 1559 1104 1616 desiderabilis
1117 1577 1196 1633 quem
1213 1560 1325 1632 perdies
1338 1560 1437 1616 multos
1451 1561 1543 1617 Daniel
1555 1577 1608 1617 non
1619 1576 1713 1617 come·

63 1651 162 1707 roscit.
175 1651 214 1705 Tu
229 1651 364 1706 tribulatis
375 1651 501 1708 cordibus
512 1667 541 1708 es
552 1650 731 1726 refrigerium,
744 1660 771 1707 ιιι
787 1654 861 1709 refu·
879 1615 901 1693 Β
918 1650 956 1703 dit
967 1648 1049 1719 (Dara.
1062 1668 1091 1717 x,
1107 1651 1134 1720 3)
1151 1668 1157 1707 :
1173 1648 1236 1723 quia
1251 1648 1326 1705 multi
1340 1648 1406 1719 justi
1420 1656 1446 1704 et
1460 1649 1599 1720 Prophetae
1614 1650 1715 1705 volue-

62 1738 149 1809 gium,
163 1747 190 1792 tn
206 1739 332 1794 solatium
349 1757 355 1795 ι
374 1751 417 1797 tua
433 1750 475 1795 est
490 1741 617 1814 potentia,
630 1749 703 1797 tuum
720 1749 761 1797 est
775 1743 861 1814 impe-
918 1745 981 1793 rnnt
994 1739 1084 1794 ridere
1112 1747 1138 1793 ct
1152 1753 1206 1793 nou
1225 1739 1351 1796 viderunt
1374 1738 1539 1793 incarnatam
1555 1739 1714 1811 sapientiam

62 1828 143 1886 rium.
159 1829 257 1884 Intenti
269 1830 372 1885 suntad
384 1840 410 1885 te
422 1829 761 1897 oculiomrrirrm,etsolaanr
769 1833 862 1886 sitiens
917 1837 964 1890 Dei
981 1837 1073 1892 Patris.
1097 1834 1186 1891 linitis
1202 1844 1347 1890 aestuarunt
1363 1833 1488 1906 suspiriis
1504 1852 1560 1908 prae
1580 1836 1714 1893 desiderio

62 1916 863 1993 aninmconenpiscit:manecolrrscurrr,quorriumarlucspc·
916 1923 1026 1978 videndi
1054 1924 1282 1979 filinmbonrinis
1300 1943 1306 1977 :
1326 1922 1371 1978 sed
1395 1923 1572 1980 absconditus
1602 1934 1661 1980 erat
1687 1924 1715 1982 in

62 2005 161 2062 roscit.
176 2006 350 2060 Sirretenilril
368 2022 509 2076 possumus
535 2007 632 2062 facere.
657 2009 696 2061 Tu
712 2009 785 2062 solus
802 2024 862 2062 ear-
917 2013 976 2066 sinn
995 2013 1088 2069 l'atris.
1111 2013 1215 2068 t’arruli
1240 2012 1375 2080 petierunt
1400 2029 1509 2082 panem,
1525 2021 1551 2067 et
1575 2029 1628 2068 uon
1658 2020 1716 2069 erat

60 2094 136 2148 mina
151 2096 200 2147 das
215 2093 241 2146 in
257 2101 351 2159 nocte;
366 2101 394 2148 tu
415 2095 495 2150 turris
515 2110 544 2150 es
559 2095 723 2150 tortitudinis
751 2112 766 2151 a
791 2096 863 2152 facie
918 2100 965 2172 qui
980 2101 1116 2171 frangeret
1131 2099 1339 2169 eis(ftrrerr.rv,
1356 2099 1394 2170 4).
1408 2100 1544 2170 Sapientia
1558 2101 1716 2157 abscondita

62 2180 299 2237 tribulantisfuae
316 2181 423 2252 pietatis
439 2183 719 2256 oculuseireaeaquae
735 2185 863 2242 subcoelo
900 2183 1015 2260 'Patris,
1027 2196 1054 2245 et
1070 2190 1212 2244 thesaurus
1228 2189 1333 2259 integer
1349 2197 1376 2243 ct
1386 2189 1521 2253 occidus,
1537 2204 1599 2260 quac
1614 2189 1715 2246 utilitas

60 2269 347 2342 suntrespieitzmane
359 2272 515 2339 nobiscum,
532 2275 666 2344 quoniam
679 2272 863 2346 advesperas-
918 2278 945 2333 in
959 2279 1080 2349 utrisque
1090 2278 1225 2351 tFrangc,
1237 2277 1359 2344 Domine,
1371 2277 1499 2333 esurienti
1511 2292 1609 2347 punem
1625 2284 1712 2345 tuum,

59 2361 113 2416 cit.
125 2360 178 2416 Per
193 2361 364 2431 teconsurgit
378 2360 500 2417 nobisad
516 2377 660 2432 vesperum
670 2362 760 2434 fulgor
779 2363 863 2418 meri·
920 2381 1015 2438 panem
1032 2373 1056 2420 to
1071 2363 1171 2435 ipsum,
1202 2372 1230 2419 ut
1244 2364 1400 2435 aperiantur
1428 2362 1499 2421 oculi
1521 2363 1649 2435 bominis,
1663 2381 1715 2424 nec

58 2445 165 2519 dianus,
186 2457 213 2504 et
223 2449 323 2505 orimur
335 2457 363 2503 ut
378 2449 482 2519 lucifer,
494 2465 556 2506 enm
569 2460 800 2524 noscensnmplos
814 2469 864 2523 pu·
919 2461 1060 2525 reputetur
1075 2452 1177 2508 homini
1189 2452 1220 2506 nd
1234 2462 1384 2522 peccatum,
1401 2451 1423 2506 si
1444 2452 1559 2508 voluerit
1573 2469 1632 2507 esse
1645 2456 1714 2510 sicut

57 2545 168 2609 tamus,
185 2553 238 2593 non
257 2538 432 2594 confunditur
459 2540 548 2594 omnis
569 2539 615 2610 qni
638 2539 706 2594 inte
725 2539 860 2596 confidit:
920 2553 958 2608 tu,
983 2542 1069 2598 sciens
1092 2542 1192 2597 burrum
1209 2551 1234 2595 ιι
1254 2541 1363 2597 malum.
1380 2541 1578 2610 Tecognoscat
1595 2541 1714 2614 inponis

59 2642 145 2683 marte
156 2627 310 2693 uobiscum,
332 2627 468 2699 paeoniam
491 2629 707 2700 aduesperascit.
732 2627 860 2684 inclinata
920 2631 1055 2696 fractione,
1077 2629 1123 2700 qui
1138 2629 1171 2684 ab
1192 2629 1265 2685 initio
1280 2629 1362 2685 soluit
1378 2629 1510 2702 integrunt
1526 2637 1657 2687 attentare
1673 2632 1714 2687 rel

59 2723 101 2770 est
108 2716 164 2784 jam
177 2715 245 2785 dies,
255 2715 318 2771 facti
334 2727 395 2771 sunt
407 2717 511 2787 vesperi
522 2718 658 2788 longiores
671 2735 677 2771 :
689 2719 753 2788 qnia
766 2733 865 2788 appro-
919 2728 1069 2774 attrectare.
1088 2720 1194 2791 frange
1208 2727 1244 2782 te,
1274 2725 1302 2772 ut
1317 2733 1376 2772 aesc
1389 2718 1477 2774 discat
1496 2718 1629 2791 frangere,
1650 2721 1713 2790 quia

60 2805 209 2875 pinquante.
224 2805 318 2859 mundi
334 2804 447 2861 termino
459 2806 674 2875 superexcrescit
689 2806 827 2878 iniquitas,
839 2813 865 2859 et
920 2825 973 2864 non
997 2807 1169 2877 cognosceris
1184 2807 1210 2860 in
1234 2806 1363 2862 fractione
1380 2808 1466 2878 panis.
1484 2808 1591 2865 derdivit
1607 2809 1713 2864 Balaam

59 2879 179 2946 clrariras
195 2891 355 2964 refrigescit.
368 2893 407 2945 Ne
423 2893 608 2963 exstinguatur
622 2893 648 2947 in
665 2904 742 2949 note
753 2895 861 2949 lucerna
915 2912 1053 2953 sermones
1068 2896 1165 2962 Dei,et
1180 2895 1301 2950 visiones
1311 2895 1507 2968 Ornnipotentis
1522 2896 1633 2952 intuitus
1654 2904 1711 2956 cst:

61 2989 170 3050 nostra,
192 2997 276 3038 nraae
296 2981 449 3047 nobiseum,
477 2984 612 3054 paeoniam
638 2983 857 3056 advesperascit.
876 2943 897 3023 Β
914 2985 960 3040 sed
971 2984 1084 3041 cadebat
1107 2982 1208 3053 arrectis
1223 2981 1309 3040 oculis
1324 2984 1418 3053 (Nam.
1434 2999 1513 3051 aare,
1527 2986 1564 3056 i),
1580 2984 1644 3056 quia
1660 3000 1713 3040 nen

61 3071 192 3143 vergente
205 3069 432 3142 nnrndivespere,
443 3071 501 3126 sole
512 3071 635 3141 justitiae,
657 3072 743 3144 frigus
758 3071 857 3144 iniqui·
913 3073 1094 3146 cognoscebat
1110 3071 1254 3127 Dominum
1268 3071 1294 3125 in
1311 3070 1441 3127 fractione
1453 3072 1538 3142 panis.
1554 3072 1598 3128 Sic
1614 3069 1713 3128 multos

58 3161 120 3215 tatis
130 3176 216 3232 genus
235 3161 381 3215 humanum
400 3160 538 3232 opprimit.
560 3161 661 3218 Omnes
676 3170 786 3232 occupat
803 3179 857 3219 uox
912 3163 1009 3220 vidctis
1034 3160 1113 3217 lrodie
1134 3161 1276 3216 studentes
1303 3160 1327 3214 in
1340 3160 1500 3232 scripturis,
1524 3163 1656 3218 docentes
1685 3161 1710 3216 iu

59 3248 190 3321 perfidiae,
202 3247 248 3304 lux
260 3249 378 3305 venulis
393 3248 493 3308 deficit.
505 3251 545 3305 Ne
561 3249 716 3307 deficiamus
728 3267 791 3308 cunr
807 3252 858 3309 de·
912 3251 1056 3319 cathedris,
1069 3249 1245 3320 predicantes
1261 3248 1288 3304 iu
1300 3249 1439 3320 ecelesiis,
1456 3250 1502 3306 sed
1519 3265 1603 3321 opera
1617 3265 1711 3307 eorum

58 3338 217 3405 ferientibus,
233 3356 316 3396 marre
325 3339 480 3410 nobiscum,
492 3341 627 3413 quereiam
637 3339 856 3413 advesperascit.
913 3359 966 3398 non
989 3340 1154 3397 concordant
1169 3355 1229 3394 curn
1249 3338 1348 3394 verbis.
1377 3337 1545 3394 Confitentur
1567 3339 1657 3396 verbis
1681 3356 1712 3395 ae

59 3428 125 3484 Vitae
139 3443 206 3484 meae
214 3429 271 3498 jam
283 3427 489 3499 iustatvespera,
510 3443 609 3498 corpus
623 3428 759 3484 consumit
778 3427 859 3502 aegri·
913 3445 994 3488 nosse
1009 3431 1104 3492 Deum,
1125 3427 1172 3483 sed
1193 3436 1292 3498 negant
1307 3424 1400 3481 factm:
1416 3425 1546 3498 quianon
1568 3429 1710 3503 cognosci·

62 3517 126 3572 tudo
142 3517 287 3589 pervalida,
306 3518 360 3586 jarn
376 3531 452 3571 mors
476 3516 593 3572 minatur
612 3531 715 3586 aspera,
734 3517 814 3573 timor
833 3510 862 3570 et
915 3528 958 3576 tur
976 3518 1028 3574 nisi
1043 3517 1069 3572 in
1094 3515 1196 3572 fractior
1208 3530 1225 3572 e
1239 3515 1325 3585 panis.
1350 3514 1381 3568 Et
1393 3514 1503 3586 quidem
1520 3515 1598 3571 nobis
1613 3517 1710 3572 Domi·

58 3614 160 3663 tremor
176 3616 257 3662 totam
273 3605 464 3663 conscientiam
483 3605 612 3674 concutit,
632 3606 777 3663 terribilem
793 3622 858 3662 sen·
886 3622 889 3627 ·
913 3625 965 3664 nus
978 3607 1063 3663 factus
1076 3613 1118 3660 est
1133 3603 1218 3676 panis,
1236 3612 1261 3660 et
1275 3618 1325 3659 nos
1342 3619 1434 3659 sumus
1441 3603 1517 3674 panis
1532 3604 1600 3674 ejus.
1618 3605 1647 3660 In
1659 3623 1709 3661 su-

57 3696 166 3751 tentiam
175 3694 270 3765 judicii
284 3694 453 3765 pertimescit
468 3711 474 3752 :
491 3693 538 3751 sed
553 3702 590 3762 ιιι,
607 3695 733 3762 Domine,
745 3695 793 3750 Cui
809 3696 859 3749 Pa·
914 3698 980 3755 dore
994 3696 1084 3752 vultus
1095 3695 1136 3749 sui
1158 3693 1339 3766 dignatusest
1358 3693 1431 3748 vesci
1447 3709 1515 3764 pane
1529 3709 1590 3760 suo,
1615 3700 1646 3750 ut
1660 3711 1710 3752 uos

56 3793 97 3839 ter
111 3799 191 3839 omne
207 3784 339 3854 iudicium
354 3784 438 3854 dedit,
454 3801 539 3843 marre
555 3786 708 3851 nobiscum,
723 3786 857 3859 queniam
914 3795 1006 3842 notro
1021 3800 1193 3840 vesceremur
1203 3783 1229 3837 in
1244 3780 1394 3854 gaudiosi
1410 3782 1449 3839 ris
1457 3782 1546 3853 ipsum
1555 3797 1708 3857 cognosce·

55 3873 270 3946 advesperascit.
287 3875 315 3929 ln
338 3890 434 3931 manus
462 3883 521 3931 tuas
543 3877 704 3932 commendo
733 3875 857 3948 spiritum
913 3874 1027 3943 re,sieut
1042 3891 1071 3929 se
1086 3872 1177 3947 fregit,
1192 3872 1229 3929 its
1245 3880 1269 3926 te
1285 3869 1394 3946 frange,
1412 3870 1475 3942 qrria
1489 3871 1535 3944 qui
1551 3871 1617 3928 dicit
1636 3889 1664 3928 se
1681 3874 1708 3930 in

55 3976 156 4016 rnenm.
171 3963 306 4016 Netradas
320 3963 437 4018 animam
447 3963 621 4020 confitentem
642 3963 691 4020 tibi
713 3965 857 4036 potestati·
912 3964 1018 4022 Christo
1033 3979 1153 4032 manere,
1169 3962 1248 4018 debet
1277 3961 1347 4018 sicut
1360 3960 1404 4016 ille
1421 3961 1576 4032 ambulavit,
1602 3971 1627 4019 et
1647 3964 1707 4036 ipse

55 4049 855 4120 bustenebrarum.lntesolocstsalusnostra3adtesunt
911 4054 1051 4111 ambulare
1077 4055 1196 4126 (fleon.
1218 4071 1247 4122 u,
1277 4052 1315 4123 6).
1332 4050 1391 4108 Νοιι
1421 4051 1503 4108 estin
1523 4068 1707 4111 sermonerc·

55 4137 125 4192 ocrrli
136 4135 267 4199 nostrane
281 4151 432 4207 pereamus.
444 4139 483 4194 Da
497 4141 664 4196 multitudine
680 4141 857 4200 miserationis
910 4159 995 4212 garum
1010 4141 1068 4209 Dei,
1087 4141 1132 4199 sed
1153 4140 1180 4197 iu
1202 4140 1310 4199 virtute.
1324 4139 1428 4212 Frange
1444 4140 1524 4211 igitur
1537 4146 1562 4196 te
1581 4141 1615 4197 ad
1630 4143 1707 4199 labo·

55 4224 440 4298 ruarnrnsadrcirmeoncipit
451 4230 706 4297 :manenolriscarm
723 4218 894 4305 quoniamss
911 4246 967 4286 rem
982 4230 1142 4295 obedentiae,
1160 4229 1192 4283 ad
1221 4227 1403 4284 humilitatem
1426 4227 1601 4299 peanitentiae.
1626 4229 1707 4285 Porta

55 4316 272 4385 advesperascit.
283 4315 326 4369 fel
342 4330 391 4386 per
400 4331 541 4387 vesperam
547 4333 692 4390 possumus
703 4320 710 4373 i
724 4322 854 4393 telligere

55 4412 157 4461 aeratae
173 4405 271 4460 mentis
286 4403 463 4477 refrigerium,
479 4413 509 4461 ut
534 4406 606 4461 omni
621 4406 723 4463 terrore
743 4408 854 4464 tribula-

55 4494 136 4549 tionis
156 4494 308 4559 reeedente,
327 4495 413 4550 oratio
426 4503 452 4550 ct
471 4496 608 4552 meditatio
628 4497 801 4568 tranquillum
827 4499 853 4553 in

54 4599 87 4638 ea
102 4582 157 4637 Deo
172 4590 267 4652 parent
283 4583 438 4654 hospitium,
459 4598 490 4640 ιιι
505 4602 566 4640 eum
581 4595 679 4659 cogant
695 4589 727 4642 al
743 4603 855 4642 manen·

55 4673 130 4738 eleana,
147 4682 172 4725 et
190 4672 343 4727 farisaeae
360 4675 532 4740 roenandum,
545 4675 623 4745 juxta
639 4676 712 4748 quod
725 4677 853 4748 scriptum

54 4769 109 4816 est:
120 4762 149 4817 Si
154 4763 366 4833 quisuperuerit
379 4765 711 4835 milrijanuom,intralro
724 4765 760 4822 ad
779 4783 853 4832 eum,

53 4854 82 4905 et
98 4850 209 4907 caenabo
220 4867 287 4907 curn
301 4857 375 4918 e0,et
388 4855 445 4926 ipae
455 4854 667 4930 mecaru(Apoc.
685 4873 725 4922 ur,
736 4858 792 4928 ιι).
809 4855 856 4911 ra·

56 4949 117 4992 etus
132 4945 172 4992 est
194 4940 264 4993 sient
279 4940 329 4993 viat
342 4958 364 4994 rr
378 4942 393 4995 d
407 4943 518 5000 clinans
534 4944 567 4999 ad
578 4946 740 5002 manendum
758 4962 764 5000 :
782 4946 853 5002 unde

53 5034 80 5088 at
97 5031 217 5085 intrauit
232 5045 296 5084 curu
313 5031 381 5086 illis.

93 5119 136 5171 aa.
150 5121 267 5174 factare
283 5123 428 5177 astantem
442 5138 506 5178 cam
519 5123 693 5189 recumberet
703 5143 768 5181 carra
785 5126 853 5191 iltis,

55 5207 855 5284 accepitpanem,etbenedicit,sregitetporrecitittisret

53 5297 152 5365 aperti
160 5302 229 5351 saint
241 5297 318 5352 oculi
332 5313 438 5363 eorrtrn,
452 5304 480 5355 et
488 5306 675 5370 cognoverunt
686 5318 759 5360 earn.
777 5303 856 5358 Panis

54 5385 105 5439 iste
121 5386 197 5455 pranis
205 5394 247 5439 est
257 5385 361 5457 gratiae.
373 5388 448 5442 llunc
459 5405 557 5461 tranem
572 5391 629 5462 ipse
646 5407 730 5462 pem-e
742 5392 854 5460 accipit3

53 5476 189 5547 quianon
212 5476 291 5547 quasi
310 5475 429 5546 inferior,
459 5479 506 5534 scd
532 5481 604 5536 Patri
634 5482 755 5555 agitatis,
785 5483 856 5540 doira

910 4321 936 4375 in
964 4335 1078 4390 corpore
1124 4328 1170 4374 tuo
1198 4317 1322 4388 stigmata
1361 4316 1426 4372 lesu
1465 4316 1564 4372 Christi
1592 4315 1706 4373 formam

907 4408 975 4467 servi
998 4407 1142 4478 accipiens,
1166 4422 1219 4462 uon
1240 4406 1351 4476 praelati.
1381 4406 1413 4461 Et
1442 4421 1504 4461 cum
1533 4416 1557 4462 te
1586 4407 1706 4464 ruinani-

909 4503 979 4563 veris
994 4514 1021 4560 et
1040 4502 1165 4575 fregeris,
1195 4517 1344 4575 cognosces
1358 4501 1503 4559 Dominum
1519 4501 1547 4556 in
1574 4502 1705 4562 fractione

908 4591 997 4663 panis.

947 4685 989 4737 23.
1012 4678 1065 4737 Sed
1081 4677 1206 4752 quonism
1226 4676 1359 4748 ecepimus
1373 4678 1444 4753 loqui
1461 4681 1494 4737 dc
1509 4697 1576 4753 pane
1592 4684 1703 4754 gratim3

908 4771 972 4826 dum
987 4769 1129 4843 frangitur,
1143 4767 1215 4825 oculi
1230 4765 1396 4840 aproriuntur,
1407 4775 1434 4824 et
1448 4769 1581 4828 Dominus
1600 4786 1705 4846 cogno·

909 4859 992 4917 scitur
1009 4877 1015 4916 :
1037 4859 1099 4932 quia
1126 4874 1186 4915 curu
1202 4856 1307 4914 steteris
1322 4858 1470 4931 gratiarum
1484 4859 1564 4916 donis
1578 4860 1702 4918 infundi-

910 4957 954 5006 tur
974 4948 1058 5006 virtus
1072 4946 1241 5004 humilitatis.
1257 4947 1332 5002 ‘func
1347 4963 1410 5004 cunr
1424 4948 1626 5022 cognoscimus,
1642 4949 1705 5021 quia

909 5055 940 5096 aa
956 5038 1073 5109 arreptis
1096 5036 1175 5093 donis
1198 5051 1247 5094 nos
1270 5035 1294 5091 ei
1317 5036 1453 5094 humiliter
1472 5037 1622 5105 subdimus,
1643 5053 1705 5095 cum

909 5125 1037 5200 quidquid
1063 5125 1125 5183 boui
1149 5126 1309 5196 accepimus,
1335 5125 1472 5198 adipsum
1491 5125 1640 5183 referimus.
1656 5127 1704 5184 Sa·

910 5209 987 5287 piens
999 5219 1140 5272 attestatur
1154 5214 1227 5285 quod
1245 5215 1280 5270 ab
1294 5212 1441 5272 humilibus
1465 5216 1611 5273 honoratur
1633 5216 1705 5272 Deus

910 5305 1009 5378 (Eccli.
1025 5321 1067 5373 ur,
1083 5304 1140 5375 tf).
1151 5301 1219 5359 Vide
1231 5303 1368 5373 quomodo
1382 5304 1461 5360 dictis
1472 5304 1573 5361 nostris
1587 5319 1703 5363 concor-

909 5393 954 5449 det
965 5393 1061 5450 beatus
1073 5390 1235 5464 Gregorius.
1253 5410 1266 5443 ι
1281 5390 1345 5458 Qui,
1363 5391 1484 5465 tinguit,
1498 5415 1508 5444 ι
1527 5394 1640 5453 virtutes
1652 5411 1704 5453 eae·

910 5491 982 5541 teras
994 5484 1051 5542 sine
1069 5481 1226 5540 ‚bumilitate
1244 5491 1401 5558 cirogregat.
1429 5484 1508 5558 quasi
1523 5486 1663 5565 pulverem
1675 5486 1704 5545 in
