3706 5962
94 138 147 204 stt
579 90 588 99 ’
648 134 842 199 casontius
861 135 903 198 oa
923 136 1093 202 ruranroar
1108 137 1210 202 noso.
1693 144 1747 207 sta

94 263 275 324 militudinem
288 276 376 335 suem,
395 266 424 320 et
441 260 612 320 desiderabit
625 269 662 321 te.
678 261 799 320 Consilio
812 278 895 319 nam-
908 277 932 358 Α
948 278 1017 338 erpo
1031 265 1180 322 naturalem
1195 258 1427 339 palchritudinem
1452 280 1525 331 tuam
1539 269 1567 329 in
1587 277 1613 328 te
1634 285 1747 343 repem-

94 368 148 426 que
162 359 261 408 sauctae
275 349 414 406 Trinitatis
440 352 475 407 ad
490 351 634 426 imaginem
648 359 675 407 ει
688 350 894 409 similitudinem
948 351 1028 426 veris,
1053 353 1222 426 concupiscet
1249 371 1297 414 rex
1323 358 1451 416 decorem
1479 368 1554 417 tunm
1587 376 1594 417 :
1620 359 1746 433 quoniam

94 455 172 498 suam
184 438 285 496 creavit
299 447 324 495 le
347 438 459 497 Creator
477 447 559 508 tuus;
584 438 657 514 quod
679 438 747 495 nulli
761 439 839 497 alteri
859 456 893 497 ex
946 441 1006 514 ipae
1020 448 1061 498 est
1076 444 1150 500 Deus
1164 451 1228 502 tuus
1241 444 1328 515 (Psol.
1344 462 1422 521 serv,
1441 446 1502 520 ta);
1518 448 1577 521 ipse
1603 446 1707 505 amicus
1719 458 1746 505 et

95 526 229 586 creaturis
242 526 353 585 donarit
369 542 376 581 ε
391 536 421 582 ιιι
435 533 507 584 ιειιιο
522 543 583 584 eum
596 527 736 586 ardentius
753 528 892 604 diligeres,
947 546 1074 603 sponsus,
1090 531 1173 590 irater
1187 539 1214 591 et
1227 530 1307 593 lilius.
1332 536 1394 607 lpse
1412 535 1484 593 enim
1498 535 1565 593 dixit
1585 555 1592 592 :
1611 536 1748 607 Quicum·

95 624 198 691 quanto
217 615 369 674 mirabilius
392 615 428 671 ab
445 629 477 671 eo
500 622 527 672 te
551 617 687 674 conditam
713 616 892 691 intelligeres.
947 619 1112 693 quesecerit
1125 622 1303 682 uoluntatem
1315 625 1480 681 Potrismet
1494 625 1543 696 qai
1557 627 1589 682 tn
1604 626 1746 698 oculisest,

96 706 244 764 Considera
266 720 332 780 erqo
356 704 524 761 nobilitatem
551 713 623 761 tuam
648 720 655 760 :
679 707 807 778 quoniam
824 707 894 764 sicut
947 708 1006 782 ipss
1019 725 1099 767 meus
1111 710 1214 785 frater,
1231 719 1356 782 etsoror,
1368 718 1499 771 etmater
1512 717 1554 773 cst
1568 715 1680 786 (llottlr.
1691 729 1746 784 xri,

97 794 173 853 Deus
188 794 287 867 ubique
306 802 347 850 est
361 799 444 860 totus,
460 793 550 850 omnia
560 793 710 865 vivificans,
727 794 817 851 omnia
832 811 893 854 mo·
948 796 1006 871 bd).
1019 797 1090 854 dudi
1103 801 1252 872 quomodo,
1270 801 1364 858 Virtus
1377 810 1406 859 ει
1421 803 1552 876 sapientie
1565 803 1664 869 Patria,
1675 802 1747 859 filius

98 892 203 945 veneat
217 885 387 957 guber-naum
403 881 478 938 itatu
494 881 522 938 in
536 891 710 957 corporatae
723 883 824 956 ubique
838 893 895 940 tota
946 886 1099 943 estPatris.
1115 887 1235 944 Verbum
1248 889 1344 958 Patris,
1357 890 1482 948 voluntas
1495 896 1538 947 εει
1564 891 1660 948 Patris.
1690 891 1746 950 Vo-

99 989 140 1043 es,
155 972 221 1029 illud
235 972 386 1041 vivificans,
410 987 534 1038 movens,
548 981 575 1029 ει
595 973 758 1044 gubernans.
774 972 806 1026 Et
823 971 895 1029 sicut
948 971 1037 1032 luntas
1051 976 1171 1033 hominis
1183 977 1251 1033 nihil
1264 978 1338 1034 aliud
1364 985 1414 1048 εει,
1430 996 1512 1053 quam
1536 980 1660 1053 qnaedam
1675 995 1743 1052 pro·

100 1062 172 1119 Deus
194 1068 244 1131 est,
259 1061 323 1121 uiuit
349 1067 377 1117 ει
398 1060 489 1132 sapit:
506 1059 550 1117 ita-
568 1067 595 1117 tu
621 1062 768 1118 secuudum
783 1062 893 1117 modum
947 1069 989 1128 les
1001 1064 1111 1122 mentis.
1127 1065 1155 1122 Si
1184 1065 1269 1139 igitur
1283 1069 1377 1125 endem
1392 1077 1433 1127 est
1447 1070 1573 1128 voluntas
1589 1077 1643 1137 tua,
1657 1076 1684 1125 et
1697 1085 1745 1126 vo·

99 1159 176 1211 tuum
190 1167 230 1218 ee,
252 1150 331 1219 vivis,
347 1161 374 1208 ει
394 1151 476 1223 sapis.
500 1151 534 1206 Et
558 1149 629 1208 aiom
652 1150 680 1206 in
694 1150 751 1207 Deo
765 1159 818 1206 tres
832 1158 896 1207 eunt
949 1153 1040 1210 luntas
1053 1153 1157 1222 Patris3
1173 1154 1245 1212 idem
1264 1164 1306 1213 εει
1333 1156 1404 1216 filios
1425 1165 1499 1229 tuus,
1515 1165 1541 1215 et
1555 1157 1627 1215 filius
1645 1160 1745 1216 Patris.

100 1261 245 1319 pereonae3
261 1245 347 1315 Pater,
368 1253 395 1300 et
413 1244 507 1311 Filius,
523 1249 550 1301 et
565 1241 682 1316 Spiritus
700 1249 831 1300 sanctus:
855 1242 896 1299 sic
948 1242 1065 1315 Veritas,
1081 1244 1226 1316 sapientie,
1252 1247 1376 1306 noluntas
1400 1249 1480 1307 corde
1494 1248 1655 1321 coneipitur,
1671 1255 1698 1306 et
1715 1263 1748 1304 ox

100 1344 128 1393 et
143 1343 172 1393 tu
186 1334 273 1392 hebes
288 1341 344 1391 tres
366 1333 455 1400 vires;
472 1332 574 1390 scilicet
591 1332 772 1406 intellectum,
790 1346 897 1391 memo·
949 1334 1031 1393 corde
1045 1342 1198 1408 generetur.

101 1423 179 1495 rmm,
199 1430 226 1481 ει
243 1422 420 1482 voluntatem.
439 1422 473 1477 Et
496 1420 567 1478 siout
593 1437 627 1479 ex
647 1421 724 1479 Patre
750 1429 899 1494 generatur
986 1425 1032 1478 81.
1047 1422 1076 1479 Si
1090 1422 1173 1495 igitur
1187 1423 1260 1481 idem
1273 1423 1314 1482 vis
1342 1433 1369 1483 et
1387 1424 1462 1482 idem
1476 1426 1548 1499 sapis
1563 1425 1637 1500 qaod
1656 1427 1746 1495 Pater,

100 1513 197 1581 Filius,
217 1519 245 1570 et
259 1529 293 1570 ax
307 1521 422 1584 utroque
441 1511 565 1583 procedit
586 1510 703 1584 Spiritus
716 1520 826 1570 sanctus
839 1528 845 1569 :
860 1510 899 1567 ila
951 1513 1078 1571 eumdem
1091 1511 1174 1569 filium
1188 1513 1273 1571 habes
1285 1530 1364 1587 quem
1380 1522 1407 1572 ει
1422 1515 1507 1573 Pater.
1523 1515 1553 1571 In
1564 1521 1590 1572 ιε
1603 1522 1644 1572 εει
1657 1525 1746 1573 utrum

100 1617 134 1660 cx
153 1602 290 1660 intellectu
309 1609 455 1676 generatur
469 1602 603 1669 voluntas,
619 1608 648 1658 et
660 1616 694 1657 as
707 1600 751 1657 his
764 1601 898 1657 ambobus
915 1556 989 1658 ⁸sis
1007 1607 1081 1673 peter
1095 1606 1142 1657 aut
1155 1609 1252 1671 mater,
1276 1617 1313 1658 an
1328 1601 1419 1675 potins
1447 1610 1604 1676 utrumque,
1633 1610 1709 1675 pater
1721 1612 1749 1659 et

102 1691 224 1766 procedit
238 1690 380 1749 memoria.
399 1690 435 1746 Ει
456 1690 527 1747 sicut
550 1691 624 1748 Deus
650 1696 691 1747 est
715 1690 803 1761 Pater,
823 1690 898 1746 Deus
951 1696 1053 1758 matam
1068 1696 1179 1748 nontuo
1193 1689 1299 1760 marito,
1316 1691 1365 1748 scd
1377 1692 1427 1750 Dei
1441 1693 1523 1749 douo.
1541 1692 1748 1765 Potesnamque

103 1789 146 1840 εει
167 1780 261 1849 Filius,
290 1780 365 1837 Dens
385 1788 427 1837 cst
445 1778 561 1852 Spiritus
579 1786 707 1848 sanctua;
725 1794 780 1836 non
806 1781 898 1835 tamen
951 1795 1016 1837 eum
1029 1779 1142 1854 gignere
1157 1778 1184 1835 iu
1198 1779 1280 1838 corde
1294 1786 1350 1850 tuo,
1367 1787 1394 1839 et
1414 1780 1444 1838 in
1456 1781 1539 1838 corde
1553 1781 1654 1839 alieno.
1669 1781 1750 1837 Potes

102 1880 157 1929 tres
171 1869 219 1939 dii,
235 1869 284 1925 aed
297 1884 367 1924 unus
382 1871 463 1934 Deus,
480 1875 506 1925 et
524 1876 578 1925 tros
595 1883 719 1942 personae
736 1887 743 1927 ε
759 1869 797 1925 ita
810 1869 899 1924 anima
951 1884 1013 1926 eum
1025 1867 1169 1941 concipere
1188 1867 1301 1926 acorde
1315 1874 1373 1937 tuo,
1388 1876 1416 1926 et
1434 1870 1468 1925 ab
1483 1885 1532 1926 ora
1545 1867 1645 1927 alieno.
1662 1867 1749 1924 lutei-

101 1967 144 2017 εει
167 1957 328 2026 intellectus,
358 1957 448 2014 anima
466 1957 601 2026 uoluntas,
626 1958 716 2015 anime
744 1957 896 2023 memoria3
951 1959 1020 2016 lectu
1035 1957 1165 2033 gignitur,
1180 1972 1315 2016 consensu
1329 1958 1491 2033 concipitur,
1503 1958 1602 2016 allecta
1618 1958 1749 2027 nascitur,

102 2063 159 2108 non
172 2056 263 2106 umen
289 2056 345 2104 tres
369 2046 475 2116 anima,
491 2047 539 2104 sed
553 2062 607 2105 una
629 2047 730 2117 anima,
745 2055 772 2105 ει
794 2054 849 2105 ιεεε
862 2046 900 2102 ai·
953 2047 1054 2106 ellectu
1079 2045 1208 2106 nutritur.
1235 2046 1351 2118 Quando
1378 2047 1521 2107 veritatem
1544 2047 1683 2124 intelligis,
1705 2047 1749 2103 sel

102 2154 158 2198 res.
172 2139 214 2194 Ex
228 2137 328 2211 quibus
338 2137 435 2193 anime
454 2136 555 2196 uiribus
573 2139 652 2210 'quasi
666 2135 901 2195 excellentioribus
954 2137 1036 2194 alium
1051 2135 1202 2210 intelligere
1215 2134 1293 2205 sacia
1302 2138 1440 2196 Christum
1450 2139 1552 2212 gignis.
1566 2139 1642 2195 Nosti
1652 2136 1752 2192 rolnn·

101 2228 230 2301 jubemur
239 2228 326 2284 Deum
334 2225 460 2300 diligere,
473 2232 503 2283 ut
511 2225 655 2301 diligamus
669 2242 731 2284 eum
741 2234 798 2284 toto
808 2227 900 2298 corde,
955 2233 1036 2284 tatem
1049 2225 1115 2294 θείς
1131 2226 1254 2284 consenti
1267 2227 1303 2293 ei,
1312 2234 1341 2285 et
1349 2227 1509 2301 concepisti.
1521 2225 1637 2297 Quando
1646 2224 1750 2301 gignis,

105 2325 161 2376 tota
175 2317 275 2384 anima,
298 2322 355 2374 tota
372 2323 461 2374 mente
475 2334 484 2373 ι
498 2315 527 2372 id
548 2325 601 2387 εει,
616 2324 671 2374 ιοιο
685 2315 831 2385 intellectu,
845 2323 903 2372 tota
955 2332 986 2376 se
998 2320 1090 2390 potem
1101 2316 1209 2388 qnando
1222 2315 1353 2389 concipis,
1370 2333 1400 2373 es
1410 2324 1508 2374 mater.
1525 2317 1649 2373 Amenda
1660 2322 1753 2388 partu·

103 2408 253 2476 uoluntate,
270 2413 297 2462 ει
316 2413 373 2463 tota
398 2405 544 2478 memoria3
567 2406 621 2463 hoc
638 2414 690 2475 εει,
715 2411 772 2463 ιοιο
792 2405 902 2476 allecta,
957 2405 1005 2473 ria,
1019 2405 1157 2478 operando
1170 2404 1269 2462 nutris.
1289 2405 1344 2474 Sic,
1360 2404 1401 2463 sio
1422 2406 1450 2462 in
1470 2412 1601 2477 potestate
1618 2404 1752 2476 cujusque

103 2497 163 2555 aine
187 2494 308 2564 deiectu,
332 2510 395 2553 cum
424 2493 593 2552 discretionis
616 2493 724 2552 intuitu.
745 2495 803 2553 Nec
829 2494 904 2553 solus
955 2494 1124 2567 relinquitur,
1139 2501 1296 2552 utrumnam
1317 2502 1398 2552 unte
1412 2493 1497 2566 prolis
1511 2502 1597 2550 mater
1608 2492 1750 2556 alliciatur.

104 2586 205 2644 suflicit
217 2587 252 2644 de
272 2587 330 2643 Deo
350 2584 500 2643 intellectus
518 2584 552 2641 ad
570 2584 776 2656 beatitudinem,
791 2584 844 2640 nisi
868 2583 904 2640 sit
955 2581 1097 2641 licledicta
1114 2597 1181 2658 erqo
1203 2582 1300 2639 sterilis
1329 2597 1391 2655 quae
1418 2597 1474 2639 non
1500 2582 1582 2654 parit,
1597 2595 1658 2655 qum
1672 2581 1752 2638 ιειεει

104 2675 135 2733 in
148 2691 241 2734 amore
254 2674 456 2745 ejuesoluntus.
468 2674 526 2731 lmo
540 2673 599 2732 haec
612 2675 666 2730 duo
685 2690 739 2730 uon
753 2672 901 2743 sufficiunt,
957 2670 1041 2729 filium
1059 2687 1110 2745 pro
1124 2679 1189 2730 voto
1214 2670 1328 2745 perlici
1342 2672 1457 2745 gratiam
1469 2671 1570 2728 babere
1584 2669 1682 2743 potuit.
1696 2667 1754 2728 Cur

106 2764 160 2821 nisi
173 2762 306 2820 memoria
320 2761 445 2828 addatur,
461 2776 514 2833 qua
528 2776 636 2834 semper
649 2764 676 2818 in
698 2768 786 2818 mente
800 2761 901 2818 intelli·
956 2776 1011 2819 non
1024 2760 1149 2820 similiter
1175 2758 1337 2818 maledictus
1364 2759 1414 2834 qui
1441 2774 1496 2817 non
1510 2758 1607 2834 gignit,
1623 2759 1676 2815 nisi
1688 2757 1754 2832 quia

106 2852 196 2927 penus
208 2861 236 2909 et
250 2849 364 2908 volentis
377 2857 482 2908 maneat
495 2852 569 2908 Deus
585 2865 593 2906 :
608 2857 639 2907 ιιι
652 2850 723 2908 sicut
737 2849 842 2907 nullum
855 2831 941 2922 pot
956 2867 1010 2910 non
1024 2863 1102 2924 aeque
1117 2849 1146 2906 in
1160 2856 1254 2907 nostra
1263 2855 1395 2921 potestate
1409 2849 1533 2907 consistit
1546 2848 1688 2907 veritatem
1706 2847 1753 2905 in-

106 2949 159 2999 test
171 2957 230 3003 esse
243 2947 421 3013 momentum,
435 2954 490 3012 quo
505 2939 587 2996 homo
602 2954 658 2998 non
671 2947 760 2998 utatur
773 2940 818 2996 vel
831 2939 902 2996 irua-
955 2938 1087 3014 telliqerc,
1102 2937 1248 2998 attentati
1261 2936 1435 2997 consentire?
1449 2939 1511 2996 Non
1524 2936 1597 2994 enim
1610 2936 1755 2996 veritatem

106 3037 150 3088 tur
172 3028 224 3087 Dei
250 3028 372 3085 bonitate
395 3028 437 3087 ael
465 3027 671 3100 misericordia;
695 3029 734 3085 its
751 3028 856 3085 nullum
869 3028 905 3086 ait
957 3043 1067 3100 semper
1080 3027 1201 3100 intelligo
1217 3042 1281 3084 cum
1307 3027 1373 3085 eolo
1389 3045 1397 3084 ε
1413 3027 1555 3086 intellectae
1574 3034 1665 3084 autam
1679 3042 1754 3085 sem·

107 3126 285 3189 momentum,
301 3130 358 3190 quo
373 3132 434 3175 eum
445 3127 606 3190 presentem
620 3131 674 3176 non
688 3117 789 3175 habeat
801 3117 830 3174 in
842 3134 904 3175 me·
956 3133 1006 3191 per
1019 3116 1160 3184 consentio
1175 3116 1264 3177 :aelle
1287 3124 1376 3176 tamen
1391 3132 1447 3174 non
1460 3133 1583 3190 possum,
1601 3115 1654 3172 nisi
1668 3115 1756 3192 gretia

107 3209 203 3269 morin.
957 3205 1230 3269 Deilocritmecum.
1250 3206 1474 3265 Nullaestenim
1490 3205 1757 3263 humanaindustris

374 3293 488 3353 cetur
506 3295 642 3355 xxxtx.
958 3295 1017 3354 sine
1030 3296 1079 3354 Dei
1102 3297 1200 3370 pratia.
1224 3297 1262 3355 Ex
1279 3311 1333 3370 quo
1346 3295 1451 3369 primas
1464 3297 1547 3354 homo
1561 3295 1692 3368 peccarit,
1707 3310 1757 3352 na·

107 3391 146 3448 lle
161 3383 432 3460 demonstratiuae,
454 3389 490 3444 stt
505 3403 567 3460 qaae
582 3387 726 3447 Christum
744 3385 907 3462 sptrttaett·
958 3392 1026 3444 tnrae
1039 3386 1142 3442 bonum
1155 3385 1333 3459 perdidimus,
1347 3387 1449 3458 pariter
1461 3397 1488 3444 ει
1498 3384 1604 3442 arbitrii
1619 3385 1753 3462 rigorem,

375 3479 420 3532 ter·
431 3476 545 3548 pipam
557 3478 643 3536 votet.
958 3474 1008 3533 sed
1021 3489 1076 3532 non
1089 3474 1259 3544 electionem,
1274 3490 1309 3532 ne
1322 3490 1377 3533 non
1391 3483 1465 3533 esset
1478 3481 1652 3544 nostramet
1665 3488 1756 3532 emen·

143 3568 190 3622 ιι.
218 3565 342 3638 Intelliqe
355 3563 513 3637 dignitatem
539 3574 628 3641 tuam,
645 3566 745 3626 nobilis
765 3574 904 3638 creatura3
959 3565 1085 3622 daremus
1098 3572 1249 3637 peccatum.
1264 3565 1295 3621 ln
1310 3564 1389 3622 nobie
1398 3580 1513 3639 namque
1527 3570 1617 3620 menet
1630 3564 1664 3619 ad
1677 3577 1756 3636 quae·

109 3656 240 3728 qnoniam
263 3669 318 3712 non
341 3654 432 3711 solum
458 3653 587 3729 insignita
600 3671 630 3714 es
648 3655 698 3712 bei
721 3655 849 3731 imagine,
862 3671 908 3714 re·
960 3653 1072 3713 mudum
1093 3655 1208 3712 salutem
1235 3653 1331 3712 arbitri
1357 3655 1480 3722 libertas,
1507 3654 1534 3711 id
1563 3661 1606 3710 aet
1618 3652 1757 3710 rationalis

109 3761 170 3804 rum
184 3746 268 3802 etiam
290 3744 417 3802 decorate
435 3743 621 3804 similitudine.
643 3745 717 3804 Siout
730 3746 803 3804 enim
824 3746 907 3803 Crea-
960 3741 1093 3813 voluntas,
1108 3743 1157 3802 sed
1170 3745 1334 3802 admonente
1348 3745 1422 3817 prius
1436 3745 1493 3802 Deo
1519 3751 1547 3802 et
1568 3742 1694 3803 invitante
1722 3740 1759 3797 ad

109 3843 152 3892 tor
166 3841 241 3904 tuus,
256 3833 302 3905 qui
326 3839 352 3889 te
367 3832 401 3889 ad
424 3831 627 3892 similitudinem
641 3850 719 3892 suam
741 3835 853 3903 creavit,
867 3841 909 3893 εει
960 3833 1086 3905 niuem,
1101 3839 1132 3890 ut
1145 3833 1188 3891 rel
1215 3832 1362 3910 eligamus,
1376 3833 1421 3892 rel
1446 3847 1601 3910 sequamur.
1616 3830 1759 3890 Potastatis

109 3925 238 3995 charitas,
261 3925 349 3981 bonus
374 3922 518 3994 stinctae,
533 3923 624 3982 suanis
648 3931 676 3982 ει
699 3925 783 3998 mitia,
803 3925 909 4000 patiens
960 3933 1061 3982 nostrae
1075 3931 1117 3981 est
1143 3922 1242 3982 divine
1270 3923 1440 3997 inspirationi
1458 3923 1640 3997 acquiescere,
1655 3928 1759 3994 atquae

110 4023 139 4073 ει
156 4013 320 4081 misericors,
339 4021 367 4070 ct
387 4019 486 4069 oaeters
507 4012 625 4087 insignia
638 4031 699 4088 quae
714 4015 748 4073 de
766 4031 799 4072 eo
811 4018 908 4089 lequu-
960 4015 995 4071 sd
1009 4015 1123 4070 amntem
1135 4020 1255 4071 nostram
1265 4013 1509 4089 pertinenteliqere
1520 4020 1548 4070 et
1558 4011 1654 4087 sequi:
1670 4009 1759 4070 divini

110 4112 156 4161 tur
172 4119 179 4157 :
194 4103 232 4159 its
253 4110 282 4158 tu
295 4111 386 4159 creata
399 4117 441 4169 es,
457 4108 488 4157 ut
500 4101 660 4161 charitatem
678 4104 802 4172 haberes,
818 4113 846 4162 et
860 4121 906 4162 es·
961 4119 1028 4164 vcro
1043 4102 1163 4160 muneris
1177 4112 1218 4160 est
1243 4110 1275 4160 ut
1297 4103 1437 4178 possimus
1461 4102 1584 4176 adipisci,
1613 4100 1685 4176 quod
1715 4114 1761 4158 se-

110 4193 270 4251 sesmonde
282 4199 310 4250 et
323 4200 428 4261 sancta,
443 4190 555 4264 pulchra
568 4201 596 4250 et
609 4193 717 4263 decora,
734 4194 807 4251 mitis
821 4201 849 4251 ει
861 4195 909 4251 nn·
962 4192 1069 4265 quondo
1082 4193 1209 4266 cupimus
1231 4193 1372 4266 consequi.
1394 4194 1501 4251 Nostrae
1523 4190 1664 4264 potestatis
1678 4196 1761 4247 estet

110 4283 192 4342 milis.
208 4283 281 4355 Ques
298 4283 412 4342 virtutes
425 4291 526 4357 quanto
539 4283 603 4357 plns
617 4285 643 4341 in
663 4292 689 4341 ta
703 4284 821 4353 hebebis,
835 4294 908 4343 tento
961 4284 1088 4359 ignaviae,
1112 4291 1143 4341 ut
1156 4282 1298 4340 labemur:
1318 4282 1509 4340 sollicitudinis
1523 4295 1588 4339 aero
1602 4286 1704 4336 nostrae
1719 4287 1761 4335 εει

112 4373 289 4449 propinquior
303 4376 358 4431 beo
371 4373 426 4431 eris
440 4383 469 4430 ει
486 4373 620 4445 majorem
633 4374 673 4431 tui
693 4374 845 4433 conditoris
857 4390 908 4449 qe-
961 4382 989 4431 ει
1003 4371 1123 4431 coelestis
1136 4371 1234 4445 pariter
1243 4371 1381 4443 sbjutorii‚
1395 4387 1430 4428 ne
1444 4372 1577 4428 labamur.
1589 4367 1662 4424 Felix
1677 4369 1760 4425 bomo

112 4480 157 4522 res
180 4463 393 4521 similitudinem.
420 4462 493 4533 Quid
520 4467 607 4535 majus
622 4464 664 4521 his
685 4464 734 4522 tibi
753 4465 842 4522 iacere
855 4480 908 4539 po·
961 4463 1007 4537 qui
1023 4461 1064 4520 eie
1075 4462 1193 4518 ambulat
1207 4461 1353 4534 sapienter,
1371 4460 1511 4527 necadat3
1524 4466 1572 4515 aut
1585 4456 1608 4514 ei
1619 4455 1760 4523 ceciderit,

112 4553 172 4623 tuit,
193 4569 273 4627 quam
294 4561 325 4611 nt
345 4553 381 4611 sd
408 4555 612 4614 similitudinem
626 4571 702 4613 suam
729 4563 757 4613 to
779 4554 910 4613 conderet
962 4551 1096 4613 utstatim
1109 4559 1241 4625 resurgat.
1271 4550 1387 4609 Felicior
1406 4564 1472 4607 vero
1497 4548 1602 4622 estqui
1620 4559 1760 4619 nunqnam

112 4643 197 4702 lactor
212 4650 293 4716 tuns3
317 4652 346 4701 ει
370 4644 473 4701 eisdem
495 4644 624 4701 virtutum
637 4644 846 4702 vestimentista
861 4659 909 4703 or·
962 4642 1059 4702 occidit
1076 4659 1083 4697 z
1099 4640 1273 4698 felicissimus
1287 4649 1380 4698 antem
1398 4649 1449 4708 εει,
1465 4639 1512 4711 qui
1535 4638 1594 4713 jam
1621 4653 1682 4696 cum
1702 4636 1761 4692 Deo

112 4739 202 4800 naret,
216 4730 315 4803 quibus
328 4730 387 4804 ipae
399 4735 512 4789 ornatus
528 4732 595 4790 est?
612 4734 729 4790 Attende
743 4732 826 4805 igitur
843 4733 909 4789 dili·
963 4740 1071 4808 regnat.

113 4829 211 4898 genter
223 4819 318 4893 primae
337 4820 499 4878 conditionis
524 4828 578 4878 tnae
601 4822 796 4889 excellentiam,
811 4832 838 4879 et
860 4839 909 4881 ee·
1267 4819 1381 4877 CAPUT
1401 4819 1459 4876 XL.

113 4911 264 4969 merendam
286 4917 386 4967 aandae
408 4909 547 4967 Trinitatis
571 4910 714 4987 imaginem
730 4907 817 4969 885
836 4911 865 4967 in
884 4919 911 4968 te
964 4909 1361 4989 Deprestptitudlncuut'moe
1387 4910 1423 4966 od
1451 4906 1646 4982 recipiendum
1663 4905 1761 4964 Cirris-

114 4999 173 5073 ipsa
187 5015 305 5076 aquosos
320 5017 326 5058 :
342 4999 528 5070 honoremque
547 4999 731 5056 similitudinis
745 5000 854 5069 divinae,
877 4999 912 5055 sd
1038 5008 1111 5069 tum,
1126 5000 1202 5056 etde
1216 4999 1321 5057 intimo
1336 5014 1446 5056 recessu
1464 4997 1556 5054 diuini
1569 4995 1687 5055 amerb.

114 5105 195 5162 quam
219 5100 310 5148 creata
337 5105 378 5161 es,
408 5089 509 5147 babere
527 5089 605 5147 stude
627 5091 767 5149 nobilitate
795 5105 910 5160 morum,
1001 5095 1047 5149 ιιι.
1073 5089 1146 5147 Felix
1161 5090 1242 5147 bomo
1257 5099 1308 5159 εει,
1323 5088 1366 5146 cui
1384 5097 1483 5162 praesto
1499 5096 1540 5145 est
1553 5102 1615 5143 cum
1634 5085 1762 5153 noluerit,

115 5179 242 5238 exercitio
254 5180 392 5249 virtutum,
406 5178 537 5254 dignitate
549 5179 743 5254 premiorum3
764 5190 794 5238 ut
805 5178 913 5252 quando
965 5181 1067 5238 habere
1081 5179 1168 5237 lilium
1182 5176 1314 5237 Deum.0
1329 5184 1432 5251 quanta
1442 5179 1484 5233 est
1500 5176 1619 5249 dignitas
1631 5172 1763 5241 bominis,

115 5270 254 5343 apparebit
271 5271 358 5344 qualia
372 5271 417 5337 sit.
437 5278 501 5329 tuuc
514 5271 610 5329 similis
625 5272 651 5329 ci
665 5286 797 5346 apparere
812 5268 912 5344 possis.
966 5271 1051 5331 filium
1066 5267 1282 5328 babereDeuml
1299 5275 1327 5326 et
1340 5273 1441 5342 quanta
1463 5275 1505 5324 est
1519 5263 1659 5322 humilitas
1672 5261 1764 5319 Omni·

114 5357 218 5417 sintita
242 5359 315 5417 enim
336 5360 454 5419 similem
472 5361 570 5436 querit
589 5370 640 5422 :et
657 5363 766 5439 qualem
790 5368 914 5435 tepere·
968 5360 1088 5435 potentie
1102 5360 1203 5418 habere
1216 5357 1351 5418 bominem
1367 5353 1484 5429 patrem!
1499 5363 1526 5413 ει
1541 5360 1641 5427 quanta
1655 5359 1698 5411 εει
1711 5364 1765 5413 no·

114 5448 186 5512 ιειιε
211 5448 277 5517 beo.
300 5450 361 5510 talis
384 5466 496 5511 nasone
519 5459 562 5511 est
575 5461 705 5528 apparant
718 5451 766 5512 tibi
784 5451 870 5510 boue.
885 5447 915 5509 st
967 5449 1061 5515 bilitas
1082 5449 1191 5522 anima.
1213 5448 1347 5509 ebrinum
1369 5446 1465 5506 tasum
1493 5443 1593 5502 habere
1616 5437 1764 5516 sponsuml
