3706 5962
165 204 217 284 soa

696 214 874 277 (abiuntum
892 214 1029 277 austris
1045 217 1073 276 S.
1093 214 1291 278 rotundatur

1761 220 1814 278 tot

160 345 370 420 perabundabit,
385 357 481 399 omnes
495 341 682 411 circumdabit,
698 342 823 398 omnibus
837 341 959 397 exomni
974 355 997 433 Α
1012 340 1061 398 sed
1074 343 1142 397 sicut
1163 343 1227 399 boni
1252 341 1280 397 in
1295 341 1339 396 die
1363 340 1536 398 revelationis
1555 340 1665 397 Domini
1679 341 1815 416 glorifica·

160 444 238 508 parte
253 435 313 490 erit.
330 433 402 489 Sicut
418 447 536 502 namque
552 432 639 501 pisces
653 432 735 486 maris
752 431 873 502 undique
886 431 958 486 circa
1012 431 1123 495 buntur,
1138 431 1178 487 sic
1191 431 1243 503 ipsi
1257 432 1284 485 iu
1308 429 1508 486 damnationem
1532 436 1663 486 aternam
1685 433 1814 505 proecipi-

159 542 190 582 se
214 525 317 580 babent
340 537 426 586 mare,
449 521 488 575 sic
512 521 597 576 saneti
621 521 670 576 Dei
692 520 763 574 illam
787 520 958 591 magnificam

159 612 318 668 suavitatem
340 610 432 684 gaudii
455 608 528 664 circa
554 624 584 663 se
608 609 747 664 trabebant
768 608 900 679 namque,
924 607 958 662 de

159 718 212 774 qua
227 702 298 756 bono
319 712 400 756 servo
415 698 522 763 dicitur,
540 699 620 753 lutra
635 701 667 754 iu
690 698 826 770 caudium
845 697 959 753 Domini

160 793 206 847 tui
222 788 410 856 fflottbxav,
426 791 471 852 il,
488 788 545 857 2³).
623 854 627 859 Ι

165 879 168 884 ’
196 883 238 934 rs.
254 878 375 933 Breviter
389 877 472 947 igitur
486 875 635 946 perspectis
654 875 856 946 quatuordecim
872 874 956 947 parti-

158 968 208 1023 bas
231 966 416 1034 beatitudinis,
441 964 498 1021 sive
527 963 738 1028 commoditatis,
764 964 816 1019 erit
842 962 956 1019 forsitan

158 1056 204 1127 qui
218 1062 323 1127 quaerat
337 1054 370 1109 ad
387 1054 450 1125 quaid
475 1061 549 1107 tanta
573 1052 756 1123 pulchritudo,
778 1052 906 1108 velocitas
930 1060 958 1107 et

157 1145 216 1200 aliae
232 1143 368 1200 nonnullae
383 1150 474 1213 partes
488 1142 604 1197 deceant
618 1142 659 1196 vel
674 1141 828 1213 proliciunt,
839 1156 900 1196 conr
915 1156 958 1197 so·

156 1233 293 1290 lummodo
317 1233 397 1287 beate
422 1231 513 1287 vivere
538 1237 565 1285 et
585 1229 629 1284 illa
654 1229 767 1296 trabere,
782 1229 881 1301 quibos
904 1229 956 1286 vita

1013 519 1061 576 tati
1094 520 1356 576 dehonestabuntur.
1374 518 1488 580 Felices¹
1501 531 1528 575 et
1556 519 1643 574 sancti
1671 528 1752 576 erunt
1780 521 1814 576 ad

1011 623 1093 664 omne
1117 610 1189 680 quod
1215 607 1350 664 voluerint
1372 605 1553 665 velocissimi:
1570 606 1695 665 infelices
1709 618 1738 665 et
1751 612 1814 666 mali

1012 703 1093 751 erunt
1116 696 1271 768 pigerrimi:
1287 704 1382 752 contra
1396 695 1542 750 maximam
1565 698 1708 753 beatorum
1732 697 1812 754 toru-

1012 786 1132 841 tudinom
1166 786 1304 842 habebunt
1336 785 1426 842 miseri
1454 785 1600 840 mammam
1630 785 1810 843 debilitatem.

1010 875 1077 930 lusti
1096 875 1250 931 libertatem
1271 874 1354 931 eundi
1377 890 1550 946 quocumque
1574 875 1709 932 voluerint
1723 878 1811 933 habe-

1012 964 1091 1031 bunt:
1116 964 1209 1034 injusti
1232 979 1298 1020 vero
1320 971 1423 1019 aeterna
1446 963 1571 1019 clausura
1591 964 1722 1031 damnati,
1740 983 1811 1021 nus-

1011 1069 1092 1125 quam
1106 1053 1145 1108 ire
1160 1061 1297 1124 poterunt.
1313 1053 1398 1110 Eleeti
1416 1053 1466 1110 Dei
1476 1053 1536 1125 jugi
1560 1054 1676 1111 sanitate
1698 1055 1811 1128 potion-

1012 1151 1071 1196 tur:
1097 1141 1218 1196 damnati
1239 1157 1306 1198 vero
1332 1141 1464 1213 languore
1492 1149 1627 1212 perpetuo
1646 1144 1812 1199 cruciabun-

1011 1240 1064 1286 tur.
1079 1229 1145 1285 Boni
1159 1229 1329 1286 satiabuntur
1343 1231 1482 1302 voluptate
1498 1231 1596 1286 domus
1621 1231 1691 1288 Dei:
1707 1239 1736 1287 et
1750 1233 1813 1287 mali

156 1338 251 1380 carere
265 1338 321 1378 non
336 1329 437 1393 potest,
453 1318 519 1375 satis
533 1317 660 1374 sulficere
675 1326 777 1390 posset.
793 1318 849 1374 Sed
868 1319 956 1374 scien·
1010 1317 1188 1389 replebuntur
1201 1317 1369 1373 amarissimo
1388 1317 1486 1389 poculo
1510 1317 1607 1373 domus
1631 1318 1743 1375 diaboli.
1758 1320 1812 1377 lio-

157 1413 220 1467 dum
235 1411 364 1482 estquod
379 1411 452 1466 Deus
467 1407 595 1480 indigens
613 1408 686 1463 nullo
701 1417 759 1463 est:
777 1417 805 1463 et
827 1408 897 1464 sicut
910 1408 955 1463 ille
1010 1407 1037 1461 ni
1052 1405 1079 1460 ia
1095 1406 1174 1462 bonis
1194 1406 1398 1462 diuturnitatem
1420 1407 1576 1462 habebunt:
1593 1405 1657 1462 mali
1682 1408 1709 1462 iu
1733 1408 1812 1464 malis

155 1499 183 1554 in
199 1499 324 1555 omnibus
349 1505 391 1553 est
412 1496 558 1562 sufficiens,
574 1496 613 1552 sie
629 1495 708 1552 antioi
722 1506 750 1552 et
765 1496 882 1552 ministri
896 1498 955 1566 ejus
1009 1511 1146 1566 nunquam
1176 1494 1229 1552 fine
1256 1495 1399 1551 carebunt.
1423 1494 1505 1552 Probi
1535 1495 1654 1551 maxima
1677 1497 1813 1569 sapientia

155 1588 183 1643 in
197 1588 325 1645 omnibns
340 1595 418 1642 erunt
433 1600 543 1641 omnem
564 1583 755 1640 sufficientiam
770 1584 911 1641 habentes.
927 1583 956 1640 Si
1009 1592 1089 1639 erunt
1101 1583 1208 1655 praediti
1221 1599 1227 1638 :
1242 1583 1359 1655 improbi
1377 1589 1468 1639 autem
1491 1597 1540 1639 sua
1563 1583 1718 1655 insipientia
1740 1601 1812 1642 eon-

155 1678 227 1734 enim
243 1676 363 1747 quisquis
387 1690 481 1730 eorum
496 1675 524 1728 iu
538 1673 658 1745 qualibet
679 1689 708 1728 re
728 1673 842 1728 sentiret
857 1690 887 1730 se
901 1674 954 1729 im·
971 1665 994 1742 fl
1010 1672 1157 1728 suadentur
1179 1680 1209 1728 ut
1233 1672 1334 1729 miseri.
1348 1673 1435 1729 Amici
1456 1673 1506 1728 Dei
1528 1689 1661 1729 summam
1684 1675 1757 1731 inter
1781 1693 1811 1732 se

143 1772 297 1836 potentem
310 1779 381 1831 esse,
400 1777 454 1817 non
479 1768 584 1817 tacitum
608 1761 742 1832 gauderet
764 1763 953 1833 quantumin·
1010 1761 1147 1817 nabebunt
1171 1760 1333 1818 amicitiam:
1358 1760 1460 1817 inimici
1483 1777 1548 1818 vero
1574 1761 1717 1817 maximam
1738 1762 1811 1821 inter

153 1852 218 1918 ciet,
229 1868 289 1907 com
304 1867 334 1906 se
349 1851 481 1906 veraciter
496 1864 553 1903 suae
566 1848 712 1904 voluntatis
722 1850 881 1921 cognoverit
894 1866 955 1907 esse
1008 1867 1038 1905 sc
1053 1848 1228 1907 inimicitiam.
1239 1850 1400 1922 Eruntpaoe
1411 1857 1560 1921 perpetuae
1573 1852 1710 1908 oncordes
1720 1852 1808 1908 beati:

154 1939 380 2009 omnipotentem.
405 1936 532 2001 Proinde,
557 1945 587 1991 ut
614 1936 742 2011 gaudium
770 1945 892 1993 nostrum
921 1940 956 1993 sit
1008 1946 1089 1994 erunt
1112 1939 1204 1996 miseri
1226 1938 1285 2010 iugi
1308 1938 1479 1995 dissensione
1503 1940 1738 1996 discordeslusti
1758 1942 1810 1997 bs·

152 2027 274 2099 plenum,
300 2026 366 2081 nibil
388 2024 476 2080 deerit
506 2024 673 2094 timentibus,
696 2025 751 2080 imo
778 2025 955 2096 diligentibus
1008 2027 1112 2083 bebunt
1126 2028 1232 2100 regiam
1246 2035 1410 2099 potestatam
1426 2027 1725 2100 precipiend:injusti
1741 2046 1810 2102 quo·

153 2116 250 2175 Deum.
1008 2132 1061 2188 que
1094 2117 1227 2172 carebunt
1252 2122 1386 2186 potestate
1415 2131 1476 2171 sese
1506 2131 1645 2188 quoquam
1671 2118 1809 2174 morendi.

1008 2205 1101 2259 Sancti
1116 2205 1167 2262 Dei
1191 2206 1295 2261 bonore
1318 2219 1416 2276 magno
1439 2204 1674 2264 sublimabuntur:
1690 2207 1812 2264 damnati

1008 2308 1074 2350 vero
1099 2294 1181 2350 multo
1215 2292 1351 2350 dedecore
1382 2293 1580 2365 opprimentur.
1609 2294 1704 2352 Securi
1731 2305 1812 2352 eruut

1008 2381 1073 2438 boni
1086 2382 1161 2455 quod
1174 2395 1314 2456 nunquam
1337 2381 1438 2440 bonum
1464 2398 1559 2439 eorum
1579 2383 1697 2454 peribit:
1713 2384 1812 2442 timore

186 2476 231 2529 29.
248 2473 317 2528 Cum
331 2472 423 2544 itaque
437 2479 511 2526 tanta
527 2470 666 2527 beatitudo
682 2471 716 2524 sit
730 2471 827 2527 amicis
844 2471 903 2536 Dei,
919 2473 953 2528 de
1006 2471 1071 2525 mali
1085 2470 1285 2539 cruciabuntur,
1302 2469 1348 2544 qui
1369 2471 1443 2527 omni
1462 2470 1517 2528 tine
1530 2472 1646 2528 carebit.
1663 2473 1764 2530 Maeror
1782 2483 1811 2530 et

149 2562 267 2619 inimicis
290 2559 354 2634 quid
374 2560 450 2618 enti
475 2560 573 2632 Utique
598 2574 651 2614 noo
676 2559 715 2615 sic
738 2559 812 2630 impii
837 2575 890 2616 uon
913 2561 953 2617 sic
1007 2559 1139 2616 desolatio
1163 2560 1204 2615 bis
1227 2560 1273 2632 qui
1297 2561 1443 2617 Dominum
1470 2561 1607 2617 Christum
1635 2570 1808 2635 contempse-

140 2652 237 2723 ·(Psat.
254 2668 273 2714 ι,
289 2654 332 2720 tt3
349 2653 396 2705 scd
412 2658 506 2706 contra
522 2651 573 2703 boc
587 2649 661 2721 quod
679 2650 764 2703 sancti
788 2657 868 2704 erunt
890 2649 952 2721 pul·
1007 2657 1087 2706 runt:
1106 2648 1237 2723 gaudium
1252 2656 1280 2704 et
1293 2647 1438 2705 delectatio
1452 2649 1494 2704 bis
1507 2650 1554 2722 qui
1570 2666 1633 2706 eum
1656 2649 1810 2708 dilexerunt

150 2741 289 2806 uberrimi,
305 2738 471 2794 credendum
492 2745 555 2808 puto
580 2738 649 2807 quod
674 2737 724 2806 ipsi
747 2744 829 2792 crunt
853 2738 952 2810 turpis·
1006 2747 1034 2796 et
1049 2737 1178 2810 diligunt:
1194 2738 1238 2794 cui
1252 2738 1349 2805 bonor,
1364 2737 1450 2809 gloria
1465 2747 1493 2794 et
1509 2737 1651 2810 imperium
1666 2739 1695 2795 in
1709 2739 1810 2797 moola

149 2827 221 2893 simi,
236 2842 288 2883 nee
302 2827 330 2881 in
347 2824 546 2882 resurrectione
560 2822 777 2880 immutabuntur
790 2823 818 2879 in
834 2825 949 2882 melius:
1007 2827 1179 2883 saeculorum.
1195 2830 1292 2883 Amen.

470 2238 579 2293 CAPUT
594 2238 637 2293 1v.

313 2348 431 2404 Summo
445 2347 647 2402 damnatorum
662 2345 790 2403 miseria.

417 3046 730 3139 dlllllONlTlO
764 3049 818 3137 ΙΝ
852 3049 1170 3160 SEQUENTES
1205 3050 1546 3142 toleratos.

188 3218 215 3269 l.
238 3213 270 3272 ot
287 3209 411 3283 Epistola
428 3209 464 3264 od
477 3211 585 3280 fratres
600 3206 633 3266 de
650 3208 740 3266 Monte
755 3209 816 3272 llei,
831 3210 873 3266 sic
890 3214 1035 3267 tractatus
1050 3211 1087 3266 De
1097 3208 1315 3283 contemplando
1326 3212 1390 3277 Deo,
1401 3225 1434 3266 ac
1449 3213 1486 3266 lle
1500 3213 1650 3268 naturaei
1666 3209 1810 3284 diputtote

151 3279 416 3350 oraor·is,liernordo
426 3281 566 3352 suppositi
573 3282 705 3351 suerunt.
714 3282 841 3337 Priorem
851 3284 964 3337 auctori
973 3299 1022 3340 suo
1036 3283 1164 3354 Guiponr',
1173 3281 1343 3353 posteriores
1355 3281 1505 3338 Guiltetmo
1515 3280 1611 3337 otiati
1620 3283 1720 3340 Sancti
1729 3285 1812 3341 l’lreo·

151 3355 240 3413 dorici
249 3369 337 3426 prope
345 3355 452 3418 Remos,
460 3352 700 3426 postcumonoclto
711 3352 888 3423 Siqniacensi
899 3356 1052 3410 restituere
1063 3354 1157 3410 visum
1166 3359 1217 3421 est,
1227 3353 1383 3425 utquebuie
1393 3352 1654 3410 editioniiuserere.
1663 3355 1811 3429 lt'omprae·

152 3431 280 3500 terquam
291 3423 401 3496 quodin
409 3423 549 3496 plerisque
559 3438 592 3477 ac
600 3423 808 3479 raeliorisnotoe
817 3423 957 3481 codicibus
966 3426 1173 3497 manuscriptis
1184 3426 1355 3482 iitroututus
1368 3423 1514 3481 Guitlelmi
1524 3428 1808 3498 nomenproeserunt,

150 3495 387 3570 eosdemipsesibi
403 3494 505 3550 tribuit
514 3493 680 3551 Guillelmus
687 3494 719 3548 in
728 3493 804 3549 breui
813 3494 967 3569 proloquio
979 3496 1147 3561 Tisseriano,
1155 3494 1227 3569 quod
1236 3494 1433 3567 operibussuis
1457 3493 1672 3553 roemittendum
1681 3497 1807 3570 scripsit,

150 3566 446 3690 quodqueprcplatioai
458 3565 590 3637 (luiponis
599 3567 631 3620 iu
645 3564 793 3688 epistotam
807 3583 888 3622 suum
898 3567 974 3648 mate
984 3577 1116 3623 ossutum
1125 3569 1213 3638 [unse
1223 3513 1491 3649 ostendimusdsin
1501 3565 1577 3623 brem
1585 3568 1647 3638 ejus
1658 3568 1725 3623 l's'ioe
1734 3585 1810 3627 com-

148 3639 261 3713 peudao,
272 3653 327 3708 uuo
356 3652 392 3692 eo
401 3635 568 3690 raembrana
583 3634 656 3690 dodo
669 3650 758 3690 sensis
767 3639 937 3694 monosterii
946 3638 1183 3703 inclinandum
1194 3643 1404 3695 tractatuscum
1413 3637 1703 3697 denominaretur·
1715 3640 1809 3696 mndi-

150 3703 1808 3780 cuntur·.llembrouoeuerbabucrefer-runonpipebitssPorroiooeniisuiodstudiimouumeutaooacontemnendo

149 3780 276 3853 reliquit,
286 3774 475 3850 eoauibuseu
485 3774 700 3856 solumuotolro,
713 3792 775 3848 puae
783 3778 847 3833 visu
856 3782 884 3834 et
895 3779 1017 3838 lectione
1027 3780 1151 3851 probaui.
1160 3780 1252 3836 Vitam
1262 3779 1359 3835 suncti
1370 3777 1638 3836 Bernordiscriiere
1647 3797 1807 3854 cupessas,

150 3867 166 3907 o
186 3869 219 3907 us
229 3862 426 3906 consummare
436 3849 616 3918 nonpoturt:
626 3845 730 3902 librum
741 3852 838 3904 tamen
848 3865 949 3914 uuum,
960 3854 990 3906 et
999 3853 1092 3934 ipsum
1100 3851 1237 3923 primum,
1249 3853 1278 3906 et
1287 3865 1346 3905 non
1355 3849 1473 3906 modiaoe
1481 3851 1666 3923 quantitatis,
1677 3850 1807 3911 obsolvit.

172 3927 257 3980 antra
266 3919 563 3990 moqistrumPetrum
573 3916 810 3992 :tboelordumqui
820 3920 948 3992 quaedam
954 3919 1213 3991 fidernonoonsona
1222 3922 1280 3976 suis
1290 3920 1597 3993 operibusinseruerot,
1606 3921 1807 3981 librumunum

150 3990 240 4050 edidit
251 3990 357 4062 etoqmo
367 3993 527 4046 venusinus.
533 3987 588 4056 fide
598 3987 779 4054 crrtlioticum,
792 3990 905 4048 ratione
913 4007 1072 4049 nervosum.
1080 3994 1158 4051 Fecit
1170 4008 1275 4066 quoque
1285 3991 1478 4058 duostibettos,
1488 4008 1608 4067 quorum
1616 4009 1707 4050 unum
1717 3997 1809 4067 AEaip

149 4057 1807 4139 ruapalei,alterumSpeculumfideinominauittinquibusbrcoiteretoperteouidsitcredendumosteadit.Super

153 4133 270 4191 Cantica
281 4133 459 4187 cantieorum
469 4128 606 4185 moralem
621 4130 828 4200 expositionem
842 4135 1016 4205 composuit:
1030 4137 1113 4206 cujus
1128 4135 1221 4205 operis
1231 4134 1364 4191 merainit
1377 4137 1408 4191 in
1424 4135 1589 4193 Vitosuneti
1598 4136 1746 4193 Bnnurdi.
1755 4140 1804 4194 Est

150 4206 226 4269 otius
235 4201 361 4272 eiusdem
371 4200 487 4257 litterile
498 4205 642 4256 naturaei
653 4201 1165 4284 niquitateamonsauensecundum
1173 4205 1261 4277 ipsius
1271 4205 1422 4262 rosteriam
1428 4206 1806 4280 Anti-Nasonempossumus

151 4271 1026 4349 appellarelneoenimueruminstruitphilosophumquitus
1053 4277 1167 4334 rudibus
1177 4278 1300 4333 etmodis
1309 4277 1399 4348 possit
1409 4281 1437 4333 et
1450 4275 1548 4334 dalem
1559 4277 1807 4337 inlicidiieetione

150 4347 284 4420 proficere
286 4385 340 4401 .....
350 4346 385 4399 De
393 4343 559 4425 plaustumid
567 4347 608 4400 est
618 4348 726 4426 nutura
735 4347 860 4416 corporis
870 4351 899 4401 et
909 4350 1023 4413 animo,
1033 4295 1141 4403 grauem
1150 4348 1383 4420 compilationem
1391 4347 1583 4419 formauittut
1593 4351 1698 4421 quiusa
1713 4353 1808 4423 ipsum

150 4432 314 4490 copnoscere
338 4421 437 4472 ructus
447 4419 487 4471 est
498 4414 625 4496 ducendi
638 4414 814 4487 precipuus,
823 4416 994 4499 juatailtud
1004 4420 1075 4492 quod
1090 4420 1124 4475 dc
1142 4420 1208 4476 orato
1224 4418 1379 4484 descendit,
1391 4424 1467 4472 riuti
1480 4420 1591 4490 mauris,
1605 4420 1751 4492 simplices
1768 4422 1808 4477 le·

151 4494 244 4549 ctores
254 4488 290 4545 ad
328 4491 425 4560 iquom
434 4488 478 4543 oet
488 4486 683 4542 inchoatarum
692 4489 740 4543 sai
748 4490 938 4559 capnitionem
949 4491 1114 4548 instrueret.
1128 4493 1175 4548 Est
1188 4494 1215 4546 et
1225 4488 1338 4545 libellus
1352 4489 1498 4562 ipsiuscui
1508 4491 1610 4548 titulus
1620 4496 1675 4560 est,
1685 4493 1723 4547 De
1738 4508 1806 4549 con·

152 4560 313 4633 temptando
322 4558 425 4625 Deo-in
435 4572 487 4630 quo
496 4559 557 4612 sine
567 4555 650 4612 dubio
657 4572 710 4629 pro
730 4557 995 4628 teroedifioationern
1005 4560 1256 4633 leporariumdesuu
1266 4561 1393 4634 loquitur
1403 4560 1642 4635 contemplatione
1650 4561 1806 4621 inuentis:

155 4652 167 4681 a
191 4636 223 4686 b't
233 4645 451 4702 nonnunquam,
463 4629 591 4692 Domine,
603 4629 683 4700 quart
692 4573 795 4684 effossis
805 4631 896 4686 oculis
905 4630 942 4686 od
953 4637 979 4687 te
996 4631 1207 4693 bianti.·mittis
1219 4632 1294 4688 mibi
1305 4635 1337 4688 in
1346 4648 1375 4688 os
1390 4632 1492 4699 cordis,
1503 4631 1640 4707 quodnon
1649 4633 1717 4690 licet
1731 4633 1807 4689 milti

152 4701 225 4757 scire
235 4700 304 4773 quiid
313 4700 502 4781 sit.Snporem
510 4700 612 4771 quippe
620 4700 713 4755 sentio
724 4698 834 4757 dulcem
842 4703 909 4758 odeo
917 4704 1176 4773 confortantemot
1186 4704 1212 4760 si
1221 4704 1407 4774 perficeretur
1418 4705 1450 4758 in
1460 4719 1515 4769 nse,
1525 4704 1600 4760 uiuit
1610 4705 1688 4760 ultra
1697 4721 1806 4779 quoere-

153 4787 224 4829 rem.
238 4790 249 4823 r
264 4772 424 4841 Composuit
433 4774 461 4824 et
473 4774 631 4825 tractatum
648 4787 704 4825 non
717 4776 937 4845 paruum,cujus
952 4778 993 4829 est
1007 4775 1192 4847 epiprammm
1206 4773 1375 4831 lleditutiooe
1388 4775 1546 4834 orationes:
1558 4774 1591 4830 iu
1604 4791 1659 4847 quo
1673 4793 1731 4832 noa
1746 4793 1805 4832 unu

152 4838 1049 4916 utiturrnotcriu,seddioersodisseritcapituta;etinplerisoue
1059 4845 1805 4920 Derimaltoouens,propriammuttt'formemdiscutit

152 4912 404 4971 conscientiarum
414 4909 464 4967 boc
474 4926 555 4984 opere
564 4918 683 4983 apparet
693 4916 834 4986 precipue
842 4915 901 4969 viri
912 4915 995 4972 istius
1005 4915 1037 4971 in
1046 4917 1195 4971 Deumnon
1202 4915 1341 4983 arnor·,sed
1351 4919 1483 4973 ardealit
1493 4922 1639 4983 renormat
1648 4932 1723 4986 reor,
1730 4922 1806 4992 puis·

152 4990 215 5060 puis
225 4986 275 5040 troc
286 4984 332 5056 pie
343 4988 370 5037 et
380 4981 473 5039 sobrie
483 4985 562 5052 tepet,
570 4984 782 5054 quantumlibet
795 4984 944 5057 relipiosus
954 4989 983 5040 et
992 4987 1139 5054 sciolus,in
1150 4989 1252 5044 timore
1263 4999 1359 5045 tomen
1369 4987 1528 5053 donuinam
1537 4988 1584 5044 sui
1596 4988 1700 5061 mojori
1708 4993 1806 5062 coani-

154 5062 231 5116 tione
241 5061 268 5114 ct
277 5053 383 5112 uriuori
393 5053 583 5110 (estimatione
591 5054 796 5125 proprietam
805 5055 902 5112 dubito
910 5058 978 5129 quin
988 5057 1386 5130 otiacuderitopusculo:ssd
1394 5059 1569 5131 praeteritae
1577 5060 1805 5117 hactenusnuita

171 5130 234 5187 otui
247 5145 278 5184 re
298 5128 382 5184 crire.
402 5145 414 5174 r
1185 5176 1188 5180 Α

150 5145 170 5202 ρ
189 5202 216 5257 2.
230 5142 544 5255 nacieausuemlranu
555 5193 772 5255 lludotiensis.in
782 5199 866 5268 cuius
872 5197 1019 5271 principio
1031 5200 1199 5258 Gnitlelmus
1208 5200 1283 5272 opud
1292 5200 1426 5258 hodium
1438 5200 1515 5257 eluro
1523 5216 1624 5272 periere
1633 5205 1730 5271 natm,
1737 5204 1803 5274 sra-

154 5274 227 5326 trcm
238 5270 365 5325 babuisse
372 5266 540 5340 perbihetur
550 5267 693 5325 Simonem
704 5284 787 5323 :cum
798 5283 850 5341 quo
859 5270 956 5325 Remos
963 5273 1120 5352 profectus,
1130 5272 1163 5327 in
1174 5273 1287 5328 abbatia
1299 5274 1400 5330 Sancti
1410 5273 1527 5339 Nicasit,
1539 5273 1571 5327 in
1582 5289 1637 5347 quo
1648 5271 1716 5330 odor
1724 5274 1804 5330 tonoe

153 5339 297 5412 opinionis
308 5345 376 5396 tuno
388 5343 557 5403 erot,socroe
567 5339 713 5410 relipionis
723 5337 852 5394 liuditum
863 5345 1133 5411 sumpsitProcessu
1144 5348 1278 5416 temporis
1288 5344 1387 5403 Simon
1396 5347 1542 5415 [natusest
1553 5344 1635 5400 atrias
1647 5345 1747 5403 Sancti
1758 5346 1805 5401 lli·

92 5410 97 5425 '
152 5409 493 5470 colaidelioscoabicum
502 5410 641 5480 tratribus
650 5408 699 5465 diu
708 5415 738 5466 et
746 5411 1151 5486 relipiosepraesutsret‚plenus
1160 5415 1271 5472 dierum
1281 5419 1311 5472 et
1320 5419 1426 5472 uirtute
1435 5418 1649 5472 consummatus
1658 5415 1802 5486 beotofine

136 5481 267 5558 ''quieuit
278 5484 312 5537 At
323 5497 386 5538 uero
395 5479 515 5535 docrinas
531 5479 685 5537 Wiltclmus
694 5484 727 5535 in
735 5480 864 5539 abbatem
878 5483 978 5540 Sancti
990 5485 1160 5552 iiteoderici,
1171 5486 1219 5557 oui
1228 5486 1305 5542 mous
1315 5483 1381 5542 urii
1392 5484 1521 5544 nemersi
1535 5486 1682 5549 imminet.
1693 5503 1803 5545 auom·
