3706 5962
112 170 148 234 15
763 167 958 230 Glldtssssllli'll
974 166 1111 230 tnsssrts
1726 173 1759 234 ts

111 297 191 354 oculo
218 291 448 365 concupiscentia
472 286 659 349 sollicitantem
681 291 796 367 ingessit
819 301 945 386 mate-¹
999 292 1067 351 aa.
1083 296 1137 350 Pcr
1150 297 1257 361 noctes,
1274 291 1373 364 inquit.
1386 290 1478 348 llultae
1496 301 1561 350 sunt
1577 300 1673 352 noctes
1687 297 1756 368 ejus,

111 385 189 442 nam.
205 382 263 438 lleu
279 380 337 436 mel
355 381 492 453 quomodo
505 397 549 436 me
563 379 754 452 circumfulget
768 380 825 436 dies
843 380 905 448 ista,

111 470 247 547 quomodo
261 469 390 525 affectum
405 486 496 525 meum
512 470 546 524 ad
561 485 592 525 se
607 468 739 539 abripuit!
757 485 838 541 quam
852 469 908 526 ola·

109 575 141 616 ro
158 565 303 616 versantur
320 557 349 612 in
363 558 465 615 lumine
489 565 551 613 ante
570 559 670 614 mentis
684 557 788 624 oculos,
803 565 830 614 et
845 558 907 630 qui-

110 646 174 702 dem
192 645 258 700 satis
281 645 435 716 importuno
457 644 592 717 impacata
615 645 695 700 simul
713 654 741 700 et
755 643 905 717 impudica!

109 733 248 807 Nusquam
263 733 322 791 iere
340 734 502 800 declinandi,
518 749 651 806 nusquam
666 733 844 790 delitescendi
858 749 908 790 co-

110 823 170 894 pia3
183 822 265 879 nnttae
278 822 343 878 satis
356 830 421 878 tutae
436 831 498 877 sunt
513 822 635 878 latebrae.
647 823 686 878 lta
699 824 801 895 ubique
815 839 906 878 erum·

109 919 179 985 punt
191 919 219 969 et
232 919 377 987 emergunt
390 911 418 967 in
431 911 581 986 cogitatum
596 921 693 970 cuncta
708 928 769 984 quae
783 911 907 983 spiritum

109 1001 153 1058 vel
167 1001 278 1058 turbent
292 1000 335 1057 vel
349 1001 507 1073 deturpent,
523 1000 580 1057 sive
596 1001 741 1073 diligenter
755 1007 904 1066 attrectata,

109 1088 168 1148 site
191 1097 261 1145 tacta
283 1088 389 1147 leviter.
406 1087 480 1146 Licet
504 1089 577 1146 enim
606 1090 714 1146 animus
731 1087 906 1161 castigatiore

109 1177 223 1250 repellat
236 1178 281 1235 illa
303 1177 452 1250 proposito,
469 1178 528 1234 solo
543 1177 813 1235 tamen·irmentium
827 1177 905 1250 cogi·

108 1268 241 1323 tationum
255 1267 411 1323 sordidatur
422 1274 534 1323 attactu.
551 1266 602 1336 Qui
615 1266 735 1342 tetigerit
749 1266 848 1338 picem,
864 1264 906 1320 in·

110 1355 265 1429 quinabitur
287 1356 322 1412 ab
345 1356 393 1411 illa
417 1356 515 1426 (Eccli.
536 1371 595 1425 rur,
612 1358 649 1426 l).
666 1355 789 1427 Denique
809 1370 906 1411 secun-

109 1442 175 1499 dum
198 1443 269 1518 legis
288 1444 356 1500 scita
384 1443 562 1515 quarumdam
590 1459 684 1499 rerum
711 1443 801 1500 tenuis
824 1442 906 1498 etiam

109 1530 234 1604 inquinat
257 1538 372 1587 attactus
395 1531 495 1603 (Lavit.
518 1530 630 1603 ιιι-ιιι).
652 1530 714 1587 Νιι
738 1531 907 1603 imputantur

960 398 1013 438 nec
1028 390 1068 438 est
1083 396 1136 437 una
1160 399 1215 437 nox
1239 380 1277 437 illi
1289 381 1364 453 iugis
1386 389 1412 436 et
1431 382 1569 438 ιιιῑίιιι.
1582 382 1685 440 Noctes
1698 386 1758 454 ejus

960 470 1120 542 frequenter
1132 469 1332 541 interpolantur
1345 469 1492 540 prasentia
1507 470 1612 542 sponsi.
1624 470 1694 528 Cum
1709 473 1758 529 ad·

960 568 1012 630 est,
1027 560 1073 615 lux
1094 570 1156 616 est:
1173 575 1235 615 oum
1260 559 1346 628 abest,
1363 574 1416 613 nox
1439 567 1492 616 est.
1508 559 1575 615 ldeo
1588 560 1681 617 multae
1695 570 1759 618 sunt

960 655 1054 702 noctes
1067 661 1191 718 sponsae3
1204 646 1267 719 quia
1281 645 1358 702 multi
1371 655 1436 702 suut
1449 647 1559 718 elapsus
1573 649 1676 719 sponsi,
1689 650 1759 706 mul·

960 735 1233 791 taratarantium
1253 733 1343 805 plane,
1360 750 1421 806 quar
1444 733 1543 790 dilecto
1565 736 1687 792 adbaeret
1703 745 1759 793 tota

960 824 1016 893 die,
1032 831 1060 879 et
1082 823 1179 895 quaerit
1194 823 1269 877 illum
1294 823 1357 878 totis
1378 822 1513 878 noctibus.
1532 825 1684 882 Provocent
1697 834 1757 882 stu·

960 911 1036 966 dium
1061 918 1136 967 tuum
1160 908 1206 984 qui
1230 910 1308 966 audis
1332 910 1391 981 ista,
1408 918 1435 965 ct
1462 909 1610 967 instructus
1632 915 1758 985 exemplo

958 1015 1077 1072 sponsae,
1089 1002 1228 1072 Consorgc
1239 1007 1266 1055 et
1276 1006 1304 1054 tu
1315 997 1482 1067 innectam
1488 999 1637 1072 principio
1646 1001 1758 1074 vigilia·

958 1105 1025 1145 mam
1040 1093 1168 1156 tuarum,
1184 1092 1212 1147 ct
1231 1088 1347 1160 assanda
1361 1103 1409 1144 cor
1423 1093 1504 1144 tuom
1523 1086 1639 1160 (Taren.
1654 1104 1685 1157 u,
1700 1091 1755 1162 l9),

958 1185 989 1233 ut
1002 1176 1123 1250 liquefiat
1136 1186 1162 1234 et
1180 1183 1281 1242 currat,
1298 1183 1326 1232 et
1343 1175 1471 1232 decurrat
1492 1175 1621 1249 usquein
1636 1193 1756 1250 eonspe-

959 1272 1033 1322 ctum
1048 1265 1098 1322 Dei
1111 1267 1159 1322 tui.
1176 1265 1216 1321 llli
1239 1265 1295 1320 liba
1316 1262 1450 1336 principia
1463 1263 1616 1339 vigiliarum
1630 1273 1753 1334 tuarum;

959 1352 1026 1408 nibil
1048 1354 1075 1409 in
1099 1360 1125 1409 te
1149 1353 1300 1428 peregrina
1323 1367 1396 1409 cura
1419 1351 1579 1424 decerpant.
1593 1352 1691 1424 Quaerc
1704 1370 1756 1425 per

959 1440 1081 1514 singulas
1103 1449 1196 1498 noctes
1216 1441 1346 1499 dilectum
1360 1446 1446 1499 tuum.
1461 1440 1533 1510 Quid
1550 1441 1620 1510 dico,
1636 1459 1687 1515 per
1700 1443 1756 1498 sin·

958 1530 1055 1600 gulas?
1068 1528 1150 1585 Totas
1164 1537 1260 1586 noctes
1284 1536 1344 1584 luas
1357 1529 1385 1584 iu
1404 1528 1456 1585 hoc
1477 1543 1547 1601 opus
1560 1529 1698 1588 continua.
1712 1532 1755 1588 Nc

109 1635 170 1676 cum
186 1619 319 1676 violenter
332 1618 522 1689 importantur,
539 1619 645 1691 culpam
660 1635 715 1676 non
728 1620 849 1676 inierunt
863 1628 904 1676 ta·
958 1632 1052 1674 cesses
1066 1626 1093 1674 et
1106 1633 1142 1674 ne
1156 1618 1291 1691 quiescas,
1307 1618 1397 1674 donee
1415 1617 1570 1689 egrediatur
1583 1626 1614 1674 nt
1626 1619 1756 1691 splendor

109 1707 151 1765 les
169 1708 319 1780 cogitatus;
335 1706 454 1779 aliquam
473 1713 565 1761 tamen
583 1707 708 1777 injuriam
727 1707 851 1780 irrogant
864 1707 904 1764 ai·
920 1692 942 1771 Β
957 1705 1072 1762 dilectus
1096 1714 1167 1776 tuus,
1183 1715 1210 1762 et
1233 1714 1262 1763 ut
1286 1706 1391 1779 lampas
1415 1708 1579 1762 accendatur
1602 1707 1660 1763 tibi.
1680 1709 1754 1765 Tunc

109 1795 216 1852 iectatae
234 1793 384 1851 munditiae.
401 1793 482 1865 Quid,
499 1810 560 1852 cum
581 1811 611 1852 se
630 1794 824 1867 contemplanti
843 1797 904 1852 ani·
957 1794 1060 1865 poteris
1071 1794 1136 1850 illud
1146 1795 1221 1850 Pauli
1232 1795 1323 1851 dicere
1336 1793 1345 1849 ε’
1356 1796 1418 1852 Noa
1426 1795 1580 1868 praecessit,
1592 1796 1754 1854 dicsoatem

108 1898 154 1939 mo
172 1897 311 1954 corporea
334 1881 480 1939 offundunt
500 1883 654 1956 imagines?
668 1885 748 1940 Forte
769 1886 905 1942 carnalem
958 1884 1207 1957 appropinquavit.
1227 1884 1295 1940 Nam
1323 1883 1397 1957 quod
1424 1886 1556 1958 seqnitur,
1577 1885 1752 1956 abjiciamus

108 1971 258 2042 appetitum
285 1987 339 2027 non
369 1979 526 2042 provocant,
544 1972 594 2028 sed
622 1979 713 2029 tamen
737 1973 905 2045 spiritualem
958 1989 1042 2045 opera
1059 1972 1241 2032 tenebrarum
1261 1975 1350 2044 (Rom.
1364 1988 1425 2040 ruit,
1443 1973 1498 2046 tn),
1516 1976 1577 2030 buic
1591 1988 1645 2029 non
1665 1981 1755 2047 potest

108 2060 216 2115 tardant
240 2057 375 2115 intuitum.
390 2059 450 2115 Alia
472 2060 590 2126 turbant,
607 2059 659 2117 alia
682 2063 837 2134 deturpant,
852 2062 906 2118 alia
958 2061 1032 2118 nocti
1046 2062 1180 2133 adaptari.
1191 2061 1282 2118 Nescit
1298 2063 1371 2118 enirn
1385 2063 1444 2120 haec
1458 2078 1513 2119 nox
1526 2077 1610 2135 opera
1625 2064 1755 2119 tenebra·

108 2146 230 2201 tardant:
247 2148 299 2202 boc
318 2154 369 2215 est,
386 2146 516 2215 lacerant,
534 2148 664 2220 alliciunt,
679 2149 805 2205 illudunt.
825 2152 905 2207 Non·
958 2165 1029 2216 rum,
1047 2150 1095 2206 sed
1114 2151 1200 2223 magis
1218 2150 1306 2207 lucem
1327 2150 1463 2207 ministrat
1483 2151 1516 2207 iis
1533 2152 1579 2224 qui
1594 2159 1756 2223 permanent

107 2250 142 2290 ne
158 2236 256 2292 melius
272 2234 379 2309 [supple
393 2235 475 2310 esset]
490 2238 644 2307 hujusmodi
658 2239 750 2294 omnia
763 2240 904 2297 obscurari
957 2237 986 2293 in
999 2253 1088 2309 agone
1103 2239 1221 2311 quodam
1240 2239 1380 2310 quaerendi
1403 2239 1541 2296 dilectum.
1555 2241 1630 2297 Bona
1644 2239 1754 2311 quidem

106 2339 187 2396 quam
215 2324 354 2392 illustrari,
375 2341 446 2381 caeca
475 2325 621 2383 oblivionis
647 2327 748 2386 involvi
775 2327 901 2400 caligine,
957 2341 1022 2395 nox,
1043 2328 1151 2399 quando
1165 2329 1341 2384 absconderis
1359 2345 1375 2383 a
1393 2329 1597 2385 conturbatione
1612 2335 1640 2383 et
1653 2328 1689 2384 ab
1706 2327 1753 2382 in-

105 2429 188 2486 quam
202 2412 363 2470 memoriter
376 2414 532 2470 recenseri?
958 2415 1086 2472 cursione
1109 2416 1345 2489 imaginationum.
1360 2418 1395 2473 Et
1418 2417 1538 2489 quamvis
1558 2414 1679 2471 nondum
1702 2416 1752 2469 ab·

75 2572 85 2580 ,
139 2505 166 2558 a.
181 2502 256 2557 Bona
275 2515 343 2574 ergo
363 2517 426 2568 nor,
443 2518 504 2572 quae
521 2502 649 2573 prudenti
668 2503 806 2559 oblivione
820 2503 901 2559 dissi·
957 2504 1099 2558 sconderis
1113 2503 1140 2557 in
1155 2504 1316 2560 abscondito
1330 2504 1411 2559 faciei
1424 2504 1516 2558 dilecti
1529 2502 1578 2570 tui,
1592 2503 1695 2556 bonum
1709 2509 1753 2554 ta·

104 2587 189 2642 mulat
207 2587 298 2642 omnia
320 2587 490 2657 temporalia,
508 2587 543 2642 ad
565 2588 640 2643 illum
660 2588 706 2660 qui
727 2599 846 2645 aeternus
861 2597 902 2645 est
955 2605 1020 2644 men
1033 2600 1074 2645 est
1088 2599 1117 2644 ut
1127 2590 1309 2646 abscondatur
1318 2589 1367 2644 tibi
1383 2589 1466 2644 iacias
1476 2597 1503 2643 et
1517 2604 1618 2659 pompa
1633 2588 1753 2643 inanium

106 2673 284 2746 quarendum
295 2682 403 2744 tempus
417 2673 577 2745 expediens,
589 2684 617 2730 et
627 2675 765 2747 explicans
779 2677 901 2733 occasio·
956 2684 984 2733 et
1007 2677 1156 2735 carnalium
1177 2677 1381 2748 cogitationum.
1395 2676 1456 2731 Nox
1475 2684 1517 2731 est
1539 2683 1568 2730 ut
1596 2676 1670 2731 illam
1697 2692 1752 2732 uon

5 2816 8 2827 ,
102 2781 153 2823 ιιι
170 2781 177 2820 :
193 2781 254 2838 quae
264 2766 357 2821 mundi
368 2766 617 2838 concupiscentiam
632 2768 784 2837 abscondit,
795 2786 900 2843 curam,
955 2766 1091 2834 attendas,
1107 2779 1162 2820 non
1185 2765 1292 2830 videas;
1307 2763 1355 2819 sed
1374 2771 1465 2818 tamen
1487 2763 1514 2818 in
1534 2765 1585 2820 hac
1603 2773 1684 2820 nocte
1698 2780 1751 2820 non

102 2855 264 2929 cogitatum.
281 2857 337 2912 Hoc
351 2864 394 2911 est
406 2856 479 2912 enim
494 2857 624 2912 mundum
638 2858 740 2915 babere
753 2861 900 2916 abscondi·
954 2854 1142 2925 exstinguetur
1157 2851 1269 2908 lucerna
1286 2859 1341 2917 1¹18,
1357 2863 1387 2907 ut
1400 2851 1529 2907 dllesslulss
1545 2868 1661 2923 quatias·

101 2951 168 3010 tum,
184 2943 228 3002 vel
250 2943 353 3000 mundo
377 2944 517 3001 abscondi.
534 2944 578 3000 Sic
600 2944 681 3002 etiam
699 2948 831 3005 abscondi
846 2966 899 3020 po·
988 2944 1016 2998 7.
1032 2941 1140 2997 Utinam
1162 2956 1215 3012 ego
1237 2939 1306 2995 tales
1328 2939 1393 2995 mihi
1416 2940 1517 3012 possim
1542 2949 1636 2996 noctes
1655 2956 1751 2996 nume·

101 3031 215 3089 terimus
229 3032 257 3088 in
272 3033 433 3091 abscondito
447 3033 526 3092 faciei
539 3040 602 3103 tuae,
613 3035 729 3092 Domine
746 3051 752 3093 :
769 3054 822 3094 non
836 3038 898 3094 dico
954 3045 1025 3095 rare,
1047 3035 1101 3084 ‘³¹¹¹
1125 3029 1286 3095 Ῑᾶῑθῦΐθθᾶὃ,
1309 3035 1337 3084 et
1364 3036 1418 3083 [Um
1446 3028 1607 3085 lumissffiflsl
1628 3030 1664 3084 El
1691 3030 1752 3101 (tuit

101 3121 182 3192 plena
201 3121 323 3194 notione,
339 3122 389 3179 sed
408 3129 500 3179 tamen
523 3130 578 3178 tots
598 3122 753 3193 devotione,
770 3133 798 3182 et
811 3126 899 3182 libem
915 3077 936 3155 c
952 3125 1074 3174 nostrum
1089 3117 1250 3190 gloriabitur
1270 3133 1367 3174 omnes
1390 3134 1420 3174 se
1439 3118 1507 3174 tales
1521 3126 1616 3174 noctes
1631 3118 1750 3174 babere?

99 3209 319 3284 investigatione,
332 3218 359 3267 et
370 3211 506 3284 aliquanta
515 3212 681 3269 inventione.
695 3215 770 3270 lianc
783 3216 899 3272 abscon·
951 3205 1079 3279 Quisquiss
1098 3216 1150 3274 0⁸²2
1166 3206 1231 3264 felix
1253 3215 1304 3273 0⁵².
1320 3207 1364 3263 cui
1385 3223 1482 3265 omnes
1505 3216 1598 3263 1100108
1622 3206 1650 3260 in
1671 3223 1750 3262 usum

98 3300 214 3367 sionem,
233 3301 284 3357 boc
299 3308 444 3368 secretum,
460 3303 510 3357 has
528 3302 659 3371 latebras,
675 3303 772 3376 quibus
786 3305 898 3360 munda·
951 3297 1032 3352 talem
1046 3295 1205 3362 decurrunt,
1221 3295 1267 3368 qui
1281 3295 1309 3350 in
1323 3297 1428 3352 occulto
1442 3312 1491 3352 suo
1505 3295 1573 3351 nibil
1586 3295 1642 3368 agit
1656 3296 1749 3351 occul·

97 3388 125 3443 ni
141 3389 194 3445 diei
209 3390 377 3446 declinamus
395 3390 436 3447 vel
458 3407 580 3447 amorem
603 3393 648 3449 vel
663 3391 895 3465 imaginationem,

97 3477 196 3550 quibus
219 3479 369 3534 humanum
397 3477 472 3534 diem
500 3488 546 3536 aut
571 3482 690 3536 ablatum
717 3497 772 3537 non
794 3481 897 3553 repeti·

96 3582 158 3621 mus
174 3575 220 3621 aut
242 3566 362 3622 oblatum
382 3568 547 3639 respuimus,
564 3570 651 3626 noctis
670 3570 781 3627 nomine
801 3568 897 3643 appel·

96 3652 147 3708 lari
161 3667 261 3709 nunoa
279 3669 380 3724 sponsa
394 3655 569 3711 crediderim.
585 3657 711 3729 Denique
725 3658 754 3713 in
772 3659 897 3731 superio-

96 3741 173 3797 ribus
187 3740 273 3800 dicit:
292 3742 347 3800 sab
371 3745 470 3801 ambra
491 3746 553 3817 ejas
571 3760 652 3817 qoem
674 3745 898 3806 desideraveram

96 3831 166 3900 sedi,
179 3835 209 3888 et
217 3833 335 3902 fractas
349 3833 409 3904 ejas
422 3833 513 3889 dulcis
526 3836 640 3906 gutturi
655 3852 717 3893 meo
729 3835 851 3906 (Contio.
866 3853 896 3905 u,

952 3385 1055 3441 tatione
1076 3385 1199 3457 dignum.
1216 3385 1408 3458 Unusquisque
1427 3401 1503 3440 suam
1522 3385 1666 3441 conveniat
1681 3399 1749 3440 con·

951 3473 1103 3530 scientiam.
1120 3473 1188 3542 Quid
1212 3473 1286 3529 enim
1306 3473 1370 3528 mihi
1388 3473 1502 3528 aliorum
1524 3479 1666 3543 percutere
1681 3489 1749 3527 con·

952 3563 1094 3620 scientiam
1129 3561 1283 3618 infirmam?
1310 3563 1370 3618 Non
1401 3563 1523 3634 percutio
1555 3577 1607 3617 nec
1634 3560 1749 3617 discutio

952 3651 1064 3725 quidem
1089 3669 1096 3706 ι
1122 3650 1172 3706 etsi
1196 3649 1306 3704 infirma
1330 3658 1381 3717 est,
1406 3649 1479 3706 ioeda
1504 3649 1601 3705 saltem
1625 3664 1679 3705 non
1704 3648 1749 3704 sit.

952 3740 1013 3795 Non
1041 3744 1105 3811 agat
1132 3737 1159 3792 in
1193 3738 1310 3808 occulto,
1334 3753 1387 3795 uec
1412 3738 1517 3810 cogitet
1546 3737 1655 3811 quidem
1688 3751 1750 3808 quae

952 3835 1031 3898 turpe
1056 3833 1098 3882 est
1120 3835 1148 3883 et
1170 3827 1271 3883 dicere.
1289 3828 1331 3883 nd
1355 3827 1436 3884 talem
1458 3836 1572 3883 stratum
1596 3829 1675 3883 lesus
1697 3826 1747 3882 de·

96 3919 134 3991 ³).
147 3919 262 3974 Fructus
273 3919 324 3977 iste
335 3920 454 3978 suaviter
468 3921 565 3993 pascit,
577 3921 600 3976 si
610 3929 701 3978 tamen
717 3924 792 3995 prius
802 3926 899 3980 umbra
951 3916 1053 3974 clinare
1069 3931 1124 3972 110ss
1146 3915 1229 3973 11⁰Vi1·
1245 3915 1367 3972 offendit
1390 3917 1475 3987 illum,
1492 3926 1520 3973 θῑ
1538 3917 1614 3990 fugai
1637 3914 1749 3972 ⁰⁰¹¹s¹¹⁸³

97 4007 258 4081 protexerit.
282 4008 356 4064 Bona
383 4009 488 4075 umbra,
518 4024 579 4080 quae
607 4010 697 4067 carnis
726 4012 898 4083 prudentiam
951 4004 1129 4061 conscientia.
1147 4005 1275 4061 conlusio
1290 4007 1462 4063 conscientiae
1480 4022 1536 4064 non
1553 4005 1648 4062 invitat
1661 4002 1746 4067 illum,

97 4092 234 4157 obscurat,
252 4091 500 4164 concupiscentiam
520 4093 823 4170 refrigerat'lntelligis
837 4114 897 4170 quae
951 4093 1001 4149 sed
1015 4093 1103 4166 magis
1126 4093 1218 4152 evitat.
1234 4094 1358 4151 Charitas
1380 4101 1470 4151 sutem
1489 4095 1524 4151 de
1541 4093 1624 4149 corde
1637 4108 1705 4164 puro
1721 4099 1750 4147 et

97 4179 132 4235 sit
150 4179 265 4234 umbrat
279 4179 344 4234 lnde
363 4179 412 4234 tibi
435 4179 554 4253 refulget
576 4183 696 4249 occasio,
712 4184 848 4256 quomodo
870 4193 898 4240 et
951 4183 1117 4238 conscientia
1131 4183 1204 4239 bona
1219 4185 1245 4254 (l
1261 4184 1330 4239 Tim.
1346 4199 1366 4251 ι,
1383 4186 1421 4254 ti),
1437 4184 1496 4255 ipsa
1510 4190 1550 4239 est
1564 4199 1625 4254 quae
1640 4180 1748 4254 quaerit.

96 4268 141 4325 bic
156 4275 263 4324 noctem
278 4267 429 4342 intelligas3
441 4268 493 4323 nisi
506 4269 579 4341 quod
595 4272 720 4342 quaedam
734 4271 897 4330 occultiores
953 4272 998 4328 Sic
1012 4271 1085 4327 enim
1101 4272 1185 4326 trabes
1202 4289 1209 4327 :
1228 4271 1349 4341 Ωιιιίιὶ
1360 4290 1442 4345 qoem
1453 4270 1551 4345 diligit
1561 4272 1661 4327 anima
1674 4287 1747 4327 mco.

96 4356 212 4414 latebra
225 4365 252 4413 et
266 4357 354 4428 magis
368 4356 477 4424 abditae,
494 4365 523 4413 et
535 4360 746 4416 accommodata
760 4361 849 4433 magis
861 4361 897 4417 ad
950 4358 1023 4414 Nihil
1040 4360 1114 4414 bona
1132 4359 1216 4414 tutius
1234 4360 1407 4417 couscientia.
1423 4362 1497 4416 lions
1514 4357 1681 4416 conscientia
1695 4373 1748 4413 au·

97 4446 315 4520 investigationis
334 4455 362 4503 et
381 4447 624 4519 contemplationis
646 4465 725 4505 usum
744 4451 794 4505 sub
809 4451 897 4507 noetis
912 4463 935 4542 u
951 4446 1007 4515 det,
1028 4454 1056 4504 et
1078 4447 1197 4503 charitas
1222 4448 1309 4505 ardet.
1326 4448 1374 4503 llla
1395 4463 1449 4504 non
1473 4445 1613 4512 tormidat3
1628 4445 1680 4501 ista
1703 4445 1747 4499 in·

98 4536 296 4606 exprimuntur,
313 4554 395 4609 quam
419 4538 471 4593 sub
496 4538 602 4594 umbrae
623 4538 766 4598 vocabulo.
782 4539 813 4594 ln
838 4557 897 4595 um·
950 4538 1092 4594 llammat:
1109 4536 1153 4592 illa
1167 4552 1217 4609 pro
1231 4537 1329 4592 dilecto
1344 4551 1400 4593 non
1414 4535 1603 4604 contunditur3
1618 4535 1669 4590 ista
1683 4549 1748 4590 oon-

96 4623 158 4692 bra,
174 4639 266 4679 rerum
287 4626 432 4682 visibilium
455 4626 620 4682 oblivionem
641 4626 808 4700 aliquantam
822 4628 896 4684 acci-
949 4624 1009 4680 fidit
1019 4642 1103 4698 super
1113 4625 1222 4684 dilecto.
1234 4626 1331 4697 llagna
1339 4627 1380 4683 vis
1389 4627 1499 4684 amoris.
1510 4626 1606 4682 Alieno
1617 4640 1671 4680 non
1681 4624 1748 4678 niti-

96 4726 132 4784 pe
163 4730 170 4765 :
199 4711 227 4766 in
257 4720 346 4784 nocte,
361 4713 555 4769 omnimodam.
571 4712 639 4782 Quis
665 4716 731 4770 mibi
757 4715 832 4772 dabit
856 4716 896 4774 sic
950 4721 994 4769 tnr
1021 4714 1162 4784 suffragio,
1190 4714 1308 4785 propriis
1336 4723 1466 4773 contenta
1493 4715 1607 4772 meritis.
1632 4713 1749 4784 Semper

97 4800 346 4871 advesperascere?
361 4801 433 4873 quis,
449 4802 571 4873 inquam,
587 4801 663 4857 dabit
677 4803 743 4860 milri
755 4814 785 4860 ut
799 4820 895 4863 rernm
949 4803 1034 4858 amari
1057 4817 1089 4857 se
1108 4802 1258 4872 presumit,
1274 4820 1335 4875 quae
1357 4820 1450 4860 amare
1463 4820 1494 4861 se
1515 4802 1607 4860 sentit.
1622 4800 1748 4871 Denique

96 4889 289 4962 temporalium
313 4891 445 4946 memoria
474 4891 618 4947 oblivionis
644 4893 726 4963 hujus
750 4904 845 4968 vergat
867 4895 896 4950 in
948 4906 1004 4946 non
1031 4891 1162 4962 respectis
1190 4891 1249 4948 aliis
1281 4895 1433 4964 majestatis
1465 4891 1631 4960 nominibus,
1661 4890 1748 4946 solum

95 4980 260 5051 vesperam?
275 4979 349 5034 Bona
374 4979 485 5051 quidem
508 4996 573 5049 nox,
593 4981 702 5052 quando
725 4982 896 5059 imaginatio·
947 4995 1048 5052 sponsa
1070 4979 1199 5037 blastum
1220 4992 1366 5055 memorat,
1390 5000 1453 5059 quae
1475 4980 1652 5057 singulariter
1674 4979 1747 5035 intus

95 5081 146 5123 nes
164 5084 241 5124 vanae
254 5067 375 5123 animum
388 5082 443 5123 non
456 5077 565 5138 vexant,
577 5085 628 5125 nec
641 5081 787 5128 versantur
800 5073 829 5129 in
844 5088 893 5143 eo;
947 5069 1045 5126 tolerat
1060 5078 1155 5124 astum
1170 5071 1280 5127 amoris.

95 5157 204 5229 quando
225 5157 392 5216 absconditae
415 5159 530 5213 suntab
551 5158 638 5216 oculis
661 5162 808 5233 quaerentis
825 5161 893 5218 dile·
982 5157 1081 5214 8.an
1100 5166 1191 5215 autem
1211 5156 1406 5215 attendendum
1425 5176 1507 5234 quam
1529 5158 1686 5228 frequenter
1700 5156 1747 5211 di·

94 5252 179 5303 ctum
195 5246 309 5305 Dilectio
324 5247 383 5319 ipsa
401 5246 472 5303 hano
490 5256 597 5303 noctem
622 5248 735 5316 inducit,
750 5266 811 5322 quae
826 5249 892 5306 reli·
944 5245 1009 5303 lecti
1028 5255 1154 5304 recenset
1175 5247 1335 5306 vocabulum
1360 5262 1522 5323 quocunque
1546 5261 1580 5301 ex
1603 5245 1746 5318 mysterio.

95 5334 255 5407 quaomnia
278 5352 330 5393 nee
351 5336 469 5408 respicit,
484 5351 537 5394 nec
561 5345 625 5394 nota
643 5345 762 5411 reputat,
778 5339 843 5396 dum
856 5337 893 5395 ad
944 5335 1161 5393 Dilectosmaas
1174 5337 1312 5396 madidas
1323 5343 1351 5397 ct
1361 5333 1553 5401 macanos
1564 5340 1600 5402 et,
1616 5335 1689 5391 Talis
1704 5339 1747 5393 cst

93 5421 171 5480 illum
185 5439 267 5497 quem
281 5424 369 5501 diligit
381 5425 486 5484 intenta
499 5427 627 5501 suspirat.
944 5421 1066 5483 dilectas
1072 5427 1281 5501 mendicatio.
1290 5444 1318 5495 v,
1327 5424 1503 5494 lb,16):etin
1513 5422 1654 5495 prasenti,
1662 5426 1746 5491 Quem
