3706 5962
67 207 123 266 tri

628 210 725 270 tinen
744 210 787 270 DE
806 209 1067 272 continentum)
1087 212 1160 272 DEO.

1671 222 1723 281 378

66 350 156 388 nuum
169 333 300 404 spiritum
316 348 378 388 cum
401 335 544 391 Decesse.
564 335 652 391 Deum
672 336 745 391 euim
767 337 871 400 timere,
888 350 911 427 fl
927 352 1088 408 rursumque
1107 339 1221 397 dilectus
1234 340 1336 406 dDecti
1354 357 1414 397 cnm
1434 343 1549 400 dilectus
1573 347 1722 425 discipulus
1813 360 1816 369 ’

67 432 96 477 et
112 423 242 477 mandata
265 423 326 492 ejus
353 422 512 486 observare,
538 426 589 479 hoc
613 434 652 480 est
675 426 764 480 omnis
792 427 873 481 homo
927 425 1012 497 diligit
1040 428 1198 498 magistrum
1227 430 1362 485 Christum
1388 447 1473 503 nsque
1500 434 1533 487 ad
1556 437 1722 494 observatio-

66 515 74 573 1Ι
79 511 184 568 Decies.
196 525 247 577 xrr,
260 511 316 580 13).
337 511 495 578 ndomnde,
507 513 658 580 tremende,
671 514 871 577 benedicende,

66 598 173 654 dacum
182 598 274 654 uobis.
287 600 393 654 Emitte
402 600 638 671 spiritamtanm,
647 606 673 657 et
685 602 869 667 creabantur,

64 700 94 754 et
107 697 257 752 renovabis
267 698 373 767 faciem
389 701 472 753 terrie
482 698 569 769 (Psal.
586 714 645 765 cnr,
656 700 711 769 31)).
728 701 787 753 Non
798 699 870 755 enim

63 789 91 841 in
109 785 217 842 diluvio
236 802 369 857 aquarum
393 787 548 855 multarum,
566 788 652 844 idest
677 789 704 843 in
728 790 871 860 perturba-

64 875 141 930 tione
157 885 188 930 et
201 873 363 930 confusione
378 874 555 931 affectionum
575 887 628 931 tam
646 877 798 943 niuimrnm,
815 887 869 932 tam

63 965 251 1027 diversarum,
274 963 308 1017 ad
330 964 414 1018 Deum
446 965 683 1035 approximabunt.
707 968 766 1021 lam
791 969 867 1028 satis.

62 1052 196 1115 Domine,
219 1053 329 1107 duravit
354 1052 533 1124 cataclysmus
557 1054 618 1120 iste,
645 1069 725 1125 poena
750 1055 866 1111 illiorum

61 1142 141 1198 xdae.
160 1141 258 1197 Adduo
275 1142 400 1211 spiritum
424 1151 643 1213 superterram:
660 1145 769 1199 recedat
779 1160 865 1209 mare,

63 1231 179 1286 recedat
198 1229 318 1301 antiqnae
337 1231 519 1287 damnationis
544 1233 663 1305 salsugo,
686 1240 715 1288 et
736 1242 866 1303 appareat

58 1319 149 1387 arida,
167 1317 272 1375 ionwm
288 1317 349 1375 vitae
364 1319 467 1375 sitiens.
484 1320 578 1375 Veniat
601 1322 726 1376 columba
745 1321 865 1393 Spiritus

59 1417 184 1472 sauctus,
201 1407 313 1478 expulso
329 1409 470 1465 teterrimo
479 1409 554 1474 alite,
572 1418 599 1465 et
614 1410 792 1468 cadaveribus
809 1411 865 1466 suis

58 1498 265 1554 incumbente:
290 1497 391 1562 veniat,
416 1498 537 1571 inquam.
560 1498 695 1564 columba,
721 1515 797 1556 ramo
811 1500 864 1557 oli-

58 1602 110 1654 ma,
126 1585 155 1639 id
171 1593 215 1640 est
239 1600 313 1641 ramo
334 1585 491 1642 reiectionis
507 1594 535 1642 et
557 1587 677 1657 luminis,
703 1603 800 1660 pacem
817 1604 865 1644 au-

926 527 988 567 nem
1003 514 1121 570 omnium
1139 519 1199 587 eius
1213 519 1417 585 mandatorum3
1437 528 1464 574 et
1479 537 1565 592 nsque
1580 525 1612 577 ad
1629 527 1721 581 mortis

925 603 1114 660 necessitatem
1130 622 1184 662 non
1211 607 1300 678 perdit
1327 609 1396 664 lmnc
1411 610 1589 680 voluntatem,
1618 614 1644 668 iu
1660 613 1720 671 illu·

924 691 1072 748 minatione
1094 695 1215 750 veritatis
1230 703 1257 752 et
1276 696 1376 752 amoris
1392 699 1461 767 ejus,
1489 699 1571 754 rebus
1591 701 1719 756 omnibus

923 781 1244 848 etidoneisahbouum,
1262 787 1439 858 etpronisiu
1460 788 1567 854 malum,
1596 797 1621 844 et
1650 790 1720 846 inter

921 879 1065 942 ntmmque
1093 873 1190 929 mediis
1215 875 1286 931 bene
1309 883 1389 931 utens
1404 875 1432 931 in
1449 878 1530 943 bono,
1559 878 1632 950 quod
1650 895 1719 950 pro·

921 960 1009 1030 prium
1034 966 1075 1016 est
1093 962 1246 1018 christianae
1261 964 1378 1020 virtutis.
1403 967 1450 1020 Est
1473 966 1545 1021 euim
1569 967 1664 1033 virtus,
1681 967 1718 1023 si·

920 1052 966 1103 cut
982 1050 1038 1118 jam
1049 1059 1113 1106 ante
1123 1066 1173 1106 nos
1187 1051 1287 1108 dictum
1304 1061 1355 1118 est,
1372 1054 1460 1109 bonus
1475 1070 1540 1110 usus
1555 1054 1647 1112 liberae
1662 1071 1715 1111 vo-

921 1136 1031 1193 luntatis
1050 1157 1057 1193 :
1074 1155 1143 1211 opus
1156 1157 1221 1196 vero
1242 1142 1357 1207 virtutis,
1391 1143 1477 1198 bonus
1497 1142 1603 1199 illarum
1627 1160 1718 1202 rerum

920 1243 994 1294 usus,
1024 1227 1120 1298 quibus
1135 1230 1216 1285 etiam
1232 1232 1302 1287 male
1321 1231 1359 1286 uti
1377 1247 1530 1302 possumus.
1547 1233 1662 1301 Exinde,
1682 1250 1717 1290 ue

920 1331 1013 1370 manca
1032 1315 1066 1371 sit
1082 1317 1207 1387 charitas,
1233 1321 1363 1375 docemur
1380 1335 1473 1378 amare
1502 1320 1653 1392 proximum
1668 1339 1716 1378 se-

918 1404 1036 1460 cundum
1061 1406 1152 1478 legem
1180 1407 1319 1463 charitatis
1341 1425 1460 1481 puram:
1484 1417 1524 1476 nt,
1540 1409 1609 1466 sicut
1638 1410 1714 1467 Deus

919 1493 1024 1547 nonnisi
1040 1509 1070 1550 se
1085 1495 1173 1565 ipsum
1188 1505 1260 1552 amat
1274 1498 1301 1551 in
1316 1498 1404 1563 nobis,
1420 1506 1448 1553 et
1462 1514 1512 1554 nos
1527 1498 1615 1554 solnm
1629 1499 1714 1554 Deum

919 1579 1004 1638 ΜΩ
1030 1583 1143 1640 dicimus
1172 1602 1275 1652 amare,
1295 1587 1331 1642 ita
1346 1597 1373 1642 et
1387 1588 1540 1659 proximum
1567 1587 1636 1643 sicut
1660 1602 1710 1643 nos

59 1672 284 1742 nuutinna(Gen.
301 1674 372 1743 vrri).
390 1674 546 1731 Sanctificel
563 1678 750 1733 nossanotitas
764 1685 791 1733 et
802 1694 864 1732 san·
880 1664 902 1741 B
917 1671 1076 1743 incipiamus
1103 1690 1205 1741 amare,
1234 1675 1263 1730 in
1283 1691 1337 1747 qno
1364 1677 1452 1732 solum
1479 1678 1566 1733 Deum
1592 1691 1713 1731 amamus

58 1761 193 1820 ctificado
208 1771 265 1834 tua,
280 1764 357 1818 uniat
380 1780 431 1820 nos
450 1767 540 1820 unitas
563 1774 622 1832 tna;
638 1774 667 1821 nt
687 1766 747 1822 Deo
761 1767 807 1838 qni
822 1777 863 1823 est

58 1851 193 1918 charitas,
208 1850 282 1908 velut
296 1860 412 1925 cognata
426 1854 544 1924 quadam
559 1854 690 1909 allinitate
706 1871 755 1926 per
772 1856 862 1911 chari-

917 1761 986 1816 sicut
1001 1763 1027 1815 in
1037 1763 1118 1817 nobis
1131 1763 1209 1834 ipsis.

952 1852 996 1904 20.
1017 1850 1072 1906 Sed
1094 1852 1202 1925 utquid,
1231 1853 1356 1921 Domine,
1374 1862 1413 1909 tot
1427 1852 1534 1910 verba?
1563 1852 1618 1909 Sed
1637 1852 1712 1908 unda

59 1942 121 1996 tatis
135 1954 241 1997 nomeu
255 1941 400 2006 sociemur,
414 1950 442 1997 et
457 1959 506 2013 per
520 1943 645 1999 virtutem
661 1943 862 2000 nominisunia·
916 1947 967 2006 esi,
984 1939 1108 2006 Ι8111111181
1126 1953 1154 1997 et
1168 1941 1298 2016 1181111811
1312 1942 1407 2016 8181111
1422 1942 1522 1999 11111818
1535 1942 1624 1999 81111118
1640 1957 1712 2003 met·

59 2046 132 2084 mur.
916 2035 944 2083 et
958 2028 1118 2084 desiderans
1142 2030 1261 2088 calefieri
1278 2031 1367 2088 calore
1386 2031 1487 2087 amoris
1502 2031 1550 2086 tui.
1567 2030 1642 2101 ldeo,
1666 2046 1712 2086 ve·

93 2122 139 2173 18.
175 2116 231 2173 Sed
261 2118 385 2179 interest,
415 2119 541 2186 Domine,
580 2119 717 2191 montedo
744 2121 807 2192 quis
835 2130 862 2177 te
917 2126 986 2172 stem
1005 2132 1060 2172 non
1074 2118 1189 2185 habens,
1214 2120 1372 2190 panniculos
1388 2122 1437 2176 hos
1451 2119 1639 2192 undecumque
1654 2119 1711 2175 col·

59 2215 142 2263 amet.
166 2206 245 2262 blulti
264 2206 351 2275 enim,
375 2207 442 2262 sicut
461 2208 497 2261 ait
514 2208 654 2280 quideme
674 2217 702 2264 te
724 2209 862 2265 illumina·
916 2204 1002 2260 lectas
1029 2208 1160 2263 contraho
1173 2215 1202 2262 et
1216 2223 1318 2264 consuo
1333 2209 1366 2263 ad
1385 2208 1530 2281 tegendam
1560 2207 1709 2264 nuditatem

59 2305 112 2361 tus,
135 2302 233 2352 amant
256 2295 398 2350 veritatem
423 2294 569 2365 lucentem,
585 2304 613 2352 et
627 2312 682 2353 non
697 2306 789 2354 amant
813 2314 859 2354 re·
916 2308 1020 2361 meam;
1036 2301 1064 2349 et
1079 2309 1134 2350 non
1148 2303 1177 2350 nt
1191 2295 1301 2367 sapiens
1321 2296 1367 2352 illa
1381 2298 1532 2367 Sareptena
1557 2299 1610 2352 ilua
1625 2297 1711 2369 ligna,

60 2386 244 2457 darguentem
255 2386 295 2454 (S.
308 2386 493 2457 lupentinus,
509 2388 720 2457 Confessionam
731 2388 801 2444 libro
818 2393 861 2454 10,
916 2385 964 2439 sod
980 2385 1101 2439 surculos
1115 2385 1182 2440 istos
1197 2384 1325 2449 minutos,
1342 2387 1376 2442 de
1386 2386 1488 2442 deserti
1504 2387 1556 2443 mei
1571 2385 1708 2451 vasdtmc.

60 2491 120 2546 cup.
146 2477 195 2539 23,
217 2489 246 2527 n.
262 2475 324 2542 31);
357 2474 544 2545 iustitiamque
574 2476 647 2530 multi
672 2476 763 2531 colunt
790 2478 830 2531 all
846 2507 859 2520 -
915 2471 1492 2547 decordismeispatiosacolligovanitate,
1517 2474 1709 2545 utaliquando

59 2571 215 2634 ctu,aqua
243 2560 337 2632 pmcul
358 2568 419 2616 sunt
438 2562 548 2631 eilectn,
579 2565 762 2634 approbantes
787 2581 859 2630 eam,
914 2560 1053 2635 ingrediar
1075 2562 1103 2616 in
1132 2561 1334 2619 tabernaculum
1358 2564 1455 2619 damus
1478 2578 1557 2632 meae,
1574 2562 1717 2618 etfaciam·

59 2660 84 2706 et
97 2659 226 2707 amantes
241 2665 301 2705 eam
316 2651 344 2706 in
360 2666 389 2705 se
404 2650 473 2722 ipsa,
485 2667 539 2708 non
555 2661 645 2708 annm
655 2663 817 2710 exercentes
832 2655 860 2711 in
914 2650 979 2706 mihi
994 2651 1028 2707 de
1051 2651 1152 2724 pugillo
1168 2651 1270 2721 larinae,
1287 2662 1314 2708 et
1328 2652 1363 2721 de
1379 2652 1474 2724 hydria
1488 2651 1552 2717 olei,
1572 2659 1600 2707 et
1614 2667 1708 2707 come-

58 2756 86 2796 sa
100 2740 179 2812 ipsis.
214 2739 351 2809 Numquid
373 2740 418 2794 isti
432 2755 497 2795 vere
513 2750 538 2796 te
553 2750 653 2809 amant,
668 2758 684 2798 0
698 2758 762 2799 vera
776 2745 860 2813 justi.
914 2738 976 2794 dam
991 2747 1019 2796 et
1033 2740 1143 2805 moriar,
1160 2740 1202 2796 val
1222 2755 1275 2797 nou
1298 2750 1352 2797 mm
1377 2741 1430 2796 cito
1455 2741 1555 2796 moriar
1578 2741 1631 2812 (lli
1644 2744 1706 2812 Dap.

60 2829 93 2883 tia
110 2828 206 2885 Deus?
233 2829 362 2901 numquid
382 2829 426 2884 isti
440 2846 505 2885 vero
522 2837 547 2885 te
567 2833 682 2886 amanti
706 2833 859 2905 Philosophi
914 2844 984 2895 xvii.
1003 2829 1116 2899 ll-16):
1132 2829 1196 2895 imo,
1213 2830 1337 2898 Domine,
1359 2845 1412 2884 non
1432 2829 1542 2896 morior,
1557 2829 1606 2884 sed
1621 2829 1707 2886 vivam

60 2915 150 2971 muudi
175 2915 257 2986 hujus
278 2915 342 2970 olim
358 2931 417 2971 eam
434 2917 575 2974 coluerunt
590 2926 617 2974 et
630 2919 730 2975 aflectu
744 2921 857 2986 amoris,
913 2928 941 2972 et
953 2934 1062 2974 narrem
1073 2932 1157 2988 opera
1172 2918 1278 2975 Domini
1294 2920 1380 2990 (Psal.
1393 2932 1482 2981 cxvii,
1499 2921 1554 2988 17).
1570 2918 1651 2973 Stans
1660 2917 1709 2991 igi·

60 3011 85 3059 ct
101 3002 206 3060 effectu
235 3003 337 3074 operis,
365 3004 393 3059 in
417 3011 519 3059 tantum
543 3016 572 3061 nt
597 3006 733 3064 diceretur
760 3009 795 3066 de
818 3009 858 3066 eis
874 2969 897 3049 Β
912 3010 956 3061 tur
970 3005 997 3061 iu
1013 3006 1095 3062 domo
1116 3006 1267 3062 solitudinis
1288 3008 1365 3078 quasi
1388 3023 1492 3079 onager
1516 3006 1662 3072 solitarius,
1680 3012 1708 3060 et

61 3092 168 3148 abeis:

164 3181 292 3238 Oderunt
305 3179 420 3254 peccare
438 3182 503 3238 boni
517 3185 635 3242 virtutis
647 3203 754 3255 amore,

400 3272 529 3341 (Hoetu,
547 3273 636 3346 Epist.
652 3275 671 3339 l,
687 3291 746 3339 xvi,
762 3276 818 3346 51).

62 3355 108 3414 sod
135 3358 339 3416 convincuntur
364 3360 496 3431 justitiam
524 3378 579 3417 non
602 3379 707 3418 amasse
733 3364 779 3436 qui
799 3380 853 3420 non

62 3454 216 3504 euaserunt
232 3457 269 3514 tc,
287 3465 303 3504 a
320 3465 375 3522 quo
389 3450 450 3506 lons
464 3461 492 3507 et
507 3453 592 3523 origo,
610 3463 637 3507 et
654 3453 680 3506 in
696 3469 777 3524 quom
794 3453 854 3508 linis

61 3543 224 3593 etrecnrsns
246 3552 320 3593 verae
344 3537 465 3607 justitiae,
489 3541 591 3595 ataine
614 3557 668 3610 quo
690 3556 786 3596 omnes
809 3544 853 3610 ju-

60 3625 133 3681 stitiae
163 3626 316 3695 hominum,
359 3627 427 3684 sicut
450 3646 557 3701 pannus
579 3638 762 3686 menstruatae.
792 3633 853 3687 Nou

60 3713 125 3769 cuim
140 3714 282 3770 habebant
298 3716 379 3771 iidem
393 3733 454 3788 qnae
464 3735 514 3789 per
528 3719 699 3775 dilectionem
714 3729 853 3791 operatur,

59 3801 114 3860 licet
142 3802 302 3860 eilectmum
318 3807 463 3877 quemdam
490 3824 610 3864 amorem
625 3818 652 3865 et
667 3825 751 3882 opera
775 3828 854 3883 qnae-

60 3888 114 3946 deus
137 3891 275 3949 haberent
297 3895 449 3950 honestatis
465 3915 471 3952 :
488 3913 549 3968 qnae
564 3897 626 3968 qnia
640 3914 673 3952 ex
690 3898 765 3954 iente
781 3916 854 3954 verae

60 3979 165 4050 mutina
179 3998 236 4037 nan
249 3983 406 4054 prodibant,
424 4001 475 4042 nec
492 3985 520 4041 in
541 4002 613 4043 verae
639 3988 751 4057 justitiae
771 3987 853 4045 finem

61 4067 139 4133 ibant,
162 4076 239 4127 tanto
265 4071 436 4142 desperatius
460 4075 598 4138 errabant,
628 4083 730 4147 quanto
759 4076 855 4132 lortius

19 4217 22 4226 ι
63 4164 130 4213 extra
158 4159 229 4214 mam
255 4161 411 4216 currebant.
440 4162 488 4216 Via
514 4164 596 4230 euim,
614 4166 704 4233 Pater,
730 4165 853 4222 Christus

912 3095 1092 3152 habitaculum
1117 3097 1221 3151 habens
1245 3097 1369 3152 interra
1397 3095 1551 3170 salsuginis,
1573 3101 1601 3150 et
1625 3102 1708 3149 attra-

910 3186 980 3240 hens
996 3195 1106 3241 ventum
1120 3185 1220 3241 amoris
1235 3185 1290 3240 mei
1310 3187 1423 3254 (leram.
1442 3200 1472 3250 u,
1489 3185 1547 3256 21),
1564 3198 1595 3239 os
1615 3199 1705 3239 meum

910 3276 1002 3345 aperio
1018 3276 1050 3331 ad
1067 3284 1105 3343 te,
1121 3276 1245 3343 Domine,
1263 3285 1290 3331 et
1308 3276 1414 3330 attraho
1432 3274 1567 3346 spiritum.
1584 3276 1618 3328 Et
1634 3288 1704 3329 nou-

910 3379 1058 3434 nunqnam,
1082 3364 1206 3429 Domine,
1233 3364 1311 3436 quasi
1333 3363 1432 3418 clausis
1455 3362 1540 3418 acidis
1563 3362 1597 3417 ad
1623 3370 1650 3418 te
1665 3362 1706 3416 in·

909 3451 993 3507 hianti
1008 3453 1091 3508 mittis
1115 3452 1180 3508 mihi
1195 3453 1222 3508 in
1236 3469 1267 3507 os
1281 3452 1381 3517 cordis,
1398 3451 1471 3522 quod
1486 3466 1540 3507 nou
1564 3451 1627 3506 licet
1641 3451 1696 3505 mih

907 3541 979 3597 scire
1003 3542 1068 3613 qnid
1093 3542 1136 3599 sit.
1158 3541 1290 3612 Saporem
1326 3539 1436 3612 quidem
1465 3539 1564 3604 sentio,
1598 3538 1704 3594 dulcem

908 3632 987 3693 allen,
1012 3645 1122 3686 suavem
1136 3629 1206 3686 adeo
1221 3639 1249 3685 et
1262 3630 1475 3700 confortantem,
1496 3637 1535 3690 nt.
1550 3629 1574 3684 si
1589 3627 1704 3699 periise-

909 3727 983 3775 retur
1001 3719 1097 3782 inme,
1114 3717 1180 3773 nihil
1200 3716 1270 3774 ultra
1293 3734 1445 3790 quaererem
1463 3732 1469 3772 :
1486 3718 1535 3774 sed
1551 3732 1612 3773 eum
1627 3716 1703 3773 acci-

908 3810 996 3881 piens,
1029 3808 1103 3863 nullo
1134 3801 1258 3879 corporis
1284 3808 1353 3876 visu,
1384 3807 1458 3862 nullo
1487 3807 1585 3862 animae
1609 3822 1702 3872 sensu,

909 3897 982 3953 nullo
996 3897 1106 3967 spiritns
1121 3896 1259 3952 intellectu
1274 3896 1418 3953 advertere
1433 3911 1477 3951 me
1491 3896 1626 3968 permittis
1639 3896 1705 3967 quid

907 3985 951 4039 sit.
968 3987 1035 4042 Cum
1047 4000 1189 4056 accepero,
1206 3992 1301 4041 tenere
1315 3993 1343 4043 et
1357 3984 1493 4041 ruminare
1508 3986 1578 4050 volo,
1593 3993 1621 4041 et
1635 3984 1706 4055 diju-

909 4074 999 4129 dicare
1022 4075 1082 4144 ejus
1105 4089 1231 4145 saporem
1249 4074 1320 4129 :sed
1336 4074 1427 4129 statim
1443 4075 1549 4130 transit.
1577 4074 1705 4147 Deglutio

909 4163 1018 4235 quidem
1037 4162 1113 4230 illud,
1130 4162 1261 4236 quidquid
1272 4163 1335 4219 illud
1346 4171 1397 4229 est,
1413 4164 1440 4218 in
1456 4179 1533 4235 spem
1548 4164 1609 4219 vitae
1624 4172 1705 4220 aster·

64 4253 116 4302 ltus
128 4248 177 4320 qui
192 4248 259 4304 dixit
273 4269 282 4304 .·
300 4252 353 4320 epo
367 4266 429 4305 snm
448 4254 503 4316 eia,
525 4257 628 4310 veritas
643 4258 671 4310 et
684 4258 741 4310 nita
760 4256 852 4324 (ioan.
871 4276 894 4353 n
910 4267 972 4306 nae:
989 4250 1037 4307 sed
1052 4251 1218 4322 operationis
1237 4253 1298 4322 ejus
1311 4252 1438 4307 virtutem
1458 4251 1505 4306 diu
1531 4251 1702 4322 ruminando,

63 4347 114 4401 xrs,
126 4337 165 4406 6).

363 4427 473 4483 CAPUT
496 4428 540 4486 111.

92 4514 220 4572 immam
233 4519 363 4573 constare
378 4517 557 4574 observantia
569 4525 789 4591 praceptorum.

96 4603 137 4658 19.
162 4601 270 4657 Veritas
291 4618 358 4676 ergo
374 4612 430 4669 tna,
446 4606 487 4660 vel
504 4606 559 4662 vita
572 4608 606 4661 ad
630 4623 710 4678 qnam
725 4608 788 4672 itur,
811 4610 852 4662 via

64 4699 109 4752 per
124 4703 203 4758 quam
229 4688 284 4742 itur
306 4706 399 4746 veram
424 4699 451 4746 et
471 4693 620 4765 simplicum
643 4696 720 4752 nobis
748 4698 850 4752 descri-

64 4772 101 4827 bit
113 4772 221 4832 tomam
247 4777 346 4835 divinae
360 4787 388 4836 et
403 4797 474 4838 verae
501 4784 690 4855 philosophiae,
705 4786 799 4843 dicens
817 4786 851 4841 ad

62 4861 201 4936 discipulos
210 4882 275 4923 suos
287 4886 294 4922 z
307 4869 387 4926 Sient
398 4870 656 4942 dilonitmel‘ater,
669 4880 697 4932 et
703 4893 750 4947 epo
761 4877 851 4933 dilexi

61 4966 112 5008 vos.
124 4953 232 5012 llanete
242 4957 273 5011 in
289 4955 441 5017 dilectione
450 4976 523 5016 mea.
536 4963 566 5018 Si
572 4969 716 5036 praecepta
725 4981 788 5023 mea
798 4981 853 5022 ser·

60 5046 200 5112 ueneritis,
216 5048 368 5104 manebitis
383 5048 414 5102 in
429 5049 581 5109 dilectione
591 5067 664 5116 mea,
681 5055 755 5109 sient
766 5057 793 5110 et
804 5071 851 5128 epo

56 5137 197 5203 precepta
208 5135 304 5191 Patria
318 5137 375 5190 mei
385 5138 504 5209 servani,
514 5143 541 5196 et
552 5156 653 5198 maneo
663 5141 695 5197 in
708 5145 769 5215 ejas
784 5145 852 5200 dite·

56 5219 149 5275 ctione
163 5220 257 5290 (laon.
273 5238 323 5292 xv,
340 5227 366 5290 9,
384 5226 438 5295 10).
456 5227 526 5282 Ecce
539 5228 654 5285 dilectus
668 5231 768 5297 dilecti,
783 5232 852 5289 sicut

54 5306 79 5361 in
92 5307 204 5365 Psalmo
218 5309 318 5381 legitur
332 5312 420 5383 (Psal.
439 5329 529 5384 nxvrr,
547 5317 614 5388 13),
639 5334 700 5373 cnm
716 5322 793 5375 Patre
808 5321 850 5374 di-

908 4341 1033 4395 omnihus
1048 4339 1144 4395 auimae
1171 4354 1239 4395 mea
1257 4339 1336 4395 venis
1355 4346 1384 4394 et
1399 4338 1523 4394 medullis
1542 4339 1618 4410 quasi
1633 4338 1702 4399 vita·

907 4429 960 4484 lem
983 4428 1128 4500 quamdam
1156 4443 1266 4484 succum
1295 4427 1423 4499 optabam
1447 4425 1649 4494 transfundere,
1673 4438 1703 4484 ut

906 4517 941 4571 ab
961 4517 1087 4572 omnibus
1114 4514 1173 4570 aliis
1197 4514 1390 4570 allectionibus
1412 4515 1562 4585 desiperet,
1585 4522 1614 4570 et
1636 4514 1701 4570 illud

906 4604 992 4660 salum
1003 4613 1031 4660 et
1045 4618 1155 4674 semper
1169 4609 1297 4674 saperet:
1314 4603 1363 4657 sed
1378 4601 1488 4658 festinat
1503 4602 1630 4658 transire.

942 4698 986 4748 11.
1012 4693 1045 4747 lit
1062 4692 1172 4755 cnmde
1186 4689 1364 4762 inquisitione
1379 4692 1449 4762 ejus,
1465 4690 1508 4747 vel
1531 4693 1701 4765 acceptioue,

905 4782 949 4838 vel
960 4797 1021 4848 usn,
1041 4780 1295 4853 formataquaedam
1317 4780 1480 4837 hunameuta
1494 4783 1632 4839 memoriae
1650 4799 1700 4855 ge-

904 4856 957 4928 stio
970 4870 1089 4927 arctinus
1112 4870 1246 4943 impressa
1267 4869 1448 4937 committere,
1476 4870 1622 4927 solatiam
1646 4889 1702 4929 mc·

906 4960 1017 5015 moriam
1047 4958 1153 5014 labilem
1181 4957 1284 5030 scripto
1306 4959 1411 5028 juvare,
1428 4974 1456 5015 re
1471 4969 1500 5016 et
1513 4960 1701 5032 experimento

904 5064 989 5120 cogor
1002 5047 1108 5103 discam
1123 5046 1188 5120 quid
1203 5046 1267 5102 illud
1288 5047 1324 5103 sit
1339 5047 1411 5119 quod
1431 5047 1457 5102 in
1469 5049 1618 5121 Evangelio
1633 5046 1700 5103 dicis

904 5138 939 5194 de
955 5138 1055 5210 Spiritu
1072 5156 1078 5192 :
1097 5139 1131 5193 lit
1145 5139 1236 5193 nescis
1250 5137 1325 5192 anm
1339 5138 1447 5201 vestiat,
1464 5143 1515 5193 ant
1533 5155 1585 5211 qno
1604 5136 1698 5196 emat.

904 5227 1088 5298 Quacumque
1103 5225 1174 5281 enim
1200 5222 1455 5296 quasiquibusdam
1476 5226 1701 5283 lineamentorum

906 5314 999 5387 liguris
1013 5312 1204 5370 commendare
1219 5309 1312 5366 curavi
1328 5310 1477 5377 memoria,
1493 5327 1609 5384 qnorum
1623 5318 1701 5388 qnasi

51 5394 108 5468 ligii
130 5396 240 5465 Filium,
264 5405 293 5455 et
313 5399 395 5455 Filius
428 5414 520 5459 manet
544 5405 569 5458 in
595 5405 741 5462 dilectione
765 5407 851 5463 Patris
904 5404 1021 5476 quodam
1037 5403 1159 5464 reductu,
1184 5414 1245 5454 cum
1259 5397 1381 5464 voluero,
1396 5398 1460 5455 illuc
1474 5417 1517 5458 me
1533 5404 1699 5479 recolligam,

48 5499 134 5560 nsque
149 5487 186 5542 ad
201 5487 312 5558 plenem
326 5489 515 5547 mandatomm
535 5494 596 5564 ejus
610 5494 847 5553 observationem:
902 5511 934 5553 ao
949 5509 998 5569 per
1012 5496 1063 5552 hoc
1077 5492 1191 5550 subeam
1205 5489 1271 5546 mihi
1283 5491 1364 5549 veiim
1377 5506 1458 5564 possa
1473 5495 1697 5574 quotiescumque
