3706 5962
159 194 229 254 tuos
348 149 350 153 ’
711 183 821 247 sunno
839 185 873 247 ni
893 183 1050 249 ussuurr.
1068 185 1100 243 a.
1121 179 1246 243 amin.
1743 171 1804 235 toci

153 315 283 389 patientia
296 316 463 372 continenter
475 313 579 378 rirunt,
594 311 647 384 ipsi
659 311 729 368 bene
749 313 950 383 cumdpostolo
967 327 990 409 q
1007 312 1081 382 jutor
1098 317 1179 365 notus
1193 314 1248 363 erat
1270 305 1298 361 iu
1318 305 1410 361 ludes
1424 303 1498 361 Deus
1512 319 1520 358 r
1535 317 1596 359 cum
1623 317 1698 358 vero
1711 301 1804 371 jamin

155 413 339 478 protestantur
352 415 378 460 et
392 405 487 460 dicunt
502 418 509 458 :
528 403 595 472 Quis
608 416 658 458 nos
671 403 837 474 separabile
853 402 949 459 cbari-
1006 402 1058 456 ista
1071 398 1186 456 statione
1199 394 1360 464 consistunt,
1381 393 1430 449 ubi
1445 391 1590 448 Dominum
1614 389 1803 458 speculantur,

159 499 219 554 tote
232 496 336 553 Christi
346 493 360 548 ?
371 491 547 549 Tribalatio?
562 507 600 545 arr
615 490 769 562 aequatio?
779 508 817 546 un
827 509 952 564 perseeu-
1005 489 1033 544 iu
1051 490 1132 544 lsrael
1149 500 1274 557 magnum
1290 498 1387 539 nomeu
1406 483 1476 552 ejus,
1491 488 1518 536 et
1533 479 1622 537 iaetus
1635 487 1682 536 est
1698 480 1728 535 in
1749 495 1806 552 pace

159 583 218 643 tio?
231 580 437 653 erfemarius
445 579 584 636 nuditus?
602 595 641 633 arr
654 579 832 650 periculam?
846 582 953 652 euplo·
1005 577 1081 634 locus
1095 576 1164 645 ejus,
1181 587 1206 631 et
1229 571 1357 628 habitatio
1379 575 1439 640 eius
1457 573 1486 625 in
1500 569 1576 626 Sion.
1602 569 1644 625 lbi
1674 570 1807 643 confregit

159 673 244 730 dius?
258 672 342 728 Vides
360 686 443 742 quam
464 668 568 723 solidus
586 668 622 721 sit
636 667 831 723 continentium
846 685 950 736 murus
1004 665 1136 737 potentias
1151 677 1274 728 arcuum,
1292 669 1408 729 scutum,
1426 667 1453 714 et
1477 659 1612 734 gladium,
1637 668 1668 715 et
1682 659 1807 716 bellum:

159 778 229 836 quos
242 776 333 834 neque
347 775 431 825 mors,
449 773 539 829 neque
552 758 622 824 vita,
638 772 727 822 neque
740 758 846 828 lopati,
863 773 953 830 neque
1006 755 1068 826 quia
1084 754 1121 807 ibi
1135 751 1225 806 nullus
1235 760 1324 806 motus
1337 750 1427 807 earnis
1441 748 1554 814 resistit,
1570 749 1621 804 sed
1636 749 1809 806 omnimodis

158 854 348 928 principatus,
358 850 716 919 capesserecapescere
726 847 854 914 uirtutes,
866 862 953 919 neque
1007 843 1127 912 subjecta
1141 847 1183 895 est
1201 839 1317 909 spiritui.
1331 838 1407 894 llunc
1420 839 1510 893 locum
1521 836 1651 893 ardenter
1673 837 1809 893 desidera·

161 942 415 1010 instabilemque
421 938 627 1006 saturamque
632 934 783 1005 fortusse,
791 937 953 1007 sequestre·-
1006 931 1052 986 bat
1062 931 1204 1000 Propheta,
1215 944 1275 983 cunr
1286 927 1389 982 diceret
1402 943 1409 980 z
1421 927 1452 983 Si
1463 925 1712 984 damascianam
1721 928 1809 983 oculis

161 1032 237 1100 tude,
254 1022 538 1101 aequeprcsurrdum,
555 1037 645 1095 neque
658 1024 954 1096 crecturccliqucpo-
1006 1020 1088 1084 meis,
1107 1023 1134 1077 et
1150 1017 1292 1091 palpebris
1307 1017 1378 1072 meis
1386 1016 1628 1082 dormitationem,
1645 1017 1809 1089 ctrcqrtt'ern

72 1103 74 1111 ¹
162 1124 216 1179 tert
237 1130 370 1192 separare
391 1111 563 1170 celeritate
586 1111 645 1178 Dei,
661 1125 723 1182 qua>
737 1114 778 1168 est
792 1112 825 1166 in
845 1112 954 1172 Cbrr'sto
1009 1107 1178 1179 tempesias
1187 1103 1710 1176 684metr,‹tcnecieventumtoeam
1720 1106 1810 1162 Densi

162 1211 227 1268 tero
242 1209 331 1277 (Rom.
346 1216 406 1271 utu,
422 1203 467 1266 35,
483 1203 527 1268 38,
543 1200 600 1270 39).
1008 1213 1044 1254 ne
1060 1198 1147 1267 (Psoi.
1157 1209 1257 1266 cxxxi,
1270 1196 1308 1264 l).
1318 1192 1465 1249 Henetiam
1475 1192 1568 1250 volare
1579 1193 1713 1264 cupiens,
1732 1195 1808 1263 Quis,

197 1301 225 1352 a.
242 1293 296 1352 Sed
307 1293 366 1361 iarn
380 1289 520 1360 pulsemus
533 1287 567 1341 ad
582 1287 640 1356 ejus
655 1295 753 1357 portas,
770 1295 860 1358 portas
880 1285 953 1342 scili·
1007 1286 1104 1356 inquit,
1121 1284 1198 1340 dabit
1212 1283 1285 1339 mibi
1294 1298 1402 1354 pennas
1413 1283 1489 1339 ειεει
1499 1282 1650 1353 coluutboe,
1664 1283 1806 1353 ctuclnbo,

161 1396 206 1444 oet
216 1383 337 1456 justitia,
353 1378 549 1451 utaperiantur
559 1376 648 1445 nobis,
664 1376 837 1448 ingressique
846 1391 896 1448 per
908 1392 955 1431 eas
1007 1371 1237 1445 ctrcqut'escom?
1251 1370 1327 1427 Paul.
1337 1386 1393 1438 arv,
1408 1371 1449 1442 7.)

160 1475 301 1535 rideamus
322 1470 395 1525 intus
420 1481 520 1540 magua
539 1481 622 1535 opera
645 1465 762 1536 Domini,
778 1465 908 1536 exquisita
927 1465 955 1519 in
1044 1464 1071 1516 b.
1085 1463 1146 1516 lam
1161 1475 1224 1517 uero
1239 1460 1263 1514 si
1277 1469 1418 1530 quaeratur
1430 1458 1466 1515 de
1479 1458 1586 1515 castelli
1599 1458 1689 1530 httJ‘us
1702 1459 1810 1516 babita-

163 1579 259 1620 omues
273 1561 424 1617 voluntates
439 1557 508 1625 ejus.
525 1555 563 1608 lbi
582 1557 654 1609 enirn
673 1564 803 1625 operante
817 1553 876 1624 ipso
890 1569 955 1610 con·
1011 1551 1123 1615 toribus,
1144 1551 1206 1622 quis
1221 1549 1299 1605 cibus
1320 1549 1355 1604 ad
1378 1548 1598 1614 sustentandum,
1623 1549 1705 1620 quod
1721 1549 1811 1605 muni·

163 1651 285 1721 struitur,
313 1656 438 1717 tauquam
467 1645 494 1698 iu
518 1654 608 1697 monte
637 1642 711 1710 Siou,
733 1644 888 1714 evangelica
909 1642 955 1697 illa
971 1609 993 1685 Β
1011 1655 1073 1694 men
1087 1639 1120 1694 ad
1136 1638 1342 1711 protegendum,
1362 1637 1754 1710 quaereiarmasuppetantad
1768 1655 1810 1694 re·

164 1740 258 1809 turris,
277 1753 324 1810 per
338 1749 421 1806 quam
440 1731 579 1787 humiliato
594 1729 675 1786 eorde
690 1730 840 1785 ascendunt
853 1730 882 1785 in
895 1745 954 1786 cu)—
1007 1728 1195 1802 pugnandum
1211 1742 1356 1797 possumus
1379 1726 1448 1784 satis
1471 1725 1671 1782 rationabiliter
1695 1742 1810 1798 respou-

163 1829 220 1884 lum
233 1824 319 1883 sancti
341 1824 375 1878 de
396 1818 517 1878 conualle
540 1817 708 1888 plorationis.
733 1817 901 1889 Ascenduut,
914 1818 956 1873 in·
1009 1819 1083 1885 dere,
1100 1817 1174 1888 quod
1194 1816 1419 1889 quemadmodum
1443 1814 1597 1871 carnalibus
1618 1816 1717 1872 carnis
1730 1833 1808 1887 opert

163 1931 257 1988 quarn,
272 1927 326 1968 nou
340 1911 439 1967 uirtute
454 1924 512 1975 sua,
529 1905 958 1979 sedauxilioetqratiaDei,s1c·
1011 1907 1119 1962 luerunt
1134 1906 1230 1976 rictus,
1245 1905 1282 1961 ita
1295 1905 1337 1961 bis
1353 1904 1438 1961 multo
1450 1905 1545 1962 melior
1559 1905 1642 1960 cibus
1658 1905 1696 1961 sit
1710 1905 1810 1962 fructus

160 2012 192 2060 ut
205 2004 242 2060 ait
256 1999 372 2074 Spiritus
382 2004 492 2052 sanctus
507 2009 555 2065 per
569 1994 725 2066 prophetam
736 1994 840 2049 David:
857 1997 957 2051 Beatus
1010 1994 1131 2065 spiritus.
1147 1994 1230 2048 Cibus
1239 1994 1319 2048 ctiam
1329 2003 1474 2051 eorumcst
1484 2001 1513 2049 ut
1528 1993 1626 2050 iaciant
1640 1993 1810 2053 voluntatem

161 2093 295 2163 circujas
309 2094 352 2145 cat
365 2086 511 2143 auxilium
522 2087 569 2141 ebs
585 2084 813 2150 ie;cscenrioncs
829 2085 860 2138 irc
877 2084 957 2142 corde
1010 2083 1097 2139 Patris
1111 2083 1313 2155 omnipotentis.
1338 2083 1420 2139 Cibus
1437 2098 1530 2139 eorum
1553 2092 1598 2140 est
1610 2084 1733 2143 verbum
1752 2086 1808 2154 Dei,

162 2196 212 2236 suo
234 2177 381 2250 disposuit.
397 2172 502 2243 Quaeris
517 2171 582 2227 ubi‘?
596 2173 628 2226 lrr
643 2172 956 2243 conculteptoiuttonis,
1010 2187 1064 2244 quo
1086 2182 1229 2243 pascuntur
1252 2187 1347 2228 omnes
1369 2173 1467 2243 sancti,
1492 2181 1545 2227 tam
1571 2174 1713 2244 homines,
1729 2190 1807 2246 quant

160 2269 214 2322 hoc
229 2273 279 2335 est,
300 2266 328 2320 in
348 2264 497 2318 humilitate
519 2261 582 2316 vitae
606 2258 758 2329 praesentis.
778 2261 811 2314 Et
834 2263 957 2315 eamdem
1009 2261 1116 2335 Angeli.
1139 2261 1213 2315 Unde
1228 2261 1355 2332 scripturn
1371 2275 1413 2317 est
1428 2278 1435 2315 :
1448 2263 1508 2318 lion
1520 2264 1552 2316 ia
1567 2263 1627 2318 eolo
1642 2279 1723 2334 punc
1741 2266 1807 2320 aiud

160 2356 249 2428 ipsam
263 2353 379 2427 gratiam
394 2351 514 2420 replicat,
530 2348 623 2402 diceus
639 2365 646 2401 :
662 2347 775 2402 Eterrim
790 2347 956 2406 baredictio-
1010 2350 1102 2419 leomo,
1119 2349 1165 2405 scd
1179 2350 1212 2404 in
1227 2352 1306 2405 omni
1317 2350 1395 2408 uerbo
1411 2349 1484 2424 quod
1498 2349 1627 2422 procedit
1643 2350 1679 2406 dc
1694 2368 1742 2409 ονε
1761 2354 1807 2407 liei

160 2462 228 2503 rtem
243 2443 321 2500 deute
332 2440 486 2511 lepislator.
497 2436 558 2506 Quo
568 2445 657 2489 autern
670 2435 806 2506 pertingat
816 2451 954 2506 ascensus,
1011 2439 1105 2508 (licut.
1120 2453 1180 2502 vni,
1196 2441 1222 2507 3,
1240 2442 1267 2493 ει
1282 2437 1379 2494 llattlr.
1396 2453 1435 2507 tv,
1452 2439 1805 2507 uniuersarumque

159 2534 203 2590 uel
216 2532 249 2587 ad
264 2546 343 2602 quem
358 2528 475 2583 fructum
487 2525 617 2596 perducat
631 2524 810 2579 ascendentes
825 2525 955 2595 ipsaqra-
1008 2534 1060 2594 est,
1077 2526 1144 2583 sicut
1153 2527 1254 2581 dictum
1270 2534 1320 2592 est,
1331 2543 1423 2582 murus
1435 2527 1616 2592 continentiae,
1632 2539 1664 2583 et
1682 2536 1806 2585 antemu-

159 2624 207 2688 tia,
221 2619 346 2693 protinus
361 2613 503 2686 subjungit
519 2631 525 2670 ;
543 2614 635 2678 liunt,
647 2612 743 2682 inquit,
760 2612 909 2683 degetrtute
923 2615 955 2668 in
1007 2616 1062 2670 rale
1074 2614 1218 2687 patientiae.
1240 2615 1342 2671 liabent
1354 2626 1447 2671 contra
1461 2615 1552 2671 hostes
1568 2631 1658 2685 artua,
1676 2634 1739 2689 quae
1757 2618 1806 2674 de·

159 2712 311 2774 virtutcm3
333 2705 473 2761 uidebitur
504 2704 576 2757 Deus
591 2701 708 2756 deorum
723 2703 755 2756 irc
775 2700 842 2756 Sion
866 2703 952 2770 (Psoi.
1007 2705 1102 2758 scribit
1122 2704 1279 2774 Apostolus,
1297 2706 1414 2761 ienuam
1428 2705 1566 2776 iustiliae.
1588 2711 1709 2761 scutum
1732 2705 1806 2776 fidet

159 2811 283 2861 urxxrtt,
299 2795 373 2865 6-8).
398 2792 461 2846 Haec
480 2797 522 2845 est
536 2803 649 2857 merces,
673 2800 700 2843 et
723 2790 767 2843 liic
790 2797 830 2843 εει
845 2789 907 2843 linis
926 2797 953 2844 et
1006 2791 1807 2867 paleamsolutis,ctplcdiumspiritus,quodestvcrbum

158 2889 265 2943 tructus
288 2884 373 2939 nostri
401 2879 511 2946 laboris,
527 2877 596 2932 visio
619 2877 721 2932 scilicet
736 2877 796 2932 Dei.
811 2877 880 2945 Quis
898 2894 953 2932 nou
970 2887 991 2965 c
1008 2880 1058 2936 Dei
1082 2880 1191 2953 (Epiros.
1212 2896 1250 2945 vt,
1282 2881 1389 2949 ta-ti).
1414 2883 1473 2937 Nec
1500 2896 1665 2954 quemquam
1689 2891 1807 2950 moveat,

158 2977 232 3029 huuc
246 2982 345 3028 uotum
361 2969 479 3024 fructum
508 2967 588 3020 rebus
613 2965 739 3021 omnibus
760 2967 913 3023 visibilibus
928 2978 954 3024 et
1009 2968 1082 3040 quod
1101 2969 1174 3025 idem
1198 2969 1313 3025 verbum
1335 2969 1451 3025 dixerim
1465 2986 1526 3026 esse
1548 2979 1576 3026 et
1594 2971 1683 3026 cibum
1698 2979 1728 3026 et
1745 2971 1809 3045 gla-

160 3059 345 3117 iurisibilibus
369 3053 614 3125 incomparabiliter
634 3053 780 3124 praeierat?
808 3054 875 3123 Quis
899 3063 951 3126 est,
1007 3056 1096 3124 dium;
1113 3059 1188 3127 quasi
1202 3057 1370 3128 impossibile
1386 3059 1428 3115 vel
1442 3061 1591 3115 absurdum
1608 3059 1652 3114 sit.
1675 3061 1705 3115 lu
1726 3063 1810 3116 rebus

160 3153 239 3221 cujus
254 3149 295 3204 rel
317 3145 437 3219 gelidum
464 3149 558 3213 pectus
580 3141 632 3196 boc
652 3142 816 3198 desiderium
835 3158 889 3198 nou
907 3160 952 3200 ac·
1006 3145 1117 3215 quidem
1131 3146 1317 3200 materialibus
1339 3145 1413 3200 aliud
1440 3147 1501 3217 hoc,
1524 3147 1654 3204 aliudest
1676 3148 1743 3204 ittud
1759 3158 1808 3204 :et

160 3238 278 3295 cerdati
292 3237 355 3290 ilaec
369 3241 411 3289 est
425 3231 498 3287 euim
512 3229 560 3284 illa
573 3230 669 3304 gratia,
680 3246 761 3302 quam
775 3230 854 3285 uobis
878 3247 951 3287 com·
1005 3233 1072 3288 alibi
1086 3233 1216 3304 quaeritur
1231 3236 1291 3301 boc,
1308 3234 1371 3289 alibi
1398 3235 1476 3290 ittud.
1493 3236 1523 3290 ln
1540 3237 1620 3293 rebus
1636 3252 1702 3293 vero
1724 3238 1805 3309 spiri·

160 3337 269 3382 menuat
283 3327 378 3380 beatus
391 3322 508 3377 loannes
522 3318 698 3389 euangelista,
713 3320 833 3374 diceus:
866 3321 900 3376 lit
920 3320 953 3375 dc
1007 3321 1125 3376 tualibus
1140 3337 1193 3377 non
1207 3322 1282 3377 aliud
1305 3326 1357 3378 boc
1381 3333 1431 3388 est,
1462 3340 1542 3394 quam
1566 3324 1649 3390 tund,
1668 3341 1719 3382 uec
1744 3326 1806 3381 alibi

159 3412 342 3492 plenitudine
354 3413 416 3484 ejus
428 3425 480 3466 reos
493 3408 772 3480 umneeccccpimus,
787 3413 815 3464 et
828 3410 951 3480 pretium
1008 3411 1139 3482 quaeritur
1158 3413 1219 3477 hoc,
1235 3410 1299 3466 alibi
1312 3410 1382 3466 illud
1399 3428 1405 3468 :
1423 3412 1470 3466 sed
1484 3414 1576 3467 omnia
1598 3423 1664 3470 sunt
1682 3415 1764 3471 uobis
1781 3415 1807 3471 in

159 3522 210 3580 pro
224 3505 320 3589 pratia
338 3502 421 3574 (lacre
435 3515 454 3567 t,
471 3499 526 3573 lb).
970 3517 976 3527 ·
1007 3502 1074 3566 Deo,
1090 3507 1117 3554 ει
1132 3510 1174 3555 εει
1196 3502 1271 3556 Deus
1295 3500 1385 3555 omnia
1399 3499 1426 3554 in
1442 3501 1580 3557 omnihus.
1601 3503 1673 3560 Ecca
1693 3503 1768 3560 anim
1782 3506 1805 3559 iu

195 3597 224 3650 d.
239 3592 278 3649 Ex
293 3593 391 3662 quibus
413 3589 515 3645 scilicet
535 3588 626 3645 uerbis
655 3588 786 3658 innuitur,
811 3589 883 3659 quod
907 3588 954 3643 tri·
1007 3598 1101 3644 natura
1124 3605 1216 3645 rerum
1237 3588 1304 3660 quid
1323 3595 1376 3643 tam
1396 3589 1546 3656 diuersum,
1562 3606 1645 3661 quam
1676 3593 1756 3664 pauis
1782 3600 1808 3648 et

161 3683 258 3755 plicam
281 3677 397 3753 gratiam
423 3676 550 3731 diuinitus
573 3677 726 3745 accepimus
749 3693 755 3730 ε
780 3692 875 3746 unam,
901 3691 955 3745 qua
1008 3675 1100 3749 lupis?
1113 3685 1140 3733 et
1156 3688 1244 3732 tamen
1260 3680 1282 3732 si
1297 3679 1330 3732 ad
1347 3678 1510 3734 intellectum
1526 3680 1676 3749 urystioum
1697 3683 1806 3748 referas,

90 3770 94 3774 ’
163 3769 360 3831 convertimur;
386 3764 476 3834 alunt,
501 3780 553 3835 qua
578 3763 607 3817 in
631 3764 822 3821 tentationibus
845 3765 954 3834 adjura·
1009 3780 1153 3836 utrumque
1171 3765 1243 3821 idem
1266 3765 1408 3837 significat.
1434 3767 1504 3822 Nam
1528 3766 1604 3823 idem
1625 3769 1755 3827 Christus
1768 3785 1806 3826 eat

162 3874 240 3930 mur;
271 3856 386 3920 tertiam,
414 3868 468 3924 qua
492 3851 599 3924 probati
627 3867 842 3908 remuneramur.
865 3853 956 3908 Prima
1009 3855 1138 3909 dictuset
1154 3855 1241 3924 paula,
1262 3855 1369 3925 etlapis
1386 3872 1391 3911 :
1409 3855 1804 3934 panissciticetvivusiteue.

165 3944 327 4010 nosiuitiat,
352 3955 400 4011 per
425 3955 507 4012 quam
521 3954 671 3997 vocamur:
689 3942 808 3998 secunda
823 3943 954 4012 provebit,
1009 3959 1047 4015 vt,
1078 3944 1135 4014 ab),
1158 3952 1185 3999 et
1206 3945 1273 4015 lapis
1296 3961 1375 4016 quent
1407 3944 1620 4014 reprobaverunt
1645 3949 1807 4005 aedificantes

161 4049 216 4106 qua
237 4029 438 4102 justificamur:
459 4026 538 4082 tertia
557 4036 734 4094 consummat,
752 4045 805 4100 qua
818 4028 955 4101 glorifica·
1009 4033 1130 4103 (Act.te,
1147 4032 1203 4103 ll).
1216 4033 1366 4105 Utrumque
1381 4032 1489 4106 quidem
1503 4041 1544 4089 est
1558 4050 1608 4106 per
1625 4036 1805 4109 significatio.

164 4137 234 4177 mur.
248 4121 281 4176 Et
295 4117 381 4190 prima
395 4116 506 4188 quidem
530 4112 730 4183 beneplacitum
745 4124 787 4171 est
804 4134 810 4168 :
827 4117 955 4187 secunda,
1012 4137 1083 4186 nem,
1099 4120 1162 4174 licet
1177 4129 1303 4176 neutrum
1318 4123 1352 4177 sit
1367 4138 1415 4193 per
1430 4121 1638 4193 proprietatem.

166 4210 292 4269 meritum
312 4225 320 4263 ε
336 4206 425 4274 tertia,
450 4203 602 4276 praemiurn.
619 4204 759 4274 Deprima
777 4205 954 4263 dictumest:
972 4166 995 4244 n
1045 4213 1071 4263 6.
1095 4208 1150 4265 Sed
1166 4211 1221 4278 jain
1244 4219 1412 4266 reuertamur
1428 4210 1461 4264 ad
1484 4210 1669 4281 propositum.
1689 4213 1806 4270 lutrense

166 4305 201 4360 nt
215 4300 249 4356 dc
259 4293 439 4371 plenitudiue
450 4295 511 4365 ejus
521 4295 791 4365 omucseccepr'mas.
804 4293 844 4349 De
854 4293 959 4350 duabus
1011 4296 1075 4354 lesu
1088 4299 1114 4352 iu
1129 4300 1181 4354 boc
1194 4300 1343 4367 castellum,
1360 4302 1420 4354 duae
1433 4315 1541 4355 sorores
1550 4300 1655 4356 Martha
1668 4312 1698 4359 et
1713 4304 1804 4370 tiana,

164 4387 276 4459 reliquis
288 4385 391 4441 dictum
404 4391 446 4438 est
460 4398 468 4435 r
484 4386 519 4438 Et
536 4381 659 4453 pratum
675 4398 727 4453 pro
740 4384 845 4454 pratia,
870 4382 898 4437 id
917 4392 959 4439 est
1011 4384 1038 4438 id
1054 4393 1094 4439 est
1108 4385 1237 4458 Operatio
1251 4394 1277 4441 et
1292 4386 1455 4455 Intellectus,
1472 4386 1609 4458 excipiunt
1623 4388 1716 4445 illum.
1735 4391 1806 4448 Exci

164 4493 277 4536 munera
292 4473 385 4546 gloriae
400 4483 508 4527 aeternae
531 4486 580 4542 pro
596 4470 692 4526 merito
716 4471 870 4542 temporalis
892 4473 958 4528 urili-
1013 4474 1089 4545 piunt
1104 4475 1226 4542 dixerim,
1252 4490 1287 4530 an
1300 4475 1494 4545 excipiuntur?
1518 4476 1573 4532 Sed
1587 4478 1646 4534 sive
1669 4481 1734 4547 boc,
1755 4481 1808 4537 sire

166 4572 222 4625 tiae.
239 4566 280 4621 Sit
292 4580 357 4635 erge
373 4562 457 4632 prima
472 4559 557 4633 gratia
577 4559 605 4613 iu
633 4575 711 4614 muro
729 4560 909 4626 coutinentia,
924 4560 958 4615 ad
1013 4564 1021 4616 i
1035 4566 1080 4616 lud
1091 4565 1205 4632 dicatur,
1221 4573 1365 4637 utrumque
1378 4566 1490 4637 prodest
1512 4565 1575 4632 illis,
1598 4581 1654 4623 uon
1676 4569 1757 4626 lesu.
1781 4572 1810 4628 [ir

163 4672 245 4730 quarn
266 4666 393 4711 vocamur
413 4651 470 4704 :sit
486 4648 603 4704 secunda
618 4649 958 4722 inasceusuturris,quam
1013 4653 1091 4708 lesus
1106 4654 1215 4726 quidem
1238 4669 1300 4710 cunt
1322 4654 1357 4708 ad
1371 4653 1430 4709 illas
1452 4655 1536 4722 venit,
1562 4655 1617 4711 duo
1642 4658 1753 4715 confert
1774 4662 1809 4717 eis

165 4743 353 4800 ascendimus:
370 4739 405 4792 sit
420 4737 498 4792 tertia
511 4736 539 4791 in
553 4737 612 4805 eius
626 4736 753 4803 culmine,
768 4754 822 4808 quo
837 4739 960 4810 perreni-
1014 4743 1191 4813 congruentia
1206 4742 1328 4815 singulis,
1345 4746 1471 4799 virtutem
1484 4751 1511 4799 et
1524 4744 1708 4818 sapientiam
1728 4749 1809 4805 virtu·

166 4849 239 4891 rnna.
255 4831 304 4885 llic
319 4839 417 4898 itaque,
429 4827 455 4880 id
471 4835 512 4880 est
524 4825 553 4879 iu
568 4827 619 4879 boc
630 4825 756 4892 culmine,
772 4843 834 4882 cum
848 4827 882 4882 ad
893 4827 960 4883 illud
1013 4840 1069 4886 tem
1084 4832 1245 4902 operationi,
1272 4833 1432 4903 sapientiam
1454 4834 1612 4891 intellectui.
1632 4837 1715 4893 Unde
1730 4840 1809 4894 etim

166 4921 328 5000 perveniunt
343 4916 388 4988 qui
409 4917 476 4970 bene
501 4913 653 4984 proliciunt,
674 4914 742 4970 liunt
761 4915 816 4984 jam
839 4916 915 4973 locus
933 4925 960 4974 et
1012 4920 1047 4974 ab
1061 4921 1190 4988 Apostolo
1206 4921 1365 4993 praedicatur
1383 4922 1431 4977 Dei
1449 4924 1545 4993 virtus,
1561 4930 1589 4980 et
1603 4925 1654 4980 ilci
1676 4927 1811 4999 sapientia

164 5013 245 5070 sedes
253 5008 379 5076 Domino,
394 5004 428 5059 de
439 5001 563 5075 qualibus
575 5004 706 5073 scriptum
720 5013 761 5059 est
777 5022 783 5061 :
801 5006 871 5062 illuc
882 5009 960 5063 enim
1012 5009 1039 5081 (l
1052 5010 1114 5064 Cor.
1129 5025 1149 5075 t,
1165 5012 1221 5081 ut).
1244 5012 1297 5067 Sed
1318 5011 1384 5083 quid
1402 5021 1453 5079 est,
1480 5013 1552 5083 quod
1579 5014 1730 5073 intrantem
1751 5033 1810 5076 eum

163 5097 357 5160 ascenderunt
379 5094 478 5163 ινιιεε,
504 5092 735 5160 retardemini,
762 5096 958 5154 testimouium
1012 5099 1115 5153 liartba
1137 5099 1245 5172 excipit,
1261 5101 1399 5170 discurrit,
1424 5100 1570 5168 ministrat;
1587 5104 1672 5159 illaria
1687 5121 1809 5164 verou-

162 5189 261 5257 lsrael,
268 5181 756 5255 adconfitcndumcomirriltomini:
770 5185 837 5255 quic
847 5184 908 5240 illic
917 5201 960 5241 ee·
1012 5203 1060 5242 cus
1073 5190 1158 5260 pedes
1172 5191 1271 5245 sedens
1283 5189 1412 5264 ingrcssi,
1434 5189 1463 5245 in
1487 5191 1548 5260 ejus
1562 5192 1676 5248 verbum
1693 5210 1746 5251 cor
1763 5212 1810 5251 stt·

164 5279 269 5335 derum
283 5276 360 5333 sedes
370 5272 516 5345 injudicio
526 5274 613 5343 (Paul.
625 5286 704 5340 cxxi,
716 5274 743 5343 t,
759 5274 795 5341 5).
807 5273 841 5328 lit
850 5275 957 5342 quidam
1012 5278 1118 5347 speudit
1134 5296 1141 5332 r
1158 5280 1210 5334 nisi
1224 5281 1296 5352 quod
1313 5279 1386 5350 prius
1401 5289 1443 5336 est
1457 5281 1538 5349 actio,
1556 5288 1738 5353 postearero
1750 5301 1812 5343 con-

157 5368 221 5421 dum
240 5365 330 5421 adbuc
349 5371 426 5419 eraut
445 5363 473 5417 iu
496 5376 573 5416 muro
592 5361 775 5432 continentiae,
799 5369 825 5416 et
847 5360 875 5415 in
898 5363 957 5418 acie
1010 5368 1166 5438 resipisse?
1187 5360 1315 5441 Quisquis
1331 5369 1403 5426 enim
1418 5371 1450 5424 ad
1478 5371 1684 5443 intelligentiam
1712 5391 1810 5446 pene.

158 5453 265 5510 stabant
283 5453 440 5526 impugnari
462 5459 597 5523 poterant,
612 5460 640 5506 et
654 5450 742 5520 primo
758 5464 886 5523 tauquam
910 5453 956 5508 ad-
1008 5455 1067 5512 ulra
1089 5457 1235 5525 desiderat,
1260 5459 1384 5530 proiecto
1407 5475 1517 5517 ueoeaae
1541 5469 1583 5517 eat
1611 5475 1642 5516 ut
1665 5464 1749 5534 prius
1762 5480 1813 5538 par
