3706 5962
53 192 108 255 ll'l.

54 328 166 390 pastum
184 323 282 379 animai
302 325 378 395 quasi
398 343 477 383 uvam
491 330 661 403 ministravit,
678 351 758 407 qnam
778 351 853 410 post·

54 424 141 481 quarn
157 410 247 464 anima
265 411 413 487 diligenter
426 416 553 488 inspexit,
568 420 632 476 dicit
646 422 716 477 iutra
735 442 783 481 sc:
801 428 855 482 Po·

55 506 110 552 test
124 496 228 570 aliquid
244 500 308 556 boni
322 517 393 558 esse.
410 504 514 562 Redibo
530 507 563 562 ad
578 525 625 564 cor
641 527 740 576 meuni,
759 526 785 569 et
797 524 854 571 tcu-

55 587 121 642 tabo
136 587 160 641 si
178 586 249 644 forte
264 588 416 663 intelligere
432 600 459 649 et
474 594 597 652 invenire
619 608 716 670 potero
745 603 853 658 mundi-

56 677 122 732 tiam
140 678 221 733 hane.
242 678 362 737 Pretiosa
387 683 461 738 enim
485 690 513 739 et
532 685 722 745 desiderabilis
746 701 786 746 est
811 709 856 748 res

56 766 117 831 ista,
138 766 219 836 cuius
233 782 409 837 possessores
425 769 497 826 beati
517 773 655 848 dicuntur,
671 777 771 852 quibus
785 781 854 837 visio

57 853 118 918 Dei,
135 870 200 926 quae
218 863 261 910 est
284 855 338 912 vita
356 865 469 926 aeterna,
485 863 662 931 promittitur,
676 882 736 938 quae
765 877 857 924 totas·

56 959 109 998 erae
138 942 287 1015 Scripturae
315 946 476 1002 testimoniis
503 949 677 1008 collaudatur.
705 956 761 1012 Hoc
789 973 855 1029 ergo

54 1030 108 1086 sibi
123 1030 235 1103 plenius
249 1032 377 1105 explicari
394 1036 565 1105 desiderans,
580 1040 674 1112 incipit
690 1044 759 1100 hanc
773 1063 853 1101 unam

55 1120 205 1175 masticare
231 1127 257 1177 et
285 1120 424 1196 frangere,
447 1140 563 1198 eamque
578 1131 654 1201 quasi
684 1131 711 1185 in
729 1135 855 1190 torculari

54 1208 134 1280 ponit
148 1227 155 1264 :
171 1209 273 1264 deiude
283 1211 383 1266 excitat
394 1213 527 1270 rationem
536 1217 571 1270 ad
586 1217 779 1291 inquirendum
791 1223 853 1295 quid

55 1298 101 1363 sit,
117 1306 147 1351 et
161 1298 299 1370 quomodo
318 1301 414 1356 haberi
430 1304 515 1372 possit
529 1304 587 1360 brec
610 1308 677 1364 adeo
692 1311 813 1380 pretiosa
828 1322 855 1368 et

55 1386 250 1442 desiderabilis
263 1388 408 1444 munditia.

363 1478 476 1536 CAPUT
499 1481 544 1535 ltl.

278 1566 408 1637 Officium
426 1567 639 1628 meditationis.

682 211 785 273 Sbed
819 215 1080 280 chlusthuhthu.

1658 225 1711 291 ttt

870 352 894 431 st
912 342 983 396 novit
997 342 1065 398 adeo
1080 358 1142 398 esse
1154 344 1311 413 jucundam.
1322 343 1377 399 Sed
1388 344 1451 416 quid
1466 344 1569 402 faciet?
1584 347 1711 404 Habendi

910 429 1044 486 desiderio
1058 439 1164 497 aestuat,
1179 433 1227 487 sed
1243 447 1296 488 non
1310 432 1413 489 invenit
1431 435 1503 505 apud
1523 450 1551 490 se
1574 439 1711 508 quomodo

910 520 1011 574 habere
1035 520 1136 592 possit:
1162 529 1190 576 et
1212 528 1313 594 quanto
1335 520 1396 592 plus
1416 520 1541 593 inquirit,
1567 523 1629 595 plus
1642 525 1708 583 sitit.

909 607 978 662 Dum
1006 608 1118 679 apponit
1140 607 1354 673 meditationem,
1374 609 1487 680 apponit
1517 618 1545 667 et
1567 610 1709 681 dolorem:

912 697 976 768 quia
989 697 1045 753 sitit
1064 697 1236 754 dulcedinem
1261 713 1341 771 quam
1356 698 1384 754 in
1397 699 1488 755 cordis
1503 700 1635 759 munditia
1649 718 1709 767 me·

911 785 1004 842 ditatio
1018 802 1080 843 esse
1088 794 1230 855 monstrat,
1251 787 1301 844 sed
1320 803 1373 842 non
1388 795 1544 860 praegustat
1560 789 1621 848 Nou
1637 791 1709 849 enim

911 885 953 931 est
971 875 1090 946 legentis
1103 884 1184 948 atque
1200 875 1355 933 meditantis
1369 877 1440 933 hanc
1455 877 1558 935 sentire
1583 877 1710 937 dulcedi·

910 980 983 1028 nem,
999 962 1050 1018 nisi
1064 964 1127 1018 data
1146 962 1230 1020 fuerit
1248 965 1376 1036 desuper.
1399 966 1505 1038 Legere
1522 966 1596 1023 enim
1611 974 1639 1025 et
1653 983 1710 1025 me·

909 1051 988 1106 diuri
1005 1056 1058 1106 tam
1077 1051 1156 1107 bonis
1171 1066 1253 1124 quam
1276 1052 1353 1106 malis
1381 1067 1524 1109 commune
1548 1061 1600 1111 est.
1615 1055 1651 1110 Et
1659 1053 1710 1125 ipsi

909 1140 1061 1211 philosophi
1083 1140 1213 1211 gentium,
1230 1141 1258 1195 in
1278 1157 1332 1214 quo
1357 1157 1463 1197 summa
1485 1142 1543 1199 veri
1564 1142 1629 1201 boni
1646 1158 1712 1201 een·

909 1229 1026 1295 sisteret,
1049 1228 1131 1284 ductu
1152 1229 1264 1284 rationis
1278 1228 1463 1286 invenerunt:
1490 1230 1539 1287 sed
1559 1231 1624 1304 quis
1647 1247 1709 1288 eum

911 1319 996 1373 Deum
1011 1318 1215 1390 cognovissent,
1232 1331 1289 1375 uon
1299 1317 1370 1375 sicut
1385 1319 1473 1375 Deum
1491 1317 1711 1393 glorificaverunt

911 1408 1000 1477 (Rom.
1022 1423 1040 1473 r,
1056 1406 1112 1476 21),
1133 1414 1159 1461 et
1176 1405 1210 1461 de
1224 1406 1280 1461 suis
1292 1405 1396 1462 viribus
1422 1414 1620 1477 presumentes
1636 1406 1710 1464 diee-

910 1494 1270 1567 incimmemmaum
1287 1494 1550 1569 magnificabimus,
1564 1496 1640 1556 labio
1646 1513 1710 1554 noe-

912 1584 1156 1641 traonobieeunt:
1166 1585 1229 1656 quis
1240 1588 1336 1641 noster
1346 1585 1480 1639 Dominus
1489 1583 1552 1639 ert?
1565 1583 1652 1653 (Paul.
1661 1598 1703 1653 xr,

91 1657 119 1708 3.
138 1652 281 1709 decedens
300 1670 368 1726 ergo
388 1655 481 1712 sedula
495 1659 645 1728 meditatio,
662 1678 717 1719 non
733 1675 856 1722 remanet
872 1650 894 1727 Β
912 1673 951 1743 5,)
967 1687 1021 1727 non
1036 1677 1194 1727 meruerunt
1206 1670 1348 1742 percipere
1360 1670 1432 1741 quod
1443 1676 1590 1741 potuerunt
1603 1670 1707 1728 videre.

56 1749 145 1807 extra,
164 1756 220 1797 non
234 1742 320 1797 haeret
333 1743 361 1798 iu
376 1745 533 1815 superficie,
549 1748 662 1806 ulterius
672 1751 771 1823 pedem
787 1753 854 1827 figit.

58 1830 195 1886 Interiora
209 1838 344 1901 penetrat,
369 1831 477 1904 singula
495 1834 625 1893 rimatur:
643 1846 747 1896 attente
762 1843 855 1898 eonsi-

58 1919 140 1973 derat
163 1919 236 1988 quod
256 1935 310 1975 non
325 1920 400 1989 dirit,
423 1923 504 1980 Beati
524 1925 627 1982 mundo
646 1943 779 2001 eorpore;
795 1933 856 1998 sed,

55 2006 161 2064 corde:
177 2007 241 2079 quia
265 2023 320 2063 non
342 2008 441 2064 sufficit
461 2028 557 2067 manus
580 2013 681 2070 habere
704 2016 857 2075 innoxiasa

57 2095 129 2149 malo
145 2110 242 2166 opere,
264 2096 315 2150 nisi
330 2113 346 2150 a
361 2099 450 2167 pravis
464 2100 671 2174 cogitationibus
694 2106 856 2164 mundemur

55 2183 83 2239 in
108 2191 212 2239 mente.
236 2183 315 2254 Quod
339 2187 500 2242 auctoritate
525 2190 665 2262 prophetea
680 2193 856 2249 confirmatur

56 2270 194 2328 dicentis:
225 2272 294 2341 Quis
317 2274 446 2330 ascendet
462 2278 493 2330 in
509 2283 632 2336 orontem
652 2282 790 2339 Domini?
803 2289 855 2339 out

56 2359 217 2433 qnisstnbit
225 2364 257 2417 in
266 2362 433 2421 locosancto
443 2368 503 2436 ejus
514 2366 528 2418 f
539 2366 673 2424 Innocens
684 2370 817 2428 monibus
826 2377 854 2428 et

55 2447 162 2506 mundtt
182 2449 264 2506 eorde
281 2449 370 2520 (Paul.
390 2467 473 2518 xxrrr,
497 2457 523 2519 3,
546 2455 584 2526 d).
609 2456 677 2512 ltem
701 2458 854 2515 considerat

54 2544 190 2608 quantum
204 2537 274 2594 bane
297 2539 387 2595 cordis
401 2540 560 2597 munditiam
576 2545 687 2615 optabat
701 2547 773 2601 idem
792 2564 855 2618 pro·

55 2626 150 2695 pheta,
166 2626 214 2696 qui
228 2640 311 2681 orans
321 2627 439 2695 dicebat,
458 2631 509 2686 Cor
520 2633 668 2703 mundum,
679 2633 774 2705 inquit,
789 2652 854 2692 creo

54 2714 86 2768 in
96 2731 153 2782 me,
170 2715 243 2772 Deus
256 2716 344 2786 (Psoi.
361 2733 388 2786 n,
404 2721 448 2789 ti)
461 2734 466 2771 :
478 2719 553 2786 item,
566 2720 596 2776 Si
605 2721 704 2792 aspexi
715 2721 853 2795 iniquita-

55 2807 112 2861 tem
127 2805 162 2859 in
176 2803 259 2861 corde
282 2821 351 2872 meo,
372 2822 428 2862 non
453 2809 589 2868 exaudiet
607 2811 744 2867 Dominus
763 2812 851 2884 (Psoi.

912 1757 1094 1811 Evauuerunt
1115 1756 1143 1809 in
1167 1753 1378 1826 cogitationibus
1391 1755 1448 1809 suis
1462 1754 1553 1823 (Rom.
1573 1770 1593 1823 1,
1611 1756 1668 1827 21),
1682 1763 1709 1811 et

911 1843 1001 1898 omnis
1015 1858 1110 1899 eorum
1124 1841 1257 1914 sapientia
1272 1841 1402 1898 devorata
1417 1849 1460 1897 est
1473 1841 1562 1910 (Paul.
1578 1857 1635 1908 cvr,
1651 1843 1710 1913 27),

911 1947 990 2003 quam
1015 1932 1056 1986 eis
1080 1931 1232 1987 contulerat
1256 1931 1380 1986 humunae
1404 1929 1521 1985 studium
1545 1929 1707 2002 discipline,

911 2035 965 2076 uon
986 2019 1096 2091 spiritus
1110 2019 1260 2091 sapientiae,
1285 2018 1330 2090 qui
1345 2016 1420 2074 solus
1434 2016 1480 2073 dat
1494 2033 1588 2075 veram
1602 2019 1709 2091 sapien-

911 2107 989 2175 tiam;
1013 2108 1133 2178 sapidam
1145 2106 1247 2164 scilicet
1261 2105 1413 2174 scientiam,
1433 2121 1495 2175 quae
1510 2105 1639 2170 animam,
1662 2106 1705 2162 eui

910 2194 1027 2259 inhesit,
1053 2193 1233 2248 inaestimabili
1249 2208 1346 2263 sapore
1360 2192 1493 2262 jucundat
1511 2201 1539 2248 et
1552 2191 1649 2249 reficit.
1675 2194 1708 2248 lit

909 2283 944 2338 de
954 2283 998 2336 illa
1008 2282 1176 2337 dictumest:
1198 2282 1344 2353 Sapientia
1362 2297 1420 2337 non
1436 2281 1558 2337 introbit
1568 2281 1600 2335 in
1621 2283 1707 2337 mule-

909 2373 1000 2428 votnm
1013 2374 1142 2427 animum
1167 2371 1242 2442 (Sap.
1259 2385 1278 2440 r,
1306 2369 1343 2438 t).
1364 2367 1428 2425 Haec
1440 2374 1531 2424 autem
1545 2384 1561 2422 a
1575 2368 1633 2425 solo
1648 2369 1707 2426 Deo

909 2469 959 2514 est.
975 2457 1102 2515 Officium
1127 2455 1201 2511 enirn
1234 2454 1386 2527 baptizandi
1415 2455 1546 2513 Dominus
1572 2455 1707 2512 concessit

914 2546 1024 2603 multis:
1046 2551 1209 2617 potestatem
1233 2558 1299 2600 vero
1321 2551 1349 2599 et
1371 2543 1557 2600 auctoritatem
1575 2541 1604 2599 in
1613 2543 1707 2616 uapu-

908 2651 967 2692 smo
977 2634 1133 2692 remittendi
1147 2641 1269 2706 peccata,
1280 2633 1332 2689 sibi
1343 2633 1393 2689 soli
1404 2632 1524 2690 retinuit.
1540 2632 1617 2688 Unde
1624 2632 1707 2690 loan-

907 2741 957 2780 nes
971 2724 1185 2780 autonomastice
1209 2731 1238 2777 et
1257 2721 1402 2778 discretive
1425 2722 1460 2777 de
1488 2736 1522 2777 eo
1545 2720 1628 2776 dixit:
1657 2724 1705 2778 liic

908 2813 1012 2885 estqui
1030 2812 1158 2884 baptizat
1172 2809 1266 2880 (loun.
1287 2825 1306 2874 r,
1321 2809 1377 2877 33).
1398 2808 1443 2864 Sic
1464 2809 1498 2864 de
1514 2822 1547 2863 eo
1563 2823 1706 2879 possumus

54 2906 121 2957 cxv,
138 2891 194 2960 ts).
209 2893 317 2965 Cogitat
330 2909 410 2966 quam
426 2893 557 2952 sollicitus
573 2907 631 2953 erat
654 2899 681 2954 in
696 2900 746 2955 hac
760 2907 853 2956 custo·
907 2900 1080 2959 dicere:llic
1093 2899 1194 2971 estqui
1216 2895 1356 2971 sapientiae
1367 2897 1560 2970 saporemdat,
1584 2903 1612 2953 et
1634 2894 1705 2965 sapi-

53 2979 97 3035 dia
110 2980 211 3037 beatus
218 2981 280 3049 lob,
296 2983 342 3053 qui
357 2982 481 3040 dicebat:
500 2987 598 3059 Pepipi
611 2987 776 3058 [eduorum
787 3007 852 3047 ocu·
869 2942 892 3021 c

54 3072 177 3135 themis,
186 3072 715 3148 necopitarernquidemdeuirginc(lob
730 3082 853 3148 xxxid).

54 3159 126 3215 Ecce
144 3165 277 3232 quantum
291 3161 414 3216 accubat
433 3162 518 3218 sevir
533 3173 651 3235 sanctus,
680 3165 727 3237 qui
750 3166 855 3223 claude

53 3249 202 3306 bstoculos
220 3264 284 3306 suos
298 3250 854 3321 nerideretvanitatem,neforteiueautus

54 3337 211 3411 respiceret
237 3339 311 3410 quod
336 3348 432 3413 postea
454 3342 554 3397 invitus
573 3343 752 3400 desideraret.
774 3347 852 3401 Post-

53 3441 133 3498 quam
148 3427 210 3483 baec
230 3436 257 3482 et
272 3427 425 3497 hujusmodi
445 3429 479 3484 dc
494 3429 583 3486 cordis
599 3432 728 3486 munditia
745 3440 852 3502 pertra-

53 3515 143 3586 ctavit,
171 3514 266 3586 incipit
279 3515 401 3588 cogitare
424 3517 458 3572 de
483 3518 543 3588 ejus
558 3519 679 3588 praemio.
696 3535 776 3589 quam
791 3520 852 3593 glo-

908 2990 971 3044 dam
989 2988 1107 3044 animam
1126 2986 1199 3043 facit.
1227 2987 1324 3043 Sermo
1348 2985 1482 3058 siquidem
1506 2983 1585 3039 datur
1601 2984 1704 3047 multis,

908 3078 956 3134 sed
972 3077 1106 3148 sapientia
1131 3077 1238 3147 paucis,
1266 3091 1347 3147 quam
1367 3072 1501 3129 distribuit
1515 3071 1647 3129 Dominus
1661 3073 1704 3128 eui

909 3168 974 3235 vult,
989 3175 1017 3222 et
1031 3165 1168 3238 quomodo
1177 3166 1243 3221 vult.

1218 3251 1330 3308 CAPUT
1349 3250 1393 3304 lv.

1158 3340 1290 3413 Officium
1303 3337 1455 3396 orationis.

943 3437 969 3488 5.
999 3433 1101 3487 videus
1129 3435 1220 3485 autem
1247 3427 1338 3482 anima
1361 3425 1434 3499 quod
1459 3425 1494 3480 ad
1518 3425 1703 3482 desideratam

906 3519 1069 3591 cognitionis
1083 3528 1112 3574 et
1134 3515 1310 3587 experientiae
1335 3514 1505 3571 dulcedinem
1528 3529 1578 3586 per
1602 3528 1703 3571 senon

54 3604 154 3660 desum
168 3613 197 3660 et
212 3603 371 3661 delectabile
382 3613 423 3662 est
448 3605 539 3663 videre
562 3604 658 3662 faciem
670 3607 850 3663 desideratam
906 3607 990 3680 possit
1005 3606 1153 3679 attingere,
1169 3611 1198 3660 et
1211 3610 1314 3675 quanto
1329 3600 1416 3673 magis
1441 3601 1476 3656 ad
1490 3616 1537 3657 cor
1556 3601 1639 3657 altum
1653 3616 1702 3658 sc-

53 3692 173 3757 Domini,
197 3693 314 3764 speciosi
342 3694 430 3749 forma
453 3711 509 3766 prae
534 3693 597 3750 filiis
622 3695 775 3762 bominum;
797 3712 851 3753 uon
905 3696 989 3761 cedit,
999 3703 1076 3750 tento
1088 3692 1175 3768 magis
1185 3691 1319 3748 exaltatur
1333 3690 1407 3746 Deus
1422 3691 1510 3761 (Prot.
1527 3705 1606 3762 nxrrr,
1618 3691 1646 3760 7,
1657 3690 1701 3761 8);

53 3795 113 3837 esse
124 3781 185 3851 jam
200 3781 337 3851 abjectum
357 3791 384 3836 et
398 3782 488 3848 vilem,
503 3799 557 3839 non
573 3784 718 3840 habentem
732 3785 850 3856 speciem
906 3784 1030 3860 humiliat
1044 3798 1085 3850 se,
1101 3790 1128 3838 et
1142 3779 1265 3855 confugit
1278 3780 1310 3834 ad
1326 3777 1488 3843 orationem,
1508 3778 1621 3834 dicens:
1643 3779 1701 3837 Do·

53 3884 104 3939 qua
117 3868 232 3925 vestivit
250 3885 314 3924 eum
340 3877 427 3926 mater
451 3887 499 3926 sua
522 3872 685 3945 synagoga:
712 3873 760 3929 sed
783 3873 851 3929 stola
906 3875 988 3942 mine,
1009 3872 1124 3945 quinon
1150 3869 1249 3925 videris
1272 3867 1354 3923 nisia
1376 3867 1485 3923 mundis
1500 3866 1641 3936 cordibus,
1660 3867 1701 3923 in·

54 3957 263 4025 immortalitatis
295 3957 430 4024 indutum,
458 3968 486 4015 et
509 3969 668 4015 coronatum
697 3960 850 4019 diademate
905 3961 1035 4036 vestigari
1066 3957 1194 4031 legendo,
1233 3955 1387 4012 meditando
1416 3955 1528 4028 quaesivi
1565 3955 1702 4029 quomodo

54 4062 104 4117 quo
116 4047 263 4103 coronarit
281 4063 344 4102 eum
369 4048 447 4103 Pater
461 4064 527 4103 suus
541 4048 568 4104 in
584 4049 627 4105 die
643 4051 851 4107 resurrectionis
905 4048 1000 4106 baberi
1014 4047 1173 4120 possitrera
1183 4043 1272 4100 cordis
1282 4042 1414 4099 munditia
1425 4062 1432 4098 :
1443 4051 1472 4098 ut
1500 4059 1533 4098 ea
1552 4042 1701 4113 mediante,

55 4147 80 4190 et
91 4135 200 4207 gloriae,
216 4133 261 4190 die
275 4151 357 4208 quam
372 4134 435 4191 fecit
449 4137 590 4192 Dominus.
608 4138 715 4210 Cogitat
735 4139 806 4210 quod
822 4140 849 4195 in
905 4138 948 4193 vel
963 4152 997 4191 on
1011 4134 1118 4191 modica
1132 4138 1209 4205 parte
1223 4145 1334 4203 possem
1353 4137 1379 4186 te
1393 4146 1569 4202 cognoscere.
1586 4129 1701 4200 Quaere·

54 4222 94 4278 ills
107 4223 216 4280 visione
230 4223 283 4279 erit
296 4224 407 4280 satietas
420 4214 479 4293 illa,
493 4226 528 4282 de
543 4241 596 4297 qua
616 4226 680 4282 dicit
696 4230 847 4299 propheta:
866 4235 890 4314 u
906 4226 966 4281 bam
982 4224 1085 4280 vultum
1100 4229 1186 4288 tuum,
1200 4219 1326 4287 Domine,
1350 4219 1453 4275 vultum
1474 4227 1547 4275 tuum
1575 4219 1700 4292 require·

56 4312 545 4384 Sotiubor,cumappnrueritptoriu
561 4314 708 4384 tnutPsol.
721 4317 847 4387 xv1,t5).
905 4314 965 4368 bam
980 4311 1067 4385 (Prot.
1092 4324 1167 4375 xxvi,
1190 4308 1229 4378 8).
1245 4307 1296 4361 Diu
1318 4306 1463 4363 meditatus
1485 4323 1544 4363 sum
1568 4305 1595 4360 in
1618 4305 1700 4363 corde

58 4399 172 4457 Videsne
188 4408 321 4471 quantum
335 4401 598 4472 liquorisemanavit
612 4419 645 4458 ex
659 4402 770 4459 minima
781 4421 847 4473 uva,
905 4417 976 4466 meo,
996 4408 1025 4457 et
1045 4399 1074 4453 in
1087 4395 1264 4453 meditatione
1279 4410 1339 4449 mea
1354 4394 1455 4451 exarsit
1478 4393 1559 4468 ignis,
1576 4393 1610 4450 ad
1624 4393 1700 4451 desi·

57 4497 171 4560 qmntm
193 4488 264 4561 ignis
287 4505 319 4544 ex
342 4492 392 4546 hac
411 4490 528 4546 scintilla
553 4499 629 4547 ortus
643 4500 700 4558 est;
718 4501 848 4562 quantum
904 4493 1010 4547 derium
1032 4485 1147 4557 amplius
1169 4481 1352 4554 cognoscendi
1377 4490 1404 4537 te
1414 4483 1502 4579 (Dect.
1523 4497 1635 4580 xxxvnr,
1662 4483 1699 4550 t).

57 4580 106 4638 bec
114 4579 226 4636 modica
236 4594 331 4647 massa,
342 4581 538 4639 beatimundo
548 4580 639 4648 corde,
649 4584 781 4656 quoniam
793 4583 849 4654 ipsi
905 4581 974 4634 Dum
989 4589 1087 4647 panem
1101 4586 1186 4628 sacre
1210 4568 1360 4666 Scripturas
1381 4567 1447 4622 mihi
1462 4566 1574 4640 frangis,
1599 4585 1628 4625 ιιι
1642 4567 1700 4623 fra·

10 4710 12 4721 .
58 4667 408 4739 Deamordebunttldattlt.
422 4671 502 4741 v,8),
517 4670 543 4725 in
556 4670 654 4726 incude
667 4671 849 4727 meditationis
904 4666 994 4723 ctione
1007 4660 1085 4735 panis
1100 4674 1199 4733 magna
1212 4664 1330 4732 cognitio
1343 4658 1473 4729 esttluc.
1485 4674 1557 4724 xxrv,
1574 4662 1620 4727 30,
1636 4657 1696 4726 eti:

57 4768 165 4814 extensa
177 4756 241 4812 esti
255 4757 309 4813 Sed
329 4766 460 4828 quantuni
475 4760 564 4815 adhuc
578 4768 673 4831 posset
686 4759 806 4828 extendi,
827 4762 849 4815 si
904 4764 932 4811 et
945 4758 1047 4826 quanto
1062 4750 1123 4822 plus
1138 4755 1163 4802 tc
1174 4759 1322 4845 eoguotwi
1336 4746 1398 4819 plus
1423 4754 1449 4802 ῑθ
1464 4762 1632 4823 wssnosoere
1647 4748 1698 4805 de·

57 4847 197 4903 accederet
211 4845 308 4917 aliquis
324 4848 387 4903 talia
406 4849 557 4920 expertus?
573 4849 666 4905 Sentio
681 4848 752 4905 euim
776 4851 848 4921 quod
904 4843 1006 4905 sidero,
1021 4854 1075 4895 1¹0⁰
1089 4839 1145 4908 lam
1160 4837 1187 4892 l¹¹
1202 4844 1302 4891 ⁰⁰fl¹⁰0
1316 4835 1426 4907 lilim,
1445 4837 1495 4892 ⁸0d
1508 4838 1536 4893 ln
1551 4853 1634 4895 &⁰⁸1¹
1648 4854 1699 4936 03·

58 4943 147 5001 putens
166 4934 239 4990 altus
253 4941 309 4991 est:
325 4935 375 4992 sed
389 4951 442 5008 ego
467 4936 557 4992 adhuc
581 4938 655 4993 rudis
672 4937 735 5005 tiro,
751 4938 779 4993 in
793 4952 849 5010 quo
903 4927 1053 5006 perieut'tae·
1077 4929 1136 4983 Nec
1160 4927 1211 4982 h00
1229 4931 1304 4998 peto,
1330 4925 1457 4990 Domine.
1474 4934 1587 4999 propter
1603 4933 1700 5023 merite

58 5037 136 5091 pam
155 5024 213 5078 haec
226 5023 364 5079 haurirem
378 5025 420 5081 vix
435 5024 536 5080 inveni.
903 5036 972 5086 moa,
988 5016 1037 5073 sed
1058 5032 1107 5086 pro
1130 5022 1177 5070 tua
1203 5012 1400 5071 misericordia.
1426 5013 1526 5071 Fateor
1541 5014 1613 5070 enim
1634 5026 1700 5085 qura

86 5114 111 5167 t.
129 5112 179 5167 llis
194 5113 283 5170 anima
297 5113 405 5169 facibus
421 5115 600 5180 inflammata,
617 5117 658 5173 his
672 5117 783 5174 incitata
797 5119 848 5173 de·
903 5111 1012 5181 indigna
1036 5112 1065 5162 θῑ
1083 5102 1218 5178 llfoelllix
1237 5117 1315 5158 ⁸⁰¹¹¹³
1331 5100 1381 5157 ⁸⁰⁶
1394 5108 1422 5157 ⁰²
1435 5103 1525 5200 “ffleffl
1552 5102 1635 5158 ΕΜ
1663 5101 1698 5156 ‘¹⁰

58 5199 168 5268 sideriis,
193 5199 277 5257 fracto
296 5202 432 5260 alabastro
453 5204 605 5261 suavitatem
620 5208 750 5278 unguenti
776 5222 848 5277 prae·
904 5199 979 5256 micis
1002 5210 1063 5268 qnae
1086 5194 1186 5253 cadunt
1212 5190 1364 5288 demensa
1384 5187 1561 5288 dominorum
1586 5202 1698 5287 suorum

58 5290 267 5362 sentireincipit,
284 5292 399 5348 necdum
410 5301 502 5365 gustu,
519 5293 653 5367 sedquasi
665 5293 769 5349 narium
782 5294 848 5350 odo·
903 5288 1016 5360 (dorth.
1036 5300 1080 5351 xv,
1096 5282 1154 5351 Ἠ).
1169 5279 1210 5335 D&
1224 5277 1298 5342 'fulb
1314 5276 1439 5347 D⁰¹¹¹¹¹²⁰i
1454 5280 1564 5376 {islam
1576 5276 1698 5377 mm·

59 5387 120 5432 ratu.
138 5378 173 5433 Et
190 5380 241 5433 hoc
255 5378 359 5453 colligit
373 5397 455 5453 quem
469 5397 552 5438 suave
571 5390 645 5439 esset
670 5382 755 5453 hujus
769 5397 847 5437 mun·
905 5380 966 5435 tatis
984 5376 1092 5441 futurae,
1120 5368 1215 5424 saltem
1243 5370 1348 5462 gutta-m
1367 5363 1486 5431 coeleslls
1510 5365 1617 5438 plum.
1644 5381 1699 5444 qn

56 5463 122 5524 ditire
131 5466 238 5524 sentire
248 5469 453 5547 experientiam,
464 5468 516 5528 8¹
525 5469 551 5529 4
561 5472 639 5542 cujus
647 5469 849 5526 meditationem
904 5467 1064 5542 refrigerem
1078 5457 1150 5517 sitim
1163 5470 1265 5527 meam,
1280 5468 1342 5525 quia
1357 5467 1450 5510 amore
1460 5454 1553 5513 ardeo.
