3706 5962
133 159 186 239 535
685 162 875 242 retulistis
893 162 935 224 llll
958 162 1127 224 tlounlottt
1144 163 1244 225 bono.
1724 160 1781 222 536

133 283 297 363 undealium
310 284 419 342 inanem
434 285 510 344 freis.
524 285 623 359 dbjice
637 304 652 344 a
666 297 692 348 te
703 289 837 363 quidquid
851 296 928 346 tuum
943 303 967 383 Ι
984 305 1046 347 cum
1060 290 1094 347 ab
1108 290 1236 348 exteriori
1250 290 1423 349 sensualitate
1438 304 1468 348 se
1482 289 1557 349 ridet
1566 288 1719 355 exclusum,
1740 286 1781 342 iu·

134 376 236 451 bouum
249 374 417 449 propositum
427 375 558 447 impedire
572 384 659 451 potest
671 379 929 437 :contemncviuens
983 379 1084 437 teriora
1095 378 1213 437 collectis
1228 381 1330 439 viribus
1358 380 1517 455 aggreditur
1547 387 1574 435 et
1602 376 1755 452 ingreditur
1770 397 1778 434 ι

136 479 197 539 quoe
213 471 274 538 post
288 470 404 522 mortem
418 479 472 521 non
487 466 587 522 babere
601 475 689 541 potes.
984 471 1032 527 sed
1046 469 1341 544 spiritualishomoqui
1369 472 1460 528 omnia
1482 470 1593 540 judicat,
1622 467 1682 539 ejus
1704 474 1781 522 astu·

171 557 215 609 35.
231 551 343 610 biiticile
366 561 416 624 est,
434 555 487 610 imo
502 554 679 626 impossibile,
709 564 738 614 ut
756 558 932 631 praesentibus
985 560 1036 616 tias
1048 575 1102 616 non
1115 561 1232 634 ignorat.
1247 561 1379 634 Reprimit
1393 562 1467 632 qnod
1482 567 1573 631 potest
1592 576 1599 627 ;
1623 557 1698 631 quod
1725 569 1781 612 non

135 640 196 712 quis
211 640 315 697 fruatur
338 640 429 714 bonis,
453 650 481 698 et
501 642 624 700 suturis:
647 645 732 701 uthic
751 652 881 713 ventrem,
906 653 933 701 et
985 655 1080 720 potest,
1096 651 1212 706 tolerat:
1241 650 1305 724 quia
1323 649 1377 706 etsi
1401 651 1529 706 latratum
1557 646 1634 705 canis
1657 645 1781 710 sustinet,

135 729 321 787 illicmeutem
337 731 466 802 impleat;
493 731 526 787 de
544 733 648 790 deliciis
672 741 789 791 trauseat
803 735 836 791 ad
863 735 932 791 deli·
984 754 1106 795 morsum
1128 756 1183 796 uon
1211 740 1297 797 timet.
1321 739 1435 806 llordet,
1458 754 1521 796 oum
1549 738 1583 792 ad
1613 748 1782 793 consensum

133 823 212 888 ‘eias3
228 829 258 877 ut
271 820 299 876 in
315 828 388 877 terra
401 828 427 876 et
441 821 469 876 iu
483 822 552 878 coelo
580 824 716 897 gloriosus
745 832 886 898 appareat.
904 825 932 880 Si
986 829 1116 901 pertrahit
1131 830 1247 899 elatrat,
1259 844 1322 885 cum
1336 829 1459 901 suggerit
1474 846 1482 899 3
1498 834 1526 882 et
1541 834 1604 883 tunc
1619 840 1674 883 nou
1686 823 1784 881 vulne·

137 909 179 983 nis
197 926 259 967 eum
287 910 378 966 laetitia
394 911 477 966 animi
504 912 606 981 vivere,
630 914 689 970 noli
711 913 795 970 multa
821 913 931 969 babere.
985 926 1036 988 rat,
1052 918 1100 973 sed
1118 925 1230 975 coronat
1245 936 1253 986 ;
1268 918 1397 990 quoniam
1413 916 1464 973 etsi
1475 915 1645 973 resistentem
1672 911 1779 987 fatigat,

137 999 218 1071 lotam
233 999 348 1071 quisque
364 999 459 1056 liniens
487 999 579 1068 vitam,
605 1001 657 1060 uisi
682 1003 753 1076 quod
781 1003 879 1059 meruit
905 1002 933 1057 iu
987 1024 1042 1066 uon
1057 1009 1158 1082 obligat
1173 1007 1225 1064 nisi
1240 1008 1463 1067 consentientem.

138 1086 207 1157 ipsa,
219 1103 272 1144 nou
287 1096 376 1160 potest
391 1090 490 1146 babere
505 1101 567 1163 post
581 1091 677 1166 ipsam.
693 1092 800 1164 Quanto
814 1107 933 1163 namque

138 1174 250 1233 inferius
263 1177 439 1246 delectamur,
455 1188 558 1237 tautoa
583 1197 700 1254 superno
720 1197 813 1238 amore
827 1180 933 1254 disjun-

139 1264 242 1339 gimur.
257 1265 355 1324 Nullus
368 1267 491 1326 sitcasus
505 1285 587 1341 quem
598 1286 652 1327 non
663 1270 799 1327 meditatio
806 1276 852 1328 tua
861 1285 934 1342 prae-

1272 1097 1386 1154 CAPUT
1404 1095 1518 1153 XXVII.

1111 1189 1150 1244 Dc
1164 1189 1303 1254 oratione,
1315 1191 1342 1246 et
1352 1187 1432 1244 modo
1441 1190 1516 1243 recte
1528 1182 1639 1242 orandi.

1024 1277 1071 1334 56.
1090 1274 1184 1334 Oratio
1195 1276 1345 1333 estmeutis
1362 1274 1469 1332 deuotio
1485 1293 1493 1340 ;
1508 1273 1535 1329 id
1550 1280 1591 1330 est
1607 1271 1785 1330 conversioiu

138 1354 257 1427 veniat:
268 1355 358 1412 nullus
373 1357 408 1414 sit
427 1373 507 1415 casus
522 1359 569 1432 qui
589 1366 616 1416 te
630 1360 793 1434 imparatum
803 1360 932 1417 inueniat.
988 1366 1073 1423 neum
1089 1381 1136 1438 per
1149 1366 1227 1438 pium
1242 1374 1269 1422 ea
1283 1365 1414 1421 humilem
1424 1363 1559 1420 allectum.
1589 1360 1727 1417 Humilem
1754 1375 1787 1416 ex

140 1444 266 1516 Pf⁰l³⁰¹¹0
287 1445 353 1501 nihil
367 1462 427 1504 ⁰⁵⁸⁰
455 1447 527 1520 qnod
551 1448 599 1505 fibi
621 1449 816 1507 ⁸001d010¹¹⁰¹¹
838 1449 933 1521 POSS‘N·
989 1453 1156 1513 couscientia
1170 1452 1333 1510 infirmitatis
1343 1451 1460 1525 propriae
1476 1469 1482 1510 :
1499 1451 1573 1523 pium
1598 1465 1635 1505 ex
1657 1447 1786 1506 conside-

141 1532 201 1589 Vita
215 1532 332 1606 iuream,
343 1535 370 1592 in
382 1553 461 1610 quarn
470 1537 545 1595 rides
557 1538 642 1595 elium
655 1555 746 1596 coram
759 1547 784 1596 te
794 1538 935 1600 cecidisse.
991 1546 1095 1601 ratione
1109 1542 1207 1599 diuinae
1221 1541 1381 1598 elementia.
1392 1539 1473 1596 Nullo
1487 1537 1540 1595 alio
1553 1536 1635 1594 modo
1658 1537 1731 1593 Deus
1747 1536 1789 1593 ci·

142 1622 266 1680 Aliorum
284 1625 400 1699 perditio
420 1636 465 1682 tna
479 1627 514 1683 sit
528 1627 627 1685 cautio.
643 1631 712 1685 bum
735 1628 880 1698 nescimus,
896 1643 939 1684 re·
956 1585 978 1664 Β
995 1631 1051 1691 tius
1076 1630 1111 1689 ad
1133 1629 1346 1687 misericordiam
1370 1629 1496 1696 flectitur,
1521 1642 1599 1699 quam
1629 1626 1653 1681 si
1679 1625 1788 1682 animus

142 1724 223 1789 pente
236 1729 310 1772 mors
323 1714 405 1773 uenit.
420 1716 561 1774 Nescimus
584 1718 657 1774 enim
672 1718 737 1790 quid
760 1718 840 1774 hodia
862 1716 942 1773 nobis
992 1720 1163 1794 deprecantis
1188 1720 1299 1778 adeum
1318 1727 1375 1776 toto
1388 1717 1541 1775 devotionis
1554 1715 1652 1773 ellectu
1671 1730 1790 1773 couver-

143 1804 300 1878 oontingat:
334 1812 361 1860 et
398 1804 556 1877 ignoramus
580 1821 615 1862 an
641 1806 692 1862 bac
720 1815 799 1863 noete
823 1807 939 1862 enimam
994 1818 1077 1866 tatur.
1098 1809 1142 1864 Nil
1164 1809 1201 1865 ita
1226 1809 1314 1865 Deum
1343 1806 1540 1878 complectitur,
1561 1803 1789 1877 quemadmodum

142 1898 261 1948 nostram
276 1892 395 1968 conditio
406 1895 500 1951 mortis
514 1896 651 1966 deposeat.
667 1896 793 1967 Quotidie
813 1898 846 1952 ad
862 1894 941 1951 tinem
993 1899 1186 1973 purusmentis
1207 1897 1329 1954 allectus.
1346 1896 1448 1953 ldcirco
1474 1911 1536 1951 cum
1560 1910 1638 1951 orare
1658 1894 1789 1960 uolueris,

142 1979 207 2036 sitae
221 1981 367 2049 tendimus,
382 1992 410 2037 et
433 1984 466 2038 ad
490 1993 604 2040 mortem
628 2000 813 2058 properamus.
837 1983 940 2041 idcirco

143 2069 259 2146 singulis
283 2070 357 2127 boris
373 2071 492 2141 rogitare
517 2073 659 2142 debemus,
676 2091 731 2147 quo
746 2075 863 2148 singulis
878 2090 940 2130 mo·

146 2161 245 2217 meotis
259 2177 446 2232 properamus.
466 2163 542 2221 Unde
557 2164 689 2220 Dominus
704 2165 740 2220 ait
755 2181 804 2237 per
819 2165 941 2236 prophe-

142 2259 199 2306 tam
209 2252 348 2309 :Per-ditio
360 2258 419 2320 tun,
430 2255 528 2321 lsrael,
540 2269 577 2311 eu
587 2259 628 2312 te:
640 2257 797 2312 tontumin
807 2257 943 2312 mcccci-

147 2342 222 2399 linm
238 2346 321 2399 tuum
333 2345 410 2411 (Osee
426 2359 485 2415 rur,
502 2343 541 2416 9).
554 2343 634 2412 Quasi
644 2344 768 2402 diceret:
786 2345 821 2400 llt
836 2358 941 2417 pereas,

141 2429 245 2503 imputa
260 2439 306 2488 tuo
320 2433 416 2490 merito
433 2450 441 2503 ;
456 2440 486 2489 ut
508 2433 632 2501 salveris,
664 2449 723 2491 meo
737 2434 848 2491 auxilio.
864 2435 943 2491 Nun-

145 2538 227 2596 quam
247 2531 353 2593 oportet
381 2524 557 2595 poenitentem
580 2525 680 2581 habere
706 2525 881 2582 securitatem
908 2525 943 2581 de

145 2609 270 2682 peccatis.
292 2611 359 2668 Nam
374 2612 506 2670 securitas
519 2612 715 2686 negligentiam
731 2613 814 2684 parit,
830 2621 857 2669 et
871 2629 944 2686 saepe

144 2700 279 2755 incautum
294 2701 327 2755 ad
338 2699 401 2756 vitia
425 2708 560 2757 transacta
573 2702 688 2758 reducit.
704 2701 764 2756 Non
779 2702 868 2757 solum
884 2717 944 2774 gra·

143 2788 198 2858 via,
215 2787 262 2842 aed
276 2796 302 2843 ct
316 2787 384 2845 levia
397 2791 519 2845 cavenda
543 2797 607 2845 sunt
630 2796 751 2862 peccata.
773 2789 856 2846 llulta
873 2789 943 2846 enim

993 1988 1067 2046 solus
1082 1987 1253 2045 solitudinem
1268 1985 1355 2062 cordis
1369 1986 1409 2041 tui
1423 1985 1565 2057 ingredere
1584 2002 1592 2041 ε
1620 1991 1648 2040 et
1674 1982 1790 2040 collecto

994 2078 1090 2151 spiritu
1104 2087 1159 2145 tuo,
1175 2077 1386 2149 integramente
1396 2083 1422 2132 et
1435 2089 1521 2132 vacua
1547 2073 1629 2142 euris,
1658 2071 1791 2130 orationis

995 2169 1107 2225 domurn
1120 2166 1190 2223 iutra
1206 2182 1213 2224 :
1230 2173 1256 2220 et
1272 2172 1346 2220 stans
1359 2180 1449 2221 coram
1465 2165 1522 2219 Deo
1538 2171 1598 2220 ante
1627 2178 1710 2219 unum
1738 2162 1790 2218 ali-

996 2256 1069 2329 quod
1085 2256 1118 2311 de
1137 2253 1277 2319 altaribus,
1294 2251 1423 2309 orationis
1439 2252 1566 2308 instantia
1594 2251 1680 2308 coelos
1703 2266 1792 2323 pene·

995 2354 1052 2403 tra;
1068 2352 1095 2400 et
1109 2351 1286 2418 presentatus
1295 2342 1387 2399 choris
1414 2340 1574 2408 coelestium‚
1614 2341 1641 2396 iu
1669 2340 1791 2413 ipsorum

996 2434 1137 2508 prasentia
1151 2433 1274 2491 miserias
1293 2440 1320 2489 et
1328 2431 1501 2501 calamitates,
1516 2446 1583 2503 quas
1598 2428 1707 2500 pateris,
1737 2429 1792 2484 mi-

996 2525 1126 2581 serandus
1145 2524 1266 2595 deplora.
1288 2523 1372 2581 Prode
1391 2528 1466 2579 tuam
1484 2520 1686 2591 necessitatem,
1709 2533 1793 2591 posce

996 2630 1091 2672 eornm
1110 2614 1247 2685 pietatem,
1263 2619 1290 2669 et
1304 2627 1337 2669 eo
1355 2611 1462 2668 conlido
1485 2610 1556 2667 ineo
1571 2610 1618 2682 qui
1640 2608 1716 2674 dixit,
1741 2612 1793 2667 Pe·

1000 2705 1063 2769 tite,
1077 2709 1106 2761 et
1115 2703 1260 2775 accipietis
1269 2703 1346 2771 (bac.
1362 2717 1403 2767 ur,
1415 2701 1454 2771 9),
1466 2699 1594 2773 quoniam
1602 2698 1625 2753 si
1637 2712 1793 2768 persevera·

998 2792 1069 2849 veris
1093 2791 1217 2863 pulsans,
1233 2804 1285 2845 non
1306 2787 1392 2846 exibis
1406 2787 1468 2843 iude
1481 2802 1591 2843 vacuus.
1606 2785 1651 2841 Sic
1665 2800 1713 2842 ora
1731 2799 1794 2841 cnm

145 2876 216 2934 levia
230 2893 315 2932 uuum
328 2878 431 2951 grande
445 2878 565 2935 alliciunt
583 2897 590 2934 ε
617 2878 687 2936 sicut
701 2881 786 2936 solent
801 2878 836 2936 de
853 2880 946 2950 parvis
962 2871 984 2953 Β
998 2879 1136 2950 oraveris,
1152 2878 1228 2950 nnat
1242 2878 1280 2935 ais
1303 2884 1460 2949 assumptus
1484 2884 1511 2931 et
1536 2880 1713 2949 praeseutatns
1732 2879 1794 2929 ante

145 2974 171 3023 et
181 2964 302 3021 minimis
323 2968 407 3041 guttis
429 2967 558 3023 immensa
585 2966 698 3023 Numina
726 2983 857 3025 crescere.
884 2969 945 3026 Non
999 2970 1096 3028 facient
1110 2967 1257 3038 majestatis
1272 2967 1299 3023 iu
1314 2967 1420 3023 excelso
1437 2967 1531 3023 tbrnno
1548 2965 1617 3022 :ubi
1630 2962 1715 3020 millia
1730 2961 1794 3018 mil-

145 3063 187 3112 est
209 3054 321 3110 dubium
346 3056 421 3128 qnod
434 3057 480 3127 qui
495 3056 561 3113 casti
585 3065 759 3127 perseverant
773 3064 800 3114 et
813 3058 944 3134 virgines,
998 3060 1067 3118 lium
1081 3059 1235 3115 ministrant
1248 3057 1283 3124 ei,
1298 3065 1324 3113 et
1339 3055 1429 3112 decies
1443 3061 1557 3113 centena
1568 3053 1650 3110 millia
1664 3051 1796 3108 assistunt

149 3144 253 3216 angelis
266 3144 314 3200 Dei
329 3143 482 3202 efficiuntur
496 3146 624 3217 aequales.
999 3151 1024 3206 ei
1039 3151 1122 3220 (Dan.
1145 3163 1196 3215 vu,
1221 3147 1277 3218 to).
1302 3146 1378 3203 Tunc
1396 3145 1525 3203 veraciter
1544 3159 1662 3212 oramus,
1686 3142 1795 3213 quando

432 3234 544 3293 CAPUT
557 3235 659 3293 xxvi.
999 3238 1108 3293 aliunde
1137 3251 1191 3294 nou
1218 3235 1377 3307 cogitamus.
1408 3235 1472 3291 Sine
1494 3231 1692 3290 intermissione
1716 3245 1797 3288 orara

153 3324 343 3380 ‘Deoenlria
361 3323 586 3396 importunitate
605 3330 632 3381 et
652 3326 777 3382 uersutia
795 3325 908 3384 dioboli.
997 3327 1130 3385 debemus
1157 3327 1184 3397 (l
1209 3326 1298 3383 lbere.
1322 3324 1506 3396 r,17).rtam
1529 3324 1599 3380 sicut
1632 3321 1736 3379 nullum
1754 3331 1797 3378 est

151 3437 153 3441 ·
183 3413 228 3470 ot.
253 3411 352 3469 Nullus
379 3413 484 3470 homiui
512 3422 565 3469 tam
594 3413 736 3487 improbus
757 3423 866 3471 exactor
892 3424 944 3484 est,
1000 3426 1174 3486 momentum,
1190 3416 1339 3487 quohomo
1354 3430 1408 3472 non
1426 3412 1529 3469 fruatur
1552 3422 1599 3469 aut
1624 3417 1714 3468 utatur
1744 3409 1797 3466 Dei

146 3508 228 3576 quam
254 3509 361 3573 venter,
390 3502 437 3575 qui
465 3503 624 3575 quotidiana
648 3503 728 3560 tarnis
755 3504 893 3562 exactione
920 3512 945 3561 te
998 3506 1096 3578 pietate
1111 3515 1138 3563 et
1152 3503 1335 3563 misericordia
1352 3525 1358 3562 :
1375 3504 1414 3560 sic
1428 3502 1532 3558 nullom
1548 3502 1628 3558 debet
1646 3514 1705 3555 esse
1734 3513 1798 3556 mo-

135 3599 238 3665 ¹urget.
255 3591 324 3648 oum
339 3592 445 3651 caeteris
460 3593 547 3664 vitiis,
565 3594 617 3649 etsi
633 3593 770 3650 interdum
799 3594 946 3664 nascimur,
999 3604 1131 3662 mentum,
1142 3610 1196 3666 quo
1217 3610 1280 3650 eum
1305 3602 1466 3664 praesentenr
1485 3605 1540 3647 non
1568 3589 1667 3647 haheat
1685 3587 1712 3643 in
1737 3602 1797 3643 me·

148 3680 284 3737 interdum
298 3678 387 3738 856
402 3691 490 3737 umen
505 3697 566 3737 cum
581 3683 622 3737 eis
640 3698 695 3740 non
715 3683 849 3740 morimur
866 3702 872 3738 :
896 3684 944 3739 aed
998 3685 1093 3741 moria.
1110 3684 1185 3739 Felix
1199 3683 1370 3753 animaque
1385 3697 1481 3738 omnes
1505 3680 1677 3753 evagationes
1695 3676 1797 3733 mentis

148 3770 433 3839 cumistonascimur,
455 3780 483 3827 et
508 3787 569 3827 eum
599 3771 652 3828 isto
685 3773 824 3829 morimur.
853 3773 944 3828 blnltis
999 3775 1027 3830 in
1039 3789 1124 3830 unum
1141 3772 1232 3828 studet
1245 3771 1384 3845 colligere,
1401 3777 1428 3826 et
1442 3769 1469 3825 in
1492 3769 1537 3826 illo
1565 3784 1635 3824 verre
1663 3766 1799 3823 felicitatis

148 3861 327 3919 creditoribus
342 3859 451 3932 reliquit
471 3876 513 3915 me
528 3860 677 3917 obnoxium
690 3869 770 3932 pater
784 3877 880 3918 meus:
896 3861 945 3917 sed
998 3863 1072 3918 toute
1085 3861 1248 3917 desiderium
1259 3858 1354 3932 figere.
1380 3858 1492 3929 Quando
1515 3873 1638 3926 oramus,
1667 3854 1798 3926 Spiritum

149 3951 184 4006 ab
200 3948 327 4004 omnibus
354 3948 486 4005 liberatus
499 3966 570 4005 sum.
586 3949 660 4005 Unus
680 3956 769 4006 tamen
788 3959 914 4022 superest
928 3965 944 4006 u
997 3959 1118 4008 sanctum
1138 3950 1172 4006 ad
1187 3965 1237 4006 nos
1250 3964 1388 4005 sommus.
1404 3946 1498 4005 Oratio
1513 3948 1603 4004 cordis
1617 3955 1667 4014 est,
1679 3958 1733 4001 non
1756 3944 1796 3999 la·

148 4054 202 4111 quo
218 4037 327 4094 liberari
337 4054 391 4094 nou
406 4052 530 4110 possum,
546 4037 573 4095 id
587 4049 629 4095 est
639 4047 740 4096 rentur.
757 4039 855 4096 Venter
874 4055 945 4111 prae-
999 4040 1116 4097 biorum.
1132 4041 1224 4112 Neque
1248 4037 1319 4096 euim
1334 4039 1414 4094 verba
1429 4037 1596 4110 deprecantis
1610 4037 1683 4093 Deus
1705 4035 1797 4091 inteu-

148 4136 229 4200 eepta
244 4142 297 4185 non
312 4128 409 4182 audit:
434 4127 532 4198 poscit,
559 4129 685 4200 appellat.
708 4126 767 4186 Nou
795 4136 835 4185 est
855 4137 944 4185 tamen
999 4131 1038 4184 dit
1053 4149 1061 4199 ;
1076 4128 1123 4184 sed
1136 4129 1238 4185 orantis
1251 4142 1299 4184 cor
1312 4127 1416 4199 aspicit.
1433 4127 1480 4182 Vis
1503 4127 1615 4183 virtutes
1634 4133 1696 4181 tuas
1715 4139 1799 4198 auge·

148 4216 289 4274 modestus
299 4215 523 4286 creditortpnrvn
533 4216 685 4285 dimittitur,
700 4217 722 4272 si
737 4217 817 4274 modo
837 4217 943 4274 dederis
999 4218 1181 4276 reteronere
1206 4217 1271 4274 uoli.
1295 4216 1373 4286 Quod
1402 4215 1600 4273 manifestando
1617 4225 1696 4288 potes
1719 4213 1798 4269 arnit-

150 4306 258 4380 'eiquod
269 4306 361 4372 debes,
376 4321 431 4363 uon
444 4306 519 4379 quod
543 4313 629 4378 potes.
646 4305 783 4375 Quosdam
797 4307 945 4381 presciens
999 4316 1067 4374 tere,
1087 4307 1201 4365 tacendo
1223 4307 1339 4364 custodi.
1355 4306 1520 4376 Quibusdam
1536 4305 1608 4362 enim
1639 4319 1799 4362 concessum

150 4394 223 4453 Deus
238 4411 351 4468 peccare
367 4411 457 4468 posse,
471 4395 499 4450 in
510 4396 625 4453 salutem
640 4395 759 4469 flagellat
773 4396 947 4452 eos'intirmi·
1000 4404 1040 4455 cst
1055 4404 1157 4453 tanturn
1173 4396 1342 4470 beueagom,
1359 4403 1386 4451 et
1398 4394 1514 4451 fructum
1528 4394 1592 4451 boni
1615 4393 1706 4467 operis
1742 4408 1798 4448 nen

149 4494 205 4544 tate
232 4487 366 4560 eorporis,
385 4502 421 4542 ne
435 4493 547 4557 peccent
561 4504 568 4541 :
583 4493 612 4541 ut
626 4485 665 4544 eis
684 4485 775 4543 utilius
799 4485 834 4542 sit
860 4485 947 4561 frangi
1000 4486 1101 4543 habere
1113 4505 1120 4543 :
1131 4486 1202 4558 quod
1212 4486 1265 4558 ipsi
1279 4484 1329 4540 sibi
1343 4484 1469 4541 auferunt
1479 4499 1527 4557 per
1540 4484 1659 4539 studium
1672 4484 1799 4539 humanae

148 4575 329 4650 languoribus
343 4575 377 4630 ad
391 4574 514 4645 salutern,
534 4591 618 4649 quam
632 4591 770 4633 remanere
796 4573 947 4634 incolumes
1000 4574 1146 4647 iactantiae.
1163 4573 1235 4631 Sicut
1249 4573 1351 4648 glacies
1361 4573 1451 4631 calore
1466 4571 1634 4643 dissolvitur,
1659 4573 1696 4628 ita
1711 4571 1799 4628 virtus

149 4665 184 4723 ad
205 4664 414 4721 damnationem.
443 4665 491 4720 Est
513 4665 668 4736 perniciosa
694 4665 803 4736 sanitas,
830 4682 892 4739 quae
913 4667 947 4723 ad
1001 4681 1048 4724 ore
1060 4664 1204 4721 laudantis.

148 4752 358 4810 inobedientiam
377 4752 450 4809 ducit
465 4769 472 4811 :
485 4759 526 4809 est
540 4762 567 4809 et
582 4752 697 4810 salubris
711 4752 862 4826 iufirmitas,
887 4770 948 4826 quae
1005 4800 1008 4807 .
1038 4757 1083 4812 57.
1095 4752 1162 4809 Cum
1176 4752 1210 4808 ad
1226 4767 1379 4809 cormeum
1393 4752 1484 4809 redire
1501 4752 1574 4824 volo,
1596 4750 1799 4809 desideriorum

150 4858 201 4916 pcr
223 4842 340 4900 divinam
359 4843 559 4917 correptionem
574 4851 690 4900 mentem
704 4858 721 4898 a
735 4841 834 4900 duritia
848 4842 949 4917 frangit
1000 4840 1148 4901 carnalium
1162 4841 1247 4898 turbe
1263 4841 1448 4912 tumultusque
1470 4843 1596 4897 uitiorum
1612 4881 1619 4911 ‚
1639 4839 1799 4897 tentationi·

149 4933 323 4991 ethumiliat.
710 4925 711 4929 ’
1003 4930 1333 5004 bussuiscogitatiouem
1348 4945 1435 4985 meam
1452 4929 1593 5002 dissipant,
1610 4937 1638 4986 et
1669 4929 1800 4987 intentio·

185 5026 231 5080 55.
246 5021 376 5078 Diabolus
390 5019 499 5096 quando
516 5020 644 5091 decipere
664 5035 826 5093 quemquam
854 5028 950 5092 tentat,
1003 5037 1065 5079 uem
1079 5019 1169 5076 cordis
1187 5018 1214 5074 iu
1229 5019 1349 5076 oratione
1364 5019 1530 5090 perturbant.
1546 5019 1580 5074 Et
1593 5019 1658 5075 dum
1676 5020 1801 5077 converti

150 5112 227 5184 prius
244 5121 367 5168 naturam
381 5110 595 5180 uniuscnjusque
614 5108 751 5166 intendit:
778 5117 804 5166 et
831 5109 892 5166 inde
921 5127 952 5168 se
1005 5111 1039 5167 ad
1053 5112 1137 5166 Deum
1162 5116 1224 5181 post
1251 5115 1404 5181 perpetrata
1431 5109 1495 5166 uitia
1522 5109 1630 5176 studeo,
1659 5118 1684 5165 et
1706 5117 1801 5167 contra

151 5203 268 5275 aprplicat
283 5201 355 5258 unde
376 5207 469 5275 aptum
483 5198 621 5256 hominem
635 5201 667 5257 ad
689 5198 858 5270 peccandum
880 5201 952 5272 aspi·
1005 5203 1063 5257 hec
1076 5198 1169 5255 eadem
1183 5198 1259 5269 uitia,
1276 5214 1338 5271 qua
1351 5197 1513 5271 perpetravi,
1529 5198 1603 5253 illum
1617 5212 1731 5254 exorare
1753 5212 1800 5255 co-

147 5292 196 5348 eit.
212 5290 322 5348 Blandis
336 5299 363 5347 et
377 5289 484 5347 leuibus
507 5289 642 5346 mentibus
667 5289 812 5361 luxuriam,
846 5299 891 5346 ant
903 5305 952 5347 ra·
1004 5306 1054 5348 nor
1068 5309 1077 5360 ς
1093 5296 1239 5346 occurrunt
1251 5288 1327 5346 cordi
1343 5287 1530 5361 phantasmata
1543 5295 1717 5358 peccatorum
1737 5301 1800 5359 quae

148 5395 212 5435 nam
227 5379 340 5452 gloriam
362 5379 506 5454 proponit:
524 5380 629 5451 asperis
642 5395 706 5436 vero
721 5379 857 5435 mentibus
871 5376 949 5448 iram,
1004 5379 1067 5451 ieci,
1081 5388 1110 5436 et
1122 5378 1219 5438 mentis
1234 5394 1300 5437 meae
1313 5376 1399 5436 aciem
1413 5378 1599 5446 reverberant,
1628 5375 1801 5434 contundunt

149 5468 318 5542 superbiam,
347 5468 389 5527 rel
424 5469 622 5528 crudelitatem.
650 5467 830 5527 Adversarius
857 5477 950 5526 noster
1001 5468 1132 5538 animum,
1162 5476 1189 5527 et
1209 5465 1409 5542 deprecationis
1436 5481 1503 5526 nreae
1534 5481 1631 5525 rocem
1658 5473 1799 5540 premunt.
