3706 5962
98 211 165 274 loct
505 209 538 271 tlt
557 208 771 271 adlteflollali
792 212 900 271 SALVE
936 213 1064 273 neothi
1084 212 1255 277 monotes
1271 214 1316 275 lv.
1674 213 1745 275 loct

97 352 161 392 uem
178 345 294 394 nostram
322 335 529 404 discutiendum,
557 334 666 401 iratres,
690 335 895 408 assumpsimus,
912 354 936 435 Α
988 342 1014 396 ι.
1030 339 1163 397 Leremus
1176 356 1252 416 erqo,
1265 338 1370 410 iratres,
1385 357 1433 398 cer
1449 351 1646 405 nostrnmcnm
1656 340 1744 398 mani·

97 425 161 494 quia
174 426 284 496 speciali
298 425 442 481 dulcedine
457 425 541 481 multe
560 422 689 480 refertum
708 424 897 483 masticatione
951 426 1003 485 bna
1017 428 1051 483 ad
1061 444 1132 495 eam,
1146 440 1173 485 et
1186 431 1432 502 appropinquemus
1446 433 1472 487 ei
1488 431 1614 502 passibus
1627 430 1742 500 amoris,

97 522 222 569 continua
238 514 398 583 reperimus.
422 513 520 568 Nema
538 513 653 569 summis
671 513 750 570 labiis
763 513 896 570 canticum
951 516 1122 573 immolantes
1134 518 1159 572 el
1173 517 1287 573 hostiam
1303 519 1390 575 laudis
1410 519 1554 575 reddentes
1573 519 1600 575 ei
1615 496 1677 577 rota
1691 534 1741 575 no·

97 602 168 660 istud
183 602 295 657 etlnsum
311 601 392 658 venit.
409 602 498 658 Habet
510 601 799 658 eniminndamentnm
814 618 820 656 :
836 601 898 659 iun·
952 604 1057 660 strada
1072 605 1115 661 die
1129 606 1156 660 in
1177 605 1258 674 diem,
1275 606 1309 661 de
1325 606 1390 663 hora
1405 607 1432 661 in
1448 608 1551 674 horam,
1566 606 1685 663 dicentes
1699 621 1744 662 aa·

96 688 250 745 dementum
266 691 325 759 ejus
338 689 365 744 io
380 689 519 745 montibus
542 689 661 756 sancus,
689 688 898 745 laudamentum
951 695 1029 751 sidae
1054 710 1061 749 :
1087 693 1192 766 «salve,
1217 695 1321 766 Regina
1349 694 1566 751 misericordias.»
1580 694 1649 765 Quis
1679 693 1744 750 mihi

96 779 157 848 ejus
184 779 297 834 internae
325 778 477 836 dulcedinis
504 779 622 836 suavitas
645 785 698 837 est.
718 779 754 835 Et
778 778 898 834 abibae
950 783 1032 854 digne
1050 782 1131 852 hujus
1148 784 1277 840 carminis
1297 783 1430 840 reserabit
1450 783 1669 840 sacramentnm?
1683 784 1744 854 quis

96 869 151 922 nisi
167 869 194 922 in
211 868 348 925 montibus
370 868 480 936 sancho,
514 870 567 925 boc
586 876 629 924 est
647 867 675 924 in
689 867 828 925 manneae
847 882 897 924 no·
951 871 1015 927 mihi
1035 872 1116 945 digne
1134 872 1250 946 explicet
1269 881 1323 927 tam
1345 873 1460 929 insolitae
1474 871 1644 930 salutationis
1658 887 1742 927 exer-

95 955 159 1015 stris
168 957 183 1010 ‘l
193 959 216 1012 Α
226 957 326 1014 sanctia
335 957 548 1028 compositurnm
558 954 657 1012 sancis
667 955 895 1027 institutnmltitt),
951 960 1047 1017 dinm‘l
1061 959 1146 1034 Origo
1160 961 1273 1018 lentium
1288 971 1315 1017 et
1329 961 1480 1029 llnminum,
1495 977 1580 1028 mare,
1614 961 1745 1016 virtutum

94 1044 176 1116 digne
195 1044 412 1116 frequentabitur
434 1045 516 1102 etiam
530 1059 546 1101 a
560 1043 671 1103 sanctie.
687 1045 721 1101 lit
735 1060 799 1102 rere
813 1042 897 1100 nisia
951 1050 1063 1116 suarm,
1084 1061 1126 1108 ese
1146 1050 1319 1108 aasumensi
1338 1049 1452 1109 seientia
1469 1060 1621 1107 sanemur
1636 1049 1744 1105 bieria:

96 1133 229 1205 religiosis
243 1141 271 1190 et
285 1133 430 1193 allectione
443 1142 537 1191 sancta
548 1132 727 1198 lareribus.
742 1149 791 1190 nec
813 1131 898 1190 subti-
951 1135 1015 1206 qnia
1029 1135 1099 1191 sieut
1112 1136 1153 1191 sel
1167 1134 1296 1191 universa
1310 1133 1484 1192 coelilnmina
1497 1133 1626 1207 praecellit
1639 1147 1745 1206 praro-

94 1223 157 1278 liter
170 1222 294 1297 intelligi,
314 1240 364 1280 nec
386 1223 537 1281 efficaciter
552 1224 653 1297 poterit
678 1221 825 1280 decantari.
848 1222 897 1278 list
951 1225 1039 1295 garira
1061 1223 1189 1280 claritatis
1209 1222 1380 1291 eximi1e3sic
1399 1223 1457 1294 ipsa
1480 1231 1564 1279 totam
1585 1220 1746 1280 rationalem

96 1311 167 1379 enim
181 1320 237 1368 tam
253 1328 335 1369 snare
350 1313 384 1368 ad
399 1312 525 1384 gratiam,
550 1323 603 1368 tarn
623 1311 770 1369 fecundum
785 1311 818 1366 ad
835 1326 897 1366 sen·
951 1321 1103 1370 creatnram
1125 1320 1187 1384 post
1207 1310 1307 1369 Filium
1329 1312 1455 1384 praeccllit
1474 1310 1621 1384 splendore
1639 1310 1747 1369 virtutis

96 1399 331 1467 cathanensium
357 1400 522 1471 prolundum
535 1400 570 1456 ad
595 1401 734 1473 mysteria.
748 1400 812 1455 Tale
826 1397 896 1454 enim
951 1416 983 1460 ac
996 1401 1126 1459 scientie.
1142 1401 1184 1457 td
1198 1415 1257 1458 eam
1272 1414 1327 1457 non
1348 1401 1500 1472 incongrue
1521 1401 1657 1471 pertinere
1675 1399 1745 1457 dici·

96 1490 147 1554 est,
160 1504 215 1560 que
226 1491 232 1542 l
245 1505 260 1543 a
271 1487 348 1544 uobis
359 1488 525 1544 considerari
535 1499 563 1545 et
572 1487 680 1555 discuti,
694 1486 894 1558 prontdignum
952 1507 1022 1561 mos,
1036 1492 1111 1563 qnod
1121 1490 1253 1563 scriptum
1267 1491 1311 1546 esl
1325 1508 1333 1546 :
1348 1488 1436 1558 Quam
1447 1491 1517 1547 bana
1531 1488 1650 1545 Domina
1662 1485 1747 1546 lsrael

95 1585 137 1632 est
150 1592 202 1632 nou
220 1578 317 1634 valeat.
333 1577 375 1633 Ex
391 1592 425 1633 eo
447 1584 537 1632 autem
560 1576 634 1649 quod
657 1577 776 1632 suaviter
803 1585 893 1646 sorar,
949 1579 990 1634 his
1004 1579 1050 1651 qui
1065 1585 1139 1636 recto
1153 1588 1216 1634 suot
1229 1577 1326 1634 cordel
1341 1579 1428 1646 (Psoi.
1443 1592 1530 1641 axxrr,
1543 1579 1582 1648 l.)
1606 1574 1659 1646 Qui
1673 1583 1746 1632 recto

96 1664 197 1719 mulcet
219 1664 355 1731 allectum,
379 1673 408 1722 et
429 1665 464 1721 de
486 1680 615 1721 sensnum
631 1666 752 1721 ubertate
774 1673 892 1719 mentem
910 1644 932 1720 Β
947 1669 1039 1739 corde,
1055 1677 1082 1725 et
1096 1677 1168 1724 recte
1186 1665 1215 1722 io
1230 1665 1357 1724 omnibns
1368 1665 1550 1732 consentiunt,
1562 1665 1672 1723 bireoto
1683 1677 1746 1722 aaut

96 1753 258 1827 impinguet,
283 1762 311 1808 ct
332 1755 359 1810 in
384 1752 510 1809 Sanctam
531 1760 697 1821 sanctorum,
726 1751 895 1809 advocatam
949 1755 1102 1827 corde;hie
1112 1753 1361 1820 hermamonem,
1375 1752 1563 1812 salabonitate
1576 1768 1626 1810 sua
1638 1760 1746 1826 agente,

94 1839 195 1896 scilicet
209 1848 347 1910 nestram,
361 1841 429 1898 dum
442 1841 595 1913 camqnasi
614 1847 776 1912 praesentem
788 1838 895 1904 salum,
949 1842 1101 1916 praesentiae
1122 1858 1179 1900 sne
1205 1849 1305 1900 tanam
1321 1843 1482 1916 plemmqne
1500 1843 1608 1916 copiam
1628 1842 1746 1905 exhibet,

95 1929 190 1983 omnia
206 1929 334 1985 interiora
348 1939 443 1986 nostre
462 1928 620 1986 medullitus
633 1928 791 1985 inflammat.
805 1925 895 1998 Opor-
949 1939 977 1989 et
1001 1931 1138 2004 quamsit
1157 1930 1278 1998 orabilis,
1302 1930 1466 1988 exhibitione
1487 1930 1632 2005 impertitae
1655 1928 1747 2005 gratiae

96 2027 133 2073 ter
148 2016 223 2071 enim
236 2024 266 2073 ut
279 2018 359 2074 nobis
386 2025 547 2090 presentem
571 2033 633 2075 esse
654 2018 787 2084 dimmns,
816 2031 897 2087 mam
949 2020 1036 2086 docet,
1059 2026 1089 2074 ut
1107 2019 1229 2077 innovati
1246 2019 1344 2090 spiritu
1364 2018 1531 2092 proclament
1551 2034 1600 2091 per
1620 2018 1748 2077 consola·

96 2112 256 2176 prcesentem
272 2103 440 2174 salomonen
456 2113 580 2162 ettotam
594 2105 690 2161 animae
704 2113 805 2162 nostrae
821 2105 897 2160 trini·
951 2111 1051 2166 tionem
1066 2108 1252 2179 experientia,
1267 2128 1280 2160 r
1297 2108 1388 2181 Salve,
1404 2108 1512 2182 Regina
1524 2107 1746 2166 misericordiae.»

94 2202 178 2250 tatem
188 2193 216 2248 in
230 2210 290 2250 eam
306 2193 467 2266 dirigamus,
482 2202 629 2266 mamurra
639 2191 823 2250 devotissimis
835 2209 899 2265 pre·
950 2199 981 2255 ln
999 2197 1041 2253 bis
1063 2195 1242 2270 intelligentia
1258 2210 1313 2253 non
1336 2195 1416 2268 capit,
1438 2197 1489 2252 nisi
1514 2203 1642 2268 qnantum
1660 2209 1745 2265 expe·
1831 2218 1836 2223 ·

95 2283 172 2341 cibus
187 2298 340 2342 exoramus.
358 2283 490 2356 agnoscit
507 2290 594 2355 certe,
608 2292 634 2338 ct
648 2281 739 2355 diligit
752 2281 898 2357 diligentes
950 2287 1048 2345 rientia
1069 2287 1151 2358 sapit.
1170 2285 1235 2341 Sola
1255 2284 1347 2342 uncae
1361 2284 1479 2357 Spiritus
1498 2285 1578 2342 docet
1596 2285 1664 2342 bec.
1685 2284 1748 2340 Plus

94 2388 135 2445 se,
152 2379 179 2429 et
194 2388 280 2445 prope
293 2380 336 2429 est
349 2371 377 2427 in
390 2372 500 2430 veritate
510 2371 702 2429 invocantibus
711 2386 742 2428 ae
757 2387 766 2429 2
780 2385 898 2444 praeser-
951 2374 1023 2434 velet
1036 2375 1081 2432 hic
1093 2373 1197 2447 jubiles
1212 2373 1315 2442 cordis,
1328 2389 1411 2446 qnam
1423 2373 1550 2447 strepitus
1567 2370 1642 2443 oris,
1658 2379 1749 2430 motus

95 2461 145 2516 tim
159 2459 204 2516 his
218 2475 288 2531 quos
302 2460 378 2517 videt
391 2459 442 2517 eibi
457 2460 613 2518 conformes
633 2458 721 2516 iactos
733 2457 762 2514 in
775 2458 899 2517 castitate
952 2467 1125 2542 gaudiorum,
1136 2479 1219 2539 quam
1233 2480 1316 2524 sonus
1330 2465 1485 2533 laberium
1506 2463 1683 2524 consonantia
1697 2478 1744 2522 vo·

95 2556 124 2606 et
140 2548 306 2618 hnmilitate,
323 2548 346 2604 ai
362 2557 450 2607 tamen
467 2549 623 2607 charitatem
643 2547 804 2620 adjecerint,
823 2555 888 2605 etto
951 2557 1092 2623 laniatum,
1114 2553 1200 2627 magis
1223 2570 1305 2626 quam
1325 2569 1433 2611 recum.
1453 2555 1507 2612 Pro
1525 2551 1681 2625 huiusmodi
1705 2552 1749 2609 di·

97 2649 151 2694 tam
164 2654 243 2710 spem
256 2655 343 2707 snare,
360 2646 423 2712 post
437 2639 537 2696 Filium
550 2655 640 2707 suum,
658 2639 684 2693 in
699 2654 733 2694 ea
746 2638 898 2710 posuerint,
951 2659 1013 2702 cere
1030 2650 1142 2700 eentum
1158 2641 1222 2699 duxi
1237 2658 1245 2698 ι
1260 2641 1328 2712 Quis
1351 2641 1417 2699 mihi
1435 2641 1564 2700 carminis
1578 2641 1661 2713 buius
1676 2655 1750 2699 rese·

94 2734 123 2783 et
136 2735 192 2784 toto
207 2727 290 2785 corde
316 2728 484 2800 quaesierint,
506 2735 617 2784 orantes
641 2737 668 2783 et
682 2725 840 2799 frequenter
853 2725 899 2780 di·
952 2730 1022 2788 rabit
1036 2728 1256 2788 commentum?
1272 2727 1339 2799 Quis
1359 2745 1410 2802 pro
1431 2745 1492 2788 raro
1505 2729 1557 2787 diei
1575 2729 1655 2787 aelst.
1676 2728 1749 2786 liora

95 2825 210 2873 centes:
234 2836 246 2868 ι
265 2815 398 2883 Subveni,
418 2815 547 2883 Domina,
570 2815 749 2872 clamantibus
763 2816 796 2872 ad
811 2820 838 2870 te
855 2815 898 2886 ju·
952 2820 1087 2894 siqnidem
1106 2818 1166 2877 avis
1179 2819 1208 2879 in
1223 2826 1304 2891 terre,
1319 2827 1420 2876 enom
1441 2817 1590 2890 promereri
1609 2817 1749 2881 miliari·

95 2904 196 2979 giler.»
214 2905 458 2978 (deterescat.
474 2906 508 2964 de
518 2908 547 2962 a.
567 2903 718 2978 Virq.)Nen
738 2904 897 2976 espematur
912 2923 936 3003 Β
950 2914 1032 2965 tatem
1056 2908 1085 2963 in
1121 2905 1208 2963 oculis
1238 2904 1396 2977 maiestatis,
1426 2913 1558 2976 quatenns
1584 2903 1750 2977 experientia

95 2992 223 3050 allectum
251 2994 423 3067 predulcem,
439 2995 535 3067 ingens
553 2992 729 3061 desiderium,
743 2989 895 3049 inundatio·
948 2995 1061 3055 indulte
1087 2996 1182 3070 gratia
1211 2995 1385 3068 presentiam
1413 2994 1486 3052 illius
1510 3008 1663 3069 aquescens
1686 2993 1750 3068 qnia

95 3097 159 3139 nem
187 3081 376 3155 lacrymarum,
402 3083 588 3148 assiduitatem
614 3098 727 3154 precam
743 3080 895 3155 quorumli·
948 3086 1039 3146 valeat
1073 3085 1210 3142 exsultans
1242 3083 1365 3142 dicere:
1393 3082 1512 3154 «Salve,
1546 3082 1652 3158 lteqina
1695 3082 1749 3139 nri·

94 3173 143 3228 bet
156 3170 280 3245 qnamms
293 3177 483 3243 peccatorum3
499 3171 523 3226 si
538 3170 753 3229 tamenlareriat
768 3169 895 3225 amalitia
948 3175 1110 3233 sericordiae.
1126 3175 1226 3232 »laste
1248 3171 1354 3247 Regiae
1376 3173 1481 3244 mundi,
1506 3180 1533 3230 et
1552 3171 1657 3247 Regina
1686 3170 1749 3230 cccli

94 3275 152 3328 cor,
163 3260 340 3319 dissolverint
349 3259 539 3334 colligationes
548 3258 704 3332 impietatis,
715 3259 847 3317 solverint
857 3258 896 3315 la·
948 3263 1056 3330 dicitnr,
1073 3277 1122 3334 per
1144 3278 1225 3332 qnam
1248 3261 1392 3332 utriusque
1411 3260 1524 3318 Creator
1546 3268 1575 3317 et
1591 3261 1689 3317 Rector
1702 3275 1749 3331 qe·

95 3350 215 3409 seiculos
228 3350 421 3424 deprimentes,
432 3348 582 3408 dimiserint
599 3349 647 3420 qui
663 3349 739 3406 tratri
758 3349 896 3405 enotlibe·
949 3358 1073 3407 neratnr.

95 3456 151 3508 ros,
167 3447 195 3497 et
208 3455 288 3497 omne
310 3454 380 3512 opus
403 3436 577 3511 diripuerint.
596 3437 666 3493 Data
683 3435 764 3494 eetei
779 3443 896 3508 potestas
986 3436 1397 3511 3.llerumquopactodiclture
1412 3434 1746 3508 Reginamisericordie,s

95 3532 126 3586 in
139 3532 209 3588 coelo
226 3537 254 3587 et
269 3530 296 3585 in
311 3538 393 3599 terra,
416 3544 476 3600 qna
490 3542 570 3599 posse
585 3529 706 3598 potestas
724 3532 775 3593 est,
792 3525 819 3581 io
835 3539 897 3582 ma·
951 3542 1014 3584 cnm
1028 3525 1217 3584 misericordia
1229 3539 1282 3581 aon
1299 3523 1450 3583 substantia
1460 3524 1553 3582 sitsed
1563 3525 1750 3598 pietassnper

94 3619 178 3675 nibus
201 3619 260 3688 ejns
283 3616 338 3672 rita
351 3626 379 3673 et
402 3615 499 3689 spiritu
521 3615 618 3682 nostri,
642 3621 669 3671 et
682 3613 754 3672 oculi
776 3615 898 3674 omnium
952 3632 993 3672 nae
1008 3613 1170 3680 clementiae,
1182 3614 1226 3672 rel
1236 3611 1345 3672 allectio
1359 3613 1478 3685 benigna
1494 3611 1629 3670 rationalia
1638 3621 1749 3671 creatu-

96 3708 310 3767 Christianorum
336 3709 365 3765 in
396 3723 456 3764 eam
483 3715 603 3779 sperent,
637 3714 665 3764 et
692 3705 752 3779 ipsa
783 3703 833 3763 dat
857 3705 899 3763 eis
952 3700 1741 3778 rae?lietonymiccerqopoteritintelliqi,hocestperelli

95 3807 184 3857 meten
198 3799 302 3871 qratia,
317 3814 370 3870 qna
382 3798 462 3870 plena
472 3803 524 3864 est,
538 3796 567 3853 in
582 3804 704 3869 tempore
731 3802 896 3868 opportuno.
952 3795 1069 3852 cientem
1082 3794 1110 3849 id
1124 3792 1199 3865 qnod
1215 3791 1329 3849 allicitur
1345 3810 1353 3848 ι
1369 3799 1398 3849 ot
1413 3789 1684 3864 epuemiserieerdie
1700 3807 1748 3864 pro

133 3939 191 4010 (68)
204 3939 293 4010 liujus
320 3939 474 4010 antiphone
487 3946 624 3995 auctorem
651 3937 734 3994 luisse
766 3937 898 3993 Herman-
950 3930 1090 3992 dolamine
1105 3932 1250 4017 decantari,
1269 3932 1413 4016 primoque
1428 3931 1574 4017 credidisse
1587 3930 1670 3988 inisse
1686 3947 1751 3989 con-

97 4027 161 4066 num
181 4008 369 4078 contractum,
392 4010 552 4067 monachum
570 4010 784 4075 benedictinum,
812 4007 897 4081 pluri·
952 4013 1063 4062 ventam
1085 4021 1118 4060 ac
1130 4005 1230 4062 drxrsse
1245 4005 1335 4060 abban
1349 4005 1393 4061 dre
1407 4014 1532 4079 sequenti
1548 4021 1556 4061 t
1574 4003 1685 4088 Optime
1700 4003 1750 4059 de-

98 4083 152 4135 bus
167 4081 263 4149 probat
275 4081 360 4137 Wloa
373 4079 449 4161 ligni
464 4079 543 4143 llitae,
556 4080 604 4137 lib.
615 4095 644 4151 ι,
660 4096 719 4151 cap.
732 4082 793 4146 lob,
812 4080 895 4137 variis
910 4092 934 4172 ῃ
948 4075 1563 4150 cantastisootlplroncmdel’odiohccaecta
1572 4077 1752 4134 carcecltore

99 4149 280 4211 recentiorum
304 4151 428 4205 adductas
452 4150 622 4218 testimoniis,
649 4152 750 4224 quibus
767 4151 812 4206 bic
830 4167 896 4208 con·
955 4149 987 4205 Β.
1008 4149 1080 4204 Vir.
1104 4148 1247 4204 Dicebatur
1262 4155 1353 4204 antem
1375 4145 1539 4221 Antiphone
1561 4145 1752 4217 depectere

99 4230 191 4280 textus
204 4218 330 4277 nonnihil
343 4220 481 4301 aduersari
504 4219 623 4291 ridetur3
639 4237 704 4277 unm
718 4222 900 4279 llermannum
957 4221 1029 4290 quod
1048 4166 1193 4276 geimarus
1213 4217 1358 4290 episcopus
1372 4216 1512 4274 Pediensis
1526 4232 1586 4273 mm
1600 4214 1750 4297 leceris...

99 4293 186 4349 sancti
216 4290 326 4348 nomine
356 4289 514 4363 insrqnitum
543 4290 636 4347 nullibi
665 4291 741 4365 lego.
768 4293 903 4350 Praeterea
958 4291 1035 4347 Unde
1064 4291 1091 4345 in
1104 4290 1224 4361 quodam
1240 4288 1358 4358 capitulo
1372 4285 1489 4361 generali
1503 4287 1629 4359 (lietera,
1642 4300 1750 4342 reniam

98 4366 216 4421 loannes
236 4363 364 4429 Eremita,
380 4362 428 4419 lib.
445 4378 467 4419 ιι
482 4360 550 4418 llitae
571 4361 600 4418 S.
615 4363 709 4428 Rern,
724 4378 800 4420 num.
816 4365 844 4434 i,
859 4378 904 4421 re·
957 4377 1031 4418 snam
1046 4361 1159 4430 accepit,
1174 4358 1292 4432 qualiter
1309 4359 1367 4413 haec
1389 4357 1534 4428 antiphona
1557 4358 1592 4412 ab
1606 4356 1682 4413 omni
1696 4355 1751 4411 Or-

99 4436 152 4492 lert
167 4437 196 4491 S.
212 4437 374 4491 llernardnm
389 4455 403 4483 a
419 4449 486 4493 rece
500 4434 624 4507 angelica
641 4433 779 4490 audirisse
800 4433 903 4492 decan·
957 4431 1020 4487 dine
1037 4430 1213 4500 reciperetur,
1241 4427 1316 4501 quod
1338 4438 1365 4484 et
1389 4427 1492 4485 lactum
1511 4433 1564 4484 etl·
1581 4445 1594 4480 ι
1611 4426 1752 4485 Htimttut

101 4508 151 4563 tari
165 4507 342 4578 autiphonam
360 4506 441 4564 Soloe
464 4505 583 4576 Recine,
599 4521 633 4562 ex
647 4506 752 4588 integre
767 4519 855 4579 usqne
867 4505 903 4562 ed
951 4517 1005 4559 ‘scu
1019 4502 1157 4572 Almams,
1172 4499 1366 4580 ademarusre,
1390 4498 1446 4580 luit·
1462 4505 1604 4571 episcopus
1625 4497 1752 4554 anicien

99 4578 205 4634 linem:
227 4593 307 4649 qaam
328 4577 493 4635 cordetenus
507 4583 533 4633 et
546 4587 642 4649 postea
656 4576 807 4651 scripsisse,
821 4583 903 4650 atque
957 4572 1005 4639 sie,
1040 4573 1125 4656 beatae
1153 4570 1202 4630 Vir
1220 4585 1272 4624 inis
1300 4585 1326 4623 ιι
1369 4584 1464 4652 pramis
1501 4569 1599 4641 cultor,
1631 4576 1685 4652 tem
1722 4583 1752 4624 re

99 4649 132 4704 l).
159 4664 234 4721 papae
256 4649 379 4722 Eugeoio
405 4647 588 4705 transmisisse
610 4646 735 4715 refertur,
751 4646 848 4720 inquit,
873 4654 903 4704 ot
958 4643 1096 4726 lirbanrpe
1119 4656 1143 4698 re
1156 4587 1305 4700 lhi'erum
1320 4655 1336 4695 a
1353 4638 1499 4697 Gorllelmo
1512 4637 1642 4697 Duronio
1656 4654 1685 4694 ra
1734 4668 1751 4721 .‘

99 4736 133 4845 1⁰¹
147 4727 285 4847 paaeehggg
301 4718 644 4861 ⁸h⁰¹⁰¹i3¹ih⁸¹¹i⁸i⁰¹i⁰³
657 4718 903 4860 s⁰ioe⁰¹⁰i³⁸⁸0⁸i
956 4658 1752 4842 tell*tithithiiihhhebethebet

101 4807 223 4920 QZ,
237 4807 324 4936 angreeli
339 4806 719 4944 iiliusuri'rndeerniswailr'cnaeies'
737 4804 903 4943 'digamiae
956 4802 1030 4929 queit
1058 4857 1139 4938 etiam
1164 4800 1261 4913 merit
1281 4855 1409 4912 claudius
1436 4798 1542 4938 ¹1:⁰an
1563 4798 1686 4938 inponetis
1714 4820 1751 4909 ai

99 4942 177 5003 sent;
194 4935 228 4990 ad
242 4934 315 5006 qood
331 4933 449 4991 alludere
463 4934 589 4992 vrdenlnr
601 4932 653 4990 alia
667 4935 749 5006 hujus
762 4932 904 4990 Sermonis
956 4928 1061 5001 pseudo
1075 4926 1281 4999 Lrutprandum.
1297 4926 1372 4983 ldem
1387 4934 1480 4987 auctor
1493 4924 1594 4983 rbrdem
1612 4933 1693 5007 etam
1707 4937 1752 5008 ⁸3?

100 5006 182 5061 verba
203 5006 327 5078 superius
350 5005 441 5062 relatis
475 5003 608 5076 proxima,
627 5025 638 5056 a
655 5005 679 5061 Α
694 5005 808 5062 summis
826 5002 904 5062 labiis
958 4999 1034 5067 serit,
1087 5007 1164 5057 atoor
1178 5000 1260 5056 bosea
1274 4998 1421 5056 Sermones
1435 5013 1450 5053 a
1464 4997 1601 5054 hemardo
1614 4995 1751 5066 archiepr—

101 5076 241 5132 Canticum
261 5076 334 5131 istnd
355 5076 473 5132 ellnsnm
501 5077 584 5132 venit.
601 5093 614 5128 ι
634 5076 716 5133 Paulo
743 5075 822 5133 aliter
834 5076 905 5132 hanc
958 5085 1041 5128 scoo
1081 5071 1187 5128 oletaoo
1220 5070 1307 5126 editos
1321 5069 1412 5128 luisse.
1436 5073 1472 5127 tt
1488 5084 1551 5126 cunr
1591 5067 1696 5123 uaedam
1719 5079 1752 5123 ex

100 5148 243 5204 historiam
254 5147 339 5203 relert
353 5146 532 5204 albericusin
547 5147 680 5206 Chronico
693 5149 728 5203 ad
742 5163 806 5204 ann.
821 5149 903 5217 lldll,
959 5142 989 5199 S.
1036 5142 1267 5200 mardisermooe
1281 5142 1316 5196 lli
1330 5141 1356 5197 in
1371 5141 1582 5198 Canticaderer
1630 5136 1752 5218 retem-¹

100 5222 149 5274 ubi
167 5225 361 5276 commemoret
377 5218 406 5274 S.
418 5218 583 5276 bernardum
600 5219 797 5291 Divioneapnd
812 5217 841 5275 S.
855 5217 904 5274 lle-
959 5221 1004 5271 tor
1019 5213 1046 5270 in
1061 5229 1187 5271 sermone
1212 5216 1239 5281 3,
1267 5227 1321 5268 non
1336 5220 1451 5283 possunt
1464 5209 1493 5267 hi
1501 5223 1643 5268 sermones
1655 5208 1752 5291 sacriba

101 5288 531 5417 ⁰³tl¹¹h³lll⁰i⁰d⁰d²⁰⁵h¹i
548 5298 733 5418 aarum
958 5282 1336 5414 eralah'urhel
1356 5278 1752 5410 :reserauerat

100 5377 336 5577 ffliigigoseifffi’s
348 5374 905 5564 Ξὲιεὶιὲὲιξὲὲοᾝῃιωῖἓὲίοξὲ
954 5372 1033 5487 ιιιι.8
1171 5373 1189 5428 p

117 5521 132 5562 a
232 5520 247 5561 a
406 5520 425 5579 p
605 5521 621 5566 e
