<?xml version="1.0" encoding="UTF-8"?>
<!DOCTYPE html PUBLIC "-//W3C//DTD XHTML 1.0 Transitional//EN"
    "http://www.w3.org/TR/xhtml1/DTD/xhtml1-transitional.dtd">
<html xmlns="http://www.w3.org/1999/xhtml" xml:lang="en" lang="en">
 <head>
  <title>
</title>
<meta http-equiv="Content-Type" content="text/html;charset=utf-8" />
  <meta name='ocr-system' content='tesseract 3.04.00' />
  <meta name='ocr-capabilities' content='ocr_page ocr_carea ocr_par ocr_line ocrx_word'/>
</head>
<body>
  <div class='ocr_page' id='page_1' title='image "./patrologiaecurs00unkngoog/patrologiaecurs00unkngoog_0185.png"; bbox 0 0 3706 5962; ppageno 0'>
   <div class='ocr_carea' id='block_1_1' title="bbox 65 181 1722 269">
    <p class='ocr_par' dir='ltr' id='par_1_1' title="bbox 65 181 1722 269">
     <span class='ocr_line' id='line_1_1' title="bbox 65 181 1722 269; baseline 0.022 -36"><span class='ocrx_word' id='word_1_1' title='bbox 65 188 114 251; x_wconf 82' lang='lat' dir='ltr'>ur</span> <span class='ocrx_word' id='word_1_2' title='bbox 493 187 595 249; x_wconf 80' lang='lat' dir='ltr'>aaut.</span> <span class='ocrx_word' id='word_1_3' title='bbox 615 188 658 246; x_wconf 83' lang='lat' dir='ltr'>tn</span> <span class='ocrx_word' id='word_1_4' title='bbox 678 181 1017 247; x_wconf 81' lang='lat' dir='ltr'>mtrnusnnuomu</span> <span class='ocrx_word' id='word_1_5' title='bbox 1036 186 1102 250; x_wconf 81' lang='lat' dir='ltr'>oet.</span> <span class='ocrx_word' id='word_1_6' title='bbox 1123 191 1223 254; x_wconf 84' lang='lat' dir='ltr'>-uu</span> <span class='ocrx_word' id='word_1_7' title='bbox 1242 194 1289 258; x_wconf 87' lang='lat' dir='ltr'>nt.</span> <span class='ocrx_word' id='word_1_8' title='bbox 1669 205 1722 269; x_wconf 83' lang='lat' dir='ltr'>ase</span> 
     </span>
    </p>
   </div>
   <div class='ocr_carea' id='block_1_2' title="bbox 57 311 1754 2166">
    <p class='ocr_par' dir='ltr' id='par_1_2' title="bbox 57 311 1754 1536">
     <span class='ocr_line' id='line_1_2' title="bbox 64 311 1719 406; baseline 0.01 -33"><span class='ocrx_word' id='word_1_9' title='bbox 64 317 148 374; x_wconf 78' lang='lat' dir='ltr'>exite.</span> <span class='ocrx_word' id='word_1_10' title='bbox 165 314 354 373; x_wconf 87' lang='lat' dir='ltr'>Liberoenim</span> <span class='ocrx_word' id='word_1_11' title='bbox 364 314 597 372; x_wconf 86' lang='lat' dir='ltr'>Dominusciauao</span> <span class='ocrx_word' id='word_1_12' title='bbox 606 321 784 369; x_wconf 89' lang='lat' dir='ltr'>monumento</span> <span class='ocrx_word' id='word_1_13' title='bbox 799 311 870 367; x_wconf 84' lang='lat' dir='ltr'>exi·&#39;</span> <span class='ocrx_word' id='word_1_14' title='bbox 879 323 903 402; x_wconf 64' lang='grc' dir='ltr'>Ι</span> <span class='ocrx_word' id='word_1_15' title='bbox 920 312 1065 370; x_wconf 85' lang='lat' dir='ltr'>mansitate</span> <span class='ocrx_word' id='word_1_16' title='bbox 1076 317 1252 386; x_wconf 84' lang='lat' dir='ltr'>jucunditatis</span> <span class='ocrx_word' id='word_1_17' title='bbox 1276 321 1431 380; x_wconf 82' lang='lat' dir='ltr'>inebriabit.</span> <span class='ocrx_word' id='word_1_18' title='bbox 1449 327 1586 399; x_wconf 79' lang='lat' dir='ltr'>Propheta</span> <span class='ocrx_word' id='word_1_19' title='bbox 1601 346 1719 406; x_wconf 89' lang='lat' dir='ltr'>namque</span> 
     </span>
     <span class='ocr_line' id='line_1_3' title="bbox 62 400 1720 487; baseline 0.012 -27"><span class='ocrx_word' id='word_1_20' title='bbox 62 405 107 472; x_wconf 84' lang='lat' dir='ltr'>vit,</span> <span class='ocrx_word' id='word_1_21' title='bbox 130 405 221 460; x_wconf 79' lang='lat' dir='ltr'>libere</span> <span class='ocrx_word' id='word_1_22' title='bbox 244 404 381 460; x_wconf 87' lang='lat' dir='ltr'>internum</span> <span class='ocrx_word' id='word_1_23' title='bbox 397 403 530 476; x_wconf 89' lang='lat' dir='ltr'>spoliavit,</span> <span class='ocrx_word' id='word_1_24' title='bbox 556 403 642 458; x_wconf 88' lang='lat' dir='ltr'>libere</span> <span class='ocrx_word' id='word_1_25' title='bbox 667 402 700 457; x_wconf 88' lang='lat' dir='ltr'>ad</span> <span class='ocrx_word' id='word_1_26' title='bbox 716 400 864 473; x_wconf 85' lang='lat' dir='ltr'>discipulos</span> <span class='ocrx_word' id='word_1_27' title='bbox 918 400 1031 458; x_wconf 87' lang='lat' dir='ltr'>clamat:</span> <span class='ocrx_word' id='word_1_28' title='bbox 1047 405 1268 465; x_wconf 82' lang='lat' dir='ltr'>inebriabuntur</span> <span class='ocrx_word' id='word_1_29' title='bbox 1281 410 1316 466; x_wconf 85' lang='lat' dir='ltr'>ub</span> <span class='ocrx_word' id='word_1_30' title='bbox 1334 411 1466 468; x_wconf 78' lang='lat' dir='ltr'>uber-tote</span> <span class='ocrx_word' id='word_1_31' title='bbox 1482 413 1582 474; x_wconf 81' lang='lat' dir='ltr'>domus</span> <span class='ocrx_word' id='word_1_32' title='bbox 1607 427 1675 487; x_wconf 83' lang='lat' dir='ltr'>tuta,</span> <span class='ocrx_word' id='word_1_33' title='bbox 1691 427 1720 480; x_wconf 84' lang='lat' dir='ltr'>ct</span> 
     </span>
     <span class='ocr_line' id='line_1_4' title="bbox 60 489 1721 580; baseline 0.01 -29"><span class='ocrx_word' id='word_1_34' title='bbox 60 494 149 566; x_wconf 79' lang='lat' dir='ltr'>jannis</span> <span class='ocrx_word' id='word_1_35' title='bbox 161 494 265 550; x_wconf 77' lang='lat' dir='ltr'>densis</span> <span class='ocrx_word' id='word_1_36' title='bbox 274 493 398 552; x_wconf 79' lang='lat' dir='ltr'>intrarit:</span> <span class='ocrx_word' id='word_1_37' title='bbox 410 494 495 550; x_wconf 87' lang='lat' dir='ltr'>libere</span> <span class='ocrx_word' id='word_1_38' title='bbox 511 493 596 550; x_wconf 89' lang='lat' dir='ltr'>sancti</span> <span class='ocrx_word' id='word_1_39' title='bbox 608 491 669 559; x_wconf 87' lang='lat' dir='ltr'>Dei,</span> <span class='ocrx_word' id='word_1_40' title='bbox 680 493 702 547; x_wconf 88' lang='lat' dir='ltr'>si</span> <span class='ocrx_word' id='word_1_41' title='bbox 717 489 863 556; x_wconf 86' lang='lat' dir='ltr'>voluerint,</span> <span class='ocrx_word' id='word_1_42' title='bbox 920 493 1208 565; x_wconf 83' lang='lat' dir='ltr'>torrentccotuptctis</span> <span class='ocrx_word' id='word_1_43' title='bbox 1217 500 1275 552; x_wconf 80' lang='lat' dir='ltr'>tce</span> <span class='ocrx_word' id='word_1_44' title='bbox 1284 499 1455 572; x_wconf 80' lang='lat' dir='ltr'>potabiscos,</span> <span class='ocrx_word' id='word_1_45' title='bbox 1469 507 1721 580; x_wconf 82' lang='lat' dir='ltr'>quonicmcpudtc</span> 
     </span>
     <span class='ocr_line' id='line_1_5' title="bbox 61 579 1721 661; baseline 0.004 -23"><span class='ocrx_word' id='word_1_46' title='bbox 61 582 202 639; x_wconf 82' lang='lat' dir='ltr'>inlcmnm</span> <span class='ocrx_word' id='word_1_47' title='bbox 218 582 369 649; x_wconf 87' lang='lat' dir='ltr'>intrabunt,</span> <span class='ocrx_word' id='word_1_48' title='bbox 390 582 477 638; x_wconf 89' lang='lat' dir='ltr'>libere</span> <span class='ocrx_word' id='word_1_49' title='bbox 500 599 549 655; x_wconf 92' lang='lat' dir='ltr'>per</span> <span class='ocrx_word' id='word_1_50' title='bbox 569 581 661 653; x_wconf 84' lang='lat' dir='ltr'>ignem</span> <span class='ocrx_word' id='word_1_51' title='bbox 681 588 708 636; x_wconf 92' lang='lat' dir='ltr'>et</span> <span class='ocrx_word' id='word_1_52' title='bbox 722 579 865 635; x_wconf 81' lang='lat' dir='ltr'><strong>ardentem</strong></span> <span class='ocrx_word' id='word_1_53' title='bbox 920 582 961 633; x_wconf 85' lang='lat' dir='ltr'>cst</span> <span class='ocrx_word' id='word_1_54' title='bbox 981 583 1047 650; x_wconf 68' lang='lat' dir='ltr'>tona</span> <span class='ocrx_word' id='word_1_55' title='bbox 1069 582 1137 637; x_wconf 75' lang='lat' dir='ltr'>vitu</span> <span class='ocrx_word' id='word_1_56' title='bbox 1151 584 1239 654; x_wconf 80' lang='lat' dir='ltr'>(Psoi.</span> <span class='ocrx_word' id='word_1_57' title='bbox 1260 601 1350 653; x_wconf 78' lang='lat' dir='ltr'>xxxv,</span> <span class='ocrx_word' id='word_1_58' title='bbox 1373 591 1399 651; x_wconf 81' lang='grc'>9,</span> <span class='ocrx_word' id='word_1_59' title='bbox 1424 589 1478 661; x_wconf 86' lang='lat' dir='ltr'>to).</span> <span class='ocrx_word' id='word_1_60' title='bbox 1501 589 1570 647; x_wconf 82' lang='lat' dir='ltr'><strong>Vere</strong></span> <span class='ocrx_word' id='word_1_61' title='bbox 1591 594 1721 652; x_wconf 75' lang='lat' dir='ltr'>mirabilis</span> 
     </span>
     <span class='ocr_line' id='line_1_6' title="bbox 62 666 1722 744; baseline 0.011 -20"><span class='ocrx_word' id='word_1_62' title='bbox 62 672 148 744; x_wconf 73' lang='grc' dir='ltr'>μίοοπι</span> <span class='ocrx_word' id='word_1_63' title='bbox 160 672 334 739; x_wconf 79' lang='lat' dir='ltr'>transibun13</span> <span class='ocrx_word' id='word_1_64' title='bbox 347 670 443 738; x_wconf 86' lang='lat' dir='ltr'>iibere,</span> <span class='ocrx_word' id='word_1_65' title='bbox 459 669 745 744; x_wconf 86' lang='lat' dir='ltr'>quantumvoluerint,</span> <span class='ocrx_word' id='word_1_66' title='bbox 761 669 865 739; x_wconf 83' lang='lat' dir='ltr'>absque</span> <span class='ocrx_word' id='word_1_67' title='bbox 920 666 1038 724; x_wconf 78' lang='lat' dir='ltr'>ebrietas</span> <span class='ocrx_word' id='word_1_68' title='bbox 1051 668 1105 735; x_wconf 89' lang='lat' dir='ltr'>illa,</span> <span class='ocrx_word' id='word_1_69' title='bbox 1122 672 1253 728; x_wconf 88' lang='lat' dir='ltr'>mirabilis</span> <span class='ocrx_word' id='word_1_70' title='bbox 1267 674 1313 729; x_wconf 90' lang='lat' dir='ltr'>illa</span> <span class='ocrx_word' id='word_1_71' title='bbox 1329 676 1450 744; x_wconf 88' lang='lat' dir='ltr'>ubertas,</span> <span class='ocrx_word' id='word_1_72' title='bbox 1467 677 1598 737; x_wconf 87' lang='lat' dir='ltr'>mirabilis</span> <span class='ocrx_word' id='word_1_73' title='bbox 1611 692 1652 739; x_wconf 91' lang='lat' dir='ltr'>est</span> <span class='ocrx_word' id='word_1_74' title='bbox 1674 685 1722 742; x_wconf 94' lang='lat' dir='ltr'>do-</span> 
     </span>
     <span class='ocr_line' id='line_1_7' title="bbox 60 755 1719 838; baseline 0.01 -24"><span class='ocrx_word' id='word_1_75' title='bbox 60 759 97 814; x_wconf 87' lang='lat' dir='ltr'>sui</span> <span class='ocrx_word' id='word_1_76' title='bbox 126 757 248 815; x_wconf 65' lang='lat' dir='ltr'>lesione</span> <span class='ocrx_word' id='word_1_77' title='bbox 280 758 471 825; x_wconf 87' lang='lat' dir='ltr'>morabuntur,</span> <span class='ocrx_word' id='word_1_78' title='bbox 499 759 564 831; x_wconf 89' lang='lat' dir='ltr'>quia</span> <span class='ocrx_word' id='word_1_79' title='bbox 590 758 617 814; x_wconf 91' lang='lat' dir='ltr'>in</span> <span class='ocrx_word' id='word_1_80' title='bbox 646 758 690 812; x_wconf 92' lang='lat' dir='ltr'>illa</span> <span class='ocrx_word' id='word_1_81' title='bbox 717 755 865 831; x_wconf 76' lang='lat' dir='ltr'>gehennali</span> <span class='ocrx_word' id='word_1_82' title='bbox 920 771 981 811; x_wconf 91' lang='lat' dir='ltr'>mus</span> <span class='ocrx_word' id='word_1_83' title='bbox 994 755 1058 824; x_wconf 89' lang='lat' dir='ltr'>illa;</span> <span class='ocrx_word' id='word_1_84' title='bbox 1075 766 1169 830; x_wconf 79' lang='lat' dir='ltr'><strong>utpote</strong></span> <span class='ocrx_word' id='word_1_85' title='bbox 1189 761 1261 817; x_wconf 91' lang='lat' dir='ltr'>enim</span> <span class='ocrx_word' id='word_1_86' title='bbox 1283 768 1390 820; x_wconf 91' lang='lat' dir='ltr'>torrens</span> <span class='ocrx_word' id='word_1_87' title='bbox 1404 767 1599 838; x_wconf 76' lang='lat' dir='ltr'>precipiendo</span> <span class='ocrx_word' id='word_1_88' title='bbox 1615 771 1719 830; x_wconf 90' lang='lat' dir='ltr'>delinit.</span> 
     </span>
     <span class='ocr_line' id='line_1_8' title="bbox 60 842 1754 918; baseline 0.011 -18"><span class='ocrx_word' id='word_1_89' title='bbox 60 846 170 901; x_wconf 82' lang='lat' dir='ltr'>lamma</span> <span class='ocrx_word' id='word_1_90' title='bbox 195 845 264 901; x_wconf 85' lang='lat' dir='ltr'><strong>nihil</strong></span> <span class='ocrx_word' id='word_1_91' title='bbox 290 845 408 914; x_wconf 78' lang='lat' dir='ltr'>ardebit,</span> <span class='ocrx_word' id='word_1_92' title='bbox 428 844 482 901; x_wconf 89' lang='lat' dir='ltr'>nisi</span> <span class='ocrx_word' id='word_1_93' title='bbox 497 854 600 903; x_wconf 91' lang='lat' dir='ltr'>tantum</span> <span class='ocrx_word' id='word_1_94' title='bbox 614 846 725 917; x_wconf 84' lang='lat' dir='ltr'>delicta3</span> <span class='ocrx_word' id='word_1_95' title='bbox 742 852 770 903; x_wconf 90' lang='lat' dir='ltr'>et</span> <span class='ocrx_word' id='word_1_96' title='bbox 793 860 864 917; x_wconf 89' lang='lat' dir='ltr'>quo·</span> <span class='ocrx_word' id='word_1_97' title='bbox 920 842 964 898; x_wconf 89' lang='lat' dir='ltr'>Sic</span> <span class='ocrx_word' id='word_1_98' title='bbox 978 844 1130 901; x_wconf 83' lang='lat' dir='ltr'>admirabili</span> <span class='ocrx_word' id='word_1_99' title='bbox 1143 847 1288 907; x_wconf 80' lang='lat' dir='ltr'>dulcedine</span> <span class='ocrx_word' id='word_1_100' title='bbox 1303 851 1400 908; x_wconf 90' lang='lat' dir='ltr'>domus</span> <span class='ocrx_word' id='word_1_101' title='bbox 1411 870 1469 910; x_wconf 84' lang='lat' dir='ltr'>suae</span> <span class='ocrx_word' id='word_1_102' title='bbox 1481 872 1533 912; x_wconf 90' lang='lat' dir='ltr'>uos</span> <span class='ocrx_word' id='word_1_103' title='bbox 1548 857 1623 915; x_wconf 87' lang='lat' dir='ltr'>Deus</span> <span class='ocrx_word' id='word_1_104' title='bbox 1636 861 1723 918; x_wconf 89' lang='lat' dir='ltr'>omni·</span> <span class='ocrx_word' id='word_1_105' title='bbox 1751 865 1754 870; x_wconf 79' lang='grc'><em>“</em></span> 
     </span>
     <span class='ocr_line' id='line_1_9' title="bbox 59 934 1722 1015; baseline 0.01 -26"><span class='ocrx_word' id='word_1_106' title='bbox 59 935 132 990; x_wconf 81' lang='lat' dir='ltr'>mam</span> <span class='ocrx_word' id='word_1_107' title='bbox 147 934 196 990; x_wconf 89' lang='lat' dir='ltr'>illa</span> <span class='ocrx_word' id='word_1_108' title='bbox 206 944 301 992; x_wconf 87' lang='lat' dir='ltr'>sancta</span> <span class='ocrx_word' id='word_1_109' title='bbox 314 935 430 991; x_wconf 77' lang='lat' dir='ltr'>sedens</span> <span class='ocrx_word' id='word_1_110' title='bbox 442 936 478 990; x_wconf 91' lang='lat' dir='ltr'>ab</span> <span class='ocrx_word' id='word_1_111' title='bbox 493 936 568 991; x_wconf 91' lang='lat' dir='ltr'>omni</span> <span class='ocrx_word' id='word_1_112' title='bbox 580 936 786 1008; x_wconf 89' lang='lat' dir='ltr'>inquinamento</span> <span class='ocrx_word' id='word_1_113' title='bbox 800 951 864 1006; x_wconf 91' lang='lat' dir='ltr'>pec·</span> <span class='ocrx_word' id='word_1_114' title='bbox 921 940 1019 1002; x_wconf 83' lang='lat' dir='ltr'>potens</span> <span class='ocrx_word' id='word_1_115' title='bbox 1033 936 1157 1006; x_wconf 89' lang='lat' dir='ltr'>replebit.</span> <span class='ocrx_word' id='word_1_116' title='bbox 1180 939 1214 994; x_wconf 72' lang='lat' dir='ltr'>tit</span> <span class='ocrx_word' id='word_1_117' title='bbox 1229 939 1292 1009; x_wconf 91' lang='lat' dir='ltr'>quia</span> <span class='ocrx_word' id='word_1_118' title='bbox 1306 942 1461 1015; x_wconf 85' lang='lat' dir='ltr'>exemplum</span> <span class='ocrx_word' id='word_1_119' title='bbox 1485 945 1625 1003; x_wconf 81' lang='lat' dir='ltr'>sufficiens</span> <span class='ocrx_word' id='word_1_120' title='bbox 1640 957 1722 1006; x_wconf 77' lang='lat' dir='ltr'>unte</span> 
     </span>
     <span class='ocr_line' id='line_1_10' title="bbox 57 1020 1722 1098; baseline 0.009 -19"><span class='ocrx_word' id='word_1_121' title='bbox 57 1024 108 1079; x_wconf 84' lang='lat' dir='ltr'>cati</span> <span class='ocrx_word' id='word_1_122' title='bbox 125 1032 249 1097; x_wconf 79' lang='lat' dir='ltr'>purgata</span> <span class='ocrx_word' id='word_1_123' title='bbox 262 1023 324 1095; x_wconf 89' lang='lat' dir='ltr'>erit,</span> <span class='ocrx_word' id='word_1_124' title='bbox 336 1039 386 1095; x_wconf 91' lang='lat' dir='ltr'>per</span> <span class='ocrx_word' id='word_1_125' title='bbox 401 1023 492 1096; x_wconf 78' lang='lat' dir='ltr'>gelida</span> <span class='ocrx_word' id='word_1_126' title='bbox 506 1031 533 1080; x_wconf 91' lang='lat' dir='ltr'>et</span> <span class='ocrx_word' id='word_1_127' title='bbox 548 1025 679 1092; x_wconf 75' lang='lat' dir='ltr'>aestivma</span> <span class='ocrx_word' id='word_1_128' title='bbox 695 1040 745 1096; x_wconf 88' lang='lat' dir='ltr'>per</span> <span class='ocrx_word' id='word_1_129' title='bbox 759 1023 866 1080; x_wconf 88' lang='lat' dir='ltr'>diversa</span> <span class='ocrx_word' id='word_1_130' title='bbox 921 1020 1069 1089; x_wconf 82' lang='lat' dir='ltr'>suavitatis,</span> <span class='ocrx_word' id='word_1_131' title='bbox 1094 1031 1229 1098; x_wconf 68' lang='lat' dir='ltr'>tantasque</span> <span class='ocrx_word' id='word_1_132' title='bbox 1253 1028 1418 1096; x_wconf 90' lang='lat' dir='ltr'>dulcedinis,</span> <span class='ocrx_word' id='word_1_133' title='bbox 1434 1032 1478 1088; x_wconf 79' lang='lat' dir='ltr'>tel</span> <span class='ocrx_word' id='word_1_134' title='bbox 1495 1040 1579 1091; x_wconf 81' lang='lat' dir='ltr'>tanta</span> <span class='ocrx_word' id='word_1_135' title='bbox 1593 1035 1722 1094; x_wconf 89' lang='lat' dir='ltr'>bonitatis</span> 
     </span>
     <span class='ocr_line' id='line_1_11' title="bbox 57 1110 1721 1186; baseline 0.009 -18"><span class='ocrx_word' id='word_1_136' title='bbox 57 1120 201 1168; x_wconf 85' lang='lat' dir='ltr'>tormenta</span> <span class='ocrx_word' id='word_1_137' title='bbox 224 1121 252 1168; x_wconf 88' lang='lat' dir='ltr'>et</span> <span class='ocrx_word' id='word_1_138' title='bbox 265 1121 363 1186; x_wconf 83' lang='lat' dir='ltr'>stagna</span> <span class='ocrx_word' id='word_1_139' title='bbox 381 1113 540 1185; x_wconf 76' lang='lat' dir='ltr'>vaporantia</span> <span class='ocrx_word' id='word_1_140' title='bbox 557 1115 680 1169; x_wconf 74' lang='lat' dir='ltr'>transibit</span> <span class='ocrx_word' id='word_1_141' title='bbox 696 1114 790 1172; x_wconf 79' lang='lat' dir='ltr'>illaesa.</span> <span class='ocrx_word' id='word_1_142' title='bbox 809 1115 863 1170; x_wconf 90' lang='lat' dir='ltr'>ite·</span> <span class='ocrx_word' id='word_1_143' title='bbox 920 1110 1045 1167; x_wconf 84' lang='lat' dir='ltr'>invenire</span> <span class='ocrx_word' id='word_1_144' title='bbox 1058 1113 1213 1185; x_wconf 85' lang='lat' dir='ltr'>nequimus,</span> <span class='ocrx_word' id='word_1_145' title='bbox 1224 1118 1432 1176; x_wconf 87' lang='lat' dir='ltr'>consideremus</span> <span class='ocrx_word' id='word_1_146' title='bbox 1447 1120 1570 1178; x_wconf 92' lang='lat' dir='ltr'>dolorem</span> <span class='ocrx_word' id='word_1_147' title='bbox 1580 1127 1721 1182; x_wconf 80' lang='lat' dir='ltr'>amarissi-</span> 
     </span>
     <span class='ocr_line' id='line_1_12' title="bbox 57 1200 1720 1282; baseline 0.009 -26"><span class='ocrx_word' id='word_1_148' title='bbox 57 1217 118 1256; x_wconf 87' lang='lat' dir='ltr'>rnm</span> <span class='ocrx_word' id='word_1_149' title='bbox 135 1217 206 1258; x_wconf 87' lang='lat' dir='ltr'>vero</span> <span class='ocrx_word' id='word_1_150' title='bbox 220 1200 296 1268; x_wconf 92' lang='lat' dir='ltr'>iilud,</span> <span class='ocrx_word' id='word_1_151' title='bbox 311 1203 355 1258; x_wconf 87' lang='lat' dir='ltr'>vel</span> <span class='ocrx_word' id='word_1_152' title='bbox 371 1201 556 1260; x_wconf 74' lang='lat' dir='ltr'>consideratio</span> <span class='ocrx_word' id='word_1_153' title='bbox 570 1203 730 1259; x_wconf 86' lang='lat' dir='ltr'>eorumdem</span> <span class='ocrx_word' id='word_1_154' title='bbox 745 1201 866 1258; x_wconf 89' lang='lat' dir='ltr'>locorum</span> <span class='ocrx_word' id='word_1_155' title='bbox 922 1214 994 1253; x_wconf 88' lang='lat' dir='ltr'>mum</span> <span class='ocrx_word' id='word_1_156' title='bbox 1019 1215 1100 1271; x_wconf 90' lang='lat' dir='ltr'>quem</span> <span class='ocrx_word' id='word_1_157' title='bbox 1124 1207 1187 1256; x_wconf 89' lang='lat' dir='ltr'>suut</span> <span class='ocrx_word' id='word_1_158' title='bbox 1205 1203 1320 1260; x_wconf 76' lang='lat' dir='ltr'>habituri</span> <span class='ocrx_word' id='word_1_159' title='bbox 1335 1207 1453 1278; x_wconf 76' lang='lat' dir='ltr'>reprobi,</span> <span class='ocrx_word' id='word_1_160' title='bbox 1469 1218 1564 1266; x_wconf 85' lang='lat' dir='ltr'>contra</span> <span class='ocrx_word' id='word_1_161' title='bbox 1577 1213 1720 1282; x_wconf 85' lang='lat' dir='ltr'>jucundis·</span> 
     </span>
     <span class='ocr_line' id='line_1_13' title="bbox 59 1286 1721 1372; baseline 0.004 -28"><span class='ocrx_word' id='word_1_162' title='bbox 59 1289 290 1347; x_wconf 81' lang='lat' dir='ltr'>eritiuarbitrio</span> <span class='ocrx_word' id='word_1_163' title='bbox 304 1291 508 1363; x_wconf 80' lang='lat' dir='ltr'>beatorum3et,</span> <span class='ocrx_word' id='word_1_164' title='bbox 522 1293 556 1347; x_wconf 91' lang='lat' dir='ltr'>ad</span> <span class='ocrx_word' id='word_1_165' title='bbox 570 1291 758 1349; x_wconf 86' lang='lat' dir='ltr'>contusionem</span> <span class='ocrx_word' id='word_1_166' title='bbox 772 1306 867 1363; x_wconf 89' lang='lat' dir='ltr'>repro·</span> <span class='ocrx_word' id='word_1_167' title='bbox 922 1286 1016 1341; x_wconf 74' lang='lat' dir='ltr'>simam</span> <span class='ocrx_word' id='word_1_168' title='bbox 1039 1288 1199 1346; x_wconf 85' lang='lat' dir='ltr'>suavitatem</span> <span class='ocrx_word' id='word_1_169' title='bbox 1229 1308 1309 1363; x_wconf 88' lang='lat' dir='ltr'>quarn</span> <span class='ocrx_word' id='word_1_170' title='bbox 1338 1294 1479 1352; x_wconf 89' lang='lat' dir='ltr'>habebunt</span> <span class='ocrx_word' id='word_1_171' title='bbox 1504 1300 1584 1372; x_wconf 87' lang='lat' dir='ltr'>probi</span> <span class='ocrx_word' id='word_1_172' title='bbox 1606 1307 1633 1358; x_wconf 83' lang='lat' dir='ltr'>et</span> <span class='ocrx_word' id='word_1_173' title='bbox 1655 1319 1721 1360; x_wconf 68' lang='lat' dir='ltr'>vera</span> 
     </span>
     <span class='ocr_line' id='line_1_14' title="bbox 59 1375 1721 1463; baseline 0.013 -38"><span class='ocrx_word' id='word_1_174' title='bbox 59 1379 171 1443; x_wconf 76' lang='lat' dir='ltr'>bom,</span> <span class='ocrx_word' id='word_1_175' title='bbox 188 1386 264 1434; x_wconf 68' lang='lat' dir='ltr'>unta</span> <span class='ocrx_word' id='word_1_176' title='bbox 278 1378 331 1435; x_wconf 73' lang='lat' dir='ltr'>erit</span> <span class='ocrx_word' id='word_1_177' title='bbox 346 1394 441 1436; x_wconf 76' lang='lat' dir='ltr'>eorum</span> <span class='ocrx_word' id='word_1_178' title='bbox 464 1379 585 1446; x_wconf 76' lang='lat' dir='ltr'>libertas,</span> <span class='ocrx_word' id='word_1_179' title='bbox 603 1388 703 1453; x_wconf 74' lang='lat' dir='ltr'>qtrenta</span> <span class='ocrx_word' id='word_1_180' title='bbox 721 1380 803 1437; x_wconf 81' lang='lat' dir='ltr'>suerit</span> <span class='ocrx_word' id='word_1_181' title='bbox 817 1381 867 1436; x_wconf 83' lang='lat' dir='ltr'>ha-</span> <span class='ocrx_word' id='word_1_182' title='bbox 922 1375 1005 1431; x_wconf 79' lang='lat' dir='ltr'>beati.</span> <span class='ocrx_word' id='word_1_183' title='bbox 1023 1378 1109 1433; x_wconf 80' lang='lat' dir='ltr'>Porro</span> <span class='ocrx_word' id='word_1_184' title='bbox 1124 1378 1147 1433; x_wconf 84' lang='lat' dir='ltr'>si</span> <span class='ocrx_word' id='word_1_185' title='bbox 1161 1379 1222 1451; x_wconf 78' lang='lat' dir='ltr'>quis</span> <span class='ocrx_word' id='word_1_186' title='bbox 1237 1382 1302 1438; x_wconf 80' lang='lat' dir='ltr'>milti</span> <span class='ocrx_word' id='word_1_187' title='bbox 1318 1383 1447 1455; x_wconf 74' lang='lat' dir='ltr'>pupillam</span> <span class='ocrx_word' id='word_1_188' title='bbox 1466 1385 1554 1458; x_wconf 74' lang='lat' dir='ltr'>ignito</span> <span class='ocrx_word' id='word_1_189' title='bbox 1568 1389 1641 1447; x_wconf 80' lang='lat' dir='ltr'>ferlo</span> <span class='ocrx_word' id='word_1_190' title='bbox 1657 1407 1721 1463; x_wconf 78' lang='lat' dir='ltr'>pet·-</span> 
     </span>
     <span class='ocr_line' id='line_1_15' title="bbox 59 1465 1720 1536; baseline 0.013 -22"><span class='ocrx_word' id='word_1_191' title='bbox 59 1467 147 1524; x_wconf 70' lang='lat' dir='ltr'>bendi</span> <span class='ocrx_word' id='word_1_192' title='bbox 162 1468 297 1524; x_wconf 66' lang='lat' dir='ltr'>voluntas,</span> <span class='ocrx_word' id='word_1_193' title='bbox 922 1465 1033 1533; x_wconf 91' lang='lat' dir='ltr'>loraret,</span> <span class='ocrx_word' id='word_1_194' title='bbox 1045 1482 1100 1523; x_wconf 91' lang='lat' dir='ltr'>non</span> <span class='ocrx_word' id='word_1_195' title='bbox 1124 1469 1258 1525; x_wconf 89' lang='lat' dir='ltr'>modicum</span> <span class='ocrx_word' id='word_1_196' title='bbox 1276 1471 1396 1529; x_wconf 92' lang='lat' dir='ltr'>dolorem</span> <span class='ocrx_word' id='word_1_197' title='bbox 1407 1474 1550 1532; x_wconf 90' lang='lat' dir='ltr'>haberem:</span> <span class='ocrx_word' id='word_1_198' title='bbox 1562 1487 1590 1535; x_wconf 92' lang='lat' dir='ltr'>et</span> <span class='ocrx_word' id='word_1_199' title='bbox 1604 1479 1626 1534; x_wconf 87' lang='lat' dir='ltr'>si</span> <span class='ocrx_word' id='word_1_200' title='bbox 1641 1479 1720 1536; x_wconf 86' lang='lat' dir='ltr'>aliam</span> 
     </span>
    </p>

    <p class='ocr_par' dir='ltr' id='par_1_3' title="bbox 58 1553 1722 2166">
     <span class='ocr_line' id='line_1_16' title="bbox 96 1553 1720 1632; baseline 0.006 -18"><span class='ocrx_word' id='word_1_201' title='bbox 96 1553 869 1631; x_wconf 61' lang='lat' dir='ltr'>naticaneutaetgtturlibertatietumliberabant·</span> <span class='ocrx_word' id='word_1_202' title='bbox 922 1553 1001 1609; x_wconf 84' lang='lat' dir='ltr'>simili</span> <span class='ocrx_word' id='word_1_203' title='bbox 1017 1562 1152 1612; x_wconf 89' lang='lat' dir='ltr'>tormento</span> <span class='ocrx_word' id='word_1_204' title='bbox 1175 1556 1312 1630; x_wconf 80' lang='lat' dir='ltr'>infigeret,</span> <span class='ocrx_word' id='word_1_205' title='bbox 1336 1561 1420 1617; x_wconf 91' lang='lat' dir='ltr'>multo</span> <span class='ocrx_word' id='word_1_206' title='bbox 1449 1566 1581 1632; x_wconf 80' lang='lat' dir='ltr'>majorem</span> <span class='ocrx_word' id='word_1_207' title='bbox 1597 1565 1720 1625; x_wconf 88' lang='lat' dir='ltr'>dolorem</span> 
     </span>
     <span class='ocr_line' id='line_1_17' title="bbox 60 1633 1720 1719; baseline 0.013 -28"><span class='ocrx_word' id='word_1_208' title='bbox 60 1645 152 1701; x_wconf 71' lang='lat' dir='ltr'>tudini</span> <span class='ocrx_word' id='word_1_209' title='bbox 166 1646 340 1703; x_wconf 59' lang='lat' dir='ltr'>munitur</span> <span class='ocrx_word' id='word_1_210' title='bbox 354 1648 510 1719; x_wconf 60' lang='lat' dir='ltr'>gratissima</span> <span class='ocrx_word' id='word_1_211' title='bbox 526 1648 638 1704; x_wconf 66' lang='lat' dir='ltr'>sanitas,</span> <span class='ocrx_word' id='word_1_212' title='bbox 656 1648 765 1704; x_wconf 68' lang='lat' dir='ltr'>sanitas</span> <span class='ocrx_word' id='word_1_213' title='bbox 778 1648 869 1719; x_wconf 71' lang='lat' dir='ltr'>imque</span> <span class='ocrx_word' id='word_1_214' title='bbox 884 1633 907 1710; x_wconf 73' lang='lat' dir='ltr'>fl</span> <span class='ocrx_word' id='word_1_215' title='bbox 922 1642 1094 1698; x_wconf 89' lang='lat' dir='ltr'>sustinerem.</span> <span class='ocrx_word' id='word_1_216' title='bbox 1106 1642 1184 1711; x_wconf 85' lang='lat' dir='ltr'>Quod</span> <span class='ocrx_word' id='word_1_217' title='bbox 1199 1644 1222 1699; x_wconf 92' lang='lat' dir='ltr'>si</span> <span class='ocrx_word' id='word_1_218' title='bbox 1238 1661 1287 1717; x_wconf 89' lang='lat' dir='ltr'>per</span> <span class='ocrx_word' id='word_1_219' title='bbox 1301 1648 1393 1703; x_wconf 91' lang='lat' dir='ltr'>omnia</span> <span class='ocrx_word' id='word_1_220' title='bbox 1406 1654 1528 1708; x_wconf 89' lang='lat' dir='ltr'>membra</span> <span class='ocrx_word' id='word_1_221' title='bbox 1543 1654 1641 1710; x_wconf 89' lang='lat' dir='ltr'>eadem</span> <span class='ocrx_word' id='word_1_222' title='bbox 1656 1656 1720 1711; x_wconf 90' lang='lat' dir='ltr'>mibi</span> 
     </span>
     <span class='ocr_line' id='line_1_18' title="bbox 58 1729 1718 1813; baseline 0.011 -33"><span class='ocrx_word' id='word_1_223' title='bbox 58 1734 112 1790; x_wconf 71' lang='lat' dir='ltr'>erit</span> <span class='ocrx_word' id='word_1_224' title='bbox 133 1750 245 1807; x_wconf 61' lang='lat' dir='ltr'>magna,</span> <span class='ocrx_word' id='word_1_225' title='bbox 263 1734 398 1808; x_wconf 66' lang='lat' dir='ltr'>quoniam</span> <span class='ocrx_word' id='word_1_226' title='bbox 415 1737 555 1810; x_wconf 72' lang='lat' dir='ltr'>absterget</span> <span class='ocrx_word' id='word_1_227' title='bbox 569 1738 643 1793; x_wconf 66' lang='lat' dir='ltr'>Deus</span> <span class='ocrx_word' id='word_1_228' title='bbox 657 1752 766 1793; x_wconf 77' lang='lat' dir='ltr'>omnem</span> <span class='ocrx_word' id='word_1_229' title='bbox 778 1735 868 1809; x_wconf 71' lang='lat' dir='ltr'>lacry-</span> <span class='ocrx_word' id='word_1_230' title='bbox 925 1745 1005 1801; x_wconf 84' lang='lat' dir='ltr'>poena</span> <span class='ocrx_word' id='word_1_231' title='bbox 1020 1729 1108 1800; x_wconf 71' lang='lat' dir='ltr'>fieret,</span> <span class='ocrx_word' id='word_1_232' title='bbox 1123 1739 1150 1787; x_wconf 77' lang='lat' dir='ltr'>ei</span> <span class='ocrx_word' id='word_1_233' title='bbox 1163 1731 1237 1788; x_wconf 83' lang='lat' dir='ltr'>idem</span> <span class='ocrx_word' id='word_1_234' title='bbox 1251 1731 1329 1790; x_wconf 80' lang='lat' dir='ltr'>dolor</span> <span class='ocrx_word' id='word_1_235' title='bbox 1337 1752 1380 1792; x_wconf 82' lang='lat' dir='ltr'>me</span> <span class='ocrx_word' id='word_1_236' title='bbox 1394 1737 1495 1810; x_wconf 80' lang='lat' dir='ltr'>ubique</span> <span class='ocrx_word' id='word_1_237' title='bbox 1511 1749 1627 1808; x_wconf 65' lang='lat' dir='ltr'>teneret,</span> <span class='ocrx_word' id='word_1_238' title='bbox 1642 1743 1718 1813; x_wconf 81' lang='lat' dir='ltr'>quid,</span> 
     </span>
     <span class='ocr_line' id='line_1_19' title="bbox 59 1820 1721 1898; baseline 0.011 -28"><span class='ocrx_word' id='word_1_239' title='bbox 59 1826 178 1879; x_wconf 67' lang='lat' dir='ltr'>nme</span> <span class='ocrx_word' id='word_1_240' title='bbox 188 1822 278 1882; x_wconf 70' lang='lat' dir='ltr'>oculis</span> <span class='ocrx_word' id='word_1_241' title='bbox 291 1833 492 1894; x_wconf 57' lang='lat' dir='ltr'>sanctor-umet</span> <span class='ocrx_word' id='word_1_242' title='bbox 500 1826 559 1896; x_wconf 72' lang='lat' dir='ltr'>jam</span> <span class='ocrx_word' id='word_1_243' title='bbox 570 1841 625 1882; x_wconf 73' lang='lat' dir='ltr'>uon</span> <span class='ocrx_word' id='word_1_244' title='bbox 641 1825 693 1883; x_wconf 69' lang='lat' dir='ltr'>eric</span> <span class='ocrx_word' id='word_1_245' title='bbox 702 1825 817 1898; x_wconf 71' lang='lat' dir='ltr'>amplius</span> <span class='ocrx_word' id='word_1_246' title='bbox 826 1841 870 1882; x_wconf 75' lang='lat' dir='ltr'>ne.</span> <span class='ocrx_word' id='word_1_247' title='bbox 925 1828 1014 1891; x_wconf 84' lang='lat' dir='ltr'>putas,</span> <span class='ocrx_word' id='word_1_248' title='bbox 1033 1820 1099 1875; x_wconf 88' lang='lat' dir='ltr'>mibi</span> <span class='ocrx_word' id='word_1_249' title='bbox 1113 1823 1206 1878; x_wconf 73' lang='lat' dir='ltr'>esset?</span> <span class='ocrx_word' id='word_1_250' title='bbox 1220 1824 1315 1878; x_wconf 88' lang='lat' dir='ltr'>Nonne</span> <span class='ocrx_word' id='word_1_251' title='bbox 1328 1832 1404 1881; x_wconf 89' lang='lat' dir='ltr'>tanto</span> <span class='ocrx_word' id='word_1_252' title='bbox 1415 1826 1511 1884; x_wconf 87' lang='lat' dir='ltr'>dolore</span> <span class='ocrx_word' id='word_1_253' title='bbox 1526 1839 1636 1886; x_wconf 90' lang='lat' dir='ltr'>coactus</span> <span class='ocrx_word' id='word_1_254' title='bbox 1651 1831 1721 1889; x_wconf 89' lang='lat' dir='ltr'>insa·</span> 
     </span>
     <span class='ocr_line' id='line_1_20' title="bbox 59 1907 1721 1987; baseline 0.013 -33"><span class='ocrx_word' id='word_1_255' title='bbox 59 1929 114 1985; x_wconf 60' lang='grc' dir='ltr'>φη</span> <span class='ocrx_word' id='word_1_256' title='bbox 127 1913 230 1980; x_wconf 55' lang='lat' dir='ltr'>lucius,</span> <span class='ocrx_word' id='word_1_257' title='bbox 246 1929 336 1985; x_wconf 56' lang='lat' dir='ltr'>„eque</span> <span class='ocrx_word' id='word_1_258' title='bbox 350 1912 464 1981; x_wconf 64' lang='lat' dir='ltr'>clamos,</span> <span class='ocrx_word' id='word_1_259' title='bbox 480 1915 529 1971; x_wconf 65' lang='lat' dir='ltr'>sed</span> <span class='ocrx_word' id='word_1_260' title='bbox 546 1931 597 1972; x_wconf 91' lang='lat' dir='ltr'>nee</span> <span class='ocrx_word' id='word_1_261' title='bbox 613 1914 683 1970; x_wconf 72' lang='lat' dir='ltr'>uuus</span> <span class='ocrx_word' id='word_1_262' title='bbox 698 1914 785 1983; x_wconf 59' lang='lat' dir='ltr'>dolor,</span> <span class='ocrx_word' id='word_1_263' title='bbox 801 1930 868 1987; x_wconf 69' lang='lat' dir='ltr'>quo.</span> <span class='ocrx_word' id='word_1_264' title='bbox 924 1907 1031 1964; x_wconf 77' lang='lat' dir='ltr'>uiremt</span> <span class='ocrx_word' id='word_1_265' title='bbox 1046 1924 1137 1966; x_wconf 90' lang='lat' dir='ltr'>nonne</span> <span class='ocrx_word' id='word_1_266' title='bbox 1157 1909 1266 1980; x_wconf 86' lang='lat' dir='ltr'>penitus</span> <span class='ocrx_word' id='word_1_267' title='bbox 1284 1911 1397 1969; x_wconf 90' lang='lat' dir='ltr'>alterius</span> <span class='ocrx_word' id='word_1_268' title='bbox 1415 1916 1514 1971; x_wconf 89' lang='lat' dir='ltr'>mantis</span> <span class='ocrx_word' id='word_1_269' title='bbox 1529 1916 1644 1974; x_wconf 77' lang='lat' dir='ltr'>fierem?</span> <span class='ocrx_word' id='word_1_270' title='bbox 1658 1936 1721 1976; x_wconf 91' lang='lat' dir='ltr'>cum</span> 
     </span>
     <span class='ocr_line' id='line_1_21' title="bbox 59 1996 1722 2079; baseline 0.01 -32"><span class='ocrx_word' id='word_1_271' title='bbox 59 2002 133 2057; x_wconf 68' lang='lat' dir='ltr'>nim</span> <span class='ocrx_word' id='word_1_272' title='bbox 144 2002 237 2073; x_wconf 58' lang='lat' dir='ltr'>priora</span> <span class='ocrx_word' id='word_1_273' title='bbox 246 2002 412 2059; x_wconf 64' lang='lat' dir='ltr'>transierunt</span> <span class='ocrx_word' id='word_1_274' title='bbox 424 2003 519 2075; x_wconf 64' lang='lat' dir='ltr'>(Apoc,</span> <span class='ocrx_word' id='word_1_275' title='bbox 532 2020 592 2071; x_wconf 71' lang='lat' dir='ltr'>m,</span> <span class='ocrx_word' id='word_1_276' title='bbox 605 2005 641 2076; x_wconf 70' lang='lat' dir='ltr'>a),</span> <span class='ocrx_word' id='word_1_277' title='bbox 654 2003 706 2075; x_wconf 73' lang='lat' dir='ltr'>Qui</span> <span class='ocrx_word' id='word_1_278' title='bbox 717 2020 783 2062; x_wconf 68' lang='lat' dir='ltr'>vero</span> <span class='ocrx_word' id='word_1_279' title='bbox 797 2003 868 2061; x_wconf 64' lang='lat' dir='ltr'>hene</span> <span class='ocrx_word' id='word_1_280' title='bbox 924 2011 967 2051; x_wconf 90' lang='lat' dir='ltr'>mc</span> <span class='ocrx_word' id='word_1_281' title='bbox 991 1996 1098 2052; x_wconf 89' lang='lat' dir='ltr'>llamma</span> <span class='ocrx_word' id='word_1_282' title='bbox 1118 1997 1239 2071; x_wconf 85' lang='lat' dir='ltr'>undique</span> <span class='ocrx_word' id='word_1_283' title='bbox 1264 1999 1405 2067; x_wconf 86' lang='lat' dir='ltr'>lamberet,</span> <span class='ocrx_word' id='word_1_284' title='bbox 1433 2004 1618 2077; x_wconf 85' lang='lat' dir='ltr'>combureret,</span> <span class='ocrx_word' id='word_1_285' title='bbox 1643 2008 1722 2079; x_wconf 88' lang='lat' dir='ltr'>cujus</span> 
     </span>
     <span class='ocr_line' id='line_1_22' title="bbox 60 2082 1720 2166; baseline 0.003 -20"><span class='ocrx_word' id='word_1_286' title='bbox 60 2090 243 2147; x_wconf 84' lang='lat' dir='ltr'>considerare</span> <span class='ocrx_word' id='word_1_287' title='bbox 257 2090 386 2156; x_wconf 75' lang='lat' dir='ltr'>noluerit,</span> <span class='ocrx_word' id='word_1_288' title='bbox 413 2092 487 2147; x_wconf 92' lang='lat' dir='ltr'>nulla</span> <span class='ocrx_word' id='word_1_289' title='bbox 504 2092 626 2164; x_wconf 84' lang='lat' dir='ltr'>perlecta</span> <span class='ocrx_word' id='word_1_290' title='bbox 640 2101 683 2151; x_wconf 89' lang='lat' dir='ltr'>est</span> <span class='ocrx_word' id='word_1_291' title='bbox 697 2093 725 2149; x_wconf 90' lang='lat' dir='ltr'>in</span> <span class='ocrx_word' id='word_1_292' title='bbox 749 2093 827 2150; x_wconf 91' lang='lat' dir='ltr'>nobis</span> <span class='ocrx_word' id='word_1_293' title='bbox 841 2093 869 2149; x_wconf 93' lang='lat' dir='ltr'>iu</span> <span class='ocrx_word' id='word_1_294' title='bbox 924 2082 1063 2140; x_wconf 73' lang='lat' dir='ltr'>memotiae</span> <span class='ocrx_word' id='word_1_295' title='bbox 1077 2086 1168 2141; x_wconf 72' lang='lat' dir='ltr'>anima</span> <span class='ocrx_word' id='word_1_296' title='bbox 1190 2102 1251 2143; x_wconf 77' lang='lat' dir='ltr'>met</span> <span class='ocrx_word' id='word_1_297' title='bbox 1266 2087 1364 2145; x_wconf 75' lang='lat' dir='ltr'>fieret?</span> <span class='ocrx_word' id='word_1_298' title='bbox 1389 2089 1543 2166; x_wconf 78' lang='lat' dir='ltr'>Siculique</span> <span class='ocrx_word' id='word_1_299' title='bbox 1563 2109 1613 2151; x_wconf 91' lang='lat' dir='ltr'>suo</span> <span class='ocrx_word' id='word_1_300' title='bbox 1637 2096 1720 2152; x_wconf 90' lang='lat' dir='ltr'>modo</span> 
     </span>
    </p>
   </div>
   <div class='ocr_carea' id='block_1_3' title="bbox 61 2170 1722 2336">
    <p class='ocr_par' dir='ltr' id='par_1_4' title="bbox 61 2170 1722 2336">
     <span class='ocr_line' id='line_1_23' title="bbox 61 2170 1721 2251; baseline 0.008 -26"><span class='ocrx_word' id='word_1_301' title='bbox 61 2180 196 2251; x_wconf 56' lang='lat' dir='ltr'>praeisti</span> <span class='ocrx_word' id='word_1_302' title='bbox 214 2179 314 2238; x_wconf 62' lang='lat' dir='ltr'>mulo</span> <span class='ocrx_word' id='word_1_303' title='bbox 327 2180 437 2238; x_wconf 65' lang='lat' dir='ltr'>sanitas,</span> <span class='ocrx_word' id='word_1_304' title='bbox 454 2182 522 2236; x_wconf 76' lang='lat' dir='ltr'>Nam</span> <span class='ocrx_word' id='word_1_305' title='bbox 540 2181 568 2237; x_wconf 80' lang='lat' dir='ltr'>in</span> <span class='ocrx_word' id='word_1_306' title='bbox 588 2182 715 2238; x_wconf 65' lang='lat' dir='ltr'>omnibus</span> <span class='ocrx_word' id='word_1_307' title='bbox 727 2183 868 2240; x_wconf 70' lang='lat' dir='ltr'>membro.</span> <span class='ocrx_word' id='word_1_308' title='bbox 924 2170 1091 2243; x_wconf 73' lang='lat' dir='ltr'>replebimur</span> <span class='ocrx_word' id='word_1_309' title='bbox 1103 2174 1302 2243; x_wconf 70' lang='lat' dir='ltr'>jucundilttiea</span> <span class='ocrx_word' id='word_1_310' title='bbox 1326 2176 1393 2234; x_wconf 71' lang='lat' dir='ltr'>facie</span> <span class='ocrx_word' id='word_1_311' title='bbox 1414 2180 1475 2244; x_wconf 76' lang='lat' dir='ltr'>Dei,</span> <span class='ocrx_word' id='word_1_312' title='bbox 1490 2184 1673 2240; x_wconf 60' lang='lat' dir='ltr'>saturabimur</span> <span class='ocrx_word' id='word_1_313' title='bbox 1685 2184 1721 2240; x_wconf 67' lang='lat' dir='ltr'>ab</span> 
     </span>
     <span class='ocr_line' id='line_1_24' title="bbox 69 2258 1722 2336; baseline 0.013 -29"><span class='ocrx_word' id='word_1_314' title='bbox 69 2281 132 2321; x_wconf 70' lang='lat' dir='ltr'>mm</span> <span class='ocrx_word' id='word_1_315' title='bbox 160 2272 316 2322; x_wconf 60' lang='lat' dir='ltr'>nostrorum</span> <span class='ocrx_word' id='word_1_316' title='bbox 340 2265 472 2336; x_wconf 65' lang='lat' dir='ltr'>partibus,</span> <span class='ocrx_word' id='word_1_317' title='bbox 496 2265 519 2320; x_wconf 70' lang='lat' dir='ltr'>si</span> <span class='ocrx_word' id='word_1_318' title='bbox 541 2265 686 2336; x_wconf 67' lang='lat' dir='ltr'>aliquando</span> <span class='ocrx_word' id='word_1_319' title='bbox 701 2267 795 2322; x_wconf 64' lang='lat' dir='ltr'>during</span> <span class='ocrx_word' id='word_1_320' title='bbox 807 2266 870 2323; x_wconf 65' lang='lat' dir='ltr'>raeti</span> <span class='ocrx_word' id='word_1_321' title='bbox 924 2258 1048 2315; x_wconf 87' lang='lat' dir='ltr'>ubertate</span> <span class='ocrx_word' id='word_1_322' title='bbox 1061 2261 1159 2318; x_wconf 86' lang='lat' dir='ltr'>domus</span> <span class='ocrx_word' id='word_1_323' title='bbox 1173 2263 1234 2329; x_wconf 87' lang='lat' dir='ltr'>Dei,</span> <span class='ocrx_word' id='word_1_324' title='bbox 1260 2263 1457 2323; x_wconf 83' lang='lat' dir='ltr'>inebriabimur</span> <span class='ocrx_word' id='word_1_325' title='bbox 1475 2286 1490 2324; x_wconf 93' lang='lat' dir='ltr'>a</span> <span class='ocrx_word' id='word_1_326' title='bbox 1506 2278 1628 2328; x_wconf 86' lang='lat' dir='ltr'>torrente</span> <span class='ocrx_word' id='word_1_327' title='bbox 1642 2273 1722 2329; x_wconf 87' lang='lat' dir='ltr'>volu·</span> 
     </span>
    </p>
   </div>
   <div class='ocr_carea' id='block_1_4' title="bbox 60 2349 1791 5549">
    <p class='ocr_par' dir='ltr' id='par_1_5' title="bbox 60 2349 1791 5549">
     <span class='ocr_line' id='line_1_25' title="bbox 60 2349 1722 2434; baseline 0.005 -24"><span class='ocrx_word' id='word_1_328' title='bbox 60 2351 208 2427; x_wconf 80' lang='lat' dir='ltr'>luerimm,</span> <span class='ocrx_word' id='word_1_329' title='bbox 226 2354 361 2420; x_wconf 78' lang='lat' dir='ltr'>dolemus,</span> <span class='ocrx_word' id='word_1_330' title='bbox 377 2353 578 2427; x_wconf 76' lang='lat' dir='ltr'>confestimque</span> <span class='ocrx_word' id='word_1_331' title='bbox 592 2353 649 2411; x_wconf 90' lang='lat' dir='ltr'>laesi</span> <span class='ocrx_word' id='word_1_332' title='bbox 661 2355 866 2428; x_wconf 86' lang='lat' dir='ltr'>conquerimur:</span> <span class='ocrx_word' id='word_1_333' title='bbox 924 2349 1006 2420; x_wconf 81' lang='lat' dir='ltr'>ptatis</span> <span class='ocrx_word' id='word_1_334' title='bbox 1019 2351 1077 2406; x_wconf 89' lang='lat' dir='ltr'>sive</span> <span class='ocrx_word' id='word_1_335' title='bbox 1088 2351 1241 2408; x_wconf 88' lang='lat' dir='ltr'>dulcedinis</span> <span class='ocrx_word' id='word_1_336' title='bbox 1250 2353 1334 2424; x_wconf 88' lang='lat' dir='ltr'>ipsius</span> <span class='ocrx_word' id='word_1_337' title='bbox 1348 2356 1466 2413; x_wconf 76' lang='lat' dir='ltr'>Domin&#39;n</span> <span class='ocrx_word' id='word_1_338' title='bbox 1482 2358 1652 2432; x_wconf 89' lang='lat' dir='ltr'>Temporalis</span> <span class='ocrx_word' id='word_1_339' title='bbox 1666 2362 1722 2434; x_wconf 87' lang='lat' dir='ltr'>qui·</span> 
     </span>
     <span class='ocr_line' id='line_1_26' title="bbox 65 2438 1720 2521; baseline 0.004 -23"><span class='ocrx_word' id='word_1_340' title='bbox 65 2450 196 2515; x_wconf 84' lang='lat' dir='ltr'>ctqnare</span> <span class='ocrx_word' id='word_1_341' title='bbox 220 2442 282 2511; x_wconf 89' lang='lat' dir='ltr'>hoe,</span> <span class='ocrx_word' id='word_1_342' title='bbox 307 2442 358 2498; x_wconf 88' lang='lat' dir='ltr'>nisi</span> <span class='ocrx_word' id='word_1_343' title='bbox 381 2442 445 2515; x_wconf 88' lang='lat' dir='ltr'>quia</span> <span class='ocrx_word' id='word_1_344' title='bbox 468 2441 573 2498; x_wconf 88' lang='lat' dir='ltr'>debiles</span> <span class='ocrx_word' id='word_1_345' title='bbox 595 2443 696 2517; x_wconf 88' lang='lat' dir='ltr'>ubique</span> <span class='ocrx_word' id='word_1_346' title='bbox 721 2455 750 2502; x_wconf 89' lang='lat' dir='ltr'>et</span> <span class='ocrx_word' id='word_1_347' title='bbox 770 2444 870 2500; x_wconf 82' lang='lat' dir='ltr'>infirmi</span> <span class='ocrx_word' id='word_1_348' title='bbox 924 2439 986 2493; x_wconf 81' lang='lat' dir='ltr'>dem</span> <span class='ocrx_word' id='word_1_349' title='bbox 1005 2438 1149 2496; x_wconf 78' lang='lat' dir='ltr'>delectatio</span> <span class='ocrx_word' id='word_1_350' title='bbox 1168 2441 1212 2496; x_wconf 84' lang='lat' dir='ltr'>vel</span> <span class='ocrx_word' id='word_1_351' title='bbox 1228 2442 1382 2498; x_wconf 84' lang='lat' dir='ltr'>transitoria</span> <span class='ocrx_word' id='word_1_352' title='bbox 1406 2445 1540 2518; x_wconf 88' lang='lat' dir='ltr'>voluptas,</span> <span class='ocrx_word' id='word_1_353' title='bbox 1558 2448 1583 2502; x_wconf 92' lang='lat' dir='ltr'>in</span> <span class='ocrx_word' id='word_1_354' title='bbox 1600 2449 1720 2521; x_wconf 86' lang='lat' dir='ltr'>qualibet</span> 
     </span>
     <span class='ocr_line' id='line_1_27' title="bbox 65 2527 1720 2606; baseline 0.003 -18"><span class='ocrx_word' id='word_1_355' title='bbox 65 2533 183 2589; x_wconf 74' lang='lat' dir='ltr'>sumus?</span> <span class='ocrx_word' id='word_1_356' title='bbox 201 2531 304 2589; x_wconf 78' lang='lat' dir='ltr'>illectis</span> <span class='ocrx_word' id='word_1_357' title='bbox 326 2540 417 2587; x_wconf 89' lang='lat' dir='ltr'>autem</span> <span class='ocrx_word' id='word_1_358' title='bbox 438 2530 490 2587; x_wconf 87' lang='lat' dir='ltr'>Dei</span> <span class='ocrx_word' id='word_1_359' title='bbox 513 2532 585 2588; x_wconf 91' lang='lat' dir='ltr'>nulia</span> <span class='ocrx_word' id='word_1_360' title='bbox 599 2532 673 2589; x_wconf 85' lang='lat' dir='ltr'>iaesio</span> <span class='ocrx_word' id='word_1_361' title='bbox 691 2533 869 2606; x_wconf 87' lang='lat' dir='ltr'>supervenire</span> <span class='ocrx_word' id='word_1_362' title='bbox 924 2527 1047 2599; x_wconf 90' lang='lat' dir='ltr'>corporis</span> <span class='ocrx_word' id='word_1_363' title='bbox 1062 2536 1139 2599; x_wconf 89' lang='lat' dir='ltr'>parte</span> <span class='ocrx_word' id='word_1_364' title='bbox 1150 2529 1458 2600; x_wconf 84' lang='lat' dir='ltr'>solummodosentitur;</span> <span class='ocrx_word' id='word_1_365' title='bbox 1471 2533 1515 2588; x_wconf 90' lang='lat' dir='ltr'>ilia</span> <span class='ocrx_word' id='word_1_366' title='bbox 1527 2537 1720 2593; x_wconf 86' lang='lat' dir='ltr'>verodeiecta·</span> 
     </span>
     <span class='ocr_line' id='line_1_28' title="bbox 66 2616 1791 2698; baseline 0.01 -34"><span class='ocrx_word' id='word_1_367' title='bbox 66 2620 190 2693; x_wconf 56' lang='lat'>„0101123</span> <span class='ocrx_word' id='word_1_368' title='bbox 207 2635 263 2677; x_wconf 68' lang='lat'>110„</span> <span class='ocrx_word' id='word_1_369' title='bbox 277 2621 389 2687; x_wconf 64' lang='lat' dir='ltr'>sermm,</span> <span class='ocrx_word' id='word_1_370' title='bbox 403 2636 459 2677; x_wconf 90' lang='lat' dir='ltr'>non</span> <span class='ocrx_word' id='word_1_371' title='bbox 483 2621 569 2697; x_wconf 53' lang='lat' dir='ltr'>igni„</span> <span class='ocrx_word' id='word_1_372' title='bbox 584 2639 638 2678; x_wconf 70' lang='lat'>„00</span> <span class='ocrx_word' id='word_1_373' title='bbox 652 2638 733 2696; x_wconf 53' lang='lat' dir='ltr'>aqua,</span> <span class='ocrx_word' id='word_1_374' title='bbox 749 2639 803 2680; x_wconf 73' lang='lat'>„011</span> <span class='ocrx_word' id='word_1_375' title='bbox 818 2622 868 2679; x_wconf 62' lang='lat'>311.</span> <span class='ocrx_word' id='word_1_376' title='bbox 924 2617 970 2684; x_wconf 89' lang='lat' dir='ltr'>tio,</span> <span class='ocrx_word' id='word_1_377' title='bbox 987 2616 1219 2689; x_wconf 90' lang='lat' dir='ltr'>quemadmodum</span> <span class='ocrx_word' id='word_1_378' title='bbox 1230 2618 1311 2691; x_wconf 82' lang='lat' dir='ltr'>ignis,</span> <span class='ocrx_word' id='word_1_379' title='bbox 1323 2637 1374 2692; x_wconf 91' lang='lat' dir='ltr'>per</span> <span class='ocrx_word' id='word_1_380' title='bbox 1386 2629 1472 2677; x_wconf 91' lang='lat' dir='ltr'>totum</span> <span class='ocrx_word' id='word_1_381' title='bbox 1487 2625 1631 2698; x_wconf 82' lang='lat' dir='ltr'>sentietur,</span> <span class='ocrx_word' id='word_1_382' title='bbox 1646 2625 1720 2682; x_wconf 91' lang='lat' dir='ltr'>itaet</span> <span class='ocrx_word' id='word_1_383' title='bbox 1789 2654 1791 2658; x_wconf 36' lang='lat' dir='ltr'>v</span> 
     </span>
     <span class='ocr_line' id='line_1_29' title="bbox 65 2708 1718 2782; baseline 0.004 -18"><span class='ocrx_word' id='word_1_384' title='bbox 65 2724 120 2782; x_wconf 80' lang='lat' dir='ltr'>qna</span> <span class='ocrx_word' id='word_1_385' title='bbox 146 2708 280 2766; x_wconf 83' lang='lat' dir='ltr'>maiorum</span> <span class='ocrx_word' id='word_1_386' title='bbox 304 2710 406 2766; x_wconf 88' lang='lat' dir='ltr'>mentio</span> <span class='ocrx_word' id='word_1_387' title='bbox 429 2708 469 2765; x_wconf 90' lang='lat' dir='ltr'>eis</span> <span class='ocrx_word' id='word_1_388' title='bbox 492 2708 613 2766; x_wconf 90' lang='lat' dir='ltr'>nocebit.</span> <span class='ocrx_word' id='word_1_389' title='bbox 641 2709 718 2765; x_wconf 91' lang='lat' dir='ltr'>Nulla</span> <span class='ocrx_word' id='word_1_390' title='bbox 739 2710 870 2766; x_wconf 90' lang='lat' dir='ltr'>memoria</span> <span class='ocrx_word' id='word_1_391' title='bbox 923 2721 974 2776; x_wconf 87' lang='lat' dir='ltr'>per</span> <span class='ocrx_word' id='word_1_392' title='bbox 997 2720 1092 2760; x_wconf 89' lang='lat' dir='ltr'>omues</span> <span class='ocrx_word' id='word_1_393' title='bbox 1121 2713 1212 2777; x_wconf 89' lang='lat' dir='ltr'>partes</span> <span class='ocrx_word' id='word_1_394' title='bbox 1239 2709 1361 2778; x_wconf 90' lang='lat' dir='ltr'>corporis</span> <span class='ocrx_word' id='word_1_395' title='bbox 1392 2716 1420 2765; x_wconf 91' lang='lat' dir='ltr'>et</span> <span class='ocrx_word' id='word_1_396' title='bbox 1444 2710 1542 2768; x_wconf 80' lang='lat' dir='ltr'>animae</span> <span class='ocrx_word' id='word_1_397' title='bbox 1573 2714 1718 2770; x_wconf 88' lang='lat' dir='ltr'>sentietur.</span> 
     </span>
     <span class='ocr_line' id='line_1_30' title="bbox 65 2792 1720 2872; baseline 0.002 -18"><span class='ocrx_word' id='word_1_398' title='bbox 65 2799 182 2871; x_wconf 79' lang='lat' dir='ltr'>aiicujus</span> <span class='ocrx_word' id='word_1_399' title='bbox 199 2798 249 2869; x_wconf 88' lang='lat' dir='ltr'>rei,</span> <span class='ocrx_word' id='word_1_400' title='bbox 270 2814 352 2871; x_wconf 90' lang='lat' dir='ltr'>quam</span> <span class='ocrx_word' id='word_1_401' title='bbox 371 2815 467 2871; x_wconf 87' lang='lat' dir='ltr'>passus</span> <span class='ocrx_word' id='word_1_402' title='bbox 481 2807 522 2855; x_wconf 90' lang='lat' dir='ltr'>est</span> <span class='ocrx_word' id='word_1_403' title='bbox 536 2798 624 2872; x_wconf 89' lang='lat' dir='ltr'>quivis</span> <span class='ocrx_word' id='word_1_404' title='bbox 648 2814 754 2867; x_wconf 90' lang='lat' dir='ltr'>eorum,</span> <span class='ocrx_word' id='word_1_405' title='bbox 769 2815 870 2857; x_wconf 87' lang='lat' dir='ltr'>nocere</span> <span class='ocrx_word' id='word_1_406' title='bbox 923 2792 1005 2861; x_wconf 84' lang='lat' dir='ltr'>Quasi</span> <span class='ocrx_word' id='word_1_407' title='bbox 1021 2795 1093 2850; x_wconf 90' lang='lat' dir='ltr'>enim</span> <span class='ocrx_word' id='word_1_408' title='bbox 1110 2803 1194 2853; x_wconf 90' lang='lat' dir='ltr'>totum</span> <span class='ocrx_word' id='word_1_409' title='bbox 1208 2810 1309 2866; x_wconf 91' lang='lat' dir='ltr'>corpus</span> <span class='ocrx_word' id='word_1_410' title='bbox 1327 2797 1362 2851; x_wconf 81' lang='lat' dir='ltr'>sit</span> <span class='ocrx_word' id='word_1_411' title='bbox 1385 2797 1458 2870; x_wconf 80' lang='lat' dir='ltr'>guia,</span> <span class='ocrx_word' id='word_1_412' title='bbox 1476 2799 1516 2855; x_wconf 91' lang='lat' dir='ltr'>sic</span> <span class='ocrx_word' id='word_1_413' title='bbox 1539 2801 1720 2859; x_wconf 87' lang='lat' dir='ltr'>delectabitur</span> 
     </span>
     <span class='ocr_line' id='line_1_31' title="bbox 64 2881 1720 2960; baseline 0.001 -17"><span class='ocrx_word' id='word_1_414' title='bbox 64 2887 91 2943; x_wconf 86' lang='lat' dir='ltr'>ei</span> <span class='ocrx_word' id='word_1_415' title='bbox 104 2886 226 2960; x_wconf 87' lang='lat' dir='ltr'>poterit,</span> <span class='ocrx_word' id='word_1_416' title='bbox 250 2887 379 2960; x_wconf 89' lang='lat' dir='ltr'>quoniam</span> <span class='ocrx_word' id='word_1_417' title='bbox 404 2895 478 2943; x_wconf 70' lang='lat' dir='ltr'>nuta</span> <span class='ocrx_word' id='word_1_418' title='bbox 505 2887 671 2943; x_wconf 90' lang='lat' dir='ltr'>abundantia</span> <span class='ocrx_word' id='word_1_419' title='bbox 696 2887 871 2957; x_wconf 89' lang='lat' dir='ltr'>jucunditatis</span> <span class='ocrx_word' id='word_1_420' title='bbox 924 2892 1016 2939; x_wconf 87' lang='lat' dir='ltr'>sancta</span> <span class='ocrx_word' id='word_1_421' title='bbox 1031 2881 1074 2938; x_wconf 90' lang='lat' dir='ltr'>ilia</span> <span class='ocrx_word' id='word_1_422' title='bbox 1088 2883 1272 2954; x_wconf 79' lang='lat' dir='ltr'>Jucunditale:</span> <span class='ocrx_word' id='word_1_423' title='bbox 1288 2884 1310 2939; x_wconf 89' lang='lat' dir='ltr'>si</span> <span class='ocrx_word' id='word_1_424' title='bbox 1326 2884 1398 2940; x_wconf 90' lang='lat' dir='ltr'>enim</span> <span class='ocrx_word' id='word_1_425' title='bbox 1413 2886 1476 2942; x_wconf 90' lang='lat' dir='ltr'>mali</span> <span class='ocrx_word' id='word_1_426' title='bbox 1492 2889 1562 2946; x_wconf 89' lang='lat' dir='ltr'>male</span> <span class='ocrx_word' id='word_1_427' title='bbox 1581 2889 1720 2947; x_wconf 87' lang='lat' dir='ltr'>habebunt</span> 
     </span>
     <span class='ocr_line' id='line_1_32' title="bbox 63 2936 1719 3051; baseline 0.005 -22"><span class='ocrx_word' id='word_1_428' title='bbox 63 2972 102 3029; x_wconf 81' lang='lat' dir='ltr'>ibi</span> <span class='ocrx_word' id='word_1_429' title='bbox 117 2971 184 3040; x_wconf 90' lang='lat' dir='ltr'>crit,</span> <span class='ocrx_word' id='word_1_430' title='bbox 198 2980 228 3029; x_wconf 89' lang='lat' dir='ltr'>ut</span> <span class='ocrx_word' id='word_1_431' title='bbox 251 2971 285 3029; x_wconf 91' lang='lat' dir='ltr'>de</span> <span class='ocrx_word' id='word_1_432' title='bbox 304 2973 422 3046; x_wconf 71' lang='lat' dir='ltr'>hisquae</span> <span class='ocrx_word' id='word_1_433' title='bbox 436 2973 493 3042; x_wconf 90' lang='lat' dir='ltr'>jam</span> <span class='ocrx_word' id='word_1_434' title='bbox 511 2972 687 3045; x_wconf 85' lang='lat' dir='ltr'>transierunt,</span> <span class='ocrx_word' id='word_1_435' title='bbox 703 2972 776 3029; x_wconf 90' lang='lat' dir='ltr'>nulla</span> <span class='ocrx_word' id='word_1_436' title='bbox 789 2972 817 3028; x_wconf 88' lang='lat' dir='ltr'>in</span> <span class='ocrx_word' id='word_1_437' title='bbox 831 2936 908 3029; x_wconf 65' lang='lat' dir='ltr'>eisc</span> <span class='ocrx_word' id='word_1_438' title='bbox 925 2971 952 3026; x_wconf 91' lang='lat' dir='ltr'>in</span> <span class='ocrx_word' id='word_1_439' title='bbox 966 2972 1092 3029; x_wconf 89' lang='lat' dir='ltr'>omnibus</span> <span class='ocrx_word' id='word_1_440' title='bbox 1108 2973 1163 3029; x_wconf 90' lang='lat' dir='ltr'>suis</span> <span class='ocrx_word' id='word_1_441' title='bbox 1178 2972 1310 3045; x_wconf 87' lang='lat' dir='ltr'>partibus,</span> <span class='ocrx_word' id='word_1_442' title='bbox 1335 2974 1397 3046; x_wconf 91' lang='lat' dir='ltr'>quia</span> <span class='ocrx_word' id='word_1_443' title='bbox 1418 2975 1489 3033; x_wconf 91' lang='lat' dir='ltr'>bene</span> <span class='ocrx_word' id='word_1_444' title='bbox 1512 2994 1596 3051; x_wconf 77' lang='lat' dir='ltr'>agere</span> <span class='ocrx_word' id='word_1_445' title='bbox 1620 2979 1719 3037; x_wconf 90' lang='lat' dir='ltr'>nolue-</span> 
     </span>
     <span class='ocr_line' id='line_1_33' title="bbox 65 3059 1720 3134; baseline 0.004 -17"><span class='ocrx_word' id='word_1_446' title='bbox 65 3061 189 3119; x_wconf 84' lang='lat' dir='ltr'>turbatio</span> <span class='ocrx_word' id='word_1_447' title='bbox 212 3060 312 3118; x_wconf 86' lang='lat' dir='ltr'>mentis</span> <span class='ocrx_word' id='word_1_448' title='bbox 333 3077 368 3118; x_wconf 85' lang='lat' dir='ltr'>ex</span> <span class='ocrx_word' id='word_1_449' title='bbox 390 3060 595 3134; x_wconf 64' lang='lat' dir='ltr'>praeteritorum</span> <span class='ocrx_word' id='word_1_450' title='bbox 610 3062 798 3120; x_wconf 85' lang='lat' dir='ltr'>recordatione</span> <span class='ocrx_word' id='word_1_451' title='bbox 812 3059 870 3117; x_wconf 85' lang='lat' dir='ltr'>tieri</span> <span class='ocrx_word' id='word_1_452' title='bbox 925 3069 997 3128; x_wconf 88' lang='lat' dir='ltr'>runt,</span> <span class='ocrx_word' id='word_1_453' title='bbox 1013 3061 1098 3117; x_wconf 91' lang='lat' dir='ltr'>multo</span> <span class='ocrx_word' id='word_1_454' title='bbox 1111 3062 1210 3133; x_wconf 89' lang='lat' dir='ltr'>justius</span> <span class='ocrx_word' id='word_1_455' title='bbox 1234 3062 1298 3117; x_wconf 91' lang='lat' dir='ltr'>boni</span> <span class='ocrx_word' id='word_1_456' title='bbox 1312 3062 1383 3119; x_wconf 84' lang='lat' dir='ltr'>bene</span> <span class='ocrx_word' id='word_1_457' title='bbox 1399 3064 1538 3122; x_wconf 87' lang='lat' dir='ltr'>habebunt</span> <span class='ocrx_word' id='word_1_458' title='bbox 1551 3068 1579 3122; x_wconf 90' lang='lat' dir='ltr'>iu</span> <span class='ocrx_word' id='word_1_459' title='bbox 1593 3069 1720 3126; x_wconf 89' lang='lat' dir='ltr'>omnibus</span> 
     </span>
     <span class='ocr_line' id='line_1_34' title="bbox 63 3144 1635 3229; baseline 0.009 -29"><span class='ocrx_word' id='word_1_460' title='bbox 63 3147 162 3218; x_wconf 81' lang='lat' dir='ltr'>possit.</span> <span class='ocrx_word' id='word_1_461' title='bbox 177 3146 264 3203; x_wconf 84' lang='lat' dir='ltr'>Porro</span> <span class='ocrx_word' id='word_1_462' title='bbox 278 3146 351 3218; x_wconf 92' lang='lat' dir='ltr'>qnod</span> <span class='ocrx_word' id='word_1_463' title='bbox 370 3145 479 3215; x_wconf 89' lang='lat' dir='ltr'>dicitur,</span> <span class='ocrx_word' id='word_1_464' title='bbox 499 3144 707 3220; x_wconf 81' lang='lat' dir='ltr'>Stabuntjtccii</span> <span class='ocrx_word' id='word_1_465' title='bbox 719 3146 754 3202; x_wconf 81' lang='lat' dir='ltr'>in</span> <span class='ocrx_word' id='word_1_466' title='bbox 767 3163 870 3220; x_wconf 75' lang='lat' dir='ltr'>mapsa</span> <span class='ocrx_word' id='word_1_467' title='bbox 924 3150 1046 3220; x_wconf 88' lang='lat' dir='ltr'>partibus</span> <span class='ocrx_word' id='word_1_468' title='bbox 1059 3150 1155 3206; x_wconf 77' lang='lat' dir='ltr'>anima</span> <span class='ocrx_word' id='word_1_469' title='bbox 1170 3151 1328 3223; x_wconf 89' lang='lat' dir='ltr'>etcorporis</span> <span class='ocrx_word' id='word_1_470' title='bbox 1342 3152 1407 3225; x_wconf 90' lang='lat' dir='ltr'>quia</span> <span class='ocrx_word' id='word_1_471' title='bbox 1421 3155 1493 3211; x_wconf 91' lang='lat' dir='ltr'>bene</span> <span class='ocrx_word' id='word_1_472' title='bbox 1507 3169 1635 3229; x_wconf 75' lang='lat' dir='ltr'>egerunt.</span> 
     </span>
     <span class='ocr_line' id='line_1_35' title="bbox 65 3234 1720 3318; baseline 0.004 -22"><span class='ocrx_word' id='word_1_473' title='bbox 65 3237 237 3296; x_wconf 70' lang='lat' dir='ltr'>mmmmm</span> <span class='ocrx_word' id='word_1_474' title='bbox 249 3234 385 3293; x_wconf 66' lang='lat' dir='ltr'>munuae</span> <span class='ocrx_word' id='word_1_475' title='bbox 407 3251 452 3294; x_wconf 84' lang='lat' dir='ltr'>coc</span> <span class='ocrx_word' id='word_1_476' title='bbox 471 3237 522 3309; x_wconf 84' lang='lat' dir='ltr'>qut</span> <span class='ocrx_word' id='word_1_477' title='bbox 540 3235 776 3309; x_wconf 58' lang='lat' dir='ltr'>angustiaverunt</span> <span class='ocrx_word' id='word_1_478' title='bbox 793 3237 870 3309; x_wconf 81' lang='lat' dir='ltr'>(sap.</span> <span class='ocrx_word' id='word_1_479' title='bbox 959 3242 1004 3294; x_wconf 81' lang='lat' dir='ltr'>tt).</span> <span class='ocrx_word' id='word_1_480' title='bbox 1019 3237 1164 3295; x_wconf 85' lang='lat' dir='ltr'>Habebunt</span> <span class='ocrx_word' id='word_1_481' title='bbox 1179 3240 1272 3312; x_wconf 87' lang='lat' dir='ltr'>itaque</span> <span class='ocrx_word' id='word_1_482' title='bbox 1284 3241 1371 3297; x_wconf 87' lang='lat' dir='ltr'>saneti</span> <span class='ocrx_word' id='word_1_483' title='bbox 1386 3243 1456 3298; x_wconf 87' lang='lat' dir='ltr'>trane</span> <span class='ocrx_word' id='word_1_484' title='bbox 1471 3243 1581 3300; x_wconf 89' lang='lat' dir='ltr'>beatam</span> <span class='ocrx_word' id='word_1_485' title='bbox 1593 3246 1720 3318; x_wconf 88' lang='lat' dir='ltr'>volupta-</span> 
     </span>
     <span class='ocr_line' id='line_1_36' title="bbox 63 3325 1719 3405; baseline 0.004 -21"><span class='ocrx_word' id='word_1_486' title='bbox 63 3344 91 3396; x_wconf 84' lang='lat' dir='ltr'>r,</span> <span class='ocrx_word' id='word_1_487' title='bbox 104 3328 148 3400; x_wconf 74' lang='lat' dir='ltr'>t),</span> <span class='ocrx_word' id='word_1_488' title='bbox 157 3341 215 3383; x_wconf 87' lang='lat' dir='ltr'>non</span> <span class='ocrx_word' id='word_1_489' title='bbox 224 3327 277 3383; x_wconf 87' lang='lat' dir='ltr'>lroc</span> <span class='ocrx_word' id='word_1_490' title='bbox 286 3325 387 3383; x_wconf 83' lang='lat' dir='ltr'>sacient</span> <span class='ocrx_word' id='word_1_491' title='bbox 396 3335 509 3398; x_wconf 86' lang='lat' dir='ltr'>propter</span> <span class='ocrx_word' id='word_1_492' title='bbox 518 3342 575 3383; x_wconf 81' lang='lat' dir='ltr'>suas</span> <span class='ocrx_word' id='word_1_493' title='bbox 590 3326 698 3398; x_wconf 77' lang='lat' dir='ltr'>iniuria</span> <span class='ocrx_word' id='word_1_494' title='bbox 711 3325 869 3395; x_wconf 88' lang='lat' dir='ltr'>vindictam,</span> <span class='ocrx_word' id='word_1_495' title='bbox 925 3336 990 3394; x_wconf 86' lang='lat' dir='ltr'>tem,</span> <span class='ocrx_word' id='word_1_496' title='bbox 1007 3343 1068 3398; x_wconf 80' lang='lat' dir='ltr'>qua</span> <span class='ocrx_word' id='word_1_497' title='bbox 1082 3326 1218 3384; x_wconf 85' lang='lat' dir='ltr'>veraciter</span> <span class='ocrx_word' id='word_1_498' title='bbox 1236 3333 1279 3383; x_wconf 87' lang='lat' dir='ltr'>est</span> <span class='ocrx_word' id='word_1_499' title='bbox 1293 3327 1462 3386; x_wconf 86' lang='lat' dir='ltr'>delectabilis</span> <span class='ocrx_word' id='word_1_500' title='bbox 1475 3337 1504 3387; x_wconf 91' lang='lat' dir='ltr'>et</span> <span class='ocrx_word' id='word_1_501' title='bbox 1516 3347 1617 3405; x_wconf 77' lang='lat' dir='ltr'>magna</span> <span class='ocrx_word' id='word_1_502' title='bbox 1630 3334 1719 3392; x_wconf 90' lang='lat' dir='ltr'>beati·</span> 
     </span>
     <span class='ocr_line' id='line_1_37' title="bbox 66 3414 1720 3491; baseline 0.002 -17"><span class='ocrx_word' id='word_1_503' title='bbox 66 3416 116 3474; x_wconf 87' lang='lat' dir='ltr'>sed</span> <span class='ocrx_word' id='word_1_504' title='bbox 130 3415 226 3489; x_wconf 88' lang='lat' dir='ltr'>potins</span> <span class='ocrx_word' id='word_1_505' title='bbox 235 3415 408 3488; x_wconf 76' lang='lat' dir='ltr'>proptereat</span> <span class='ocrx_word' id='word_1_506' title='bbox 422 3415 554 3486; x_wconf 88' lang='lat' dir='ltr'>justitiam</span> <span class='ocrx_word' id='word_1_507' title='bbox 567 3415 595 3471; x_wconf 88' lang='lat' dir='ltr'>iu</span> <span class='ocrx_word' id='word_1_508' title='bbox 617 3431 672 3488; x_wconf 87' lang='lat' dir='ltr'>qua</span> <span class='ocrx_word' id='word_1_509' title='bbox 686 3424 750 3471; x_wconf 91' lang='lat' dir='ltr'>tuuc</span> <span class='ocrx_word' id='word_1_510' title='bbox 766 3414 872 3472; x_wconf 89' lang='lat' dir='ltr'>robusti</span> <span class='ocrx_word' id='word_1_511' title='bbox 924 3417 1004 3474; x_wconf 90' lang='lat' dir='ltr'>tudo:</span> <span class='ocrx_word' id='word_1_512' title='bbox 1021 3415 1071 3473; x_wconf 91' lang='lat' dir='ltr'>sed</span> <span class='ocrx_word' id='word_1_513' title='bbox 1092 3432 1187 3488; x_wconf 84' lang='lat' dir='ltr'>pamm</span> <span class='ocrx_word' id='word_1_514' title='bbox 1207 3422 1250 3470; x_wconf 90' lang='lat' dir='ltr'>est</span> <span class='ocrx_word' id='word_1_515' title='bbox 1266 3417 1335 3472; x_wconf 88' lang='lat' dir='ltr'>hanc</span> <span class='ocrx_word' id='word_1_516' title='bbox 1349 3423 1377 3471; x_wconf 91' lang='lat' dir='ltr'>et</span> <span class='ocrx_word' id='word_1_517' title='bbox 1390 3417 1457 3474; x_wconf 91' lang='lat' dir='ltr'>alias</span> <span class='ocrx_word' id='word_1_518' title='bbox 1471 3435 1553 3491; x_wconf 91' lang='lat' dir='ltr'>supra</span> <span class='ocrx_word' id='word_1_519' title='bbox 1568 3421 1655 3478; x_wconf 90' lang='lat' dir='ltr'>dictas</span> <span class='ocrx_word' id='word_1_520' title='bbox 1669 3423 1720 3479; x_wconf 91' lang='lat' dir='ltr'>ha-</span> 
     </span>
     <span class='ocr_line' id='line_1_38' title="bbox 64 3502 1720 3576; baseline 0.001 -12"><span class='ocrx_word' id='word_1_521' title='bbox 64 3521 99 3564; x_wconf 74' lang='lat' dir='ltr'>to</span> <span class='ocrx_word' id='word_1_522' title='bbox 113 3503 230 3561; x_wconf 82' lang='lat' dir='ltr'>stabiles</span> <span class='ocrx_word' id='word_1_523' title='bbox 236 3503 410 3560; x_wconf 83' lang='lat' dir='ltr'>videbuntur.</span> <span class='ocrx_word' id='word_1_524' title='bbox 425 3505 486 3576; x_wconf 88' lang='lat' dir='ltr'>ipsa</span> <span class='ocrx_word' id='word_1_525' title='bbox 500 3503 601 3576; x_wconf 91' lang='lat' dir='ltr'>quippe</span> <span class='ocrx_word' id='word_1_526' title='bbox 616 3503 668 3559; x_wconf 87' lang='lat' dir='ltr'>Dei</span> <span class='ocrx_word' id='word_1_527' title='bbox 676 3502 789 3574; x_wconf 69' lang='lat' dir='ltr'>iustitia,</span> <span class='ocrx_word' id='word_1_528' title='bbox 801 3503 872 3559; x_wconf 91' lang='lat' dir='ltr'>sicut</span> <span class='ocrx_word' id='word_1_529' title='bbox 925 3506 1002 3574; x_wconf 88' lang='lat' dir='ltr'>bere,</span> <span class='ocrx_word' id='word_1_530' title='bbox 1014 3505 1065 3560; x_wconf 92' lang='lat' dir='ltr'>nisi</span> <span class='ocrx_word' id='word_1_531' title='bbox 1077 3505 1190 3561; x_wconf 88' lang='lat' dir='ltr'>eassine</span> <span class='ocrx_word' id='word_1_532' title='bbox 1205 3503 1312 3560; x_wconf 88' lang='lat' dir='ltr'>deiectu</span> <span class='ocrx_word' id='word_1_533' title='bbox 1326 3505 1437 3563; x_wconf 84' lang='lat' dir='ltr'>valeant</span> <span class='ocrx_word' id='word_1_534' title='bbox 1451 3507 1586 3564; x_wconf 85' lang='lat' dir='ltr'>detinere.</span> <span class='ocrx_word' id='word_1_535' title='bbox 1601 3511 1720 3568; x_wconf 77' lang='lat' dir='ltr'>Accedat</span> 
     </span>
     <span class='ocr_line' id='line_1_39' title="bbox 67 3591 1720 3672; baseline 0.001 -20"><span class='ocrx_word' id='word_1_536' title='bbox 67 3593 152 3652; x_wconf 81' lang='lat' dir='ltr'>bonis</span> <span class='ocrx_word' id='word_1_537' title='bbox 175 3593 228 3650; x_wconf 88' lang='lat' dir='ltr'>erit</span> <span class='ocrx_word' id='word_1_538' title='bbox 247 3592 335 3651; x_wconf 90' lang='lat' dir='ltr'>dulcis</span> <span class='ocrx_word' id='word_1_539' title='bbox 350 3600 377 3649; x_wconf 86' lang='lat' dir='ltr'>et</span> <span class='ocrx_word' id='word_1_540' title='bbox 392 3591 470 3648; x_wconf 78' lang='lat' dir='ltr'>lirina</span> <span class='ocrx_word' id='word_1_541' title='bbox 492 3592 656 3661; x_wconf 87' lang='lat' dir='ltr'>constantia,</span> <span class='ocrx_word' id='word_1_542' title='bbox 672 3592 712 3647; x_wconf 88' lang='lat' dir='ltr'>sie</span> <span class='ocrx_word' id='word_1_543' title='bbox 729 3591 807 3647; x_wconf 89' lang='lat' dir='ltr'>malis</span> <span class='ocrx_word' id='word_1_544' title='bbox 819 3591 873 3648; x_wconf 90' lang='lat' dir='ltr'>erit</span> <span class='ocrx_word' id='word_1_545' title='bbox 924 3594 1006 3670; x_wconf 75' lang='lat' dir='ltr'>igitur</span> <span class='ocrx_word' id='word_1_546' title='bbox 1019 3592 1180 3649; x_wconf 89' lang='lat' dir='ltr'>diuturnitas</span> <span class='ocrx_word' id='word_1_547' title='bbox 1194 3608 1256 3665; x_wconf 84' lang='lat' dir='ltr'>qute</span> <span class='ocrx_word' id='word_1_548' title='bbox 1266 3592 1365 3649; x_wconf 88' lang='lat' dir='ltr'>nullius</span> <span class='ocrx_word' id='word_1_549' title='bbox 1379 3592 1441 3650; x_wconf 86' lang='lat' dir='ltr'>finis</span> <span class='ocrx_word' id='word_1_550' title='bbox 1454 3597 1530 3652; x_wconf 82' lang='lat' dir='ltr'>novit</span> <span class='ocrx_word' id='word_1_551' title='bbox 1542 3605 1638 3669; x_wconf 89' lang='lat' dir='ltr'>metas,</span> <span class='ocrx_word' id='word_1_552' title='bbox 1657 3599 1720 3672; x_wconf 89' lang='lat' dir='ltr'>quia</span> 
     </span>
     <span class='ocr_line' id='line_1_40' title="bbox 68 3680 1720 3759; baseline 0.003 -20"><span class='ocrx_word' id='word_1_553' title='bbox 68 3682 182 3748; x_wconf 65' lang='lat' dir='ltr'>acerba</span> <span class='ocrx_word' id='word_1_554' title='bbox 199 3688 229 3739; x_wconf 91' lang='lat' dir='ltr'>et</span> <span class='ocrx_word' id='word_1_555' title='bbox 249 3680 418 3738; x_wconf 84' lang='lat' dir='ltr'>contusionis</span> <span class='ocrx_word' id='word_1_556' title='bbox 435 3680 573 3738; x_wconf 79' lang='lat' dir='ltr'>mestitia.</span> <span class='ocrx_word' id='word_1_557' title='bbox 598 3682 656 3738; x_wconf 86' lang='lat' dir='ltr'>Hoc</span> <span class='ocrx_word' id='word_1_558' title='bbox 671 3687 763 3736; x_wconf 90' lang='lat' dir='ltr'>autem</span> <span class='ocrx_word' id='word_1_559' title='bbox 781 3680 873 3737; x_wconf 80' lang='lat' dir='ltr'>videat</span> <span class='ocrx_word' id='word_1_560' title='bbox 922 3681 988 3754; x_wconf 90' lang='lat' dir='ltr'>justi</span> <span class='ocrx_word' id='word_1_561' title='bbox 1003 3682 1030 3738; x_wconf 91' lang='lat' dir='ltr'>in</span> <span class='ocrx_word' id='word_1_562' title='bbox 1052 3689 1216 3753; x_wconf 88' lang='lat' dir='ltr'>perpetuum</span> <span class='ocrx_word' id='word_1_563' title='bbox 1229 3680 1321 3739; x_wconf 84' lang='lat' dir='ltr'>vivent</span> <span class='ocrx_word' id='word_1_564' title='bbox 1335 3683 1412 3756; x_wconf 84' lang='lat' dir='ltr'>(Sap.</span> <span class='ocrx_word' id='word_1_565' title='bbox 1432 3695 1461 3752; x_wconf 90' lang='lat' dir='ltr'>v,</span> <span class='ocrx_word' id='word_1_566' title='bbox 1480 3685 1720 3759; x_wconf 62' lang='lat' dir='ltr'>continentius</span> 
     </span>
     <span class='ocr_line' id='line_1_41' title="bbox 64 3768 1718 3847; baseline 0.004 -19"><span class='ocrx_word' id='word_1_567' title='bbox 64 3773 110 3846; x_wconf 86' lang='lat' dir='ltr'>qui</span> <span class='ocrx_word' id='word_1_568' title='bbox 125 3774 186 3828; x_wconf 84' lang='lat' dir='ltr'>ileo</span> <span class='ocrx_word' id='word_1_569' title='bbox 201 3771 310 3843; x_wconf 86' lang='lat' dir='ltr'>placere</span> <span class='ocrx_word' id='word_1_570' title='bbox 324 3769 473 3838; x_wconf 88' lang='lat' dir='ltr'>desiderat,</span> <span class='ocrx_word' id='word_1_571' title='bbox 490 3778 521 3826; x_wconf 93' lang='lat' dir='ltr'>ut</span> <span class='ocrx_word' id='word_1_572' title='bbox 530 3787 564 3828; x_wconf 87' lang='lat' dir='ltr'>ex</span> <span class='ocrx_word' id='word_1_573' title='bbox 579 3778 636 3827; x_wconf 90' lang='lat' dir='ltr'>toto</span> <span class='ocrx_word' id='word_1_574' title='bbox 650 3786 707 3827; x_wconf 85' lang='lat' dir='ltr'>suae</span> <span class='ocrx_word' id='word_1_575' title='bbox 717 3770 824 3841; x_wconf 89' lang='lat' dir='ltr'>injuriae</span> <span class='ocrx_word' id='word_1_576' title='bbox 834 3769 872 3826; x_wconf 90' lang='lat' dir='ltr'>ilii</span> <span class='ocrx_word' id='word_1_577' title='bbox 925 3771 983 3827; x_wconf 82' lang='lat' dir='ltr'>haec</span> <span class='ocrx_word' id='word_1_578' title='bbox 997 3786 1051 3827; x_wconf 92' lang='lat' dir='ltr'>non</span> <span class='ocrx_word' id='word_1_579' title='bbox 1072 3769 1150 3826; x_wconf 84' lang='lat' dir='ltr'>novit</span> <span class='ocrx_word' id='word_1_580' title='bbox 1165 3768 1257 3841; x_wconf 84' lang='lat' dir='ltr'>finem,</span> <span class='ocrx_word' id='word_1_581' title='bbox 1275 3771 1339 3842; x_wconf 92' lang='lat' dir='ltr'>quia</span> <span class='ocrx_word' id='word_1_582' title='bbox 1362 3771 1512 3841; x_wconf 83' lang='lat' dir='ltr'>beatitudo,</span> <span class='ocrx_word' id='word_1_583' title='bbox 1538 3775 1718 3847; x_wconf 88' lang='lat' dir='ltr'>pulchritudo,</span> 
     </span>
     <span class='ocr_line' id='line_1_42' title="bbox 70 3858 1720 3935; baseline 0.002 -16"><span class='ocrx_word' id='word_1_584' title='bbox 70 3861 221 3920; x_wconf 73' lang='lat' dir='ltr'>vindictam</span> <span class='ocrx_word' id='word_1_585' title='bbox 244 3861 405 3927; x_wconf 89' lang='lat' dir='ltr'>committat,</span> <span class='ocrx_word' id='word_1_586' title='bbox 427 3860 563 3933; x_wconf 89' lang='lat' dir='ltr'>cumipse</span> <span class='ocrx_word' id='word_1_587' title='bbox 587 3861 673 3919; x_wconf 85' lang='lat' dir='ltr'>dicat:</span> <span class='ocrx_word' id='word_1_588' title='bbox 694 3860 761 3917; x_wconf 83' lang='lat' dir='ltr'>liiii</span> <span class='ocrx_word' id='word_1_589' title='bbox 772 3859 872 3917; x_wconf 83' lang='lat' dir='ltr'>vindi·</span> <span class='ocrx_word' id='word_1_590' title='bbox 924 3858 1061 3926; x_wconf 78' lang='lat' dir='ltr'>velocitas,</span> <span class='ocrx_word' id='word_1_591' title='bbox 1080 3858 1218 3926; x_wconf 82' lang='lat' dir='ltr'>tortitudo,</span> <span class='ocrx_word' id='word_1_592' title='bbox 1235 3858 1355 3929; x_wconf 89' lang='lat' dir='ltr'>libertas,</span> <span class='ocrx_word' id='word_1_593' title='bbox 1377 3861 1480 3917; x_wconf 87' lang='lat' dir='ltr'>sanitas</span> <span class='ocrx_word' id='word_1_594' title='bbox 1494 3862 1720 3935; x_wconf 85' lang='lat' dir='ltr'>etvoluptasnon</span> 
     </span>
     <span class='ocr_line' id='line_1_43' title="bbox 73 3946 1720 4025; baseline 0.001 -15"><span class='ocrx_word' id='word_1_595' title='bbox 73 3957 154 4010; x_wconf 84' lang='lat' dir='ltr'>ctam</span> <span class='ocrx_word' id='word_1_596' title='bbox 168 3966 219 4025; x_wconf 77' lang='lat' dir='ltr'>eqo</span> <span class='ocrx_word' id='word_1_597' title='bbox 232 3950 390 4008; x_wconf 80' lang='lat' dir='ltr'>retribuum</span> <span class='ocrx_word' id='word_1_598' title='bbox 401 3952 588 4019; x_wconf 62' lang='lat' dir='ltr'>(Dentatus.</span> <span class='ocrx_word' id='word_1_599' title='bbox 603 3953 655 4016; x_wconf 83' lang='lat'>³5;</span> <span class='ocrx_word' id='word_1_600' title='bbox 671 3952 805 4017; x_wconf 56' lang='lat' dir='ltr'>Roman,</span> <span class='ocrx_word' id='word_1_601' title='bbox 815 3950 871 4019; x_wconf 77' lang='grc'>19).</span> <span class='ocrx_word' id='word_1_602' title='bbox 925 3950 1067 4006; x_wconf 85' lang='lat' dir='ltr'>habebunt</span> <span class='ocrx_word' id='word_1_603' title='bbox 1082 3946 1175 4004; x_wconf 84' lang='lat' dir='ltr'>finem.</span> <span class='ocrx_word' id='word_1_604' title='bbox 1191 3948 1255 4004; x_wconf 76' lang='lat' dir='ltr'>Haec</span> <span class='ocrx_word' id='word_1_605' title='bbox 1268 3949 1423 4023; x_wconf 87' lang='lat' dir='ltr'>quicunque</span> <span class='ocrx_word' id='word_1_606' title='bbox 1442 3951 1578 4021; x_wconf 88' lang='lat' dir='ltr'>habuerit,</span> <span class='ocrx_word' id='word_1_607' title='bbox 1591 3952 1654 4011; x_wconf 83' lang='lat' dir='ltr'>lato</span> <span class='ocrx_word' id='word_1_608' title='bbox 1671 3970 1720 4012; x_wconf 91' lang='lat' dir='ltr'>ore</span> 
     </span>
     <span class='ocr_line' id='line_1_44' title="bbox 66 4036 1720 4113; baseline 0.002 -15"><span class='ocrx_word' id='word_1_609' title='bbox 66 4041 94 4098; x_wconf 85' lang='lat' dir='ltr'>si</span> <span class='ocrx_word' id='word_1_610' title='bbox 123 4055 192 4098; x_wconf 79' lang='lat' dir='ltr'>vero</span> <span class='ocrx_word' id='word_1_611' title='bbox 222 4039 399 4111; x_wconf 88' lang='lat' dir='ltr'>semetipsum</span> <span class='ocrx_word' id='word_1_612' title='bbox 427 4038 567 4096; x_wconf 85' lang='lat' dir='ltr'>vindicare</span> <span class='ocrx_word' id='word_1_613' title='bbox 582 4039 707 4113; x_wconf 86' lang='lat' dir='ltr'>coeperit,</span> <span class='ocrx_word' id='word_1_614' title='bbox 736 4039 871 4095; x_wconf 85' lang='lat' dir='ltr'>vindicent</span> <span class='ocrx_word' id='word_1_615' title='bbox 924 4036 1619 4108; x_wconf 60' lang='lat' dir='ltr'>cantabit,l.ncdc,icracclcm,Dominumlunda</span> <span class='ocrx_word' id='word_1_616' title='bbox 1634 4047 1720 4101; x_wconf 86' lang='lat' dir='ltr'>ileum</span> 
     </span>
     <span class='ocr_line' id='line_1_45' title="bbox 67 4127 1721 4206; baseline 0.002 -19"><span class='ocrx_word' id='word_1_617' title='bbox 67 4131 157 4188; x_wconf 81' lang='lat' dir='ltr'>Danm</span> <span class='ocrx_word' id='word_1_618' title='bbox 183 4130 309 4201; x_wconf 82' lang='lat' dir='ltr'>ejusdem</span> <span class='ocrx_word' id='word_1_619' title='bbox 334 4129 443 4202; x_wconf 84' lang='lat' dir='ltr'>injuriae</span> <span class='ocrx_word' id='word_1_620' title='bbox 466 4144 639 4202; x_wconf 89' lang='lat' dir='ltr'>nequaquam</span> <span class='ocrx_word' id='word_1_621' title='bbox 663 4129 786 4194; x_wconf 88' lang='lat' dir='ltr'>babebit,</span> <span class='ocrx_word' id='word_1_622' title='bbox 801 4142 872 4201; x_wconf 87' lang='lat' dir='ltr'>quo·</span> <span class='ocrx_word' id='word_1_623' title='bbox 927 4133 1019 4196; x_wconf 79' lang='lat' dir='ltr'>cuum,</span> <span class='ocrx_word' id='word_1_624' title='bbox 1036 4127 1119 4186; x_wconf 81' lang='lat' dir='ltr'>Sion:</span> <span class='ocrx_word' id='word_1_625' title='bbox 1135 4127 1272 4203; x_wconf 83' lang='lat' dir='ltr'>queniam</span> <span class='ocrx_word' id='word_1_626' title='bbox 1286 4129 1461 4202; x_wconf 71' lang='lat' dir='ltr'>confortavit</span> <span class='ocrx_word' id='word_1_627' title='bbox 1476 4147 1553 4190; x_wconf 84' lang='lat' dir='ltr'>acras</span> <span class='ocrx_word' id='word_1_628' title='bbox 1567 4138 1721 4206; x_wconf 70' lang='lat' dir='ltr'>portarunt</span> 
     </span>
     <span class='ocr_line' id='line_1_46' title="bbox 74 4216 1720 4294; baseline 0.001 -17"><span class='ocrx_word' id='word_1_629' title='bbox 74 4221 150 4277; x_wconf 84' lang='lat' dir='ltr'>uiam</span> <span class='ocrx_word' id='word_1_630' title='bbox 164 4219 276 4294; x_wconf 89' lang='lat' dir='ltr'>quidem</span> <span class='ocrx_word' id='word_1_631' title='bbox 290 4218 363 4273; x_wconf 90' lang='lat' dir='ltr'>illam</span> <span class='ocrx_word' id='word_1_632' title='bbox 383 4234 465 4290; x_wconf 89' lang='lat' dir='ltr'>snper</span> <span class='ocrx_word' id='word_1_633' title='bbox 479 4236 508 4276; x_wconf 88' lang='lat' dir='ltr'>sa</span> <span class='ocrx_word' id='word_1_634' title='bbox 527 4225 743 4291; x_wconf 72' lang='lat' dir='ltr'>presumptuosa</span> <span class='ocrx_word' id='word_1_635' title='bbox 755 4216 871 4290; x_wconf 87' lang='lat' dir='ltr'>accepit.</span> <span class='ocrx_word' id='word_1_636' title='bbox 927 4221 1056 4282; x_wconf 83' lang='lat' dir='ltr'>tuorum,</span> <span class='ocrx_word' id='word_1_637' title='bbox 1070 4217 1215 4274; x_wconf 76' lang='lat' dir='ltr'>bmcdixit</span> <span class='ocrx_word' id='word_1_638' title='bbox 1223 4217 1294 4287; x_wconf 74' lang='lat' dir='ltr'>filiis</span> <span class='ocrx_word' id='word_1_639' title='bbox 1306 4217 1406 4274; x_wconf 80' lang='lat' dir='ltr'>taisin</span> <span class='ocrx_word' id='word_1_640' title='bbox 1418 4222 1446 4276; x_wconf 88' lang='lat' dir='ltr'>tc</span> <span class='ocrx_word' id='word_1_641' title='bbox 1458 4218 1546 4291; x_wconf 85' lang='lat' dir='ltr'>(Pccl.</span> <span class='ocrx_word' id='word_1_642' title='bbox 1563 4226 1720 4290; x_wconf 62' lang='lat' dir='ltr'>exennia,</span> 
     </span>
     <span class='ocr_line' id='line_1_47' title="bbox 69 4303 1721 4381; baseline -0.001 -13"><span class='ocrx_word' id='word_1_643' title='bbox 69 4311 119 4368; x_wconf 85' lang='lat' dir='ltr'>Cui</span> <span class='ocrx_word' id='word_1_644' title='bbox 131 4309 208 4366; x_wconf 87' lang='lat' dir='ltr'>dicet</span> <span class='ocrx_word' id='word_1_645' title='bbox 222 4308 373 4366; x_wconf 85' lang='lat' dir='ltr'>Dominus:</span> <span class='ocrx_word' id='word_1_646' title='bbox 399 4308 468 4378; x_wconf 82' lang='lat' dir='ltr'>Quia</span> <span class='ocrx_word' id='word_1_647' title='bbox 491 4307 608 4364; x_wconf 92' lang='lat' dir='ltr'>maluisti</span> <span class='ocrx_word' id='word_1_648' title='bbox 622 4316 649 4365; x_wconf 91' lang='lat' dir='ltr'>te</span> <span class='ocrx_word' id='word_1_649' title='bbox 672 4307 761 4381; x_wconf 91' lang='lat' dir='ltr'>ipsum</span> <span class='ocrx_word' id='word_1_650' title='bbox 785 4307 872 4363; x_wconf 90' lang='lat' dir='ltr'>viudi-</span> <span class='ocrx_word' id='word_1_651' title='bbox 927 4306 990 4380; x_wconf 80' lang='lat'>1³);</span> <span class='ocrx_word' id='word_1_652' title='bbox 1019 4305 1082 4377; x_wconf 87' lang='lat' dir='ltr'>quia</span> <span class='ocrx_word' id='word_1_653' title='bbox 1105 4303 1220 4360; x_wconf 89' lang='lat' dir='ltr'>multum</span> <span class='ocrx_word' id='word_1_654' title='bbox 1242 4303 1377 4361; x_wconf 85' lang='lat' dir='ltr'>laetabitur</span> <span class='ocrx_word' id='word_1_655' title='bbox 1396 4305 1503 4378; x_wconf 88' lang='lat' dir='ltr'>quitali</span> <span class='ocrx_word' id='word_1_656' title='bbox 1528 4308 1721 4367; x_wconf 89' lang='lat' dir='ltr'>benedictione</span> 
     </span>
     <span class='ocr_line' id='line_1_48' title="bbox 66 4396 1116 4473; baseline -0.005 -16"><span class='ocrx_word' id='word_1_657' title='bbox 66 4414 143 4469; x_wconf 80' lang='lat' dir='ltr'>care,</span> <span class='ocrx_word' id='word_1_658' title='bbox 159 4414 244 4472; x_wconf 90' lang='lat' dir='ltr'>quam</span> <span class='ocrx_word' id='word_1_659' title='bbox 257 4415 301 4457; x_wconf 89' lang='lat' dir='ltr'>me</span> <span class='ocrx_word' id='word_1_660' title='bbox 315 4406 487 4473; x_wconf 80' lang='lat' dir='ltr'>exspectare,</span> <span class='ocrx_word' id='word_1_661' title='bbox 504 4414 558 4457; x_wconf 92' lang='lat' dir='ltr'>non</span> <span class='ocrx_word' id='word_1_662' title='bbox 573 4398 659 4453; x_wconf 89' lang='lat' dir='ltr'>debes</span> <span class='ocrx_word' id='word_1_663' title='bbox 668 4398 767 4454; x_wconf 91' lang='lat' dir='ltr'>amodo</span> <span class='ocrx_word' id='word_1_664' title='bbox 780 4413 824 4454; x_wconf 91' lang='lat' dir='ltr'>me</span> <span class='ocrx_word' id='word_1_665' title='bbox 837 4396 872 4453; x_wconf 89' lang='lat' dir='ltr'>dc</span> <span class='ocrx_word' id='word_1_666' title='bbox 929 4396 1116 4454; x_wconf 88' lang='lat' dir='ltr'>benedicetur.</span> 
     </span>
     <span class='ocr_line' id='line_1_49' title="bbox 66 4485 1414 4561; baseline -0.004 -14"><span class='ocrx_word' id='word_1_667' title='bbox 66 4487 191 4547; x_wconf 72' lang='lat' dir='ltr'>uindicta</span> <span class='ocrx_word' id='word_1_668' title='bbox 204 4487 390 4561; x_wconf 88' lang='lat' dir='ltr'>interpellare.</span> <span class='ocrx_word' id='word_1_669' title='bbox 406 4489 436 4546; x_wconf 89' lang='lat' dir='ltr'>Si</span> <span class='ocrx_word' id='word_1_670' title='bbox 450 4504 515 4547; x_wconf 86' lang='lat' dir='ltr'>vero</span> <span class='ocrx_word' id='word_1_671' title='bbox 531 4488 581 4544; x_wconf 81' lang='lat' dir='ltr'>liei</span> <span class='ocrx_word' id='word_1_672' title='bbox 595 4485 737 4543; x_wconf 89' lang='lat' dir='ltr'>consilium</span> <span class='ocrx_word' id='word_1_673' title='bbox 750 4492 870 4552; x_wconf 87' lang='lat' dir='ltr'>secutus,</span> <span class='ocrx_word' id='word_1_674' title='bbox 1235 4485 1353 4541; x_wconf 82' lang='lat' dir='ltr'>CAPUT</span> <span class='ocrx_word' id='word_1_675' title='bbox 1368 4485 1414 4541; x_wconf 94' lang='lat' dir='ltr'>lll.</span> 
     </span>
     <span class='ocr_line' id='line_1_50' title="bbox 69 4571 1649 4649; baseline -0.003 -16"><span class='ocrx_word' id='word_1_676' title='bbox 69 4575 223 4633; x_wconf 76' lang='lat' dir='ltr'>vindictam</span> <span class='ocrx_word' id='word_1_677' title='bbox 232 4575 415 4649; x_wconf 86' lang='lat' dir='ltr'>suspenderit,</span> <span class='ocrx_word' id='word_1_678' title='bbox 429 4574 490 4632; x_wconf 84' lang='lat' dir='ltr'>lelix</span> <span class='ocrx_word' id='word_1_679' title='bbox 500 4575 572 4637; x_wconf 90' lang='lat' dir='ltr'>erit:</span> <span class='ocrx_word' id='word_1_680' title='bbox 589 4575 651 4647; x_wconf 88' lang='lat' dir='ltr'>quia</span> <span class='ocrx_word' id='word_1_681' title='bbox 667 4574 739 4631; x_wconf 89' lang='lat' dir='ltr'>uuila</span> <span class='ocrx_word' id='word_1_682' title='bbox 753 4573 870 4643; x_wconf 83' lang='lat' dir='ltr'>oliensa,</span> <span class='ocrx_word' id='word_1_683' title='bbox 1001 4574 1170 4630; x_wconf 77' lang='lat' dir='ltr'>Animorum</span> <span class='ocrx_word' id='word_1_684' title='bbox 1184 4573 1334 4630; x_wconf 82' lang='lat' dir='ltr'>beatorum</span> <span class='ocrx_word' id='word_1_685' title='bbox 1356 4571 1433 4631; x_wconf 79' lang='lat' dir='ltr'>dotes</span> <span class='ocrx_word' id='word_1_686' title='bbox 1452 4571 1649 4645; x_wconf 78' lang='lat' dir='ltr'>explicentur.</span> 
     </span>
     <span class='ocr_line' id='line_1_51' title="bbox 80 4659 1723 4738; baseline 0.001 -18"><span class='ocrx_word' id='word_1_687' title='bbox 80 4665 154 4721; x_wconf 84' lang='lat' dir='ltr'>nulla</span> <span class='ocrx_word' id='word_1_688' title='bbox 170 4665 197 4721; x_wconf 87' lang='lat' dir='ltr'>ei</span> <span class='ocrx_word' id='word_1_689' title='bbox 212 4665 266 4721; x_wconf 88' lang='lat' dir='ltr'>erit</span> <span class='ocrx_word' id='word_1_690' title='bbox 277 4675 397 4738; x_wconf 78' lang='lat' dir='ltr'>egestas,</span> <span class='ocrx_word' id='word_1_691' title='bbox 407 4666 478 4722; x_wconf 89' lang='lat' dir='ltr'>nulla</span> <span class='ocrx_word' id='word_1_692' title='bbox 494 4664 675 4730; x_wconf 86' lang='lat' dir='ltr'>imbecillitas,</span> <span class='ocrx_word' id='word_1_693' title='bbox 687 4665 735 4721; x_wconf 88' lang='lat' dir='ltr'>ced</span> <span class='ocrx_word' id='word_1_694' title='bbox 749 4678 814 4719; x_wconf 88' lang='lat' dir='ltr'>sana</span> <span class='ocrx_word' id='word_1_695' title='bbox 830 4662 871 4720; x_wconf 88' lang='lat' dir='ltr'>ie·</span> <span class='ocrx_word' id='word_1_696' title='bbox 963 4666 1007 4721; x_wconf 89' lang='lat' dir='ltr'>tt.</span> <span class='ocrx_word' id='word_1_697' title='bbox 1022 4661 1144 4719; x_wconf 82' lang='lat' dir='ltr'>Breviter</span> <span class='ocrx_word' id='word_1_698' title='bbox 1158 4659 1239 4733; x_wconf 73' lang='lat' dir='ltr'>igitur</span> <span class='ocrx_word' id='word_1_699' title='bbox 1253 4659 1397 4717; x_wconf 87' lang='lat' dir='ltr'>insinuatis</span> <span class='ocrx_word' id='word_1_700' title='bbox 1411 4661 1532 4735; x_wconf 87' lang='lat' dir='ltr'>partibus</span> <span class='ocrx_word' id='word_1_701' title='bbox 1546 4663 1723 4722; x_wconf 90' lang='lat' dir='ltr'>beatitudinis</span> 
     </span>
     <span class='ocr_line' id='line_1_52' title="bbox 64 4751 1719 4827; baseline 0 -16"><span class='ocrx_word' id='word_1_702' title='bbox 64 4752 165 4822; x_wconf 74' lang='lat' dir='ltr'>udus,</span> <span class='ocrx_word' id='word_1_703' title='bbox 180 4763 209 4812; x_wconf 88' lang='lat' dir='ltr'>ct</span> <span class='ocrx_word' id='word_1_704' title='bbox 223 4752 377 4812; x_wconf 83' lang='lat' dir='ltr'>felicissima</span> <span class='ocrx_word' id='word_1_705' title='bbox 393 4755 503 4813; x_wconf 78' lang='lat' dir='ltr'>sanitas.</span> <span class='ocrx_word' id='word_1_706' title='bbox 926 4769 987 4826; x_wconf 79' lang='lat' dir='ltr'>quae</span> <span class='ocrx_word' id='word_1_707' title='bbox 1001 4751 1107 4825; x_wconf 89' lang='lat' dir='ltr'>corpori</span> <span class='ocrx_word' id='word_1_708' title='bbox 1116 4758 1273 4823; x_wconf 88' lang='lat' dir='ltr'>competere</span> <span class='ocrx_word' id='word_1_709' title='bbox 1283 4751 1419 4816; x_wconf 84' lang='lat' dir='ltr'>ridentur,</span> <span class='ocrx_word' id='word_1_710' title='bbox 1430 4758 1523 4823; x_wconf 86' lang='lat' dir='ltr'>partes</span> <span class='ocrx_word' id='word_1_711' title='bbox 1532 4753 1719 4827; x_wconf 87' lang='lat' dir='ltr'>quoqucilias,</span> 
     </span>
     <span class='ocr_line' id='line_1_53' title="bbox 102 4839 1720 4918; baseline 0 -18"><span class='ocrx_word' id='word_1_712' title='bbox 102 4847 130 4900; x_wconf 78' lang='grc'>9.</span> <span class='ocrx_word' id='word_1_713' title='bbox 156 4845 224 4902; x_wconf 75' lang='lat' dir='ltr'>llaec</span> <span class='ocrx_word' id='word_1_714' title='bbox 238 4860 300 4918; x_wconf 75' lang='lat' dir='ltr'>qne</span> <span class='ocrx_word' id='word_1_715' title='bbox 314 4845 384 4903; x_wconf 91' lang='lat' dir='ltr'>dicta</span> <span class='ocrx_word' id='word_1_716' title='bbox 399 4853 473 4916; x_wconf 91' lang='lat' dir='ltr'>suut,</span> <span class='ocrx_word' id='word_1_717' title='bbox 497 4845 577 4904; x_wconf 83' lang='lat' dir='ltr'>vaide</span> <span class='ocrx_word' id='word_1_718' title='bbox 592 4845 663 4900; x_wconf 89' lang='lat' dir='ltr'>bona</span> <span class='ocrx_word' id='word_1_719' title='bbox 678 4852 756 4918; x_wconf 82' lang='lat' dir='ltr'>suut3</span> <span class='ocrx_word' id='word_1_720' title='bbox 783 4844 829 4901; x_wconf 85' lang='lat' dir='ltr'>scd</span> <span class='ocrx_word' id='word_1_721' title='bbox 850 4844 873 4900; x_wconf 87' lang='lat' dir='ltr'>si</span> <span class='ocrx_word' id='word_1_722' title='bbox 927 4856 994 4916; x_wconf 86' lang='lat' dir='ltr'>quas</span> <span class='ocrx_word' id='word_1_723' title='bbox 1010 4839 1218 4913; x_wconf 83' lang='lat' dir='ltr'>supradiximus</span> <span class='ocrx_word' id='word_1_724' title='bbox 1227 4841 1324 4898; x_wconf 81' lang='lat' dir='ltr'>anima</span> <span class='ocrx_word' id='word_1_725' title='bbox 1333 4841 1492 4899; x_wconf 86' lang='lat' dir='ltr'>convenire.</span> <span class='ocrx_word' id='word_1_726' title='bbox 1507 4841 1623 4900; x_wconf 85' lang='lat' dir='ltr'>Domino</span> <span class='ocrx_word' id='word_1_727' title='bbox 1642 4845 1720 4916; x_wconf 84' lang='lat' dir='ltr'>adju-</span> 
     </span>
     <span class='ocr_line' id='line_1_54' title="bbox 63 4928 1722 5009; baseline -0.002 -18"><span class='ocrx_word' id='word_1_728' title='bbox 63 4941 198 5008; x_wconf 70' lang='lat' dir='ltr'>saporem</span> <span class='ocrx_word' id='word_1_729' title='bbox 229 4950 285 4991; x_wconf 89' lang='lat' dir='ltr'>non</span> <span class='ocrx_word' id='word_1_730' title='bbox 308 4936 421 5004; x_wconf 88' lang='lat' dir='ltr'>habent,</span> <span class='ocrx_word' id='word_1_731' title='bbox 456 4935 533 5009; x_wconf 79' lang='lat' dir='ltr'>quasi</span> <span class='ocrx_word' id='word_1_732' title='bbox 565 4934 673 5008; x_wconf 88' lang='lat' dir='ltr'>penitus</span> <span class='ocrx_word' id='word_1_733' title='bbox 706 4933 874 4991; x_wconf 78' lang='lat' dir='ltr'>infructuosa</span> <span class='ocrx_word' id='word_1_734' title='bbox 926 4940 1018 4999; x_wconf 87' lang='lat' dir='ltr'>vante,</span> <span class='ocrx_word' id='word_1_735' title='bbox 1033 4928 1237 5002; x_wconf 88' lang='lat' dir='ltr'>perspiciamus.</span> <span class='ocrx_word' id='word_1_736' title='bbox 1251 4930 1369 4988; x_wconf 75' lang='lat' dir='ltr'>Panium</span> <span class='ocrx_word' id='word_1_737' title='bbox 1389 4931 1500 5004; x_wconf 90' lang='lat' dir='ltr'>quidem</span> <span class='ocrx_word' id='word_1_738' title='bbox 1513 4932 1619 4988; x_wconf 90' lang='lat' dir='ltr'>iliarum</span> <span class='ocrx_word' id='word_1_739' title='bbox 1634 4933 1722 5005; x_wconf 86' lang='lat' dir='ltr'>prima</span> 
     </span>
     <span class='ocr_line' id='line_1_55' title="bbox 64 5018 1722 5098; baseline -0.002 -18"><span class='ocrx_word' id='word_1_740' title='bbox 64 5029 144 5082; x_wconf 81' lang='lat' dir='ltr'>sant:</span> <span class='ocrx_word' id='word_1_741' title='bbox 159 5023 183 5080; x_wconf 88' lang='lat' dir='ltr'>ci</span> <span class='ocrx_word' id='word_1_742' title='bbox 205 5032 298 5080; x_wconf 83' lang='lat' dir='ltr'>cutem</span> <span class='ocrx_word' id='word_1_743' title='bbox 323 5040 449 5097; x_wconf 87' lang='lat' dir='ltr'>saporem</span> <span class='ocrx_word' id='word_1_744' title='bbox 465 5024 609 5091; x_wconf 87' lang='lat' dir='ltr'>habereut,</span> <span class='ocrx_word' id='word_1_745' title='bbox 625 5023 874 5098; x_wconf 88' lang='lat' dir='ltr'>incomparabiliter</span> <span class='ocrx_word' id='word_1_746' title='bbox 927 5029 970 5078; x_wconf 91' lang='lat' dir='ltr'>est</span> <span class='ocrx_word' id='word_1_747' title='bbox 983 5019 1130 5092; x_wconf 86' lang='lat' dir='ltr'>sapientia3</span> <span class='ocrx_word' id='word_1_748' title='bbox 1146 5020 1215 5075; x_wconf 89' lang='lat' dir='ltr'>hauc</span> <span class='ocrx_word' id='word_1_749' title='bbox 1231 5020 1303 5076; x_wconf 85' lang='lat' dir='ltr'>beati</span> <span class='ocrx_word' id='word_1_750' title='bbox 1317 5019 1368 5077; x_wconf 86' lang='lat' dir='ltr'>viri</span> <span class='ocrx_word' id='word_1_751' title='bbox 1386 5020 1505 5093; x_wconf 90' lang='lat' dir='ltr'>pleniter</span> <span class='ocrx_word' id='word_1_752' title='bbox 1526 5018 1675 5088; x_wconf 89' lang='lat' dir='ltr'>habebunt,</span> <span class='ocrx_word' id='word_1_753' title='bbox 1692 5027 1722 5077; x_wconf 91' lang='lat' dir='ltr'>ut</span> 
     </span>
     <span class='ocr_line' id='line_1_56' title="bbox 70 5107 1721 5187; baseline -0.002 -17"><span class='ocrx_word' id='word_1_754' title='bbox 70 5114 144 5170; x_wconf 89' lang='lat' dir='ltr'>bona</span> <span class='ocrx_word' id='word_1_755' title='bbox 159 5121 263 5173; x_wconf 82' lang='lat' dir='ltr'>essent.</span> <span class='ocrx_word' id='word_1_756' title='bbox 278 5115 438 5171; x_wconf 87' lang='lat' dir='ltr'>Necessario</span> <span class='ocrx_word' id='word_1_757' title='bbox 455 5113 538 5187; x_wconf 79' lang='lat' dir='ltr'>igitur</span> <span class='ocrx_word' id='word_1_758' title='bbox 555 5113 644 5171; x_wconf 89' lang='lat' dir='ltr'>aderit</span> <span class='ocrx_word' id='word_1_759' title='bbox 660 5113 795 5186; x_wconf 81' lang='lat' dir='ltr'>voluptas,</span> <span class='ocrx_word' id='word_1_760' title='bbox 812 5129 873 5187; x_wconf 83' lang='lat' dir='ltr'>quae</span> <span class='ocrx_word' id='word_1_761' title='bbox 926 5109 991 5166; x_wconf 89' lang='lat' dir='ltr'>nihii</span> <span class='ocrx_word' id='word_1_762' title='bbox 1007 5109 1048 5166; x_wconf 87' lang='lat' dir='ltr'>eis</span> <span class='ocrx_word' id='word_1_763' title='bbox 1062 5108 1134 5165; x_wconf 90' lang='lat' dir='ltr'>desit</span> <span class='ocrx_word' id='word_1_764' title='bbox 1147 5108 1182 5165; x_wconf 94' lang='lat' dir='ltr'>de</span> <span class='ocrx_word' id='word_1_765' title='bbox 1197 5108 1392 5180; x_wconf 79' lang='lat' dir='ltr'>omnibusque</span> <span class='ocrx_word' id='word_1_766' title='bbox 1411 5109 1481 5165; x_wconf 90' lang='lat' dir='ltr'>scire</span> <span class='ocrx_word' id='word_1_767' title='bbox 1496 5107 1645 5166; x_wconf 87' lang='lat' dir='ltr'>voluerint:</span> <span class='ocrx_word' id='word_1_768' title='bbox 1662 5125 1721 5167; x_wconf 90' lang='lat' dir='ltr'>ont·</span> 
     </span>
     <span class='ocr_line' id='line_1_57' title="bbox 74 5196 1721 5277; baseline 0.001 -21"><span class='ocrx_word' id='word_1_769' title='bbox 74 5202 166 5260; x_wconf 83' lang='lat' dir='ltr'>beatis</span> <span class='ocrx_word' id='word_1_770' title='bbox 180 5202 232 5259; x_wconf 89' lang='lat' dir='ltr'>illis</span> <span class='ocrx_word' id='word_1_771' title='bbox 244 5218 372 5277; x_wconf 83' lang='lat' dir='ltr'>saporem</span> <span class='ocrx_word' id='word_1_772' title='bbox 388 5204 499 5270; x_wconf 89' lang='lat' dir='ltr'>tribuat,</span> <span class='ocrx_word' id='word_1_773' title='bbox 512 5211 544 5261; x_wconf 91' lang='lat' dir='ltr'>nt</span> <span class='ocrx_word' id='word_1_774' title='bbox 557 5202 664 5276; x_wconf 86' lang='lat' dir='ltr'>sapiant</span> <span class='ocrx_word' id='word_1_775' title='bbox 679 5212 705 5260; x_wconf 93' lang='lat' dir='ltr'>et</span> <span class='ocrx_word' id='word_1_776' title='bbox 719 5203 873 5277; x_wconf 76' lang='lat' dir='ltr'>intelligant</span> <span class='ocrx_word' id='word_1_777' title='bbox 927 5200 971 5257; x_wconf 90' lang='lat' dir='ltr'>uia</span> <span class='ocrx_word' id='word_1_778' title='bbox 986 5200 1087 5274; x_wconf 91' lang='lat' dir='ltr'>quippe</span> <span class='ocrx_word' id='word_1_779' title='bbox 1097 5197 1246 5270; x_wconf 76' lang='lat' dir='ltr'>preterita,</span> <span class='ocrx_word' id='word_1_780' title='bbox 1257 5197 1403 5269; x_wconf 84' lang='lat' dir='ltr'>praesautia</span> <span class='ocrx_word' id='word_1_781' title='bbox 1417 5196 1543 5255; x_wconf 88' lang='lat' dir='ltr'>etiutura</span> <span class='ocrx_word' id='word_1_782' title='bbox 1556 5197 1654 5266; x_wconf 89' lang='lat' dir='ltr'>scient,</span> <span class='ocrx_word' id='word_1_783' title='bbox 1669 5216 1721 5273; x_wconf 84' lang='lat' dir='ltr'>nce</span> 
     </span>
     <span class='ocr_line' id='line_1_58' title="bbox 70 5284 1722 5366; baseline -0.002 -16"><span class='ocrx_word' id='word_1_784' title='bbox 70 5308 154 5366; x_wconf 77' lang='lat' dir='ltr'>qnam</span> <span class='ocrx_word' id='word_1_785' title='bbox 170 5293 225 5350; x_wconf 83' lang='lat' dir='ltr'>rint</span> <span class='ocrx_word' id='word_1_786' title='bbox 239 5293 339 5352; x_wconf 88' lang='lat' dir='ltr'>dilecta</span> <span class='ocrx_word' id='word_1_787' title='bbox 352 5301 379 5352; x_wconf 89' lang='lat' dir='ltr'>et</span> <span class='ocrx_word' id='word_1_788' title='bbox 392 5294 696 5365; x_wconf 86' lang='lat' dir='ltr'>jucundatabemacuia</span> <span class='ocrx_word' id='word_1_789' title='bbox 710 5292 829 5360; x_wconf 86' lang='lat' dir='ltr'>Domini,</span> <span class='ocrx_word' id='word_1_790' title='bbox 844 5299 872 5350; x_wconf 91' lang='lat' dir='ltr'>et</span> <span class='ocrx_word' id='word_1_791' title='bbox 926 5289 1030 5362; x_wconf 91' lang='lat' dir='ltr'>aliquid</span> <span class='ocrx_word' id='word_1_792' title='bbox 1063 5302 1157 5345; x_wconf 90' lang='lat' dir='ltr'>corum</span> <span class='ocrx_word' id='word_1_793' title='bbox 1182 5284 1285 5342; x_wconf 79' lang='lat' dir='ltr'>uotiua</span> <span class='ocrx_word' id='word_1_794' title='bbox 1303 5285 1488 5352; x_wconf 90' lang='lat' dir='ltr'>subtrahetur,</span> <span class='ocrx_word' id='word_1_795' title='bbox 1523 5302 1583 5357; x_wconf 86' lang='lat' dir='ltr'>quae</span> <span class='ocrx_word' id='word_1_796' title='bbox 1614 5298 1722 5347; x_wconf 87' lang='lat' dir='ltr'>creator</span> 
     </span>
     <span class='ocr_line' id='line_1_59' title="bbox 70 5372 1722 5458; baseline -0.002 -19"><span class='ocrx_word' id='word_1_797' title='bbox 70 5400 160 5458; x_wconf 74' lang='lat' dir='ltr'>quam</span> <span class='ocrx_word' id='word_1_798' title='bbox 175 5384 272 5442; x_wconf 84' lang='lat' dir='ltr'>melior</span> <span class='ocrx_word' id='word_1_799' title='bbox 292 5393 335 5441; x_wconf 82' lang='lat' dir='ltr'>est</span> <span class='ocrx_word' id='word_1_800' title='bbox 348 5384 407 5442; x_wconf 91' lang='lat' dir='ltr'>dies</span> <span class='ocrx_word' id='word_1_801' title='bbox 421 5399 476 5441; x_wconf 89' lang='lat' dir='ltr'>una</span> <span class='ocrx_word' id='word_1_802' title='bbox 485 5383 518 5452; x_wconf 83' lang='lat' dir='ltr'>in</span> <span class='ocrx_word' id='word_1_803' title='bbox 537 5384 612 5441; x_wconf 88' lang='lat' dir='ltr'>atriis</span> <span class='ocrx_word' id='word_1_804' title='bbox 624 5382 774 5441; x_wconf 82' lang='lat' dir='ltr'>Jerusalem</span> <span class='ocrx_word' id='word_1_805' title='bbox 788 5397 872 5454; x_wconf 86' lang='lat' dir='ltr'>super</span> <span class='ocrx_word' id='word_1_806' title='bbox 926 5375 1178 5448; x_wconf 71' lang='lat' dir='ltr'>sciendacreavit3</span> <span class='ocrx_word' id='word_1_807' title='bbox 1194 5389 1246 5430; x_wconf 87' lang='lat' dir='ltr'>nec</span> <span class='ocrx_word' id='word_1_808' title='bbox 1258 5372 1409 5450; x_wconf 78' lang='lat' dir='ltr'>indigentia</span> <span class='ocrx_word' id='word_1_809' title='bbox 1422 5374 1476 5430; x_wconf 90' lang='lat' dir='ltr'>erit</span> <span class='ocrx_word' id='word_1_810' title='bbox 1488 5382 1518 5431; x_wconf 87' lang='lat' dir='ltr'>ut</span> <span class='ocrx_word' id='word_1_811' title='bbox 1528 5375 1668 5452; x_wconf 88' lang='lat' dir='ltr'>quisquam</span> <span class='ocrx_word' id='word_1_812' title='bbox 1680 5380 1722 5438; x_wconf 87' lang='lat' dir='ltr'>in·</span> 
     </span>
     <span class='ocr_line' id='line_1_60' title="bbox 69 5461 1722 5549; baseline -0.004 -17"><span class='ocrx_word' id='word_1_813' title='bbox 69 5474 172 5533; x_wconf 80' lang='lat' dir='ltr'>millia.</span> <span class='ocrx_word' id='word_1_814' title='bbox 189 5472 321 5546; x_wconf 83' lang='lat' dir='ltr'>Voluptas</span> <span class='ocrx_word' id='word_1_815' title='bbox 335 5491 402 5549; x_wconf 76' lang='lat' dir='ltr'>ergo</span> <span class='ocrx_word' id='word_1_816' title='bbox 419 5475 536 5531; x_wconf 85' lang='lat' dir='ltr'>maxima</span> <span class='ocrx_word' id='word_1_817' title='bbox 557 5474 619 5544; x_wconf 87' lang='lat' dir='ltr'>erit,</span> <span class='ocrx_word' id='word_1_818' title='bbox 640 5480 668 5531; x_wconf 90' lang='lat' dir='ltr'>et</span> <span class='ocrx_word' id='word_1_819' title='bbox 690 5479 802 5531; x_wconf 76' lang='lat' dir='ltr'>cuncus</span> <span class='ocrx_word' id='word_1_820' title='bbox 814 5471 866 5529; x_wconf 87' lang='lat' dir='ltr'>im·</span> <span class='ocrx_word' id='word_1_821' title='bbox 928 5474 1066 5543; x_wconf 71' lang='lat' dir='ltr'>terrogat,</span> <span class='ocrx_word' id='word_1_822' title='bbox 1077 5462 1209 5540; x_wconf 76' lang='lat' dir='ltr'>quincius</span> <span class='ocrx_word' id='word_1_823' title='bbox 1222 5476 1339 5538; x_wconf 82' lang='lat' dir='ltr'>proavus</span> <span class='ocrx_word' id='word_1_824' title='bbox 1356 5461 1437 5521; x_wconf 88' lang='lat' dir='ltr'>luerit</span> <span class='ocrx_word' id='word_1_825' title='bbox 1453 5469 1483 5520; x_wconf 91' lang='lat' dir='ltr'>et</span> <span class='ocrx_word' id='word_1_826' title='bbox 1495 5465 1530 5523; x_wconf 92' lang='lat' dir='ltr'>de</span> <span class='ocrx_word' id='word_1_827' title='bbox 1544 5464 1622 5541; x_wconf 81' lang='lat' dir='ltr'>cnjus</span> <span class='ocrx_word' id='word_1_828' title='bbox 1636 5469 1722 5544; x_wconf 83' lang='lat' dir='ltr'>stirpe</span> 
     </span>
    </p>
   </div>
   <div class='ocr_carea' id='block_1_5' title="bbox 0 0 1858 5962">
    <p class='ocr_par' dir='ltr' id='par_1_6' title="bbox 0 0 1858 5962">
     <span class='ocr_line' id='line_1_61' title="bbox 0 0 1858 5962; baseline 0 0"><span class='ocrx_word' id='word_1_829' title='bbox 0 0 1858 5962; x_wconf 95' lang='lat' dir='ltr'> </span> 
     </span>
    </p>
   </div>
  </div>
 </body>
</html>
